4309 6259
435 477 496 542 leo

842 489 1015 537 chanaone
1036 489 1067 534 lN
1089 485 1156 534 GAP.
1181 487 1210 534 1v
1233 486 1368 532 LEVl'l'lCl.
1391 506 1431 515 -
1451 485 1522 532 ΛΒΤ.
1545 485 1577 533 xl

436 669 664 744 condebantur,
683 674 786 729 cetera
801 674 888 728 extra
903 673 1016 727 castra,
1039 663 1182 726 Secunda
1197 659 1222 722 h
1238 669 1303 720 tnta
1329 671 1437 732 statim,
1463 659 1530 723 sivo
1556 666 1694 741 peccata,
1721 656 1921 738 ignoratione
1949 663 1980 718 ot

436 767 571 848 quaestio
586 774 645 843 est,
662 785 719 829 eur
738 783 811 828 caro
831 763 924 827 vituli
946 763 991 825 sic
1007 762 1117 838 oblati,
1136 760 1182 822 sie

437 865 648 942 cremabatur,
665 873 697 928 ot
719 883 783 928 non
802 863 909 946 potius
928 862 1016 925 venit
1036 861 1069 923 in
1089 880 1182 923 usum

436 963 614 1042 offerentis,
642 963 818 1046 praesertim
847 983 947 1045 quum
977 962 1098 1024 dictum
1129 959 1180 1036 sit,

436 1064 520 1144 quod
551 1063 654 1126 hostia
684 1081 742 1144 pre
767 1071 897 1144 peccato
922 1060 1124 1125 dividebatur
1149 1059 1181 1119 in

436 1163 514 1224 duas
531 1171 646 1245 partes,
656 1181 792 1244 quarum
808 1181 871 1223 una
887 1161 920 1222 in
938 1180 1030 1222 usum
1046 1168 1075 1221 et
1094 1178 1181 1220 osum

435 1261 609 1324 sacerdotis
620 1261 847 1343 deputabatur?
856 1259 1035 1341 Respondet
1047 1258 1183 1319 Thomas

435 1359 470 1422 in
496 1359 600 1440 prima
624 1360 782 1436 secunda,
809 1358 985 1441 quaestione
1006 1357 1074 1434 lbi,
1098 1356 1182 1437 quod

436 1459 565 1539 quando
586 1457 690 1520 hostia
706 1476 763 1540 pre
779 1465 909 1539 peccato
926 1455 1150 1518 immolabatur
1166 1475 1184 1517 a

436 1557 583 1640 principe
599 1565 654 1619 aut
669 1577 688 1618 a
702 1575 904 1638 quecumque
926 1557 966 1618 de
984 1555 1089 1634 vulgo,
1107 1562 1183 1616 tunc

436 1674 502 1718 una
525 1675 597 1737 pars
618 1656 722 1718 cessit.
736 1656 769 1717 in
790 1675 884 1716 usum
905 1653 1115 1717 offerentium
1137 1673 1184 1715 sa-

437 1755 613 1831 cerdotum,
641 1754 704 1816 alia
728 1755 947 1828 cremabatur3
975 1754 1030 1815 sed
1055 1752 1183 1833 quando

1239 759 1398 840 imperitia
1414 778 1470 841 per
1486 758 1743 821 informationem
1760 755 1799 819 ab
1819 775 1856 819 aa
1876 755 1980 817 subla-

1237 859 1290 919 tis
1304 861 1417 937 Offlerct
1429 860 1568 918 vitulum
1576 877 1636 935 pro
1648 867 1776 935 peccato
1790 876 1857 916 saco.
1869 855 1904 917 ln
1920 854 1979 916 hoo

1239 955 1365 1018 ridetur
1388 955 1550 1038 Scriptura
1572 965 1738 1038 peccatum
1759 954 1858 1018 solius
1880 972 1981 1016 sacer-

1239 1053 1333 1131 dotis,
1356 1055 1532 1137 prasertim
1554 1053 1730 1137 pontificis,
1748 1052 1981 1135 quodammodo

1239 1172 1423 1236 comparare
1438 1162 1568 1236 peccato
1585 1154 1681 1217 totius
1702 1153 1815 1236 plebiS,
1833 1151 1983 1233 quoniam

1239 1271 1296 1333 pro
1313 1260 1450 1334 utroquo
1464 1254 1573 1316 eadem
1584 1252 1689 1316 hostia
1703 1251 1984 1315 offerebaturrld·

1237 1355 1391 1431 ducetquc
1411 1373 1497 1422 cam,
1519 1351 1640 1415 scilicet
1661 1351 1753 1414 turba
1777 1349 1926 1426 vitulum,
1942 1350 1984 1410 ad

1238 1453 1355 1512 ostt'um
1379 1455 1592 1525 tabernaculi,
1617 1452 1740 1515 scilicet
1762 1450 1846 1514 intra
1867 1449 1984 1512 atrium

1237 1551 1392 1631 usquead
1408 1551 1506 1614 altaro
1523 1551 1711 1614 holocausti.
1728 1549 1824 1613 Porro
1845 1567 1902 1632 per
1919 1566 1985 1612 om-

1239 1667 1312 1712 nem
1323 1649 1448 1712 turbam
1463 1649 1605 1713 filiorum
1616 1649 1722 1726 lsrael,
1734 1647 1869 1728 intelligi
1880 1653 1984 1730 potest

1239 1766 1304 1811 non
1320 1749 1424 1812 selum
1440 1749 1609 1814 universus
1625 1748 1816 1812 lsraoliticus
1831 1745 1980 1830 populus,

436 1851 635 1917 offerebatur
665 1872 723 1935 pro
754 1860 884 1935 peccato
914 1851 1098 1928 sacerdotis,
1129 1859 1183 1912 aut
1202 1849 1295 1912 Bsed
1320 1857 1351 1911 et
1377 1848 1528 1930 quaelihet
1552 1848 1723 1911 multitudo
1752 1847 1983 1930 cujuscumque

436 1953 685 2030 communitatis
704 1961 769 2016 teta
784 1952 995 2028 cremabatur,
1014 1960 1120 2013 tamen
1137 1950 1184 2012 di·
1239 1946 1327 2009 urbis
1343 1957 1397 2010 aut
1413 1947 1561 2012 villaeEt
1571 1943 1984 2025 portentseniores,scilicet

436 2051 531 2116 aisim
549 2071 606 2135 per
628 2060 744 2134 partes,
769 2060 800 2114 ot
821 2050 855 2112 in
878 2050 957 2114 locis
980 2049 1126 2112 divorsis.
1151 2047 1182 2111 Si
1237 2046 1361 2129 judices
1391 2046 1544 2110 ordinarii
1575 2055 1607 2109 et
1637 2054 1785 2124 rectoroS,
1809 2053 1864 2107 aut
1888 2043 1983 2108 etiam

435 2151 523 2214 enim
539 2160 615 2215 tunc
630 2151 779 2215 cessisset
794 2169 867 2233 pars
887 2149 957 2230 ejus
973 2149 1006 2210 in
1023 2167 1116 2210 usum
1136 2147 1184 2211 of-
1239 2153 1381 2228 temporo
1405 2145 1546 2209 seniores
1568 2153 1599 2208 ot
1620 2144 1837 2220 notabiliores,
1862 2143 1918 2225 qui
1941 2141 1986 2206 ri·

437 2249 569 2314 ferentis
584 2258 640 2314 aut
654 2249 873 2326 offerentium,
893 2248 1090 2311 tantumdem
1108 2246 1184 2309 fuis·
1238 2262 1307 2308 cem
1322 2244 1560 2307 communitatis
1575 2244 1735 2324 gerebant,
1746 2251 1777 2307 et
1794 2251 1892 2307 totam
1909 2241 1987 2304 mul·
2140 2261 2141 2264 ¹

437 2359 485 2412 set
503 2369 540 2414 ac
560 2350 587 2412 si
608 2368 673 2413 non
695 2349 809 2411 fuisset
828 2349 869 2411 ab
889 2348 935 2411 eis
956 2347 1062 2410 oblata
1081 2365 1087 2408 :
1108 2345 1183 2428 quia
1239 2343 1407 2405 titudinem
1438 2342 1724 2425 repraesentabant,
1753 2363 1869 2404 inantia
1892 2359 1987 2418 super

436 2449 504 2512 haec
529 2448 644 2525 hestia,
670 2446 732 2509 fuit
753 2447 898 2529 quaedam
924 2445 1099 2508 satisfactio
1125 2463 1183 2526 pro

437 2546 567 2626 peccato
580 2562 701 2607 eorum.
714 2542 786 2604 ldeo
801 2560 928 2622 quoque
943 2548 1009 2604 tota
1024 2539 1184 2604 cremaba-

361 2707 367 2714 ,
438 2651 489 2708 tur
505 2642 609 2706 hestia
624 2640 807 2716 sacerdotis,
826 2659 884 2722 pro
905 2658 960 2703 suo
981 2647 1111 2721 peccato
1133 2639 1184 2702 de-

438 2741 532 2804 lendo
548 2740 665 2818 oblata,
682 2747 717 2801 ut
732 2738 979 2818 significaretur,
998 2738 1083 2820 quod
1101 2737 1182 2799 nihil

437 2839 559 2922 peccati
579 2839 613 2901 in
635 2839 704 2922 ipso
724 2838 838 2901 debeat
858 2856 1032 2901 remanere.
1051 2838 1181 2916 Rursus,

436 2939 475 3001 ad
501 2938 700 3002 innuendum
725 2938 809 3019 quod
830 2945 959 3019 peccata
984 2937 1182 3000 sacerdotum

436 3046 468 3101 et
483 3036 722 3102 communitatis
742 3045 817 3098 sunt
835 3036 992 3116 graviora,
1011 3035 1118 3098 decuit
1135 3055 1183 3097 sa·
1200 3040 1222 3104 G
1237 3037 1488 3114 serct'sacerdos
1504 3036 1562 3115 qui
1578 3046 1693 3096 artatus
1703 3033 1888 3108 est,scilicet
1904 3051 1981 3116 pon-
2008 3053 2093 3108 *aaron

436 3137 562 3200 crificia
585 3155 643 3218 pro
667 3135 714 3198 eis
738 3135 844 3199 oblata
868 3135 1000 3198 omnino
1023 3133 1179 3197 comburi.

436 3236 553 3299 lterum
576 3235 675 3316 quaeri
698 3243 812 3316 potest,
830 3253 887 3297 cur
908 3251 982 3313 ergo
1003 3234 1106 3296 hostia
1127 3233 1182 3295 illa

438 3334 484 3396 sic
506 3334 639 3397 omnino
661 3334 841 3410 cremanda,
867 3352 931 3396 non
953 3333 1182 3396 incendebatur

437 3442 503 3497 tota
518 3433 552 3494 in
568 3432 661 3496 altari
678 3432 711 3494 in
726 3433 817 3511 atrio,
836 3433 890 3494 sod
906 3431 1023 3513 partim
1039 3432 1072 3492 in
1088 3432 1180 3508 atrio,

438 3531 619 3615 partimque
643 3540 731 3594 extra
756 3540 868 3594 castra,
893 3531 1079 3608 lliccndum,
1107 3531 1183 3612 quia

438 3650 502 3695 non
533 3638 601 3695 orat
630 3631 861 3708 holocaustum,
889 3649 947 3692 nec
971 3630 1060 3710 juxta
1086 3629 1181 3691 ritum

438 3731 615 3795 holocausti
631 3729 751 3794 exstitit
767 3729 972 3792 immolanda.

478 3831 716 3911 Consequouter
742 3837 894 3891 tractatur
923 3829 963 3890 de
992 3827 1097 3891 hostia
1125 3845 1183 3909 pro

438 3937 569 4012 peccato
590 3927 828 3992 communitatis
848 3927 1025 3990 offerenda.
1045 3930 1136 3995 Quod
1154 3928 1184 3986 si

437 4029 542 4089 omnis
565 4030 658 4088 turba
678 4029 825 4105 filiorum
844 4028 947 4086 Israel
971 4028 1181 4102 r'prroraoerit,

439 4126 523 4207 quod
539 4126 621 4188 scire
636 4134 763 4188 tenetur
777 4132 833 4186 aut
848 4125 959 4199 debot;
977 4135 1006 4184 et
1016 4145 1077 4201 per
1089 4126 1184 4202 impc-

1238 2453 1334 2518 caput
1349 2443 1428 2520 ejus,
1439 2441 1589 2506 videlicet
1604 2441 1708 2519 vituli,
1719 2462 1828 2503 coram
1838 2441 1986 2508 Domino,

1239 2559 1303 2602 non
1332 2540 1417 2621 quod
1449 2559 1560 2604 omnes
1591 2541 1743 2618 seniores,
1771 2541 1826 2602 sed
1856 2538 1985 2621 quidam

1238 2657 1348 2702 eorum
1365 2640 1426 2703 hoc
1442 2639 1612 2717 faciebant,
1629 2641 1670 2704 ad
1691 2639 1932 2721 protestandam
1953 2655 1986 2698 so

1238 2755 1307 2801 osse
1323 2756 1393 2801 reos
1408 2747 1440 2801 ot
1456 2737 1569 2818 dignos
1580 2747 1682 2801 morte
1693 2737 1793 2801 vitulo
1805 2736 1984 2800 inferenda.

1278 2841 1510 2916 Irnrriofatopttc
1526 2839 1627 2898 vitulo
1643 2840 1680 2898 in
1695 2847 1860 2915 conspeetu
1875 2839 1985 2898 Dorm-

1237 2937 1285 3007 ni,
1295 2954 1352 3017 per
1368 2936 1562 2998 sacerdotem
1578 2935 1683 2999 occiso
1698 2942 1730 2998 et
1745 2933 1922 3011 immolato,
1933 2937 1983 3014 as-

1238 3133 1327 3210 tifex,
1345 3135 1519 3196 secundum
1535 3135 1700 3215 quosdam,
1714 3132 1764 3197 vel
1781 3133 1928 3196 sacerdos
1944 3151 1980 3196 eo

1238 3232 1371 3296 inferior
1396 3241 1609 3310 consecratus,
1637 3241 1673 3296 ut
1696 3233 1817 3295 dictum
1842 3240 1915 3306 est3
1941 3235 1980 3292 cle

1236 3334 1396 3410 sunpzainc
1420 3333 1489 3409 ejus
1513 3334 1550 3392 in
1576 3335 1819 3393 tabernaculum
1844 3333 1981 3392 teatinae-

1237 3433 1311 3504 nii,·
1328 3433 1425 3492 tincto
1440 3433 1543 3508 digito
1565 3429 1598 3491 in
1621 3431 1776 3512 sanguine
1798 3429 1854 3493 illo
1875 3429 1909 3491 in
1925 3429 1982 3491 ali-

1237 3549 1301 3612 quo
1318 3530 1445 3593 vasculo
1461 3530 1775 3612 posito,ocfspcrpcns
1789 3532 1902 3607 septies
1912 3549 1982 3590 con·

1239 3640 1290 3690 tra
1306 3634 1422 3701 vetram,
1440 3629 1614 3692 secundum
1637 3647 1765 3691 sonsum
1788 3628 1978 3711 expositum,

1237 3737 1272 3791 ut
1287 3728 1368 3790 Deus
1379 3727 1498 3810 populo
1510 3727 1706 3810 propitietur.
1719 3727 1758 3788 Et
1772 3727 1854 3790 bene
1866 3727 1981 3790 Contra

1238 3827 1356 3902 velum,
1384 3825 1534 3907 quoniam
1564 3826 1648 3887 intra
1676 3826 1782 3890 velum
1808 3825 1841 3888 in
1868 3825 1981 3888 Sancta

1238 3935 1431 4002 sanctorum,
1450 3925 1505 3987 ubi
1526 3931 1556 3986 et
1576 3944 1649 3987 arca
1664 3933 1742 4001 erat,
1760 3924 1841 3987 Deus
1861 3924 1982 4006 specia-

1237 4024 1311 4088 liter
1327 4024 1470 4087 habilare
1486 4032 1561 4086 tunc
1578 4023 1753 4087 dicebatur.
1766 4027 1931 4103 Ponetque
1944 4026 1982 4083 de

1237 4129 1344 4185 cocleari
1354 4125 1512 4201 scarpariae
1525 4125 1558 4184 iit
1569 4125 1717 4184 cornibus
1727 4124 1842 4184 aitaris
1852 4122 1981 4204 thymia·

438 4227 565 4296 citiam,
587 4225 619 4286 id
645 4231 693 4286 est
717 4244 755 4286 cx
780 4223 960 4304 ignorantia
985 4243 1040 4285 sou
1064 4243 1181 4300 errore,
1198 4227 1223 4289 D
1239 4223 1342 4300 matis,
1367 4226 1452 4301 qued
1473 4233 1518 4283 cst
1536 4243 1643 4283 corum
1664 4224 1802 4283 Domino
1823 4222 1857 4282 in
1883 4223 1983 4281 tabae·-

439 4326 552 4405 fecerit
576 4327 661 4404 quood
690 4332 801 4383 contra
832 4327 1024 4383 materiatum
1049 4325 1184 4384 Domini

439 4433 483 4484 est
499 4444 511 4482 .·
532 4422 563 4484 id
589 4430 647 4498 est,
674 4441 731 4503 per
756 4420 901 4483 illicitam
923 4421 1183 4485 commissionem

439 4521 607 4585 violaverit
628 4521 757 4602 aliquod
783 4520 964 4601 negativum
987 4521 1042 4584 Dei
1068 4539 1184 4602 praeco-

439 4629 551 4702 ptum3
569 4627 722 4683 autcario
741 4638 797 4702 per
817 4619 1021 4682 omissionem
1039 4619 1183 4701 iniquam

439 4728 635 4800 transgressa
665 4718 763 4781 fuerit
791 4702 984 4800 praeceptum
1014 4717 1184 4780 affirmati-

436 4837 512 4881 vum
527 4818 762 4899 quodcumque,
770 4817 855 4898 quod
872 4817 947 4879 item
964 4835 1021 4897 per
1035 4815 1182 4878 vitiosam

436 4915 694 4980 commissionem
709 4914 885 4997 transgredi
901 4923 1005 4996 potest
1015 4933 1022 4976 ε
1032 4915 1108 4997 quia
1119 4933 1182 4978 non

437 5015 541 5079 selum
565 5015 663 5080 violat
688 5023 882 5097 praeceptum
907 5014 1089 5076 celebrandi
1116 5015 1183 5078 dies

438 5114 570 5178 festivos
592 5113 647 5195 qui
669 5113 766 5176 ineis
785 5132 849 5176 non
870 5113 935 5194 agit
956 5111 1107 5189 salubria,
1126 5131 1183 5176 neo

436 5212 526 5276 audit
541 5213 662 5290 divina,
680 5231 792 5276 verum
808 5212 905 5275 etiam
920 5211 975 5293 qui
995 5221 1069 5273 tunc
1087 5231 1183 5294 opera

438 5311 517 5376 facit
532 5310 671 5375 servilia.
688 5313 732 5371 Et
742 5320 850 5388 postca
867 5311 1063 5371 fratellcacrit
1073 5331 1184 5388 pccca-

1238 4327 1354 4384 rtucitlo
1381 4323 1565 4382 testimonii.
1592 4323 1765 4401 Reliquum
1790 4323 1982 4398 ourryuincm

1237 4423 1463 4502 frtridetjucata
1475 4423 1574 4482 basim
1587 4422 1703 4481 affaris
1713 4423 1981 4491 holocaustorum,

1238 4525 1323 4600 qziod
1348 4530 1393 4581 cst
1412 4523 1448 4580 iic
1473 4521 1551 4580 ostio
1577 4520 1777 4580 tabcrraucrtlt'
1796 4520 1982 4586 testinwm'i,

1238 4619 1270 4680 id
1286 4627 1334 4681 ost
1350 4627 1437 4681 extra
1457 4627 1489 4681 et
1507 4636 1607 4700 propo
1626 4617 1763 4699 primam
1786 4615 1982 4679 tabernaculi

1237 4718 1379 4798 januam.
1399 4720 1592 4796 Ommmtquc
1607 4717 1675 4793 ejas
1690 4717 1819 4792 uda'pcm
1836 4719 1933 4786 tollet,
1951 4713 1982 4775 id

1238 4825 1287 4879 est
1301 4813 1446 4896 accipiet,
1463 4825 1492 4874 cl
1511 4816 1648 4875 adolebit
1666 4833 1762 4890 anper
1777 4817 1880 4874 altare
1894 4811 1983 4875 holo-

1238 4915 1364 4990 causti3
1391 4917 1437 4974 sic
1459 4915 1582 4992 sacieris
1604 4916 1642 4972 de
1667 4913 1724 4972 froc
1749 4914 1862 4983 vitulo,
1886 4929 1981 4992 quem

1238 5012 1335 5077 offert
1358 5033 1415 5096 pro
1438 5021 1567 5094 peccato
1589 5011 1711 5094 populi,
1728 5014 1883 5090 quomedo
1904 5013 1982 5090 fecit

1237 5124 1266 5173 ct
1283 5114 1390 5190 princ,
1416 5111 1448 5173 id
1470 5119 1527 5188 est,
1546 5110 1592 5172 sic
1617 5109 1759 5173 offerens
1784 5107 1921 5171 vitulum
1944 5108 1982 5170 is

1236 5220 1317 5287 tum,
1335 5211 1417 5273 sicut
1432 5209 1549 5272 obtulit
1563 5208 1699 5273 vitulum
1714 5207 1814 5270 alium
1833 5225 1891 5289 pro
1911 5223 1982 5289 pro-

1237 5308 1306 5392 pria
1322 5308 1426 5392 culpa,
1445 5307 1521 5390 quia
1535 5315 1669 5389 uterque
1685 5305 1776 5388 quasi
1798 5306 1910 5369 eodem
1927 5322 1983 5388 por
