<?xml version="1.0" encoding="UTF-8"?>
<!DOCTYPE html PUBLIC "-//W3C//DTD XHTML 1.0 Transitional//EN"
    "http://www.w3.org/TR/xhtml1/DTD/xhtml1-transitional.dtd">
<html xmlns="http://www.w3.org/1999/xhtml" xml:lang="en" lang="en">
 <head>
  <title>
</title>
<meta http-equiv="Content-Type" content="text/html;charset=utf-8" />
  <meta name='ocr-system' content='tesseract 3.04.00' />
  <meta name='ocr-capabilities' content='ocr_page ocr_carea ocr_par ocr_line ocrx_word'/>
</head>
<body>
  <div class='ocr_page' id='page_1' title='image "./doctorisecstati00unkngoog_0165.png"; bbox 0 0 4309 6259; ppageno 0'>
   <div class='ocr_carea' id='block_1_1' title="bbox 557 508 1365 559">
    <p class='ocr_par' dir='ltr' id='par_1_1' title="bbox 557 508 1365 559">
     <span class='ocr_line' id='line_1_1' title="bbox 557 508 1365 559; baseline -0.004 -1"><span class='ocrx_word' id='word_1_1' title='bbox 557 512 731 559; x_wconf 76' lang='lat' dir='ltr'><strong>snauuerlo</strong></span> <span class='ocrx_word' id='word_1_2' title='bbox 752 512 783 559; x_wconf 80' lang='lat' dir='ltr'><strong>ut</strong></span> <span class='ocrx_word' id='word_1_3' title='bbox 804 510 872 555; x_wconf 78' lang='lat' dir='ltr'>CAP.</span> <span class='ocrx_word' id='word_1_4' title='bbox 896 508 994 555; x_wconf 90' lang='lat' dir='ltr'>XXXIII</span> <span class='ocrx_word' id='word_1_5' title='bbox 1015 509 1118 555; x_wconf 86' lang='lat' dir='ltr'>EXODI.</span> <span class='ocrx_word' id='word_1_6' title='bbox 1141 530 1181 539; x_wconf 93' lang='lat'><em>-</em></span> <span class='ocrx_word' id='word_1_7' title='bbox 1202 509 1274 556; x_wconf 74' lang='grc' dir='ltr'>ΛΒΤ.</span> <span class='ocrx_word' id='word_1_8' title='bbox 1297 508 1365 556; x_wconf 84' lang='lat' dir='ltr'>LXIV</span> 
     </span>
    </p>
   </div>
   <div class='ocr_carea' id='block_1_2' title="bbox 1676 487 1734 552">
    <p class='ocr_par' dir='ltr' id='par_1_2' title="bbox 1676 487 1734 552">
     <span class='ocr_line' id='line_1_2' title="bbox 1676 487 1734 552; baseline -0.017 0"><span class='ocrx_word' id='word_1_9' title='bbox 1676 487 1734 552; x_wconf 84' lang='lat' dir='ltr'><strong>tou</strong></span> 
     </span>
    </p>
   </div>
   <div class='ocr_carea' id='block_1_3' title="bbox 65 678 1734 765">
    <p class='ocr_par' dir='ltr' id='par_1_3' title="bbox 65 678 1734 765">
     <span class='ocr_line' id='line_1_3' title="bbox 65 678 1734 765; baseline -0.001 -23"><span class='ocrx_word' id='word_1_10' title='bbox 65 700 137 743; x_wconf 70' lang='lat' dir='ltr'><strong>xum.</strong></span> <span class='ocrx_word' id='word_1_11' title='bbox 182 684 341 747; x_wconf 85' lang='lat' dir='ltr'><strong>habitarit</strong></span> <span class='ocrx_word' id='word_1_12' title='bbox 358 684 391 746; x_wconf 93' lang='lat' dir='ltr'><strong>in</strong></span> <span class='ocrx_word' id='word_1_13' title='bbox 405 683 609 747; x_wconf 89' lang='lat' dir='ltr'><strong>tabernaculo</strong></span> <span class='ocrx_word' id='word_1_14' title='bbox 623 683 705 747; x_wconf 87' lang='lat' dir='ltr'><strong>laeto</strong></span> <span class='ocrx_word' id='word_1_15' title='bbox 720 682 809 763; x_wconf 89' lang='lat' dir='ltr'><strong>juxta</strong></span> <span class='ocrx_word' id='word_1_16' title='bbox 820 681 932 765; x_wconf 91' lang='lat' dir='ltr'><strong>Moysis</strong></span> <span class='ocrx_word' id='word_1_17' title='bbox 947 680 973 743; x_wconf 85' lang='grc' dir='ltr'><strong>Α</strong></span> <span class='ocrx_word' id='word_1_18' title='bbox 990 692 1039 743; x_wconf 83' lang='lat' dir='ltr'><strong>tus</strong></span> <span class='ocrx_word' id='word_1_19' title='bbox 1054 693 1099 743; x_wconf 82' lang='lat' dir='ltr'><strong>est</strong></span> <span class='ocrx_word' id='word_1_20' title='bbox 1114 688 1205 743; x_wconf 83' lang='lat' dir='ltr'><strong>cuttu</strong></span> <span class='ocrx_word' id='word_1_21' title='bbox 1220 704 1287 754; x_wconf 78' lang='lat' dir='ltr'><strong>stro,</strong></span> <span class='ocrx_word' id='word_1_22' title='bbox 1297 682 1357 745; x_wconf 93' lang='lat' dir='ltr'><strong>hoe</strong></span> <span class='ocrx_word' id='word_1_23' title='bbox 1373 690 1421 744; x_wconf 93' lang='lat' dir='ltr'><strong>est</strong></span> <span class='ocrx_word' id='word_1_24' title='bbox 1437 680 1626 743; x_wconf 92' lang='lat' dir='ltr'><strong>cultioribus</strong></span> <span class='ocrx_word' id='word_1_25' title='bbox 1641 678 1734 741; x_wconf 89' lang='lat' dir='ltr'><strong>vesti-</strong></span> 
     </span>
    </p>
   </div>
   <div class='ocr_carea' id='block_1_4' title="bbox 28 767 151 813">
    <p class='ocr_par' dir='ltr' id='par_1_4' title="bbox 28 767 151 813">
     <span class='ocr_line' id='line_1_4' title="bbox 28 767 151 813; baseline 0.016 -10"><span class='ocrx_word' id='word_1_26' title='bbox 28 777 97 813; x_wconf 74' lang='grc' dir='ltr'><strong>ων,</strong></span> <span class='ocrx_word' id='word_1_27' title='bbox 115 767 151 806; x_wconf 74' lang='lat' dir='ltr'><strong>tt.</strong></span> 
     </span>
    </p>
   </div>
   <div class='ocr_carea' id='block_1_5' title="bbox 39 1382 165 1457">
    <p class='ocr_par' dir='ltr' id='par_1_5' title="bbox 39 1382 165 1457">
     <span class='ocr_line' id='line_1_5' title="bbox 39 1382 165 1457; baseline -0.008 -33"><span class='ocrx_word' id='word_1_28' title='bbox 39 1382 165 1457; x_wconf 38' lang='lat' dir='ltr'><strong>Ifndlepnru,</strong></span> 
     </span>
    </p>
   </div>
   <div class='ocr_carea' id='block_1_6' title="bbox 181 782 934 1461">
    <p class='ocr_par' dir='ltr' id='par_1_6' title="bbox 181 782 934 1461">
     <span class='ocr_line' id='line_1_6' title="bbox 181 782 932 865; baseline -0.004 -20"><span class='ocrx_word' id='word_1_29' title='bbox 181 783 371 865; x_wconf 68' lang='lat' dir='ltr'><strong>jussionem,</strong></span> <span class='ocrx_word' id='word_1_30' title='bbox 382 783 417 845; x_wconf 93' lang='lat' dir='ltr'><strong>in</strong></span> <span class='ocrx_word' id='word_1_31' title='bbox 433 783 539 845; x_wconf 91' lang='lat' dir='ltr'><strong>medio</strong></span> <span class='ocrx_word' id='word_1_32' title='bbox 557 782 700 846; x_wconf 91' lang='lat' dir='ltr'><strong>filiorum</strong></span> <span class='ocrx_word' id='word_1_33' title='bbox 716 782 822 856; x_wconf 88' lang='lat' dir='ltr'><strong>lsrael,</strong></span> <span class='ocrx_word' id='word_1_34' title='bbox 836 801 932 863; x_wconf 91' lang='lat' dir='ltr'><strong>quam</strong></span> 
     </span>
     <span class='ocr_line' id='line_1_7' title="bbox 181 880 930 964; baseline -0.004 -21"><span class='ocrx_word' id='word_1_35' title='bbox 181 890 267 953; x_wconf 89' lang='lat' dir='ltr'><strong>ante,</strong></span> <span class='ocrx_word' id='word_1_36' title='bbox 278 890 374 964; x_wconf 91' lang='lat' dir='ltr'><strong>prout</strong></span> <span class='ocrx_word' id='word_1_37' title='bbox 390 882 424 944; x_wconf 92' lang='lat' dir='ltr'><strong>in</strong></span> <span class='ocrx_word' id='word_1_38' title='bbox 441 881 524 944; x_wconf 93' lang='lat' dir='ltr'><strong>libro</strong></span> <span class='ocrx_word' id='word_1_39' title='bbox 535 883 743 945; x_wconf 78' lang='lat' dir='ltr'><strong>Numerorum</strong></span> <span class='ocrx_word' id='word_1_40' title='bbox 761 880 930 963; x_wconf 89' lang='lat' dir='ltr'><strong>probatur:</strong></span> 
     </span>
     <span class='ocr_line' id='line_1_8' title="bbox 181 978 933 1064; baseline -0.004 -22"><span class='ocrx_word' id='word_1_41' title='bbox 181 980 337 1061; x_wconf 89' lang='lat' dir='ltr'><strong>quoniam</strong></span> <span class='ocrx_word' id='word_1_42' title='bbox 354 982 387 1043; x_wconf 94' lang='lat' dir='ltr'><strong>iu</strong></span> <span class='ocrx_word' id='word_1_43' title='bbox 411 980 665 1064; x_wconf 85' lang='lat' dir='ltr'><strong>profectionibus</strong></span> <span class='ocrx_word' id='word_1_44' title='bbox 688 979 855 1042; x_wconf 92' lang='lat' dir='ltr'><strong>duodecim</strong></span> <span class='ocrx_word' id='word_1_45' title='bbox 879 978 933 1039; x_wconf 90' lang='lat' dir='ltr'><strong>tri-</strong></span> 
     </span>
     <span class='ocr_line' id='line_1_9' title="bbox 182 1078 932 1158; baseline -0.004 -17"><span class='ocrx_word' id='word_1_46' title='bbox 182 1079 285 1143; x_wconf 93' lang='lat' dir='ltr'><strong>buum</strong></span> <span class='ocrx_word' id='word_1_47' title='bbox 312 1080 418 1158; x_wconf 89' lang='lat' dir='ltr'><strong>lsrael,</strong></span> <span class='ocrx_word' id='word_1_48' title='bbox 447 1081 480 1141; x_wconf 92' lang='lat' dir='ltr'><strong>in</strong></span> <span class='ocrx_word' id='word_1_49' title='bbox 511 1081 646 1144; x_wconf 87' lang='lat' dir='ltr'><strong>circuitu</strong></span> <span class='ocrx_word' id='word_1_50' title='bbox 671 1079 870 1143; x_wconf 69' lang='lat' dir='ltr'>tabernaculi</span> <span class='ocrx_word' id='word_1_51' title='bbox 893 1078 932 1139; x_wconf 92' lang='lat' dir='ltr'><strong>ad</strong></span> 
     </span>
     <span class='ocr_line' id='line_1_10' title="bbox 182 1176 934 1259; baseline -0.001 -19"><span class='ocrx_word' id='word_1_52' title='bbox 182 1178 353 1256; x_wconf 90' lang='lat' dir='ltr'><strong>orientem,</strong></span> <span class='ocrx_word' id='word_1_53' title='bbox 376 1179 587 1256; x_wconf 87' lang='lat' dir='ltr'><strong>occidentem,</strong></span> <span class='ocrx_word' id='word_1_54' title='bbox 606 1187 749 1241; x_wconf 79' lang='lat' dir='ltr'><strong>austrum</strong></span> <span class='ocrx_word' id='word_1_55' title='bbox 766 1186 797 1239; x_wconf 92' lang='lat' dir='ltr'><strong>et</strong></span> <span class='ocrx_word' id='word_1_56' title='bbox 813 1176 934 1259; x_wconf 88' lang='lat' dir='ltr'><strong>aquilo-</strong></span> 
     </span>
     <span class='ocr_line' id='line_1_11' title="bbox 183 1276 934 1358; baseline -0.003 -19"><span class='ocrx_word' id='word_1_57' title='bbox 183 1296 258 1339; x_wconf 89' lang='lat' dir='ltr'><strong>nem</strong></span> <span class='ocrx_word' id='word_1_58' title='bbox 274 1278 491 1358; x_wconf 87' lang='lat' dir='ltr'><strong>gradiebatur.</strong></span> <span class='ocrx_word' id='word_1_59' title='bbox 508 1280 598 1342; x_wconf 86' lang='lat' dir='ltr'><strong>Unde</strong></span> <span class='ocrx_word' id='word_1_60' title='bbox 614 1278 697 1340; x_wconf 90' lang='lat' dir='ltr'><strong>libro</strong></span> <span class='ocrx_word' id='word_1_61' title='bbox 721 1278 862 1340; x_wconf 91' lang='lat' dir='ltr'><strong>seeundo</strong></span> <span class='ocrx_word' id='word_1_62' title='bbox 878 1276 934 1337; x_wconf 87' lang='lat' dir='ltr'><strong>Re·</strong></span> 
     </span>
     <span class='ocr_line' id='line_1_12' title="bbox 182 1374 932 1461; baseline -0.003 -24"><span class='ocrx_word' id='word_1_63' title='bbox 182 1395 260 1457; x_wconf 86' lang='lat' dir='ltr'><strong>gum</strong></span> <span class='ocrx_word' id='word_1_64' title='bbox 285 1377 440 1440; x_wconf 94' lang='lat' dir='ltr'><strong>Dominus</strong></span> <span class='ocrx_word' id='word_1_65' title='bbox 462 1385 681 1461; x_wconf 91' lang='lat' dir='ltr'><strong>protestatur:</strong></span> <span class='ocrx_word' id='word_1_66' title='bbox 703 1374 873 1438; x_wconf 79' lang='lat' dir='ltr'><strong>Ambulavi</strong></span> <span class='ocrx_word' id='word_1_67' title='bbox 899 1374 932 1435; x_wconf 95' lang='lat' dir='ltr'><strong>iu</strong></span> 
     </span>
    </p>
   </div>
   <div class='ocr_carea' id='block_1_7' title="bbox 75 1472 930 1558">
    <p class='ocr_par' dir='ltr' id='par_1_7' title="bbox 75 1472 930 1558">
     <span class='ocr_line' id='line_1_13' title="bbox 75 1472 930 1558; baseline 0 -22"><span class='ocrx_word' id='word_1_68' title='bbox 75 1473 83 1487; x_wconf 85' lang='lat'>&#39;</span> <span class='ocrx_word' id='word_1_69' title='bbox 183 1475 392 1539; x_wconf 87' lang='lat' dir='ltr'><strong>tabernaculo</strong></span> <span class='ocrx_word' id='word_1_70' title='bbox 406 1484 437 1539; x_wconf 91' lang='lat' dir='ltr'><strong>et</strong></span> <span class='ocrx_word' id='word_1_71' title='bbox 452 1477 485 1538; x_wconf 93' lang='lat' dir='ltr'><strong>in</strong></span> <span class='ocrx_word' id='word_1_72' title='bbox 503 1476 638 1539; x_wconf 89' lang='lat' dir='ltr'><strong>tentorio</strong></span> <span class='ocrx_word' id='word_1_73' title='bbox 654 1496 711 1558; x_wconf 91' lang='lat' dir='ltr'><strong>per</strong></span> <span class='ocrx_word' id='word_1_74' title='bbox 722 1482 836 1538; x_wconf 88' lang='lat' dir='ltr'><strong>cuneta</strong></span> <span class='ocrx_word' id='word_1_75' title='bbox 852 1472 930 1548; x_wconf 89' lang='lat' dir='ltr'><strong>loea,</strong></span> 
     </span>
    </p>
   </div>
   <div class='ocr_carea' id='block_1_8' title="bbox 23 1973 166 2088">
    <p class='ocr_par' dir='ltr' id='par_1_8' title="bbox 23 1973 166 2088">
     <span class='ocr_line' id='line_1_14' title="bbox 61 1973 138 2016; baseline 0 -1"><span class='ocrx_word' id='word_1_76' title='bbox 61 1973 138 2016; x_wconf 66' lang='lat' dir='ltr'><strong>Etod.</strong></span> 
     </span>
     <span class='ocr_line' id='line_1_15' title="bbox 23 2040 166 2088; baseline 0 -9"><span class='ocrx_word' id='word_1_77' title='bbox 23 2051 97 2087; x_wconf 75' lang='lat' dir='ltr'><strong>mir,</strong></span> <span class='ocrx_word' id='word_1_78' title='bbox 105 2040 166 2088; x_wconf 58' lang='lat'>⁹2¹⁰·</span> 
     </span>
    </p>
   </div>
   <div class='ocr_carea' id='block_1_9' title="bbox 182 1573 932 1855">
    <p class='ocr_par' dir='ltr' id='par_1_9' title="bbox 182 1573 932 1855">
     <span class='ocr_line' id='line_1_16' title="bbox 182 1573 932 1655; baseline -0.004 -19"><span class='ocrx_word' id='word_1_79' title='bbox 182 1594 256 1655; x_wconf 79' lang='lat' dir='ltr'><strong>quae</strong></span> <span class='ocrx_word' id='word_1_80' title='bbox 268 1576 402 1641; x_wconf 86' lang='lat' dir='ltr'><strong>transiri</strong></span> <span class='ocrx_word' id='word_1_81' title='bbox 415 1596 487 1639; x_wconf 89' lang='lat' dir='ltr'><strong>cum</strong></span> <span class='ocrx_word' id='word_1_82' title='bbox 499 1576 588 1639; x_wconf 92' lang='lat' dir='ltr'><strong>omni</strong></span> <span class='ocrx_word' id='word_1_83' title='bbox 598 1576 704 1638; x_wconf 90' lang='lat' dir='ltr'><strong>lsrael.</strong></span> <span class='ocrx_word' id='word_1_84' title='bbox 718 1573 836 1637; x_wconf 79' lang='lat' dir='ltr'>Idcirco</span> <span class='ocrx_word' id='word_1_85' title='bbox 847 1573 932 1653; x_wconf 92' lang='lat' dir='ltr'><strong>quud</strong></span> 
     </span>
     <span class='ocr_line' id='line_1_17' title="bbox 182 1674 932 1751; baseline -0.003 -16"><span class='ocrx_word' id='word_1_86' title='bbox 182 1674 239 1751; x_wconf 88' lang='lat' dir='ltr'><strong>ait,</strong></span> <span class='ocrx_word' id='word_1_87' title='bbox 264 1675 334 1739; x_wconf 94' lang='lat' dir='ltr'><strong>Non</strong></span> <span class='ocrx_word' id='word_1_88' title='bbox 364 1677 534 1739; x_wconf 78' lang='lat' dir='ltr'>ascendam</span> <span class='ocrx_word' id='word_1_89' title='bbox 560 1685 680 1750; x_wconf 89' lang='lat' dir='ltr'><strong>tecum,</strong></span> <span class='ocrx_word' id='word_1_90' title='bbox 707 1674 833 1735; x_wconf 81' lang='lat' dir='ltr'><strong>ridetur</strong></span> <span class='ocrx_word' id='word_1_91' title='bbox 864 1692 932 1734; x_wconf 87' lang='lat' dir='ltr'><strong>csse</strong></span> 
     </span>
     <span class='ocr_line' id='line_1_18' title="bbox 183 1772 932 1855; baseline -0.005 -20"><span class='ocrx_word' id='word_1_92' title='bbox 183 1772 932 1855; x_wconf 75' lang='lat' dir='ltr'><strong>comminati0,nonassertio,prresertimquum</strong></span> 
     </span>
    </p>
   </div>
   <div class='ocr_carea' id='block_1_10' title="bbox 987 780 1734 1852">
    <p class='ocr_par' dir='ltr' id='par_1_10' title="bbox 987 780 1734 1852">
     <span class='ocr_line' id='line_1_19' title="bbox 988 780 1733 862; baseline -0.005 -19"><span class='ocrx_word' id='word_1_93' title='bbox 988 783 1105 844; x_wconf 91' lang='lat' dir='ltr'><strong>mentis</strong></span> <span class='ocrx_word' id='word_1_94' title='bbox 1125 802 1162 845; x_wconf 88' lang='lat' dir='ltr'><strong>ae</strong></span> <span class='ocrx_word' id='word_1_95' title='bbox 1182 781 1388 859; x_wconf 80' lang='lat' dir='ltr'><strong>ornamentis,</strong></span> <span class='ocrx_word' id='word_1_96' title='bbox 1407 789 1564 862; x_wconf 88' lang='lat' dir='ltr'><strong>quatenus</strong></span> <span class='ocrx_word' id='word_1_97' title='bbox 1586 780 1655 861; x_wconf 90' lang='lat' dir='ltr'><strong>ipso</strong></span> <span class='ocrx_word' id='word_1_98' title='bbox 1676 797 1733 840; x_wconf 93' lang='lat' dir='ltr'><strong>suo</strong></span> 
     </span>
     <span class='ocr_line' id='line_1_20' title="bbox 988 881 1734 963; baseline -0.003 -21"><span class='ocrx_word' id='word_1_99' title='bbox 988 882 1100 943; x_wconf 91' lang='lat' dir='ltr'><strong>habitu</strong></span> <span class='ocrx_word' id='word_1_100' title='bbox 1111 881 1331 963; x_wconf 66' lang='lat' dir='ltr'><strong>poenitentiam</strong></span> <span class='ocrx_word' id='word_1_101' title='bbox 1343 882 1597 943; x_wconf 75' lang='lat' dir='ltr'><strong>demonstrarent</strong></span> <span class='ocrx_word' id='word_1_102' title='bbox 1609 899 1646 941; x_wconf 89' lang='lat' dir='ltr'><strong>ae</strong></span> <span class='ocrx_word' id='word_1_103' title='bbox 1658 896 1734 940; x_wconf 70' lang='lat' dir='ltr'><strong>mre</strong></span> 
     </span>
     <span class='ocr_line' id='line_1_21' title="bbox 989 976 1733 1059; baseline -0.009 -16"><span class='ocrx_word' id='word_1_104' title='bbox 989 980 1175 1043; x_wconf 88' lang='lat' dir='ltr'><strong>stitudinem</strong></span> <span class='ocrx_word' id='word_1_105' title='bbox 1201 979 1316 1043; x_wconf 90' lang='lat' dir='ltr'><strong>cordis.</strong></span> <span class='ocrx_word' id='word_1_106' title='bbox 1341 980 1510 1055; x_wconf 69' lang='lat' dir='ltr'><strong>Praeterea,</strong></span> <span class='ocrx_word' id='word_1_107' title='bbox 1536 976 1733 1059; x_wconf 81' lang='lat' dir='ltr'><strong>Augustinus</strong></span> 
     </span>
     <span class='ocr_line' id='line_1_22' title="bbox 988 1075 1731 1162; baseline -0.007 -21"><span class='ocrx_word' id='word_1_108' title='bbox 988 1098 1150 1162; x_wconf 82' lang='lat' dir='ltr'><strong>exponens</strong></span> <span class='ocrx_word' id='word_1_109' title='bbox 1171 1080 1248 1155; x_wconf 78' lang='lat' dir='ltr'><strong>hac,</strong></span> <span class='ocrx_word' id='word_1_110' title='bbox 1266 1079 1310 1140; x_wconf 90' lang='lat' dir='ltr'><strong>ait</strong></span> <span class='ocrx_word' id='word_1_111' title='bbox 1327 1098 1334 1141; x_wconf 90' lang='lat'>:</span> <span class='ocrx_word' id='word_1_112' title='bbox 1353 1079 1434 1141; x_wconf 93' lang='lat' dir='ltr'><strong>Deus</strong></span> <span class='ocrx_word' id='word_1_113' title='bbox 1459 1086 1507 1140; x_wconf 92' lang='lat' dir='ltr'><strong>cst</strong></span> <span class='ocrx_word' id='word_1_114' title='bbox 1532 1096 1605 1140; x_wconf 91' lang='lat' dir='ltr'><strong>eum</strong></span> <span class='ocrx_word' id='word_1_115' title='bbox 1625 1075 1731 1156; x_wconf 87' lang='lat' dir='ltr'><strong>justis,</strong></span> 
     </span>
     <span class='ocr_line' id='line_1_23' title="bbox 989 1175 1731 1249; baseline -0.005 -7"><span class='ocrx_word' id='word_1_116' title='bbox 989 1179 1147 1242; x_wconf 87' lang='lat' dir='ltr'><strong>visitando</strong></span> <span class='ocrx_word' id='word_1_117' title='bbox 1172 1186 1204 1241; x_wconf 89' lang='lat' dir='ltr'><strong>et</strong></span> <span class='ocrx_word' id='word_1_118' title='bbox 1234 1178 1413 1240; x_wconf 89' lang='lat' dir='ltr'><strong>miserendo</strong></span> <span class='ocrx_word' id='word_1_119' title='bbox 1438 1196 1475 1240; x_wconf 90' lang='lat' dir='ltr'><strong>ac</strong></span> <span class='ocrx_word' id='word_1_120' title='bbox 1500 1175 1731 1249; x_wconf 88' lang='lat' dir='ltr'><strong>confortando;</strong></span> 
     </span>
     <span class='ocr_line' id='line_1_24' title="bbox 988 1274 1730 1360; baseline -0.005 -21"><span class='ocrx_word' id='word_1_121' title='bbox 988 1298 1061 1339; x_wconf 93' lang='lat' dir='ltr'><strong>cum</strong></span> <span class='ocrx_word' id='word_1_122' title='bbox 1077 1277 1185 1360; x_wconf 90' lang='lat' dir='ltr'><strong>impiis</strong></span> <span class='ocrx_word' id='word_1_123' title='bbox 1200 1297 1286 1354; x_wconf 83' lang='lat' dir='ltr'><strong>vero,</strong></span> <span class='ocrx_word' id='word_1_124' title='bbox 1304 1277 1487 1339; x_wconf 82' lang='lat' dir='ltr'><strong>ulciscendo</strong></span> <span class='ocrx_word' id='word_1_125' title='bbox 1503 1296 1539 1339; x_wconf 86' lang='lat' dir='ltr'><strong>ac</strong></span> <span class='ocrx_word' id='word_1_126' title='bbox 1555 1274 1730 1358; x_wconf 90' lang='lat' dir='ltr'><strong>puniendo.</strong></span> 
     </span>
     <span class='ocr_line' id='line_1_25' title="bbox 988 1360 1730 1458; baseline -0.005 -20"><span class='ocrx_word' id='word_1_127' title='bbox 988 1377 1096 1458; x_wconf 88' lang='lat' dir='ltr'><strong>ltaque</strong></span> <span class='ocrx_word' id='word_1_128' title='bbox 1111 1377 1155 1438; x_wconf 89' lang='lat' dir='ltr'><strong>ait</strong></span> <span class='ocrx_word' id='word_1_129' title='bbox 1173 1394 1179 1437; x_wconf 93' lang='lat'><strong>:</strong></span> <span class='ocrx_word' id='word_1_130' title='bbox 1197 1377 1264 1439; x_wconf 86' lang='lat' dir='ltr'><strong>Non</strong></span> <span class='ocrx_word' id='word_1_131' title='bbox 1280 1360 1450 1439; x_wconf 79' lang='lat' dir='ltr'><strong>ascendam</strong></span> <span class='ocrx_word' id='word_1_132' title='bbox 1466 1384 1581 1452; x_wconf 90' lang='lat' dir='ltr'><strong>tecum,</strong></span> <span class='ocrx_word' id='word_1_133' title='bbox 1600 1375 1660 1437; x_wconf 87' lang='lat' dir='ltr'><strong>boe</strong></span> <span class='ocrx_word' id='word_1_134' title='bbox 1671 1382 1730 1449; x_wconf 91' lang='lat' dir='ltr'><strong>est,</strong></span> 
     </span>
     <span class='ocr_line' id='line_1_26' title="bbox 988 1475 1734 1556; baseline -0.004 -19"><span class='ocrx_word' id='word_1_135' title='bbox 988 1495 1061 1537; x_wconf 91' lang='lat' dir='ltr'><strong>eum</strong></span> <span class='ocrx_word' id='word_1_136' title='bbox 1077 1475 1261 1538; x_wconf 87' lang='lat' dir='ltr'><strong>hominibus</strong></span> <span class='ocrx_word' id='word_1_137' title='bbox 1278 1476 1347 1537; x_wconf 93' lang='lat' dir='ltr'><strong>istis</strong></span> <span class='ocrx_word' id='word_1_138' title='bbox 1368 1494 1517 1538; x_wconf 91' lang='lat' dir='ltr'><strong>essenon</strong></span> <span class='ocrx_word' id='word_1_139' title='bbox 1538 1492 1679 1556; x_wconf 91' lang='lat' dir='ltr'><strong>possum,</strong></span> <span class='ocrx_word' id='word_1_140' title='bbox 1699 1481 1734 1534; x_wconf 92' lang='lat' dir='ltr'><strong>ut</strong></span> 
     </span>
     <span class='ocr_line' id='line_1_27' title="bbox 987 1571 1734 1656; baseline -0.007 -20"><span class='ocrx_word' id='word_1_141' title='bbox 987 1574 1159 1652; x_wconf 85' lang='lat' dir='ltr'><strong>vindicem,</strong></span> <span class='ocrx_word' id='word_1_142' title='bbox 1178 1583 1307 1656; x_wconf 89' lang='lat' dir='ltr'><strong>propter</strong></span> <span class='ocrx_word' id='word_1_143' title='bbox 1324 1583 1364 1651; x_wconf 90' lang='lat' dir='ltr'><strong>te,</strong></span> <span class='ocrx_word' id='word_1_144' title='bbox 1382 1594 1440 1636; x_wconf 89' lang='lat' dir='ltr'><strong>nee</strong></span> <span class='ocrx_word' id='word_1_145' title='bbox 1457 1582 1492 1635; x_wconf 93' lang='lat' dir='ltr'><strong>ut</strong></span> <span class='ocrx_word' id='word_1_146' title='bbox 1508 1571 1686 1635; x_wconf 89' lang='lat' dir='ltr'><strong>confortem</strong></span> <span class='ocrx_word' id='word_1_147' title='bbox 1702 1578 1734 1634; x_wconf 91' lang='lat' dir='ltr'><strong>et</strong></span> 
     </span>
     <span class='ocr_line' id='line_1_28' title="bbox 988 1671 1733 1756; baseline -0.004 -22"><span class='ocrx_word' id='word_1_148' title='bbox 988 1673 1127 1752; x_wconf 82' lang='lat' dir='ltr'><strong>visitem,</strong></span> <span class='ocrx_word' id='word_1_149' title='bbox 1150 1682 1279 1756; x_wconf 88' lang='lat' dir='ltr'><strong>propter</strong></span> <span class='ocrx_word' id='word_1_150' title='bbox 1300 1693 1364 1736; x_wconf 91' lang='lat' dir='ltr'><strong>eos.</strong></span> <span class='ocrx_word' id='word_1_151' title='bbox 1387 1673 1504 1735; x_wconf 83' lang='lat' dir='ltr'><strong>Mittam</strong></span> <span class='ocrx_word' id='word_1_152' title='bbox 1526 1690 1600 1752; x_wconf 89' lang='lat' dir='ltr'><strong>ergo</strong></span> <span class='ocrx_word' id='word_1_153' title='bbox 1620 1671 1733 1733; x_wconf 88' lang='lat' dir='ltr'><strong>saltem</strong></span> 
     </span>
     <span class='ocr_line' id='line_1_29' title="bbox 988 1773 1271 1852; baseline 0.004 -18"><span class='ocrx_word' id='word_1_154' title='bbox 988 1773 1136 1852; x_wconf 89' lang='lat' dir='ltr'><strong>angelum</strong></span> <span class='ocrx_word' id='word_1_155' title='bbox 1153 1794 1271 1837; x_wconf 91' lang='lat' dir='ltr'><strong>meum.</strong></span> 
     </span>
    </p>
   </div>
   <div class='ocr_carea' id='block_1_11' title="bbox 183 1871 1734 1955">
    <p class='ocr_par' dir='ltr' id='par_1_11' title="bbox 183 1871 1734 1955">
     <span class='ocr_line' id='line_1_30' title="bbox 183 1871 1734 1955; baseline -0.001 -23"><span class='ocrx_word' id='word_1_156' title='bbox 183 1873 334 1954; x_wconf 87' lang='lat' dir='ltr'><strong>sequenti</strong></span> <span class='ocrx_word' id='word_1_157' title='bbox 351 1874 475 1954; x_wconf 89' lang='lat' dir='ltr'><strong>legatur</strong></span> <span class='ocrx_word' id='word_1_158' title='bbox 486 1873 626 1955; x_wconf 86' lang='lat' dir='ltr'><strong>capitulo</strong></span> <span class='ocrx_word' id='word_1_159' title='bbox 638 1872 758 1953; x_wconf 79' lang='lat' dir='ltr'><strong>Moyses</strong></span> <span class='ocrx_word' id='word_1_160' title='bbox 769 1887 930 1933; x_wconf 84' lang='lat' dir='ltr'><strong>exorasse:</strong></span> <span class='ocrx_word' id='word_1_161' title='bbox 951 1871 974 1931; x_wconf 90' lang='grc' dir='ltr'>Β</span> <span class='ocrx_word' id='word_1_162' title='bbox 1028 1875 1186 1953; x_wconf 70' lang='lat' dir='ltr'><strong>Dicitque</strong></span> <span class='ocrx_word' id='word_1_163' title='bbox 1199 1875 1359 1934; x_wconf 80' lang='lat' dir='ltr'><strong>Dentinua</strong></span> <span class='ocrx_word' id='word_1_164' title='bbox 1374 1876 1418 1933; x_wconf 83' lang='lat' dir='ltr'><strong>ad</strong></span> <span class='ocrx_word' id='word_1_165' title='bbox 1434 1876 1563 1950; x_wconf 79' lang='lat' dir='ltr'><strong>Moysen</strong></span> <span class='ocrx_word' id='word_1_166' title='bbox 1574 1876 1734 1951; x_wconf 78' lang='lat' dir='ltr'><strong>:Loquere</strong></span> 
     </span>
    </p>
   </div>
   <div class='ocr_carea' id='block_1_12' title="bbox 180 1969 943 3044">
    <p class='ocr_par' dir='ltr' id='par_1_12' title="bbox 180 1969 943 2846">
     <span class='ocr_line' id='line_1_31' title="bbox 184 1969 933 2053; baseline -0.003 -22"><span class='ocrx_word' id='word_1_167' title='bbox 184 1970 218 2031; x_wconf 89' lang='lat' dir='ltr'><strong>Si</strong></span> <span class='ocrx_word' id='word_1_168' title='bbox 234 1971 346 2035; x_wconf 80' lang='lat' dir='ltr'><strong>inveni</strong></span> <span class='ocrx_word' id='word_1_169' title='bbox 361 1972 495 2053; x_wconf 87' lang='lat' dir='ltr'><strong>gratiam</strong></span> <span class='ocrx_word' id='word_1_170' title='bbox 514 1973 546 2034; x_wconf 94' lang='lat' dir='ltr'><strong>in</strong></span> <span class='ocrx_word' id='word_1_171' title='bbox 563 1980 735 2053; x_wconf 88' lang='lat' dir='ltr'><strong>conspectu</strong></span> <span class='ocrx_word' id='word_1_172' title='bbox 753 1979 817 2047; x_wconf 86' lang='lat' dir='ltr'><strong>tuo,</strong></span> <span class='ocrx_word' id='word_1_173' title='bbox 831 1969 933 2032; x_wconf 92' lang='lat' dir='ltr'><strong>Domi-</strong></span> 
     </span>
     <span class='ocr_line' id='line_1_32' title="bbox 184 2068 933 2153; baseline -0.001 -23"><span class='ocrx_word' id='word_1_174' title='bbox 184 2089 237 2148; x_wconf 87' lang='lat' dir='ltr'><strong>ne,</strong></span> <span class='ocrx_word' id='word_1_175' title='bbox 266 2071 400 2135; x_wconf 90' lang='lat' dir='ltr'><strong>obseero</strong></span> <span class='ocrx_word' id='word_1_176' title='bbox 427 2081 462 2134; x_wconf 92' lang='lat' dir='ltr'><strong>ut</strong></span> <span class='ocrx_word' id='word_1_177' title='bbox 486 2070 642 2153; x_wconf 85' lang='lat' dir='ltr'><strong>gradiaris</strong></span> <span class='ocrx_word' id='word_1_178' title='bbox 672 2069 851 2133; x_wconf 88' lang='lat' dir='ltr'><strong>nobiseum.</strong></span> <span class='ocrx_word' id='word_1_179' title='bbox 878 2068 933 2130; x_wconf 78' lang='lat' dir='ltr'><strong>lle-</strong></span> 
     </span>
     <span class='ocr_line' id='line_1_33' title="bbox 183 2167 932 2251; baseline -0.003 -20"><span class='ocrx_word' id='word_1_180' title='bbox 183 2170 316 2251; x_wconf 91' lang='lat' dir='ltr'><strong>spondit</strong></span> <span class='ocrx_word' id='word_1_181' title='bbox 332 2170 484 2233; x_wconf 87' lang='lat' dir='ltr'><strong>Dominus</strong></span> <span class='ocrx_word' id='word_1_182' title='bbox 501 2188 508 2232; x_wconf 92' lang='lat'>:</span> <span class='ocrx_word' id='word_1_183' title='bbox 526 2170 590 2251; x_wconf 83' lang='lat' dir='ltr'><strong>Ilgo</strong></span> <span class='ocrx_word' id='word_1_184' title='bbox 608 2169 696 2231; x_wconf 93' lang='lat' dir='ltr'><strong>inibo</strong></span> <span class='ocrx_word' id='word_1_185' title='bbox 712 2176 850 2250; x_wconf 89' lang='lat' dir='ltr'><strong>paetum.</strong></span> <span class='ocrx_word' id='word_1_186' title='bbox 868 2167 932 2230; x_wconf 93' lang='lat' dir='ltr'><strong>lmo</strong></span> 
     </span>
     <span class='ocr_line' id='line_1_34' title="bbox 183 2266 930 2351; baseline -0.001 -23"><span class='ocrx_word' id='word_1_187' title='bbox 183 2269 219 2329; x_wconf 94' lang='lat' dir='ltr'><strong>in</strong></span> <span class='ocrx_word' id='word_1_188' title='bbox 235 2269 296 2331; x_wconf 94' lang='lat' dir='ltr'><strong>isto</strong></span> <span class='ocrx_word' id='word_1_189' title='bbox 313 2269 455 2351; x_wconf 90' lang='lat' dir='ltr'><strong>capitulo</strong></span> <span class='ocrx_word' id='word_1_190' title='bbox 470 2269 555 2331; x_wconf 86' lang='lat' dir='ltr'><strong>infra</strong></span> <span class='ocrx_word' id='word_1_191' title='bbox 571 2268 721 2330; x_wconf 88' lang='lat' dir='ltr'><strong>habetur:</strong></span> <span class='ocrx_word' id='word_1_192' title='bbox 734 2267 785 2328; x_wconf 88' lang='lat' dir='ltr'><strong>llit</strong></span> <span class='ocrx_word' id='word_1_193' title='bbox 796 2266 930 2349; x_wconf 79' lang='lat' dir='ltr'><strong>Moyses:</strong></span> 
     </span>
     <span class='ocr_line' id='line_1_35' title="bbox 182 2366 931 2451; baseline -0.001 -23"><span class='ocrx_word' id='word_1_194' title='bbox 182 2366 217 2429; x_wconf 83' lang='lat' dir='ltr'><strong>Si</strong></span> <span class='ocrx_word' id='word_1_195' title='bbox 229 2387 293 2429; x_wconf 95' lang='lat' dir='ltr'><strong>non</strong></span> <span class='ocrx_word' id='word_1_196' title='bbox 310 2376 344 2430; x_wconf 91' lang='lat' dir='ltr'><strong>tu</strong></span> <span class='ocrx_word' id='word_1_197' title='bbox 361 2368 430 2451; x_wconf 93' lang='lat' dir='ltr'><strong>ipse</strong></span> <span class='ocrx_word' id='word_1_198' title='bbox 447 2368 600 2451; x_wconf 79' lang='lat' dir='ltr'><strong>praecedis</strong></span> <span class='ocrx_word' id='word_1_199' title='bbox 612 2386 681 2444; x_wconf 90' lang='lat' dir='ltr'><strong>nos,</strong></span> <span class='ocrx_word' id='word_1_200' title='bbox 692 2387 731 2429; x_wconf 90' lang='lat' dir='ltr'><strong>ne</strong></span> <span class='ocrx_word' id='word_1_201' title='bbox 747 2367 863 2429; x_wconf 89' lang='lat' dir='ltr'><strong>educas</strong></span> <span class='ocrx_word' id='word_1_202' title='bbox 875 2384 931 2428; x_wconf 94' lang='lat' dir='ltr'><strong>nos</strong></span> 
     </span>
     <span class='ocr_line' id='line_1_36' title="bbox 181 2466 933 2531; baseline -0.001 -4"><span class='ocrx_word' id='word_1_203' title='bbox 181 2466 223 2529; x_wconf 91' lang='lat' dir='ltr'><strong>dc</strong></span> <span class='ocrx_word' id='word_1_204' title='bbox 239 2468 310 2530; x_wconf 90' lang='lat' dir='ltr'><strong>loco</strong></span> <span class='ocrx_word' id='word_1_205' title='bbox 327 2468 399 2531; x_wconf 91' lang='lat' dir='ltr'><strong>isto.</strong></span> <span class='ocrx_word' id='word_1_206' title='bbox 411 2468 493 2529; x_wconf 86' lang='lat' dir='ltr'><strong>Dixit</strong></span> <span class='ocrx_word' id='word_1_207' title='bbox 508 2476 614 2530; x_wconf 90' lang='lat' dir='ltr'><strong>autem</strong></span> <span class='ocrx_word' id='word_1_208' title='bbox 627 2466 778 2530; x_wconf 84' lang='lat' dir='ltr'><strong>Dominus</strong></span> <span class='ocrx_word' id='word_1_209' title='bbox 792 2483 798 2527; x_wconf 95' lang='lat'><strong>:</strong></span> <span class='ocrx_word' id='word_1_210' title='bbox 811 2466 849 2527; x_wconf 90' lang='lat' dir='ltr'><strong>Et</strong></span> <span class='ocrx_word' id='word_1_211' title='bbox 864 2484 933 2527; x_wconf 85' lang='lat' dir='ltr'><strong>ver-</strong></span> 
     </span>
     <span class='ocr_line' id='line_1_37' title="bbox 181 2564 931 2648; baseline -0.003 -21"><span class='ocrx_word' id='word_1_212' title='bbox 181 2565 261 2627; x_wconf 93' lang='lat' dir='ltr'><strong>bum</strong></span> <span class='ocrx_word' id='word_1_213' title='bbox 278 2566 365 2628; x_wconf 91' lang='lat' dir='ltr'><strong>istud</strong></span> <span class='ocrx_word' id='word_1_214' title='bbox 382 2565 509 2629; x_wconf 88' lang='lat' dir='ltr'><strong>faciam.</strong></span> <span class='ocrx_word' id='word_1_215' title='bbox 528 2568 635 2648; x_wconf 88' lang='lat' dir='ltr'><strong>ltaque</strong></span> <span class='ocrx_word' id='word_1_216' title='bbox 654 2566 740 2648; x_wconf 91' lang='lat' dir='ltr'><strong>quod</strong></span> <span class='ocrx_word' id='word_1_217' title='bbox 757 2564 847 2641; x_wconf 84' lang='lat' dir='ltr'><strong>dixit,</strong></span> <span class='ocrx_word' id='word_1_218' title='bbox 865 2564 931 2626; x_wconf 93' lang='lat' dir='ltr'><strong>Non</strong></span> 
     </span>
     <span class='ocr_line' id='line_1_38' title="bbox 180 2663 943 2742; baseline -0.001 -17"><span class='ocrx_word' id='word_1_219' title='bbox 180 2666 356 2728; x_wconf 82' lang='lat' dir='ltr'><strong>ascendam</strong></span> <span class='ocrx_word' id='word_1_220' title='bbox 374 2672 488 2742; x_wconf 90' lang='lat' dir='ltr'><strong>tecum,</strong></span> <span class='ocrx_word' id='word_1_221' title='bbox 507 2665 713 2729; x_wconf 88' lang='lat' dir='ltr'><strong>comminatio</strong></span> <span class='ocrx_word' id='word_1_222' title='bbox 731 2664 802 2741; x_wconf 90' lang='lat' dir='ltr'><strong>fuit,</strong></span> <span class='ocrx_word' id='word_1_223' title='bbox 819 2663 869 2727; x_wconf 86' lang='lat' dir='ltr'><strong>vel</strong></span> <span class='ocrx_word' id='word_1_224' title='bbox 886 2682 943 2725; x_wconf 80' lang='lat' dir='ltr'><strong>as·</strong></span> 
     </span>
     <span class='ocr_line' id='line_1_39' title="bbox 181 2764 595 2846; baseline 0.005 -22"><span class='ocrx_word' id='word_1_225' title='bbox 181 2764 292 2841; x_wconf 89' lang='lat' dir='ltr'><strong>sertio,</strong></span> <span class='ocrx_word' id='word_1_226' title='bbox 312 2764 376 2825; x_wconf 92' lang='lat' dir='ltr'><strong>nisi</strong></span> <span class='ocrx_word' id='word_1_227' title='bbox 392 2764 595 2846; x_wconf 66' lang='lat' dir='ltr'><strong>poeniterent.</strong></span> 
     </span>
    </p>

    <p class='ocr_par' dir='ltr' id='par_1_13' title="bbox 180 2862 932 3044">
     <span class='ocr_line' id='line_1_40' title="bbox 223 2862 932 2945; baseline -0.004 -20"><span class='ocrx_word' id='word_1_228' title='bbox 223 2863 284 2925; x_wconf 87' lang='lat' dir='ltr'><strong>Sed</strong></span> <span class='ocrx_word' id='word_1_229' title='bbox 301 2863 380 2945; x_wconf 93' lang='lat' dir='ltr'><strong>quid</strong></span> <span class='ocrx_word' id='word_1_230' title='bbox 397 2865 545 2945; x_wconf 91' lang='lat' dir='ltr'><strong>estquod</strong></span> <span class='ocrx_word' id='word_1_231' title='bbox 566 2862 723 2939; x_wconf 88' lang='lat' dir='ltr'><strong>subditur,</strong></span> <span class='ocrx_word' id='word_1_232' title='bbox 740 2862 808 2924; x_wconf 94' lang='lat' dir='ltr'><strong>Non</strong></span> <span class='ocrx_word' id='word_1_233' title='bbox 823 2880 932 2923; x_wconf 91' lang='lat' dir='ltr'><strong>ascen-</strong></span> 
     </span>
     <span class='ocr_line' id='line_1_41' title="bbox 180 2960 932 3044; baseline -0.003 -21"><span class='ocrx_word' id='word_1_234' title='bbox 180 2962 255 3023; x_wconf 89' lang='lat' dir='ltr'><strong>dam</strong></span> <span class='ocrx_word' id='word_1_235' title='bbox 279 2970 398 3040; x_wconf 90' lang='lat' dir='ltr'><strong>tecum,</strong></span> <span class='ocrx_word' id='word_1_236' title='bbox 417 2962 554 3044; x_wconf 91' lang='lat' dir='ltr'><strong>populus</strong></span> <span class='ocrx_word' id='word_1_237' title='bbox 575 2962 660 3025; x_wconf 92' lang='lat' dir='ltr'><strong>enim</strong></span> <span class='ocrx_word' id='word_1_238' title='bbox 688 2962 774 3023; x_wconf 82' lang='lat' dir='ltr'><strong>durau</strong></span> <span class='ocrx_word' id='word_1_239' title='bbox 799 2960 932 3023; x_wconf 86' lang='lat' dir='ltr'><strong>cervicis</strong></span> 
     </span>
    </p>
   </div>
   <div class='ocr_carea' id='block_1_13' title="bbox 988 1969 1734 2351">
    <p class='ocr_par' dir='ltr' id='par_1_14' title="bbox 988 1969 1734 2351">
     <span class='ocr_line' id='line_1_42' title="bbox 988 1969 1733 2053; baseline -0.001 -22"><span class='ocrx_word' id='word_1_240' title='bbox 988 1974 1070 2050; x_wconf 76' lang='lat' dir='ltr'><strong>filiis</strong></span> <span class='ocrx_word' id='word_1_241' title='bbox 1081 1976 1193 2033; x_wconf 80' lang='lat' dir='ltr'><strong>Israel.</strong></span> <span class='ocrx_word' id='word_1_242' title='bbox 1207 1971 1359 2033; x_wconf 91' lang='lat' dir='ltr'><strong>Dominus</strong></span> <span class='ocrx_word' id='word_1_243' title='bbox 1375 1990 1460 2034; x_wconf 89' lang='lat' dir='ltr'><strong>nunc</strong></span> <span class='ocrx_word' id='word_1_244' title='bbox 1476 1990 1588 2053; x_wconf 89' lang='lat' dir='ltr'><strong>parum</strong></span> <span class='ocrx_word' id='word_1_245' title='bbox 1605 1969 1733 2032; x_wconf 88' lang='lat' dir='ltr'><strong>dulcius</strong></span> 
     </span>
     <span class='ocr_line' id='line_1_43' title="bbox 989 2069 1734 2153; baseline -0.003 -20"><span class='ocrx_word' id='word_1_246' title='bbox 989 2071 1141 2153; x_wconf 92' lang='lat' dir='ltr'><strong>loquitur,</strong></span> <span class='ocrx_word' id='word_1_247' title='bbox 1159 2091 1254 2152; x_wconf 91' lang='lat' dir='ltr'><strong>quam</strong></span> <span class='ocrx_word' id='word_1_248' title='bbox 1278 2079 1361 2148; x_wconf 89' lang='lat' dir='ltr'><strong>ante,</strong></span> <span class='ocrx_word' id='word_1_249' title='bbox 1379 2070 1471 2153; x_wconf 88' lang='lat' dir='ltr'><strong>quasi</strong></span> <span class='ocrx_word' id='word_1_250' title='bbox 1494 2069 1643 2132; x_wconf 90' lang='lat' dir='ltr'><strong>misertus</strong></span> <span class='ocrx_word' id='word_1_251' title='bbox 1667 2069 1734 2151; x_wconf 80' lang='lat' dir='ltr'><strong>plo</strong></span> 
     </span>
     <span class='ocr_line' id='line_1_44' title="bbox 989 2168 1734 2251; baseline 0.001 -20"><span class='ocrx_word' id='word_1_252' title='bbox 989 2170 1144 2232; x_wconf 88' lang='lat' dir='ltr'><strong>rantibus.</strong></span> <span class='ocrx_word' id='word_1_253' title='bbox 1157 2171 1225 2233; x_wconf 93' lang='lat' dir='ltr'><strong>Non</strong></span> <span class='ocrx_word' id='word_1_254' title='bbox 1240 2170 1324 2233; x_wconf 92' lang='lat' dir='ltr'><strong>enim</strong></span> <span class='ocrx_word' id='word_1_255' title='bbox 1341 2170 1385 2233; x_wconf 91' lang='lat' dir='ltr'><strong>ait</strong></span> <span class='ocrx_word' id='word_1_256' title='bbox 1400 2170 1439 2233; x_wconf 88' lang='lat' dir='ltr'><strong>ad</strong></span> <span class='ocrx_word' id='word_1_257' title='bbox 1455 2170 1591 2250; x_wconf 89' lang='lat' dir='ltr'><strong>Moysen,</strong></span> <span class='ocrx_word' id='word_1_258' title='bbox 1610 2168 1664 2231; x_wconf 88' lang='lat' dir='ltr'><strong>Die</strong></span> <span class='ocrx_word' id='word_1_259' title='bbox 1680 2188 1734 2251; x_wconf 93' lang='lat' dir='ltr'><strong>po-</strong></span> 
     </span>
     <span class='ocr_line' id='line_1_45' title="bbox 988 2268 1730 2351; baseline -0.003 -20"><span class='ocrx_word' id='word_1_260' title='bbox 988 2270 1064 2351; x_wconf 94' lang='lat' dir='ltr'><strong>pulo</strong></span> <span class='ocrx_word' id='word_1_261' title='bbox 1089 2277 1164 2344; x_wconf 92' lang='lat' dir='ltr'><strong>tuo;</strong></span> <span class='ocrx_word' id='word_1_262' title='bbox 1191 2270 1257 2345; x_wconf 90' lang='lat' dir='ltr'><strong>sed,</strong></span> <span class='ocrx_word' id='word_1_263' title='bbox 1276 2268 1356 2330; x_wconf 93' lang='lat' dir='ltr'><strong>filiis</strong></span> <span class='ocrx_word' id='word_1_264' title='bbox 1381 2268 1487 2331; x_wconf 93' lang='lat' dir='ltr'><strong>lsrael.</strong></span> <span class='ocrx_word' id='word_1_265' title='bbox 1505 2269 1730 2331; x_wconf 72' lang='lat' dir='ltr'><strong>Verumtamen</strong></span> 
     </span>
    </p>
   </div>
   <div class='ocr_carea' id='block_1_14' title="bbox 988 2367 1879 2449">
    <p class='ocr_par' dir='ltr' id='par_1_15' title="bbox 988 2367 1879 2449">
     <span class='ocr_line' id='line_1_46' title="bbox 988 2367 1879 2449; baseline -0.011 -17"><span class='ocrx_word' id='word_1_266' title='bbox 988 2369 1140 2449; x_wconf 92' lang='lat' dir='ltr'><strong>quoniam</strong></span> <span class='ocrx_word' id='word_1_267' title='bbox 1150 2369 1302 2431; x_wconf 89' lang='lat' dir='ltr'><strong>Dominus</strong></span> <span class='ocrx_word' id='word_1_268' title='bbox 1313 2388 1393 2449; x_wconf 93' lang='lat' dir='ltr'><strong>quos</strong></span> <span class='ocrx_word' id='word_1_269' title='bbox 1409 2376 1504 2444; x_wconf 88' lang='lat' dir='ltr'><strong>amat,</strong></span> <span class='ocrx_word' id='word_1_270' title='bbox 1517 2367 1622 2447; x_wconf 86' lang='lat' dir='ltr'><strong>arguit</strong></span> <span class='ocrx_word' id='word_1_271' title='bbox 1637 2376 1667 2429; x_wconf 88' lang='lat' dir='ltr'><strong>et</strong></span> <span class='ocrx_word' id='word_1_272' title='bbox 1682 2387 1733 2430; x_wconf 88' lang='lat' dir='ltr'><strong>ca·</strong></span> <span class='ocrx_word' id='word_1_273' title='bbox 1760 2378 1832 2426; x_wconf 69' lang='lat' dir='ltr'><strong>aaa.</strong></span> <span class='ocrx_word' id='word_1_274' title='bbox 1843 2394 1879 2431; x_wconf 73' lang='grc' dir='ltr'><strong>ιιι,</strong></span> 
     </span>
    </p>
   </div>
   <div class='ocr_carea' id='block_1_15' title="bbox 988 2448 1767 2747">
    <p class='ocr_par' dir='ltr' id='par_1_16' title="bbox 988 2448 1767 2747">
     <span class='ocr_line' id='line_1_47' title="bbox 989 2448 1767 2549; baseline -0.003 -20"><span class='ocrx_word' id='word_1_275' title='bbox 989 2467 1094 2548; x_wconf 86' lang='lat' dir='ltr'><strong>stiget,</strong></span> <span class='ocrx_word' id='word_1_276' title='bbox 1113 2468 1317 2549; x_wconf 92' lang='lat' dir='ltr'><strong>subjungitur</strong></span> <span class='ocrx_word' id='word_1_277' title='bbox 1336 2485 1343 2528; x_wconf 90' lang='lat'>:</span> <span class='ocrx_word' id='word_1_278' title='bbox 1360 2471 1507 2547; x_wconf 82' lang='lat' dir='ltr'><strong>Populus</strong></span> <span class='ocrx_word' id='word_1_279' title='bbox 1526 2471 1618 2529; x_wconf 83' lang='lat' dir='ltr'><strong>duroe</strong></span> <span class='ocrx_word' id='word_1_280' title='bbox 1632 2469 1733 2527; x_wconf 84' lang='lat' dir='ltr'><strong>cervi·</strong></span> <span class='ocrx_word' id='word_1_281' title='bbox 1747 2448 1767 2487; x_wconf 73' lang='lat'><strong>⁰·</strong></span> 
     </span>
     <span class='ocr_line' id='line_1_48' title="bbox 988 2565 1732 2644; baseline 0.004 -19"><span class='ocrx_word' id='word_1_282' title='bbox 988 2568 1033 2626; x_wconf 80' lang='lat' dir='ltr'><strong>cis</strong></span> <span class='ocrx_word' id='word_1_283' title='bbox 1054 2589 1096 2639; x_wconf 86' lang='lat' dir='ltr'><strong>es,</strong></span> <span class='ocrx_word' id='word_1_284' title='bbox 1115 2567 1147 2628; x_wconf 89' lang='lat' dir='ltr'><strong>id</strong></span> <span class='ocrx_word' id='word_1_285' title='bbox 1169 2576 1218 2629; x_wconf 89' lang='lat' dir='ltr'><strong>cst</strong></span> <span class='ocrx_word' id='word_1_286' title='bbox 1240 2566 1436 2629; x_wconf 81' lang='lat' dir='ltr'><strong>irrefrenatae</strong></span> <span class='ocrx_word' id='word_1_287' title='bbox 1461 2565 1678 2644; x_wconf 74' lang='lat' dir='ltr'><strong>contumacia,</strong></span> <span class='ocrx_word' id='word_1_288' title='bbox 1701 2573 1732 2628; x_wconf 87' lang='lat' dir='ltr'><strong>et</strong></span> 
     </span>
     <span class='ocr_line' id='line_1_49' title="bbox 988 2663 1732 2747; baseline 0.001 -22"><span class='ocrx_word' id='word_1_289' title='bbox 988 2663 1166 2727; x_wconf 81' lang='lat' dir='ltr'><strong>difficulter</strong></span> <span class='ocrx_word' id='word_1_290' title='bbox 1191 2664 1385 2746; x_wconf 89' lang='lat' dir='ltr'><strong>corrigibilis</strong></span> <span class='ocrx_word' id='word_1_291' title='bbox 1407 2684 1444 2727; x_wconf 88' lang='lat' dir='ltr'><strong>ac</strong></span> <span class='ocrx_word' id='word_1_292' title='bbox 1470 2665 1626 2747; x_wconf 88' lang='lat' dir='ltr'><strong>pertinax,</strong></span> <span class='ocrx_word' id='word_1_293' title='bbox 1643 2664 1732 2745; x_wconf 89' lang='lat' dir='ltr'><strong>juxta</strong></span> 
     </span>
    </p>
   </div>
   <div class='ocr_carea' id='block_1_16' title="bbox 989 2763 1876 2845">
    <p class='ocr_par' dir='ltr' id='par_1_17' title="bbox 989 2763 1876 2845">
     <span class='ocr_line' id='line_1_50' title="bbox 989 2763 1876 2845; baseline -0.001 -20"><span class='ocrx_word' id='word_1_294' title='bbox 989 2764 1069 2825; x_wconf 92' lang='lat' dir='ltr'><strong>illud</strong></span> <span class='ocrx_word' id='word_1_295' title='bbox 1085 2763 1191 2827; x_wconf 80' lang='lat' dir='ltr'><strong>Isaiae:</strong></span> <span class='ocrx_word' id='word_1_296' title='bbox 1205 2764 1289 2827; x_wconf 86' lang='lat' dir='ltr'><strong>Scivi</strong></span> <span class='ocrx_word' id='word_1_297' title='bbox 1305 2764 1380 2845; x_wconf 87' lang='lat' dir='ltr'><strong>quia</strong></span> <span class='ocrx_word' id='word_1_298' title='bbox 1396 2764 1495 2825; x_wconf 93' lang='lat' dir='ltr'><strong>durus</strong></span> <span class='ocrx_word' id='word_1_299' title='bbox 1511 2784 1544 2827; x_wconf 90' lang='lat' dir='ltr'><strong>es</strong></span> <span class='ocrx_word' id='word_1_300' title='bbox 1560 2772 1605 2841; x_wconf 93' lang='lat' dir='ltr'><strong>tu,</strong></span> <span class='ocrx_word' id='word_1_301' title='bbox 1619 2773 1650 2826; x_wconf 91' lang='lat' dir='ltr'><strong>et</strong></span> <span class='ocrx_word' id='word_1_302' title='bbox 1662 2783 1733 2827; x_wconf 90' lang='lat' dir='ltr'><strong>ncr-</strong></span> <span class='ocrx_word' id='word_1_303' title='bbox 1746 2771 1876 2823; x_wconf 64' lang='lat' dir='ltr'><strong>ramni.</strong></span> 
     </span>
    </p>
   </div>
   <div class='ocr_carea' id='block_1_17' title="bbox 988 2862 1776 3033">
    <p class='ocr_par' dir='ltr' id='par_1_18' title="bbox 988 2862 1776 3033">
     <span class='ocr_line' id='line_1_51' title="bbox 989 2862 1776 2940; baseline -0.006 -14"><span class='ocrx_word' id='word_1_304' title='bbox 989 2884 1047 2926; x_wconf 82' lang='lat' dir='ltr'><strong>rus</strong></span> <span class='ocrx_word' id='word_1_305' title='bbox 1069 2862 1191 2926; x_wconf 90' lang='lat' dir='ltr'><strong>ferreus</strong></span> <span class='ocrx_word' id='word_1_306' title='bbox 1208 2863 1315 2926; x_wconf 88' lang='lat' dir='ltr'><strong>cervix</strong></span> <span class='ocrx_word' id='word_1_307' title='bbox 1335 2872 1399 2940; x_wconf 90' lang='lat' dir='ltr'><strong>tua,</strong></span> <span class='ocrx_word' id='word_1_308' title='bbox 1410 2872 1441 2925; x_wconf 90' lang='lat' dir='ltr'><strong>et</strong></span> <span class='ocrx_word' id='word_1_309' title='bbox 1457 2862 1545 2926; x_wconf 90' lang='lat' dir='ltr'><strong>frons</strong></span> <span class='ocrx_word' id='word_1_310' title='bbox 1561 2872 1615 2925; x_wconf 90' lang='lat' dir='ltr'><strong>tua</strong></span> <span class='ocrx_word' id='word_1_311' title='bbox 1630 2882 1728 2926; x_wconf 79' lang='lat' dir='ltr'><strong>tenea.</strong></span> <span class='ocrx_word' id='word_1_312' title='bbox 1772 2913 1776 2921; x_wconf 90' lang='lat'>.</span> 
     </span>
     <span class='ocr_line' id='line_1_52' title="bbox 988 2964 1729 3033; baseline 0 -11"><span class='ocrx_word' id='word_1_313' title='bbox 988 2967 1094 3023; x_wconf 81' lang='lat' dir='ltr'><strong>Semel</strong></span> <span class='ocrx_word' id='word_1_314' title='bbox 1104 2966 1275 3023; x_wconf 51' lang='lat' dir='ltr'><strong>&amp;centlum</strong></span> <span class='ocrx_word' id='word_1_315' title='bbox 1291 2965 1442 3023; x_wconf 70' lang='lat' dir='ltr'><strong>torneello</strong></span> <span class='ocrx_word' id='word_1_316' title='bbox 1458 2964 1555 3033; x_wconf 80' lang='lat' dir='ltr'><strong>tui,et</strong></span> <span class='ocrx_word' id='word_1_317' title='bbox 1569 2964 1675 3022; x_wconf 77' lang='lat' dir='ltr'><strong>delebo</strong></span> <span class='ocrx_word' id='word_1_318' title='bbox 1692 2972 1729 3033; x_wconf 84' lang='lat' dir='ltr'><strong>te,</strong></span> 
     </span>
    </p>
   </div>
   <div class='ocr_carea' id='block_1_18' title="bbox 181 3059 1732 3143">
    <p class='ocr_par' dir='ltr' id='par_1_19' title="bbox 181 3059 1732 3143">
     <span class='ocr_line' id='line_1_53' title="bbox 181 3059 1732 3143; baseline 0 -21"><span class='ocrx_word' id='word_1_319' title='bbox 181 3080 227 3138; x_wconf 92' lang='lat' dir='ltr'><strong>es,</strong></span> <span class='ocrx_word' id='word_1_320' title='bbox 245 3082 285 3123; x_wconf 81' lang='lat' dir='ltr'><strong>ne</strong></span> <span class='ocrx_word' id='word_1_321' title='bbox 300 3064 388 3139; x_wconf 78' lang='lat' dir='ltr'><strong>sorte</strong></span> <span class='ocrx_word' id='word_1_322' title='bbox 404 3064 592 3140; x_wconf 67' lang='lat' dir='ltr'><strong>disperdam</strong></span> <span class='ocrx_word' id='word_1_323' title='bbox 611 3073 638 3123; x_wconf 87' lang='lat' dir='ltr'><strong>te</strong></span> <span class='ocrx_word' id='word_1_324' title='bbox 660 3064 697 3121; x_wconf 81' lang='lat' dir='ltr'><strong>in</strong></span> <span class='ocrx_word' id='word_1_325' title='bbox 714 3062 794 3121; x_wconf 83' lang='lat' dir='ltr'><strong>viu?</strong></span> <span class='ocrx_word' id='word_1_326' title='bbox 809 3060 853 3121; x_wconf 86' lang='lat' dir='ltr'><strong>Ex</strong></span> <span class='ocrx_word' id='word_1_327' title='bbox 868 3078 932 3140; x_wconf 93' lang='lat' dir='ltr'><strong>quo</strong></span> <span class='ocrx_word' id='word_1_328' title='bbox 948 3064 970 3126; x_wconf 84' lang='lat' dir='ltr'>C</span> <span class='ocrx_word' id='word_1_329' title='bbox 988 3061 1049 3124; x_wconf 88' lang='lat' dir='ltr'><strong>hoc</strong></span> <span class='ocrx_word' id='word_1_330' title='bbox 1064 3070 1122 3137; x_wconf 88' lang='lat' dir='ltr'><strong>est,</strong></span> <span class='ocrx_word' id='word_1_331' title='bbox 1133 3062 1261 3123; x_wconf 90' lang='lat' dir='ltr'><strong>tandem</strong></span> <span class='ocrx_word' id='word_1_332' title='bbox 1273 3080 1335 3123; x_wconf 90' lang='lat' dir='ltr'><strong>una</strong></span> <span class='ocrx_word' id='word_1_333' title='bbox 1350 3060 1419 3124; x_wconf 83' lang='lat' dir='ltr'><strong>vice</strong></span> <span class='ocrx_word' id='word_1_334' title='bbox 1435 3060 1566 3143; x_wconf 90' lang='lat' dir='ltr'><strong>puniam</strong></span> <span class='ocrx_word' id='word_1_335' title='bbox 1583 3069 1613 3122; x_wconf 90' lang='lat' dir='ltr'><strong>te</strong></span> <span class='ocrx_word' id='word_1_336' title='bbox 1629 3059 1732 3141; x_wconf 92' lang='lat' dir='ltr'><strong>perfe-</strong></span> 
     </span>
    </p>
   </div>
   <div class='ocr_carea' id='block_1_19' title="bbox 177 3158 933 4236">
    <p class='ocr_par' dir='ltr' id='par_1_20' title="bbox 177 3158 933 4236">
     <span class='ocr_line' id='line_1_54' title="bbox 180 3158 932 3244; baseline -0.004 -21"><span class='ocrx_word' id='word_1_337' title='bbox 180 3162 275 3242; x_wconf 89' lang='lat' dir='ltr'><strong>sequi</strong></span> <span class='ocrx_word' id='word_1_338' title='bbox 302 3161 441 3237; x_wconf 86' lang='lat' dir='ltr'><strong>videtur,</strong></span> <span class='ocrx_word' id='word_1_339' title='bbox 459 3161 546 3243; x_wconf 90' lang='lat' dir='ltr'><strong>quod</strong></span> <span class='ocrx_word' id='word_1_340' title='bbox 570 3159 758 3244; x_wconf 87' lang='lat' dir='ltr'><strong>expediebat</strong></span> <span class='ocrx_word' id='word_1_341' title='bbox 780 3158 826 3221; x_wconf 90' lang='lat' dir='ltr'><strong>eis</strong></span> <span class='ocrx_word' id='word_1_342' title='bbox 847 3160 932 3239; x_wconf 93' lang='lat' dir='ltr'><strong>quod</strong></span> 
     </span>
     <span class='ocr_line' id='line_1_55' title="bbox 179 3257 933 3341; baseline -0.004 -19"><span class='ocrx_word' id='word_1_343' title='bbox 179 3260 339 3322; x_wconf 91' lang='lat' dir='ltr'><strong>Dominus</strong></span> <span class='ocrx_word' id='word_1_344' title='bbox 356 3279 420 3323; x_wconf 94' lang='lat' dir='ltr'><strong>non</strong></span> <span class='ocrx_word' id='word_1_345' title='bbox 436 3261 622 3323; x_wconf 88' lang='lat' dir='ltr'><strong>ascenderet</strong></span> <span class='ocrx_word' id='word_1_346' title='bbox 642 3279 715 3322; x_wconf 91' lang='lat' dir='ltr'><strong>oum</strong></span> <span class='ocrx_word' id='word_1_347' title='bbox 736 3258 814 3341; x_wconf 91' lang='lat' dir='ltr'><strong>ipsis</strong></span> <span class='ocrx_word' id='word_1_348' title='bbox 833 3275 839 3319; x_wconf 94' lang='lat'><strong>:</strong></span> <span class='ocrx_word' id='word_1_349' title='bbox 856 3257 933 3339; x_wconf 89' lang='lat' dir='ltr'><strong>quia</strong></span> 
     </span>
     <span class='ocr_line' id='line_1_56' title="bbox 179 3357 933 3439; baseline -0.001 -20"><span class='ocrx_word' id='word_1_350' title='bbox 179 3359 209 3419; x_wconf 92' lang='lat' dir='ltr'><strong>si</strong></span> <span class='ocrx_word' id='word_1_351' title='bbox 235 3379 310 3421; x_wconf 88' lang='lat' dir='ltr'><strong>cum</strong></span> <span class='ocrx_word' id='word_1_352' title='bbox 333 3358 380 3422; x_wconf 89' lang='lat' dir='ltr'><strong>eis</strong></span> <span class='ocrx_word' id='word_1_353' title='bbox 405 3360 602 3436; x_wconf 86' lang='lat' dir='ltr'><strong>ascenderet,</strong></span> <span class='ocrx_word' id='word_1_354' title='bbox 628 3358 709 3423; x_wconf 91' lang='lat' dir='ltr'><strong>forte</strong></span> <span class='ocrx_word' id='word_1_355' title='bbox 735 3357 933 3439; x_wconf 88' lang='lat' dir='ltr'><strong>disperderet</strong></span> 
     </span>
     <span class='ocr_line' id='line_1_57' title="bbox 180 3456 930 3541; baseline -0.005 -21"><span class='ocrx_word' id='word_1_356' title='bbox 180 3477 237 3520; x_wconf 91' lang='lat' dir='ltr'><strong>eos</strong></span> <span class='ocrx_word' id='word_1_357' title='bbox 252 3467 385 3541; x_wconf 90' lang='lat' dir='ltr'><strong>propter</strong></span> <span class='ocrx_word' id='word_1_358' title='bbox 398 3477 508 3521; x_wconf 91' lang='lat' dir='ltr'><strong>eorum</strong></span> <span class='ocrx_word' id='word_1_359' title='bbox 525 3456 686 3521; x_wconf 88' lang='lat' dir='ltr'><strong>duritiam.</strong></span> <span class='ocrx_word' id='word_1_360' title='bbox 700 3456 930 3538; x_wconf 83' lang='lat' dir='ltr'><strong>Respondetur,</strong></span> 
     </span>
     <span class='ocr_line' id='line_1_58' title="bbox 179 3554 932 3638; baseline -0.005 -19"><span class='ocrx_word' id='word_1_361' title='bbox 179 3559 269 3638; x_wconf 94' lang='lat' dir='ltr'><strong>quod</strong></span> <span class='ocrx_word' id='word_1_362' title='bbox 286 3576 440 3620; x_wconf 90' lang='lat' dir='ltr'><strong>aseensus</strong></span> <span class='ocrx_word' id='word_1_363' title='bbox 452 3557 506 3619; x_wconf 91' lang='lat' dir='ltr'><strong>Dei</strong></span> <span class='ocrx_word' id='word_1_364' title='bbox 523 3576 595 3619; x_wconf 93' lang='lat' dir='ltr'><strong>eum</strong></span> <span class='ocrx_word' id='word_1_365' title='bbox 608 3557 665 3633; x_wconf 79' lang='lat' dir='ltr'><strong>eiS,</strong></span> <span class='ocrx_word' id='word_1_366' title='bbox 676 3554 737 3617; x_wconf 91' lang='lat' dir='ltr'><strong>luit</strong></span> <span class='ocrx_word' id='word_1_367' title='bbox 753 3555 799 3618; x_wconf 93' lang='lat' dir='ltr'><strong>eis</strong></span> <span class='ocrx_word' id='word_1_368' title='bbox 816 3575 853 3617; x_wconf 93' lang='lat' dir='ltr'><strong>ex</strong></span> <span class='ocrx_word' id='word_1_369' title='bbox 869 3574 932 3616; x_wconf 90' lang='lat' dir='ltr'><strong>una</strong></span> 
     </span>
     <span class='ocr_line' id='line_1_59' title="bbox 179 3648 932 3739; baseline -0.004 -22"><span class='ocrx_word' id='word_1_370' title='bbox 179 3664 272 3737; x_wconf 84' lang='lat' dir='ltr'><strong>perte</strong></span> <span class='ocrx_word' id='word_1_371' title='bbox 288 3656 501 3739; x_wconf 91' lang='lat' dir='ltr'><strong>periculosus,</strong></span> <span class='ocrx_word' id='word_1_372' title='bbox 518 3648 648 3739; x_wconf 82' lang='lat' dir='ltr'><strong>propter</strong></span> <span class='ocrx_word' id='word_1_373' title='bbox 668 3673 776 3717; x_wconf 91' lang='lat' dir='ltr'><strong>eorum</strong></span> <span class='ocrx_word' id='word_1_374' title='bbox 793 3654 932 3736; x_wconf 90' lang='lat' dir='ltr'><strong>pronita-</strong></span> 
     </span>
     <span class='ocr_line' id='line_1_60' title="bbox 178 3754 932 3837; baseline 0.001 -22"><span class='ocrx_word' id='word_1_375' title='bbox 178 3762 246 3817; x_wconf 85' lang='lat' dir='ltr'><strong>tem</strong></span> <span class='ocrx_word' id='word_1_376' title='bbox 258 3756 298 3818; x_wconf 93' lang='lat' dir='ltr'><strong>ad</strong></span> <span class='ocrx_word' id='word_1_377' title='bbox 310 3755 404 3818; x_wconf 83' lang='lat' dir='ltr'><strong>vitia:</strong></span> <span class='ocrx_word' id='word_1_378' title='bbox 413 3754 489 3837; x_wconf 88' lang='lat' dir='ltr'><strong>quia</strong></span> <span class='ocrx_word' id='word_1_379' title='bbox 501 3755 528 3817; x_wconf 92' lang='lat' dir='ltr'><strong>si</strong></span> <span class='ocrx_word' id='word_1_380' title='bbox 544 3766 617 3818; x_wconf 86' lang='lat' dir='ltr'><strong>etim</strong></span> <span class='ocrx_word' id='word_1_381' title='bbox 628 3756 674 3817; x_wconf 90' lang='lat' dir='ltr'><strong>cis</strong></span> <span class='ocrx_word' id='word_1_382' title='bbox 685 3754 870 3818; x_wconf 83' lang='lat' dir='ltr'><strong>ascenderet</strong></span> <span class='ocrx_word' id='word_1_383' title='bbox 886 3772 932 3816; x_wconf 93' lang='lat' dir='ltr'><strong>so-</strong></span> 
     </span>
     <span class='ocr_line' id='line_1_61' title="bbox 179 3852 929 3935; baseline -0.003 -21"><span class='ocrx_word' id='word_1_384' title='bbox 179 3853 239 3917; x_wconf 88' lang='lat' dir='ltr'><strong>lita</strong></span> <span class='ocrx_word' id='word_1_385' title='bbox 254 3854 420 3917; x_wconf 86' lang='lat' dir='ltr'><strong>beneficia</strong></span> <span class='ocrx_word' id='word_1_386' title='bbox 436 3854 662 3935; x_wconf 79' lang='lat' dir='ltr'><strong>Impendendo,</strong></span> <span class='ocrx_word' id='word_1_387' title='bbox 676 3862 707 3916; x_wconf 92' lang='lat' dir='ltr'><strong>et</strong></span> <span class='ocrx_word' id='word_1_388' title='bbox 723 3853 785 3935; x_wconf 92' lang='lat' dir='ltr'><strong>ipsi</strong></span> <span class='ocrx_word' id='word_1_389' title='bbox 802 3852 929 3932; x_wconf 83' lang='lat' dir='ltr'><strong>ingrati,</strong></span> 
     </span>
     <span class='ocr_line' id='line_1_62' title="bbox 178 3950 931 4035; baseline -0.007 -20"><span class='ocrx_word' id='word_1_390' title='bbox 178 3954 340 4035; x_wconf 80' lang='lat' dir='ltr'><strong>perversi,</strong></span> <span class='ocrx_word' id='word_1_391' title='bbox 358 3974 395 4017; x_wconf 91' lang='lat' dir='ltr'><strong>ac</strong></span> <span class='ocrx_word' id='word_1_392' title='bbox 412 3953 549 4017; x_wconf 89' lang='lat' dir='ltr'><strong>rebelles</strong></span> <span class='ocrx_word' id='word_1_393' title='bbox 565 3952 783 4029; x_wconf 79' lang='lat' dir='ltr'><strong>efficerentur,</strong></span> <span class='ocrx_word' id='word_1_394' title='bbox 801 3950 931 4031; x_wconf 86' lang='lat' dir='ltr'><strong>gravius</strong></span> 
     </span>
     <span class='ocr_line' id='line_1_63' title="bbox 178 4050 931 4135; baseline -0.004 -22"><span class='ocrx_word' id='word_1_395' title='bbox 178 4052 228 4113; x_wconf 90' lang='lat' dir='ltr'><strong>ris</strong></span> <span class='ocrx_word' id='word_1_396' title='bbox 240 4053 425 4116; x_wconf 91' lang='lat' dir='ltr'><strong>immineret</strong></span> <span class='ocrx_word' id='word_1_397' title='bbox 437 4052 612 4135; x_wconf 93' lang='lat' dir='ltr'><strong>perieulum</strong></span> <span class='ocrx_word' id='word_1_398' title='bbox 625 4071 663 4114; x_wconf 94' lang='lat' dir='ltr'><strong>ex</strong></span> <span class='ocrx_word' id='word_1_399' title='bbox 672 4052 790 4114; x_wconf 92' lang='lat' dir='ltr'><strong>ultione</strong></span> <span class='ocrx_word' id='word_1_400' title='bbox 800 4050 931 4132; x_wconf 73' lang='lat' dir='ltr'><strong>justitias</strong></span> 
     </span>
     <span class='ocr_line' id='line_1_64' title="bbox 177 4152 930 4236; baseline -0.007 -21"><span class='ocrx_word' id='word_1_401' title='bbox 177 4152 237 4215; x_wconf 90' lang='lat' dir='ltr'><strong>Dei</strong></span> <span class='ocrx_word' id='word_1_402' title='bbox 253 4152 434 4236; x_wconf 84' lang='lat' dir='ltr'><strong>praesentis.</strong></span> <span class='ocrx_word' id='word_1_403' title='bbox 446 4152 491 4213; x_wconf 87' lang='lat' dir='ltr'><strong>Ex</strong></span> <span class='ocrx_word' id='word_1_404' title='bbox 506 4152 569 4213; x_wconf 87' lang='lat' dir='ltr'><strong>alia</strong></span> <span class='ocrx_word' id='word_1_405' title='bbox 585 4169 660 4214; x_wconf 92' lang='lat' dir='ltr'><strong>vcro</strong></span> <span class='ocrx_word' id='word_1_406' title='bbox 676 4159 764 4233; x_wconf 90' lang='lat' dir='ltr'><strong>parte</strong></span> <span class='ocrx_word' id='word_1_407' title='bbox 780 4169 930 4213; x_wconf 87' lang='lat' dir='ltr'><strong>ascensus</strong></span> 
     </span>
    </p>
   </div>
   <div class='ocr_carea' id='block_1_20' title="bbox 986 3158 1732 4229">
    <p class='ocr_par' dir='ltr' id='par_1_21' title="bbox 986 3158 1732 4032">
     <span class='ocr_line' id='line_1_65' title="bbox 988 3158 1731 3242; baseline -0.005 -19"><span class='ocrx_word' id='word_1_408' title='bbox 988 3169 1048 3223; x_wconf 89' lang='lat' dir='ltr'><strong>ete.</strong></span> <span class='ocrx_word' id='word_1_409' title='bbox 1061 3161 1149 3234; x_wconf 87' lang='lat' dir='ltr'><strong>Quod</strong></span> <span class='ocrx_word' id='word_1_410' title='bbox 1161 3160 1297 3240; x_wconf 84' lang='lat' dir='ltr'><strong>intelligi</strong></span> <span class='ocrx_word' id='word_1_411' title='bbox 1313 3167 1427 3242; x_wconf 91' lang='lat' dir='ltr'><strong>potest,</strong></span> <span class='ocrx_word' id='word_1_412' title='bbox 1440 3166 1474 3220; x_wconf 91' lang='lat' dir='ltr'><strong>ut</strong></span> <span class='ocrx_word' id='word_1_413' title='bbox 1490 3158 1731 3221; x_wconf 86' lang='lat' dir='ltr'><strong>comminatorie</strong></span> 
     </span>
     <span class='ocr_line' id='line_1_66' title="bbox 988 3256 1729 3341; baseline -0.007 -20"><span class='ocrx_word' id='word_1_414' title='bbox 988 3268 1019 3321; x_wconf 91' lang='lat' dir='ltr'><strong>et</strong></span> <span class='ocrx_word' id='word_1_415' title='bbox 1035 3260 1094 3321; x_wconf 92' lang='lat' dir='ltr'><strong>sub</strong></span> <span class='ocrx_word' id='word_1_416' title='bbox 1109 3258 1292 3322; x_wconf 91' lang='lat' dir='ltr'><strong>conditione</strong></span> <span class='ocrx_word' id='word_1_417' title='bbox 1308 3258 1477 3341; x_wconf 90' lang='lat' dir='ltr'><strong>prolatum,</strong></span> <span class='ocrx_word' id='word_1_418' title='bbox 1491 3257 1651 3333; x_wconf 87' lang='lat' dir='ltr'><strong>videlieet,</strong></span> <span class='ocrx_word' id='word_1_419' title='bbox 1665 3256 1729 3317; x_wconf 94' lang='lat' dir='ltr'><strong>nisi</strong></span> 
     </span>
     <span class='ocr_line' id='line_1_67' title="bbox 988 3355 1731 3440; baseline -0.001 -21"><span class='ocrx_word' id='word_1_420' title='bbox 988 3379 1022 3421; x_wconf 93' lang='lat' dir='ltr'><strong>so</strong></span> <span class='ocrx_word' id='word_1_421' title='bbox 1047 3358 1264 3421; x_wconf 79' lang='lat' dir='ltr'><strong>emendarent,</strong></span> <span class='ocrx_word' id='word_1_422' title='bbox 1282 3358 1338 3420; x_wconf 78' lang='lat' dir='ltr'><strong>Vel</strong></span> <span class='ocrx_word' id='word_1_423' title='bbox 1361 3357 1464 3440; x_wconf 90' lang='lat' dir='ltr'><strong>accipi</strong></span> <span class='ocrx_word' id='word_1_424' title='bbox 1489 3364 1593 3439; x_wconf 87' lang='lat' dir='ltr'><strong>potest</strong></span> <span class='ocrx_word' id='word_1_425' title='bbox 1617 3355 1731 3418; x_wconf 86' lang='lat' dir='ltr'><strong>dehac</strong></span> 
     </span>
     <span class='ocr_line' id='line_1_68' title="bbox 986 3454 1732 3539; baseline -0.003 -21"><span class='ocrx_word' id='word_1_426' title='bbox 986 3457 1165 3519; x_wconf 80' lang='lat' dir='ltr'><strong>Judaeorum</strong></span> <span class='ocrx_word' id='word_1_427' title='bbox 1190 3465 1330 3520; x_wconf 84' lang='lat' dir='ltr'><strong>extrema</strong></span> <span class='ocrx_word' id='word_1_428' title='bbox 1350 3456 1532 3539; x_wconf 85' lang='lat' dir='ltr'><strong>captivitato</strong></span> <span class='ocrx_word' id='word_1_429' title='bbox 1551 3476 1587 3518; x_wconf 90' lang='lat' dir='ltr'><strong>ac</strong></span> <span class='ocrx_word' id='word_1_430' title='bbox 1613 3454 1732 3517; x_wconf 89' lang='lat' dir='ltr'><strong>desola-</strong></span> 
     </span>
     <span class='ocr_line' id='line_1_69' title="bbox 989 3554 1732 3638; baseline -0.003 -21"><span class='ocrx_word' id='word_1_431' title='bbox 989 3556 1085 3630; x_wconf 87' lang='lat' dir='ltr'><strong>tione,</strong></span> <span class='ocrx_word' id='word_1_432' title='bbox 1113 3556 1189 3637; x_wconf 88' lang='lat' dir='ltr'><strong>quia</strong></span> <span class='ocrx_word' id='word_1_433' title='bbox 1214 3555 1399 3638; x_wconf 88' lang='lat' dir='ltr'><strong>frequenter</strong></span> <span class='ocrx_word' id='word_1_434' title='bbox 1424 3556 1456 3616; x_wconf 95' lang='lat' dir='ltr'><strong>in</strong></span> <span class='ocrx_word' id='word_1_435' title='bbox 1474 3554 1645 3636; x_wconf 84' lang='lat' dir='ltr'><strong>Scripturis</strong></span> <span class='ocrx_word' id='word_1_436' title='bbox 1671 3554 1732 3616; x_wconf 92' lang='lat' dir='ltr'><strong>sub</strong></span> 
     </span>
     <span class='ocr_line' id='line_1_70' title="bbox 988 3652 1732 3737; baseline -0.004 -21"><span class='ocrx_word' id='word_1_437' title='bbox 988 3655 1118 3718; x_wconf 89' lang='lat' dir='ltr'><strong>nomine</strong></span> <span class='ocrx_word' id='word_1_438' title='bbox 1133 3655 1244 3737; x_wconf 92' lang='lat' dir='ltr'><strong>populi</strong></span> <span class='ocrx_word' id='word_1_439' title='bbox 1260 3654 1408 3735; x_wconf 86' lang='lat' dir='ltr'><strong>alicujus,</strong></span> <span class='ocrx_word' id='word_1_440' title='bbox 1421 3654 1597 3736; x_wconf 76' lang='lat' dir='ltr'><strong>prasertim</strong></span> <span class='ocrx_word' id='word_1_441' title='bbox 1612 3652 1732 3716; x_wconf 88' lang='lat' dir='ltr'><strong>Israeli-</strong></span> 
     </span>
     <span class='ocr_line' id='line_1_71' title="bbox 987 3750 1731 3833; baseline -0.003 -20"><span class='ocrx_word' id='word_1_442' title='bbox 987 3752 1053 3829; x_wconf 88' lang='lat' dir='ltr'><strong>tiei,</strong></span> <span class='ocrx_word' id='word_1_443' title='bbox 1072 3752 1294 3833; x_wconf 91' lang='lat' dir='ltr'><strong>intelliguntur</strong></span> <span class='ocrx_word' id='word_1_444' title='bbox 1310 3752 1443 3815; x_wconf 79' lang='lat' dir='ltr'><strong>diversae</strong></span> <span class='ocrx_word' id='word_1_445' title='bbox 1458 3750 1644 3833; x_wconf 84' lang='lat' dir='ltr'><strong>partesejus</strong></span> <span class='ocrx_word' id='word_1_446' title='bbox 1660 3769 1731 3831; x_wconf 79' lang='lat' dir='ltr'><strong>quat</strong></span> 
     </span>
     <span class='ocr_line' id='line_1_72' title="bbox 988 3850 1731 3933; baseline -0.001 -22"><span class='ocrx_word' id='word_1_447' title='bbox 988 3851 1123 3914; x_wconf 86' lang='lat' dir='ltr'><strong>dirersis</strong></span> <span class='ocrx_word' id='word_1_448' title='bbox 1141 3850 1229 3914; x_wconf 89' lang='lat' dir='ltr'><strong>fuere</strong></span> <span class='ocrx_word' id='word_1_449' title='bbox 1242 3851 1449 3933; x_wconf 90' lang='lat' dir='ltr'><strong>temporibus,</strong></span> <span class='ocrx_word' id='word_1_450' title='bbox 1462 3850 1541 3911; x_wconf 92' lang='lat' dir='ltr'><strong>utin</strong></span> <span class='ocrx_word' id='word_1_451' title='bbox 1552 3850 1731 3931; x_wconf 72' lang='lat' dir='ltr'><strong>praeceden-</strong></span> 
     </span>
     <span class='ocr_line' id='line_1_73' title="bbox 988 3947 1728 4032; baseline -0.003 -21"><span class='ocrx_word' id='word_1_452' title='bbox 988 3950 1027 4011; x_wconf 92' lang='lat' dir='ltr'><strong>tis</strong></span> <span class='ocrx_word' id='word_1_453' title='bbox 1041 3950 1239 4032; x_wconf 87' lang='lat' dir='ltr'><strong>expositi0ne</strong></span> <span class='ocrx_word' id='word_1_454' title='bbox 1250 3949 1383 4032; x_wconf 86' lang='lat' dir='ltr'><strong>capituli</strong></span> <span class='ocrx_word' id='word_1_455' title='bbox 1394 3950 1514 4012; x_wconf 92' lang='lat' dir='ltr'><strong>dietum</strong></span> <span class='ocrx_word' id='word_1_456' title='bbox 1531 3958 1578 4011; x_wconf 89' lang='lat' dir='ltr'><strong>est</strong></span> <span class='ocrx_word' id='word_1_457' title='bbox 1589 3947 1728 4031; x_wconf 89' lang='lat' dir='ltr'><strong>plenius.</strong></span> 
     </span>
    </p>

    <p class='ocr_par' dir='ltr' id='par_1_22' title="bbox 986 4054 1731 4229">
     <span class='ocr_line' id='line_1_74' title="bbox 1019 4054 1731 4129; baseline -0.004 -19"><span class='ocrx_word' id='word_1_458' title='bbox 1019 4054 1094 4110; x_wconf 84' lang='lat' dir='ltr'><strong>Jaut</strong></span> <span class='ocrx_word' id='word_1_459' title='bbox 1125 4071 1213 4110; x_wconf 78' lang='lat' dir='ltr'><strong>nrtrtc</strong></span> <span class='ocrx_word' id='word_1_460' title='bbox 1242 4054 1363 4129; x_wconf 83' lang='lat' dir='ltr'><strong>depone</strong></span> <span class='ocrx_word' id='word_1_461' title='bbox 1391 4060 1543 4111; x_wconf 82' lang='lat' dir='ltr'><strong>ornatum</strong></span> <span class='ocrx_word' id='word_1_462' title='bbox 1565 4058 1672 4118; x_wconf 73' lang='lat' dir='ltr'><strong>tutam,</strong></span> <span class='ocrx_word' id='word_1_463' title='bbox 1694 4057 1731 4107; x_wconf 87' lang='lat' dir='ltr'><strong>ut</strong></span> 
     </span>
     <span class='ocr_line' id='line_1_75' title="bbox 986 4151 1730 4229; baseline -0.003 -21"><span class='ocrx_word' id='word_1_464' title='bbox 986 4151 1088 4210; x_wconf 79' lang='lat' dir='ltr'><strong>sciona</strong></span> <span class='ocrx_word' id='word_1_465' title='bbox 1103 4152 1184 4228; x_wconf 84' lang='lat' dir='ltr'><strong>quid</strong></span> <span class='ocrx_word' id='word_1_466' title='bbox 1198 4151 1321 4229; x_wconf 82' lang='lat' dir='ltr'><strong>faciam</strong></span> <span class='ocrx_word' id='word_1_467' title='bbox 1338 4151 1406 4211; x_wconf 79' lang='lat' dir='ltr'><strong>ta&#39;bt&#39;.</strong></span> <span class='ocrx_word' id='word_1_468' title='bbox 1420 4151 1642 4225; x_wconf 78' lang='lat' dir='ltr'><strong>Deposuerrtnt</strong></span> <span class='ocrx_word' id='word_1_469' title='bbox 1658 4166 1730 4224; x_wconf 73' lang='lat' dir='ltr'><strong>erpo</strong></span> 
     </span>
    </p>
   </div>
   <div class='ocr_carea' id='block_1_21' title="bbox 177 4246 1729 4334">
    <p class='ocr_par' dir='ltr' id='par_1_23' title="bbox 177 4246 1729 4334">
     <span class='ocr_line' id='line_1_76' title="bbox 177 4246 1729 4334; baseline -0.005 -21"><span class='ocrx_word' id='word_1_470' title='bbox 177 4250 237 4313; x_wconf 78' lang='lat' dir='ltr'><strong>Dei</strong></span> <span class='ocrx_word' id='word_1_471' title='bbox 259 4272 333 4315; x_wconf 88' lang='lat' dir='ltr'><strong>oum</strong></span> <span class='ocrx_word' id='word_1_472' title='bbox 354 4252 401 4314; x_wconf 89' lang='lat' dir='ltr'><strong>cis</strong></span> <span class='ocrx_word' id='word_1_473' title='bbox 423 4271 479 4334; x_wconf 89' lang='lat' dir='ltr'><strong>per</strong></span> <span class='ocrx_word' id='word_1_474' title='bbox 504 4249 664 4315; x_wconf 82' lang='lat' dir='ltr'><strong>beneficio</strong></span> <span class='ocrx_word' id='word_1_475' title='bbox 688 4258 850 4326; x_wconf 86' lang='lat' dir='ltr'><strong>consueta,</strong></span> <span class='ocrx_word' id='word_1_476' title='bbox 870 4248 931 4309; x_wconf 85' lang='lat' dir='ltr'><strong>tait</strong></span> <span class='ocrx_word' id='word_1_477' title='bbox 947 4251 971 4312; x_wconf 97' lang='lat' dir='ltr'><strong>D</strong></span> <span class='ocrx_word' id='word_1_478' title='bbox 985 4250 1053 4325; x_wconf 80' lang='lat' dir='ltr'><strong>filit</strong></span> <span class='ocrx_word' id='word_1_479' title='bbox 1067 4251 1171 4308; x_wconf 79' lang='lat' dir='ltr'><strong>Isrctel</strong></span> <span class='ocrx_word' id='word_1_480' title='bbox 1185 4259 1337 4308; x_wconf 82' lang='lat' dir='ltr'><strong>ornatum</strong></span> <span class='ocrx_word' id='word_1_481' title='bbox 1351 4270 1448 4308; x_wconf 78' lang='lat' dir='ltr'><strong>suarm</strong></span> <span class='ocrx_word' id='word_1_482' title='bbox 1463 4270 1485 4308; x_wconf 85' lang='lat' dir='ltr'><strong>a</strong></span> <span class='ocrx_word' id='word_1_483' title='bbox 1501 4256 1605 4307; x_wconf 84' lang='lat' dir='ltr'><strong>mortte</strong></span> <span class='ocrx_word' id='word_1_484' title='bbox 1615 4246 1729 4308; x_wconf 83' lang='lat' dir='ltr'><strong>Horeb.</strong></span> 
     </span>
    </p>
   </div>
   <div class='ocr_carea' id='block_1_22' title="bbox 171 4347 930 5425">
    <p class='ocr_par' dir='ltr' id='par_1_24' title="bbox 171 4347 930 5425">
     <span class='ocr_line' id='line_1_77' title="bbox 177 4347 930 4431; baseline 0 -21"><span class='ocrx_word' id='word_1_485' title='bbox 177 4348 262 4431; x_wconf 91' lang='lat' dir='ltr'><strong>ipsis</strong></span> <span class='ocrx_word' id='word_1_486' title='bbox 278 4352 372 4414; x_wconf 80' lang='lat' dir='ltr'><strong>valde</strong></span> <span class='ocrx_word' id='word_1_487' title='bbox 389 4348 611 4412; x_wconf 88' lang='lat' dir='ltr'><strong>desiderabilis</strong></span> <span class='ocrx_word' id='word_1_488' title='bbox 627 4356 658 4411; x_wconf 91' lang='lat' dir='ltr'><strong>et</strong></span> <span class='ocrx_word' id='word_1_489' title='bbox 680 4349 846 4425; x_wconf 88' lang='lat' dir='ltr'><strong>amandus,</strong></span> <span class='ocrx_word' id='word_1_490' title='bbox 867 4347 930 4410; x_wconf 92' lang='lat' dir='ltr'><strong>imo</strong></span> 
     </span>
     <span class='ocr_line' id='line_1_78' title="bbox 176 4446 926 4532; baseline -0.005 -21"><span class='ocrx_word' id='word_1_491' title='bbox 176 4468 239 4531; x_wconf 91' lang='lat' dir='ltr'><strong>per</strong></span> <span class='ocrx_word' id='word_1_492' title='bbox 254 4470 289 4512; x_wconf 90' lang='lat' dir='ltr'><strong>se</strong></span> <span class='ocrx_word' id='word_1_493' title='bbox 304 4448 491 4532; x_wconf 90' lang='lat' dir='ltr'><strong>appetibilis</strong></span> <span class='ocrx_word' id='word_1_494' title='bbox 503 4456 599 4530; x_wconf 89' lang='lat' dir='ltr'><strong>atque</strong></span> <span class='ocrx_word' id='word_1_495' title='bbox 611 4447 782 4529; x_wconf 88' lang='lat' dir='ltr'><strong>expediens</strong></span> <span class='ocrx_word' id='word_1_496' title='bbox 794 4447 839 4509; x_wconf 92' lang='lat' dir='ltr'><strong>eis</strong></span> <span class='ocrx_word' id='word_1_497' title='bbox 852 4446 926 4522; x_wconf 88' lang='lat' dir='ltr'><strong>luit;</strong></span> 
     </span>
     <span class='ocr_line' id='line_1_79' title="bbox 175 4546 930 4630; baseline -0.005 -19"><span class='ocrx_word' id='word_1_498' title='bbox 175 4549 384 4630; x_wconf 89' lang='lat' dir='ltr'><strong>periculosus</strong></span> <span class='ocrx_word' id='word_1_499' title='bbox 404 4567 479 4610; x_wconf 84' lang='lat' dir='ltr'><strong>vero</strong></span> <span class='ocrx_word' id='word_1_500' title='bbox 497 4568 553 4629; x_wconf 89' lang='lat' dir='ltr'><strong>per</strong></span> <span class='ocrx_word' id='word_1_501' title='bbox 569 4547 812 4628; x_wconf 87' lang='lat' dir='ltr'><strong>accidens,pula</strong></span> <span class='ocrx_word' id='word_1_502' title='bbox 828 4546 855 4607; x_wconf 86' lang='lat' dir='ltr'><strong>si</strong></span> <span class='ocrx_word' id='word_1_503' title='bbox 876 4546 930 4607; x_wconf 90' lang='lat' dir='ltr'><strong>ab·</strong></span> 
     </span>
     <span class='ocr_line' id='line_1_80' title="bbox 175 4645 929 4728; baseline -0.004 -19"><span class='ocrx_word' id='word_1_504' title='bbox 175 4656 347 4710; x_wconf 89' lang='lat' dir='ltr'><strong>uterentur</strong></span> <span class='ocrx_word' id='word_1_505' title='bbox 361 4648 455 4710; x_wconf 91' lang='lat' dir='ltr'><strong>donis</strong></span> <span class='ocrx_word' id='word_1_506' title='bbox 472 4647 580 4727; x_wconf 79' lang='lat' dir='ltr'><strong>gratiae</strong></span> <span class='ocrx_word' id='word_1_507' title='bbox 591 4646 766 4728; x_wconf 68' lang='lat' dir='ltr'><strong>praesentia</strong></span> <span class='ocrx_word' id='word_1_508' title='bbox 778 4645 843 4707; x_wconf 87' lang='lat' dir='ltr'><strong>Dei.</strong></span> <span class='ocrx_word' id='word_1_509' title='bbox 858 4645 929 4707; x_wconf 92' lang='lat' dir='ltr'><strong>Ideo</strong></span> 
     </span>
     <span class='ocr_line' id='line_1_81' title="bbox 175 4746 928 4825; baseline -0.008 -16"><span class='ocrx_word' id='word_1_510' title='bbox 175 4746 331 4809; x_wconf 90' lang='lat' dir='ltr'><strong>subditur</strong></span> <span class='ocrx_word' id='word_1_511' title='bbox 349 4765 355 4806; x_wconf 93' lang='lat'>:</span> <span class='ocrx_word' id='word_1_512' title='bbox 373 4748 585 4825; x_wconf 48' lang='lat' dir='ltr'><strong>tractansque</strong></span> <span class='ocrx_word' id='word_1_513' title='bbox 598 4748 738 4822; x_wconf 81' lang='lat' dir='ltr'><strong>populus</strong></span> <span class='ocrx_word' id='word_1_514' title='bbox 753 4764 928 4804; x_wconf 82' lang='lat' dir='ltr'><strong>sermonem</strong></span> 
     </span>
     <span class='ocr_line' id='line_1_82' title="bbox 174 4841 928 4925; baseline -0.001 -20"><span class='ocrx_word' id='word_1_515' title='bbox 174 4849 269 4907; x_wconf 77' lang='lat' dir='ltr'><strong>branc</strong></span> <span class='ocrx_word' id='word_1_516' title='bbox 280 4847 472 4925; x_wconf 78' lang='lat' dir='ltr'><strong>pessimum,</strong></span> <span class='ocrx_word' id='word_1_517' title='bbox 490 4844 549 4906; x_wconf 88' lang='lat' dir='ltr'><strong>hoo</strong></span> <span class='ocrx_word' id='word_1_518' title='bbox 566 4851 614 4905; x_wconf 89' lang='lat' dir='ltr'><strong>est</strong></span> <span class='ocrx_word' id='word_1_519' title='bbox 628 4843 720 4905; x_wconf 81' lang='lat' dir='ltr'><strong>valde</strong></span> <span class='ocrx_word' id='word_1_520' title='bbox 736 4842 867 4918; x_wconf 89' lang='lat' dir='ltr'><strong>malum,</strong></span> <span class='ocrx_word' id='word_1_521' title='bbox 887 4841 928 4904; x_wconf 84' lang='lat' dir='ltr'><strong>lo</strong></span> 
     </span>
     <span class='ocr_line' id='line_1_83' title="bbox 172 4941 928 5027; baseline -0.003 -22"><span class='ocrx_word' id='word_1_522' title='bbox 172 4946 310 5027; x_wconf 87' lang='lat' dir='ltr'><strong>quenda</strong></span> <span class='ocrx_word' id='word_1_523' title='bbox 326 4946 366 5006; x_wconf 93' lang='lat' dir='ltr'><strong>de</strong></span> <span class='ocrx_word' id='word_1_524' title='bbox 390 4942 473 5006; x_wconf 90' lang='lat' dir='ltr'><strong>malo</strong></span> <span class='ocrx_word' id='word_1_525' title='bbox 495 4960 609 5025; x_wconf 82' lang='lat' dir='ltr'><strong>poenae,</strong></span> <span class='ocrx_word' id='word_1_526' title='bbox 627 4941 702 5023; x_wconf 89' lang='lat' dir='ltr'><strong>quia</strong></span> <span class='ocrx_word' id='word_1_527' title='bbox 724 4941 928 5004; x_wconf 89' lang='lat' dir='ltr'><strong>comminato-</strong></span> 
     </span>
     <span class='ocr_line' id='line_1_84' title="bbox 173 5041 924 5122; baseline -0.007 -17"><span class='ocrx_word' id='word_1_528' title='bbox 173 5044 245 5105; x_wconf 91' lang='lat' dir='ltr'><strong>rius</strong></span> <span class='ocrx_word' id='word_1_529' title='bbox 274 5043 336 5106; x_wconf 91' lang='lat' dir='ltr'><strong>fuit</strong></span> <span class='ocrx_word' id='word_1_530' title='bbox 361 5050 393 5105; x_wconf 91' lang='lat' dir='ltr'><strong>et</strong></span> <span class='ocrx_word' id='word_1_531' title='bbox 416 5042 510 5122; x_wconf 75' lang='lat' dir='ltr'><strong>justae</strong></span> <span class='ocrx_word' id='word_1_532' title='bbox 535 5041 683 5103; x_wconf 73' lang='lat' dir='ltr'><strong>vindictae</strong></span> <span class='ocrx_word' id='word_1_533' title='bbox 707 5041 924 5122; x_wconf 78' lang='lat' dir='ltr'><strong>praenunlius3</strong></span> 
     </span>
     <span class='ocr_line' id='line_1_85' title="bbox 172 5140 926 5223; baseline -0.001 -20"><span class='ocrx_word' id='word_1_534' title='bbox 172 5145 267 5203; x_wconf 72' lang='lat' dir='ltr'><strong>tacit</strong></span> <span class='ocrx_word' id='word_1_535' title='bbox 284 5162 343 5204; x_wconf 91' lang='lat' dir='ltr'><strong>sua</strong></span> <span class='ocrx_word' id='word_1_536' title='bbox 358 5140 555 5223; x_wconf 90' lang='lat' dir='ltr'><strong>deplorando</strong></span> <span class='ocrx_word' id='word_1_537' title='bbox 567 5147 705 5221; x_wconf 87' lang='lat' dir='ltr'><strong>peccate,</strong></span> <span class='ocrx_word' id='word_1_538' title='bbox 714 5148 744 5200; x_wconf 89' lang='lat' dir='ltr'><strong>et</strong></span> <span class='ocrx_word' id='word_1_539' title='bbox 756 5140 926 5202; x_wconf 90' lang='lat' dir='ltr'><strong>metuendo</strong></span> 
     </span>
     <span class='ocr_line' id='line_1_86' title="bbox 172 5236 927 5320; baseline -0.005 -15"><span class='ocrx_word' id='word_1_540' title='bbox 172 5240 421 5305; x_wconf 90' lang='lat' dir='ltr'><strong>destitutionem</strong></span> <span class='ocrx_word' id='word_1_541' title='bbox 438 5238 584 5319; x_wconf 78' lang='lat' dir='ltr'><strong>gratiosae</strong></span> <span class='ocrx_word' id='word_1_542' title='bbox 608 5236 815 5320; x_wconf 85' lang='lat' dir='ltr'><strong>protectionis</strong></span> <span class='ocrx_word' id='word_1_543' title='bbox 831 5247 927 5319; x_wconf 88' lang='lat' dir='ltr'><strong>atque</strong></span> 
     </span>
     <span class='ocr_line' id='line_1_87' title="bbox 171 5338 927 5425; baseline -0.005 -24"><span class='ocrx_word' id='word_1_544' title='bbox 171 5340 359 5425; x_wconf 71' lang='lat' dir='ltr'><strong>praesrntin</strong></span> <span class='ocrx_word' id='word_1_545' title='bbox 380 5338 454 5413; x_wconf 88' lang='lat' dir='ltr'><strong>Dei;</strong></span> <span class='ocrx_word' id='word_1_546' title='bbox 476 5348 506 5398; x_wconf 89' lang='lat' dir='ltr'><strong>et</strong></span> <span class='ocrx_word' id='word_1_547' title='bbox 533 5342 700 5398; x_wconf 69' lang='lat' dir='ltr'><strong>tardiusve·</strong></span> <span class='ocrx_word' id='word_1_548' title='bbox 724 5358 808 5398; x_wconf 82' lang='lat' dir='ltr'><strong>more</strong></span> <span class='ocrx_word' id='word_1_549' title='bbox 832 5340 927 5397; x_wconf 80' lang='lat' dir='ltr'><strong>fndu-</strong></span> 
     </span>
    </p>
   </div>
   <div class='ocr_carea' id='block_1_23' title="bbox 982 4344 1732 5417">
    <p class='ocr_par' dir='ltr' id='par_1_25' title="bbox 982 4344 1732 5417">
     <span class='ocr_line' id='line_1_88' title="bbox 985 4344 1732 4427; baseline -0.003 -20"><span class='ocrx_word' id='word_1_550' title='bbox 985 4347 1049 4409; x_wconf 90' lang='lat' dir='ltr'><strong>Hoc</strong></span> <span class='ocrx_word' id='word_1_551' title='bbox 1064 4345 1174 4409; x_wconf 89' lang='lat' dir='ltr'><strong>Glossa</strong></span> <span class='ocrx_word' id='word_1_552' title='bbox 1190 4355 1221 4408; x_wconf 93' lang='lat' dir='ltr'><strong>et</strong></span> <span class='ocrx_word' id='word_1_553' title='bbox 1236 4346 1380 4427; x_wconf 82' lang='lat' dir='ltr'><strong>Magister</strong></span> <span class='ocrx_word' id='word_1_554' title='bbox 1397 4346 1430 4407; x_wconf 95' lang='lat' dir='ltr'><strong>in</strong></span> <span class='ocrx_word' id='word_1_555' title='bbox 1453 4345 1606 4422; x_wconf 89' lang='lat' dir='ltr'><strong>historiis,</strong></span> <span class='ocrx_word' id='word_1_556' title='bbox 1626 4344 1732 4407; x_wconf 92' lang='lat' dir='ltr'><strong>multi-</strong></span> 
     </span>
     <span class='ocr_line' id='line_1_89' title="bbox 986 4444 1728 4527; baseline -0.001 -20"><span class='ocrx_word' id='word_1_557' title='bbox 986 4464 1048 4526; x_wconf 89' lang='lat' dir='ltr'><strong>que</strong></span> <span class='ocrx_word' id='word_1_558' title='bbox 1064 4444 1119 4506; x_wconf 89' lang='lat' dir='ltr'><strong>alii</strong></span> <span class='ocrx_word' id='word_1_559' title='bbox 1136 4454 1297 4527; x_wconf 88' lang='lat' dir='ltr'><strong>exponunt</strong></span> <span class='ocrx_word' id='word_1_560' title='bbox 1313 4447 1353 4507; x_wconf 88' lang='lat' dir='ltr'><strong>de</strong></span> <span class='ocrx_word' id='word_1_561' title='bbox 1372 4445 1490 4508; x_wconf 91' lang='lat' dir='ltr'><strong>minori</strong></span> <span class='ocrx_word' id='word_1_562' title='bbox 1513 4444 1728 4516; x_wconf 89' lang='lat' dir='ltr'><strong>tabernaculo,</strong></span> 
     </span>
     <span class='ocr_line' id='line_1_90' title="bbox 987 4542 1730 4625; baseline -0.001 -21"><span class='ocrx_word' id='word_1_563' title='bbox 987 4544 1019 4605; x_wconf 94' lang='lat' dir='ltr'><strong>in</strong></span> <span class='ocrx_word' id='word_1_564' title='bbox 1048 4563 1113 4625; x_wconf 92' lang='lat' dir='ltr'><strong>quo</strong></span> <span class='ocrx_word' id='word_1_565' title='bbox 1138 4551 1212 4606; x_wconf 87' lang='lat' dir='ltr'><strong>ante</strong></span> <span class='ocrx_word' id='word_1_566' title='bbox 1236 4544 1505 4607; x_wconf 90' lang='lat' dir='ltr'><strong>constructionem</strong></span> <span class='ocrx_word' id='word_1_567' title='bbox 1531 4542 1730 4605; x_wconf 89' lang='lat' dir='ltr'><strong>tabernaculi</strong></span> 
     </span>
     <span class='ocr_line' id='line_1_91' title="bbox 986 4641 1728 4724; baseline -0.001 -19"><span class='ocrx_word' id='word_1_568' title='bbox 986 4643 1115 4723; x_wconf 74' lang='lat' dir='ltr'><strong>rnaJ&#39;oris</strong></span> <span class='ocrx_word' id='word_1_569' title='bbox 1138 4643 1257 4724; x_wconf 78' lang='lat' dir='ltr'><strong>Moyses</strong></span> <span class='ocrx_word' id='word_1_570' title='bbox 1283 4641 1471 4723; x_wconf 88' lang='lat' dir='ltr'><strong>loquebatur</strong></span> <span class='ocrx_word' id='word_1_571' title='bbox 1491 4661 1563 4704; x_wconf 94' lang='lat' dir='ltr'><strong>cum</strong></span> <span class='ocrx_word' id='word_1_572' title='bbox 1584 4642 1728 4718; x_wconf 91' lang='lat' dir='ltr'><strong>Domino,</strong></span> 
     </span>
     <span class='ocr_line' id='line_1_92' title="bbox 985 4741 1731 4823; baseline -0.003 -20"><span class='ocrx_word' id='word_1_573' title='bbox 985 4750 1103 4804; x_wconf 89' lang='lat' dir='ltr'><strong>etcum</strong></span> <span class='ocrx_word' id='word_1_574' title='bbox 1125 4742 1305 4804; x_wconf 91' lang='lat' dir='ltr'><strong>senioribus</strong></span> <span class='ocrx_word' id='word_1_575' title='bbox 1327 4741 1439 4823; x_wconf 94' lang='lat' dir='ltr'><strong>populi</strong></span> <span class='ocrx_word' id='word_1_576' title='bbox 1459 4742 1604 4805; x_wconf 86' lang='lat' dir='ltr'><strong>tractavit</strong></span> <span class='ocrx_word' id='word_1_577' title='bbox 1629 4742 1731 4805; x_wconf 92' lang='lat' dir='ltr'><strong>eonsi-</strong></span> 
     </span>
     <span class='ocr_line' id='line_1_93' title="bbox 986 4839 1730 4922; baseline 0 -21"><span class='ocrx_word' id='word_1_578' title='bbox 986 4840 1037 4916; x_wconf 85' lang='lat' dir='ltr'><strong>lia‚</strong></span> <span class='ocrx_word' id='word_1_579' title='bbox 1056 4860 1092 4903; x_wconf 88' lang='lat' dir='ltr'><strong>ae</strong></span> <span class='ocrx_word' id='word_1_580' title='bbox 1113 4841 1268 4922; x_wconf 92' lang='lat' dir='ltr'><strong>populum</strong></span> <span class='ocrx_word' id='word_1_581' title='bbox 1293 4839 1457 4919; x_wconf 87' lang='lat' dir='ltr'><strong>judicavit.</strong></span> <span class='ocrx_word' id='word_1_582' title='bbox 1475 4840 1563 4914; x_wconf 82' lang='lat' dir='ltr'><strong>Quod</strong></span> <span class='ocrx_word' id='word_1_583' title='bbox 1587 4841 1730 4903; x_wconf 87' lang='lat' dir='ltr'><strong>taberna-</strong></span> 
     </span>
     <span class='ocr_line' id='line_1_94' title="bbox 984 4938 1728 5021; baseline -0.004 -19"><span class='ocrx_word' id='word_1_584' title='bbox 984 4938 1092 5002; x_wconf 89' lang='lat' dir='ltr'><strong>culum</strong></span> <span class='ocrx_word' id='word_1_585' title='bbox 1116 4940 1202 5003; x_wconf 90' lang='lat' dir='ltr'><strong>stotit</strong></span> <span class='ocrx_word' id='word_1_586' title='bbox 1227 4958 1326 5021; x_wconf 91' lang='lat' dir='ltr'><strong>prope</strong></span> <span class='ocrx_word' id='word_1_587' title='bbox 1350 4940 1473 5003; x_wconf 87' lang='lat' dir='ltr'><strong>radices</strong></span> <span class='ocrx_word' id='word_1_588' title='bbox 1497 4938 1615 5003; x_wconf 93' lang='lat' dir='ltr'><strong>montis</strong></span> <span class='ocrx_word' id='word_1_589' title='bbox 1641 4938 1728 5002; x_wconf 85' lang='lat' dir='ltr'><strong>Sinai</strong></span> 
     </span>
     <span class='ocr_line' id='line_1_95' title="bbox 984 5038 1727 5121; baseline -0.003 -22"><span class='ocrx_word' id='word_1_590' title='bbox 984 5038 1066 5101; x_wconf 91' lang='lat' dir='ltr'><strong>inter</strong></span> <span class='ocrx_word' id='word_1_591' title='bbox 1082 5047 1222 5102; x_wconf 90' lang='lat' dir='ltr'><strong>montem</strong></span> <span class='ocrx_word' id='word_1_592' title='bbox 1239 5046 1270 5101; x_wconf 91' lang='lat' dir='ltr'><strong>et</strong></span> <span class='ocrx_word' id='word_1_593' title='bbox 1285 5039 1439 5121; x_wconf 94' lang='lat' dir='ltr'><strong>populum</strong></span> <span class='ocrx_word' id='word_1_594' title='bbox 1453 5058 1460 5101; x_wconf 91' lang='lat'>:</span> <span class='ocrx_word' id='word_1_595' title='bbox 1473 5040 1558 5120; x_wconf 93' lang='lat' dir='ltr'><strong>quod</strong></span> <span class='ocrx_word' id='word_1_596' title='bbox 1574 5038 1727 5101; x_wconf 92' lang='lat' dir='ltr'><strong>Dominus</strong></span> 
     </span>
     <span class='ocr_line' id='line_1_96' title="bbox 982 5136 1726 5219; baseline -0.004 -20"><span class='ocrx_word' id='word_1_597' title='bbox 982 5137 1077 5217; x_wconf 92' lang='lat' dir='ltr'><strong>jussit</strong></span> <span class='ocrx_word' id='word_1_598' title='bbox 1094 5137 1250 5201; x_wconf 77' lang='lat' dir='ltr'><strong>removeri</strong></span> <span class='ocrx_word' id='word_1_599' title='bbox 1268 5158 1286 5199; x_wconf 89' lang='lat' dir='ltr'><strong>a</strong></span> <span class='ocrx_word' id='word_1_600' title='bbox 1301 5146 1409 5201; x_wconf 92' lang='lat' dir='ltr'><strong>monte</strong></span> <span class='ocrx_word' id='word_1_601' title='bbox 1430 5146 1548 5215; x_wconf 87' lang='lat' dir='ltr'><strong>sancto,</strong></span> <span class='ocrx_word' id='word_1_602' title='bbox 1571 5136 1663 5219; x_wconf 89' lang='lat' dir='ltr'><strong>quasi</strong></span> <span class='ocrx_word' id='word_1_603' title='bbox 1678 5137 1726 5197; x_wconf 94' lang='lat' dir='ltr'><strong>in-</strong></span> 
     </span>
     <span class='ocr_line' id='line_1_97' title="bbox 984 5236 1726 5318; baseline -0.001 -21"><span class='ocrx_word' id='word_1_604' title='bbox 984 5237 1129 5317; x_wconf 89' lang='lat' dir='ltr'><strong>dignans,</strong></span> <span class='ocrx_word' id='word_1_605' title='bbox 1154 5245 1185 5299; x_wconf 87' lang='lat' dir='ltr'><strong>et</strong></span> <span class='ocrx_word' id='word_1_606' title='bbox 1205 5236 1332 5318; x_wconf 88' lang='lat' dir='ltr'><strong>plebem</strong></span> <span class='ocrx_word' id='word_1_607' title='bbox 1353 5257 1425 5300; x_wconf 93' lang='lat' dir='ltr'><strong>cum</strong></span> <span class='ocrx_word' id='word_1_608' title='bbox 1447 5256 1506 5300; x_wconf 92' lang='lat' dir='ltr'><strong>suo</strong></span> <span class='ocrx_word' id='word_1_609' title='bbox 1531 5245 1645 5299; x_wconf 90' lang='lat' dir='ltr'><strong>ornatu</strong></span> <span class='ocrx_word' id='word_1_610' title='bbox 1670 5255 1726 5297; x_wconf 90' lang='lat' dir='ltr'><strong>scu</strong></span> 
     </span>
     <span class='ocr_line' id='line_1_98' title="bbox 984 5335 1730 5417; baseline -0.001 -18"><span class='ocrx_word' id='word_1_611' title='bbox 984 5336 1198 5414; x_wconf 87' lang='lat' dir='ltr'><strong>tabernaculo,</strong></span> <span class='ocrx_word' id='word_1_612' title='bbox 1225 5355 1289 5417; x_wconf 93' lang='lat' dir='ltr'><strong>quo</strong></span> <span class='ocrx_word' id='word_1_613' title='bbox 1310 5337 1493 5413; x_wconf 89' lang='lat' dir='ltr'><strong>ornabatur,</strong></span> <span class='ocrx_word' id='word_1_614' title='bbox 1520 5356 1539 5397; x_wconf 91' lang='lat' dir='ltr'><strong>a</strong></span> <span class='ocrx_word' id='word_1_615' title='bbox 1569 5335 1637 5399; x_wconf 89' lang='lat' dir='ltr'><strong>loco</strong></span> <span class='ocrx_word' id='word_1_616' title='bbox 1666 5353 1730 5398; x_wconf 81' lang='lat' dir='ltr'><strong>suae</strong></span> 
     </span>
    </p>
   </div>
   <div class='ocr_carea' id='block_1_24' title="bbox 0 0 2160 6259">
    <p class='ocr_par' dir='ltr' id='par_1_26' title="bbox 0 0 2160 6259">
     <span class='ocr_line' id='line_1_99' title="bbox 0 0 2160 6259; baseline 0 3"><span class='ocrx_word' id='word_1_617' title='bbox 0 0 2160 6259; x_wconf 95' lang='lat' dir='ltr'><strong> </strong></span> 
     </span>
    </p>
   </div>
  </div>
 </body>
</html>
