4309 6259
431 483 511 546 -158
855 498 1030 546 auannurro
1051 499 1082 544 ut
1104 496 1172 545 car.
1196 496 1226 542 rr
1247 496 1384 545 aarum.
1407 518 1447 528 -
1467 500 1539 548 nur.
1562 500 1594 546 xr

451 694 489 737 ac
504 673 713 757 proprietates
729 671 934 735 continentur
951 670 983 733 in
999 670 1135 733 caldine
1152 688 1197 733 se·
1213 667 1238 730 Α
1253 677 1303 732 cet
1318 670 1536 734 ministrantes
1567 691 1623 735 scu
1646 673 1824 736 sacerdotes
1842 671 1929 736 uncti
1952 689 1996 736 es-

452 774 593 836 cundum
608 771 895 853 Origenem,bomo
908 789 1054 853 peccans,
1066 769 1197 832 nomine
1254 779 1341 848 sent,
1366 771 1422 832 sed
1451 772 1490 833 ad
1523 770 1742 834 differentiam
1773 771 1919 849 illorum,
1942 771 1995 853 qui

451 871 577 947 animae,
595 890 659 934 non
681 871 811 933 nemine
834 869 976 951 spiritus,
999 868 1193 949 designatur.
1253 888 1352 950 quum
1363 879 1468 933 essent
1483 871 1648 952 degenere
1659 870 1856 948 sacerdotali,
1869 879 1996 953 propter

450 971 527 1033 Nam
552 970 660 1032 anima
679 970 782 1051 quoad
804 968 888 1030 vires
908 987 981 1030 suas
1001 967 1193 1050 superiores,
1253 969 1410 1032 maculam
1432 970 1576 1052 corporis
1599 989 1657 1033 nec
1674 970 1748 1050 ungi
1765 977 1922 1052 poterant,
1941 987 1995 1031 nec

450 1068 581 1151 spiritus
603 1068 793 1151 appellatur.
821 1068 917 1131 Porro
942 1066 1118 1129 secuudum
1138 1065 1196 1128 fle-
1253 1066 1445 1130 ministrare.
1459 1068 1684 1132 Verumtamen
1699 1069 1750 1130 bis
1765 1067 1864 1150 objici
1879 1075 1993 1150 potest,

449 1167 594 1249 sychium
624 1167 752 1243 dieitur,
778 1165 892 1227 Anima
920 1184 1019 1247 quum
1044 1183 1196 1246 peccave·
1252 1166 1992 1248 quiasecuudumrtugustinumimosecundum

449 1266 502 1341 rit,
519 1273 630 1329 contra
646 1285 700 1329 cos
719 1265 775 1346 qui
795 1283 910 1346 corpus
930 1271 1079 1326 accusant
1104 1263 1194 1343 quasi
1253 1264 1458 1347 Scripturam,
1472 1265 1531 1330 soli
1547 1285 1637 1347 reges
1648 1274 1743 1347 atque
1758 1264 1931 1348 pontifices
1941 1283 1994 1328 un-

450 1385 578 1429 causam
598 1364 732 1448 peccati.
947 1363 957 1376 '
1251 1363 1417 1442 gabantur.
1429 1364 1517 1437 Quod
1532 1364 1618 1428 enim
1634 1363 1803 1428 inferiores
1817 1365 1993 1428 sacerdotes
2007 1389 2112 1434 naum,

490 1463 598 1546 ltaque
620 1464 737 1540 anima,
755 1463 787 1524 id
807 1471 856 1526 est
876 1462 982 1539 homo,
1000 1480 1100 1543 quum
1124 1479 1196 1541 pec·
1253 1481 1316 1525 non
1328 1463 1539 1544 ungebantur,
1552 1464 1584 1526 in
1596 1463 1702 1528 Exodo
1713 1463 1924 1546 praebabitum
1935 1471 1989 1541 est,

451 1563 571 1626 caverit
591 1582 648 1645 per
670 1562 892 1643 ignorantiam,
911 1561 942 1622 id
967 1568 1025 1636 cst,
1044 1579 1082 1622 ex
1107 1559 1196 1638 igno·
1252 1571 1282 1623 et
1299 1561 1384 1624 infra
1394 1563 1586 1627 continetur.
1596 1564 1675 1627 Hine
1686 1564 1816 1646 quidam
1831 1571 1991 1646 exponunt
2024 1587 2107 1631 rain.

451 1660 554 1724 rantia
568 1681 640 1743 quae
655 1662 697 1723 sit
711 1662 818 1743 aliquo
834 1660 927 1723 modo
940 1657 1123 1741 culpabilis.
1141 1657 1195 1718 Est
1253 1661 1338 1724 istud
1360 1663 1399 1725 dc
1417 1681 1541 1726 summo
1565 1664 1737 1726 sacerdote.
1755 1661 1812 1738 Qui
1836 1681 1911 1726 vero
1934 1663 1992 1746 pri·

450 1760 571 1843 quippe
596 1761 776 1840 ignorantie
799 1759 917 1841 aliqua,
936 1777 1092 1821 excusans
1117 1764 1196 1819 tota·
1252 1781 1336 1824 mam
1353 1761 1422 1825 vult
1443 1761 1674 1845 expositionem
1690 1761 1873 1840 defendere,
1890 1762 1991 1826 dicere

451 1861 524 1924 liter
544 1879 563 1924 a
585 1867 725 1944 peccato,
743 1859 894 1922 videlieet
915 1857 1095 1938 ignorantia
1119 1856 1195 1918 facti
1211 1863 1233 1925 Β
1251 1869 1366 1943 potest,
1380 1863 1465 1943 quod
1477 1863 1586 1926 unctio
1596 1862 1720 1945 eapitur
1730 1862 1783 1925 bio
1794 1869 1923 1925 extense
1938 1879 1992 1944 pro

451 1958 536 2022 circa
556 1960 641 2041 quod
663 1958 770 2021 debita
794 1957 964 2021 adhibetur
981 1956 1121 2030 cautela3
1142 1963 1196 2018 aut
1251 1961 1500 2024 consecratione.
1510 1961 1805 2046 Inferiores-etenim
1817 1962 1992 2024 sacerdotes

450 2058 546 2122 etiam
562 2059 741 2140 ignorantia
754 2057 835 2138 juris
851 2057 934 2139 quod
946 2056 1018 2138 quis
1034 2055 1116 2118 seire
1132 2073 1196 2118 non
1251 2060 1524 2142 adspergebantur
1546 2061 1683 2143 quadam
1704 2061 1929 2124 commixtione
1951 2058 1993 2122 fa·
2005 2081 2069 2125 saer.
2072 2097 2112 2132 iiiii

450 2158 619 2238 obligatur,
629 2166 661 2221 et
671 2178 709 2221 ex
719 2156 774 2219 illa
786 2155 1036 2238 ignorantianon
1048 2163 1197 2237 peccatur
1252 2168 1302 2222 cta
1324 2179 1361 2223 ex
1381 2161 1451 2224 0100
1474 2161 1634 2224 unctionis
1657 2169 1689 2224 et
1710 2160 1864 2241 sanguine
1885 2160 1993 2224 hostia>
2007 2149 2036 2188 ²¹·

450 2257 580 2335 directe,
590 2257 738 2339 quamvis
748 2254 990 2319 occasionaliter
1001 2273 1038 2317 ex
1049 2254 1197 2332 ignorau-
1253 2258 1450 2323 immolate:
1473 2279 1545 2342 quc
1564 2261 1739 2343 adspersio,
1761 2261 1847 2339 large
1867 2259 1994 2341 loquen-

451 2357 495 2420 fia
506 2357 562 2419 illa
576 2357 649 2438 quis
660 2363 766 2439 posset
777 2373 919 2437 peccate.
930 2357 971 2416 El
981 2357 1020 2413 (le
1035 2355 1197 2413 universis
1252 2358 1303 2435 do,
1321 2359 1430 2423 unctio
1453 2359 1646 2423 nominatur,
1664 2361 1859 2440 Delinquere
1874 2361 1994 2436 faciens

450 2459 616 2518 mandatis
625 2457 771 2528 Domini,
784 2475 855 2534 quw
861 2456 1015 2531 precepit
1026 2463 1062 2514 ut
1072 2473 1137 2512 raon
1147 2456 1198 2530 fie-
1247 2463 1420 2536 populum.
1433 2458 1520 2532 Quod
1536 2459 1591 2536 ait,
1601 2459 1791 2541 Delinquore
1807 2457 1928 2520 faciens
1944 2475 1994 2540 po

450 2565 533 2628 rent,
545 2557 717 2636 quidpiam
727 2556 850 2631 fecerit.
862 2551 942 2625 Quid
959 2560 1006 2614 est
1016 2551 1097 2614 boc?
1112 2551 1197 2632 quod
1253 2557 1376 2639 pulum,
1394 2558 1530 2637 intelligi
1548 2565 1652 2640 potest
1668 2557 1836 2640 tripliciter
1854 2574 1861 2619 :
1879 2557 1992 2632 Primo,

451 2655 538 2716 enim
549 2653 733 2715 mandatum
750 2650 901 2734 praecepit
915 2650 1068 2714 Dominus
1083 2659 1196 2713 utnon
1252 2664 1287 2718 ut
1303 2655 1344 2718 sit
1359 2656 1516 2736 generalis
1532 2656 1673 2720 conditio
1688 2655 1861 2738 cujuslibet
1875 2655 1994 2738 peccati

452 2749 1198 2832 fieretlNonneDeuspraecepitomniamanda·
1253 2755 1436 2832 sacerdotis,
1460 2756 1612 2838 quoniam
1637 2773 1732 2819 omne
1758 2765 1922 2836 peccatum
1952 2774 1994 2816 sa-

453 2860 484 2914 ta
500 2871 556 2914 sua
572 2859 606 2913 ut
627 2850 719 2928 fiant,
734 2850 765 2913 id
780 2858 827 2912 est
843 2859 877 2911 ut
893 2849 1120 2913 observenturl
1137 2848 1196 2910 Sed
1252 2854 1513 2936 cerdotis·aliquo
1529 2855 1623 2918 modo
1634 2874 1728 2918 eausa
1743 2863 1790 2917 est
1802 2873 1857 2918 seu
1873 2853 1993 2917 occasio

454 2948 562 3012 forsan
579 2948 651 3030 quis
666 2946 860 3028 dical,qu0d
876 2953 1033 3028 praecepta
1050 2944 1197 3025 negativa
1252 2953 1405 3034 peccandi
1429 2953 1565 3015 subditis
1592 2954 1658 3016 suis
1684 2973 1739 3017 seu
1766 2951 1895 3036 populo,
1919 2971 1994 3035 prte-

324 3047 604 3131 rm.11‚praecepit
624 3055 660 3109 ut
682 3065 746 3109 non
771 3044 862 3122 fiant,
880 3051 915 3106 ut
937 3050 1013 3105 sunt
1029 3043 1085 3106 illa
1103 3061 1110 3104 :
1128 3043 1195 3106 Non
1213 3044 1235 3108 C
1253 3051 1362 3113 sertim
1378 3052 1405 3113 si
1422 3051 1550 3134 publioe
1571 3061 1690 3134 peccet.
1708 3051 1794 3128 Quod
1813 3050 1898 3115 enim
1921 3050 1994 3113 facit

307 3130 424 3179 ¹⁵¹¹⁴·¹⁶·
452 3146 575 3209 furtum
595 3144 704 3222 facies,
721 3144 788 3206 Non
811 3141 1034 3218 moechaberis,
1051 3142 1118 3205 Nou
1141 3141 1196 3204 fal·
1252 3149 1307 3230 qui
1332 3159 1457 3232 praeest,
1483 3151 1580 3213 ceteri
1602 3150 1662 3212 sibi
1686 3151 1942 3232 licereputan13
1965 3157 1994 3212 et

450 3265 521 3308 sum
538 3244 756 3307 testimonium
771 3243 869 3305 dices.
887 3242 948 3304 lsta
967 3260 1106 3323 namque
1121 3260 1196 3323 prae
1253 3247 1405 3330 iniquitas
1421 3250 1460 3312 ad
1482 3248 1694 3313 imitationem
1717 3249 1809 3314 valde
1829 3249 1992 3331 pertrahit,

449 3344 545 3426 cepit,
563 3344 596 3406 id
611 3351 659 3406 esf
674 3341 848 3425 prohibuit,
866 3339 942 3422 quia
957 3340 1132 3422 prohibiin
1147 3349 1196 3403 esf
1252 3348 1328 3409 dum
1350 3357 1497 3430 peccator
1512 3348 1553 3412 ob
1570 3348 1617 3410 sui
1633 3357 1734 3411 status
1750 3348 1799 3411 vel
1815 3347 1994 3411 eminentiae

447 3445 551 3526 jussio
580 3443 737 3525 quaedam.
760 3441 840 3502 Hinc
868 3440 999 3521 quidam
1031 3448 1195 3522 exponunt
1252 3447 1439 3527 dignitatem
1462 3447 1647 3510 honoratur.
1666 3447 1822 3524 Secundo,
1839 3455 1934 3529 prout
1949 3453 1994 3508 est

449 3544 535 3605 bunc
555 3560 684 3625 passum
699 3541 739 3604 de
754 3539 910 3619 negativis
931 3539 1109 3621 praeceptis,
1127 3539 1195 3620 qui·
1252 3544 1400 3608 limitatio
1421 3547 1567 3627 quedam
1595 3545 1666 3608 vitii
1689 3546 1872 3622 sacerdotis,
1896 3544 1940 3606 ita
1962 3551 1995 3606 ut

450 3643 522 3705 dam
533 3659 608 3706 vcro
624 3648 788 3724 exponunt
798 3639 838 3702 de
848 3637 1016 3720 praeceptis
1027 3636 1195 3700 affirmati·
1252 3642 1449 3724 intelligatur
1463 3645 1502 3707 de
1519 3654 1649 3727 peceato
1669 3645 1754 3727 quod
1772 3643 1848 3706 facit
1867 3644 1992 3718 adhoc,

449 3741 517 3816 vis;
535 3742 590 3804 sed
606 3740 712 3803 verius
728 3758 810 3816 recr,
828 3739 912 3820 quod
934 3739 974 3800 dc
990 3736 1134 3818 utrisque
1154 3736 1195 3797 sit
1251 3750 1287 3804 ut
1303 3751 1453 3824 provocet
1464 3744 1619 3825 populum
1641 3744 1680 3806 ad
1698 3743 1905 3825 peccandum.
1926 3742 1994 3806 Ter·

450 3840 705 3920 intelligendum,
718 3847 753 3901 ut
768 3837 809 3900 sit
825 3855 957 3900 sensus:
976 3837 1019 3899 De
1034 3834 1194 3899 universis
1252 3841 1306 3918 tic,
1320 3842 1359 3903 de
1370 3849 1500 3923 peccato
1516 3861 1578 3924 quo
1595 3842 1748 3924 populum
1759 3841 1797 3904 ad
1813 3841 1940 3923 culpam
1953 3841 1994 3903 in-

450 3939 608 4001 mandatis
618 3937 756 4014 Domini,
768 3955 838 4019 que
849 3935 1001 4018 praecepit
1016 3943 1051 3996 ut
1062 3953 1126 3996 non
1139 3932 1194 3996 fic·
1251 3939 1339 4001 ducit
1356 3940 1478 4003 ratione
1494 3939 1680 4022 ignorantiae
1697 3959 1761 4003 suae
1773 3957 1780 4002 :
1793 3959 1891 4021 quum
1908 3939 1994 4003 enim

450 4045 532 4114 rent,
549 4036 714 4119 quidpiam
732 4035 854 4112 fecerit,
868 4035 899 4096 id
915 4042 973 4107 est,
986 4033 1109 4113 aliquid
1125 4051 1194 4113 cge-
1252 4037 1386 4120 ipsemet
1398 4057 1435 4100 ex
1445 4038 1623 4118 ignorantia
1634 4047 1755 4120 peccet,
1766 4038 1915 4119 ignorans
1927 4057 1994 4100 esse

450 4135 493 4198 rit
513 4136 551 4197 de
571 4135 730 4199 universis
753 4133 847 4196 rebus
868 4133 1059 4213 cuicumque
1078 4151 1195 4214 praece·
1251 4137 1399 4199 illicitum
1411 4138 1496 4218 quod
1511 4136 1659 4200 illicitum
1671 4145 1729 4214 est,
1740 4155 1938 4218 consequens
1948 4145 1995 4200 est

451 4244 505 4316 pto
526 4234 580 4296 Dei
601 4232 781 4304 contrariis,
800 4231 893 4311 itaut
913 4231 1043 4293 nomine
1059 4231 1194 4294 actionis
1209 4236 1234 4297 D
1250 4245 1284 4298 ut
1300 4243 1332 4299 et
1347 4235 1474 4318 plebem
1486 4255 1581 4317 super
1596 4236 1655 4299 hoc
1666 4236 1749 4297 mole
1760 4234 1995 4298 informetdli-

451 4351 508 4396 seu
523 4330 771 4406 commissionis,
789 4329 984 4408 intell'gatur
999 4337 1031 4391 et
1049 4328 1192 4408 omissio,
1249 4335 1397 4416 quivero
1421 4335 1531 4397 dicunt
1550 4335 1583 4395 in
1597 4335 1729 4397 Hebraeo
1750 4333 1874 4410 haberi,
1893 4333 1925 4396 Si
1948 4353 1994 4396 su-

450 4431 719 4514 quemadmodum
749 4429 781 4490 in
811 4428 982 4511 Scripturis
1007 4437 1056 4491 est
1081 4446 1195 4492 consu·
1249 4435 1360 4497 cerdcs
1371 4433 1427 4515 qui
1438 4443 1553 4496 unctus
1564 4442 1619 4510 ost,
1629 4433 1856 4516 peccaveritad
1867 4432 1993 4515 culpam

450 4537 550 4594 etum.
1248 4533 1372 4617 populi,
1385 4533 1418 4596 id
1433 4542 1481 4596 est
1496 4541 1560 4596 tam
1571 4532 1678 4596 viliter
1693 4542 1724 4596 et
1734 4541 1853 4614 aperte,
1867 4541 1901 4594 ut
1911 4552 1993 4594 unus

489 4630 726 4711 Consequenter
741 4627 873 4692 verbum
896 4626 981 4689 istud
1002 4627 1194 4707 generaliter
1249 4629 1287 4692 de
1300 4629 1427 4711 populo.

449 4727 581 4806 dictum,
592 4727 821 4791 determinatur
836 4727 875 4789 ad
886 4734 1008 4789 certum
1026 4726 1192 4789 hominum
1296 4731 1408 4804 offeret
1425 4747 1486 4806 pro
1502 4736 1630 4805 percote
1652 4746 1719 4798 suo,
1740 4726 1808 4790 sive
1831 4725 1872 4787 sit
1894 4725 1993 4789 debiti

447 4846 559 4909 genus,
572 4846 672 4909 quum
689 4825 855 4888 subditur:
868 4828 908 4886 Si
921 4828 1066 4886 sacerdos
1081 4827 1139 4905 qui
1149 4835 1193 4885 est
1250 4826 1392 4903 omissio,
1403 4826 1469 4888 sire
1480 4825 1634 4908 prohibiti
1645 4825 1840 4899 commissio,
1851 4828 1993 4886 vitulam

447 4937 576 4999 unctus,
588 4927 779 5005 peccaverit.
797 4925 861 4987 lfoc
876 4924 1007 5005 quidam
1029 4931 1193 5006 exponunt
1250 4928 1498 4986 irnmooulotum
1515 4927 1675 4996 Domina·
1689 4935 1718 4986 el
1738 4927 1875 4985 arlducet
1896 4926 1992 4984 illurn

448 5027 488 5089 de
513 5043 716 5108 quocumque
741 5024 904 5086 sacerdote
928 5023 1034 5102 legali,
1048 5041 1112 5085 non
1137 5022 1193 5084 ha·
1249 5028 1293 5086 ool
1301 5026 1417 5084 ostium
1429 5025 1631 5084 tabernaculi
1640 5024 1815 5084 testimonii
1821 5043 1928 5083 corant
1938 5025 1992 5084 De·

448 5125 545 5188 bento
558 5123 721 5186 defectum
744 5121 947 5185 sacerdotalis
969 5121 1086 5184 officii.
1104 5121 1192 5184 Unde
1250 5125 1350 5194 raino,
1366 5132 1522 5201 ponetque
1538 5143 1673 5182 reon-um
1688 5141 1784 5199 super
1798 5131 1895 5198 capul
1911 5123 1990 5198 ejus,

448 5224 594 5305 Magister
618 5223 652 5285 in
678 5222 820 5285 historiis
847 5222 892 5284 ait
920 5240 927 5285 :
954 5221 1105 5283 Additum
1132 5229 1190 5299 ost,
1247 5231 1276 5282 et
1293 5223 1474 5282 irnuwlabit
1489 5242 1562 5281 eum
1578 5217 1727 5292 Domino,
1741 5221 1845 5302 ipsum
1856 5218 1992 5282 vitulum

447 5322 507 5398 Qui
530 5331 644 5385 unctus
668 5330 727 5399 est,
750 5340 815 5385 non
840 5319 917 5403 quin
943 5339 1054 5384 omnes
1084 5319 1193 5383 videli-
1249 5319 1437 5396 occidendo,
1461 5320 1501 5382 ad
1531 5318 1757 5382 insinuandum
1783 5325 1814 5381 et
1837 5318 1992 5382 confiten-
