4309 6259
439 488 479 551 eo
813 504 1038 551 unianimem
1060 506 1128 551 cnr.
1152 504 1228 551 xxix
1248 502 1350 549 uxom.
1372 522 1413 533 -
1432 503 1504 548 nnr.
1530 502 1599 548 urm

441 677 739 761 providentiamque
755 676 889 752 habebo,
899 676 1059 759 prmoipua
1074 676 1184 758 gratim
1199 677 1225 738 Α
1239 694 1302 739 non
1313 674 1505 738 habitaverit
1516 674 1598 737 inter
1609 673 1706 756 ipsos.
1717 673 1776 736 Sed
1793 673 1983 736 intuendum

441 778 525 841 dona
550 776 712 839 conferam
729 776 785 853 οἱς,
803 786 834 839 ct
858 776 944 839 colar
968 775 1008 838 ab
1033 776 1123 858 ipsis
1142 778 1185 836 Et

441 878 607 957 scientper
618 875 845 956 experientiam
857 873 1090 937 beneficiorum
1101 892 1184 936 meo-

442 994 524 1051 rum,
542 978 620 1054 qrn'o
642 995 694 1051 epo
711 977 869 1036 Dominus
890 978 974 1035 Deos
989 995 1098 1033 corum
1119 993 1187 1054 spe-

442 1074 575 1151 cialiter,
593 1075 649 1156 qui
675 1073 818 1136 omnium
842 1093 912 1135 sum
928 1074 1082 1136 Dominus
1104 1075 1186 1137 Deus

443 1174 581 1253 generali
595 1174 811 1253 dominiopnr'
825 1176 925 1233 calcari
940 1193 1064 1245 eos,sou
1081 1183 1187 1255 patres

444 1292 566 1349 eorum,
582 1277 621 1333 de
637 1284 722 1334 terra
736 1276 888 1351 steppo,
905 1284 940 1334 att
956 1294 1118 1334 citatiorem
1138 1276 1188 1333 in-

445 1382 490 1435 ter
506 1375 588 1435 illos.
607 1372 670 1438 Hoc
686 1380 787 1449 sonat,
805 1373 896 1457 qnasi
914 1373 946 1435 in
964 1382 1046 1436 terre
1062 1372 1187 1454 AEgypti

1239 777 1324 857 qnod
1340 774 1500 838 demedio
1516 774 1698 836 infidelium
1710 772 1871 835 transtulit
1882 774 1984 836 Domi-

1240 895 1300 937 nus
1316 875 1471 957 populum
1488 894 1593 950 suum,
1612 882 1647 936 ut
1662 873 1800 956 populus
1820 873 1896 935 inde
1912 873 1983 935 sub-

1239 984 1369 1051 tractus,
1383 976 1446 1037 Deo
1462 973 1589 1055 plenius
1606 981 1731 1035 vacaret
1746 972 1779 1034 in
1796 972 1980 1047 solitudine,

1241 1075 1356 1137 deinde
1366 1074 1399 1135 iu
1411 1082 1495 1136 terra
1505 1072 1847 1156 promissionisutpotc.
1857 1092 1876 1133 a
1886 1090 1982 1153 prava

1241 1174 1390 1236 socictate
1406 1173 1573 1235 hominum
1590 1172 1772 1235 infidelium
1788 1180 1980 1251 segregatus,

1241 1273 1325 1334 inter
1349 1291 1431 1354 quos
1455 1292 1474 1335 a
1497 1272 1553 1335 Dei
1579 1271 1733 1353 obsequio
1760 1269 1983 1352 multipliciter

1241 1372 1482 1453 impediebatur.
1490 1376 1559 1451 Ego
1568 1374 1725 1435 Dominus
1733 1374 1817 1433 Deus
1829 1372 1980 1449 ipsorron.

965 1792 1286 1882 ARTICULUS
1328 1796 1467 1881 LVIII

687 2073 730 2121 DE
757 2072 964 2121 seluttuntl
990 2070 1100 2120 nutus
1126 2069 1288 2118 vtoustut
1313 2070 1399 2117 nortl
1424 2070 1591 2117 cantuum
1618 2072 1740 2120 SENSU.

444 2364 557 2525 PER
572 2363 631 2426 hoc
647 2361 733 2444 quod
746 2359 896 2423 Dominus
907 2358 1003 2442 jussit
1018 2357 1123 2440 ipsum
1135 2356 1189 2419 Aa·
1207 2352 1230 2414 B
1244 2357 1561 2439 praemonstrabatur,
1587 2359 1672 2439 quod
1697 2357 1840 2421 Christus
1870 2358 1904 2421 in
1930 2379 1985 2422 sua

509 2482 565 2526 ron
582 2482 617 2524 ac
635 2461 720 2523 filios
735 2461 805 2541 ejus
818 2468 890 2521 ante
903 2476 1014 2521 eorum
1027 2475 1189 2519 conscera-

445 2562 564 2623 tionem
581 2560 614 2622 in
631 2560 820 2632 sacerdotes
837 2555 955 2619 offerre
971 2555 1107 2630 diversa,
1118 2574 1188 2636 quas

446 2660 666 2741 exprimuntur
688 2657 722 2719 in
745 2657 859 2733 littera,
883 2655 997 2717 deinde
1021 2654 1133 2730 lavari,
1158 2663 1189 2715 et

446 2758 694 2821 sacerdotalibus
710 2755 851 2820 vestibus
868 2754 956 2816 indui
971 2773 978 2819 τ
991 2752 1186 2833 designatur,

445 2859 529 2940 quod
546 2860 583 2920 ad
601 2876 706 2919 saeros
721 2855 852 2919 Ordines
869 2852 1088 2935 promovendi,
1112 2871 1189 2933 prae-

444 2958 552 3019 sertim
569 2958 608 3018 ad
626 2955 835 3019 sacerdotium
851 2972 886 3015 ae
902 2951 1118 3034 praesulatum,
1136 2951 1189 3013 dc-

445 3058 539 3119 beant
555 3056 643 3138 prius
660 3056 692 3117 in
709 3074 742 3117 se
764 3054 843 3136 ipsis
860 3061 964 3115 motus
987 3050 1130 3113 carnales
1152 3069 1189 3111 ao

444 3156 604 3231 bestiales,
614 3155 670 3236 qui
696 3174 753 3236 per
775 3152 912 3216 vitulum
937 3159 1032 3231 atque
1057 3149 1187 3211 arietem

444 3255 661 3335 designantur,
672 3253 882 3332 exstinguere,
895 3258 926 3312 et
941 3268 994 3312 eos
1010 3249 1049 3310 ad
1067 3248 1119 3311 Dei
1136 3248 1189 3310 lro-

445 3372 555 3415 norem
572 3360 725 3425 mactare;
743 3369 799 3431 per
813 3368 909 3431 opera
924 3367 1051 3429 quoque
1067 3347 1189 3409 satisfa-

444 3452 544 3515 ctoria
559 3452 656 3513 Deum
679 3449 739 3511 sibi
764 3447 1031 3523 reconciliarent
1056 3446 1188 3527 insuper

1243 2458 1392 2540 passione
1407 2457 1627 2522 reconciliavit
1641 2476 1678 2519 ac
1693 2457 1810 2520 obtulit
1824 2458 1888 2521 Deo
1902 2459 1984 2521 Patri

1244 2566 1306 2619 tam
1323 2556 1470 2637 gentiles,
1480 2575 1577 2637 quam
1592 2574 1646 2619 eos
1661 2557 1716 2637 qui
1732 2556 1765 2617 in
1781 2555 1851 2637 lege
1867 2566 1985 2619 naturae

1242 2675 1278 2718 ao
1296 2656 1363 2735 lege
1379 2656 1497 2737 scripta
1514 2654 1653 2718 fuerunt.
1666 2657 1724 2719 Pro
1739 2656 1883 2719 omnium
1899 2657 1984 2719 enim

1243 2755 1344 2817 salute
1360 2774 1394 2817 se
1414 2755 1540 2818 obtulit.
1564 2754 1644 2829 Quid
1659 2774 1734 2820 vero
1750 2775 1806 2837 ρον
1822 2756 1985 2819 indumen-

1244 2863 1274 2916 ta
1290 2854 1490 2937 pontificalia
1505 2874 1541 2917 aa
1557 2855 1764 2917 sacerdotalia
1784 2875 1931 2937 expressa
1953 2857 1984 2917 in

1243 2961 1340 3030 textu,
1358 2953 1568 3035 spiritualiter
1588 2954 1795 3035 intelligatur,
1812 2955 1845 3016 In
1866 2957 1985 3038 exposi-

1243 3052 1330 3115 tione
1346 3053 1479 3134 mystica
1494 3053 1702 3134 praeoedentis
1718 3054 1848 3136 capituli
1871 3056 1982 3137 patuit.

1282 3152 1388 3229 Porro,
1412 3153 1497 3233 quod
1513 3153 1692 3215 sacerdotes
1710 3172 1747 3215 ao
1770 3153 1914 3234 pontifex
1929 3174 1985 3236 pro

1242 3270 1276 3313 se
1293 3251 1370 3332 ipsis
1393 3251 1512 3314 hostias
1537 3251 1731 3327 obtulerunt,
1748 3252 1809 3314 hoe
1831 3272 1985 3334 pramon-

1243 3350 1365 3423 stravit,
1383 3351 1468 3431 quod
1491 3351 1669 3413 sacerdotes
1694 3352 1885 3432 evangelieae
1907 3352 1985 3435 legis

1243 3468 1306 3512 non
1324 3458 1446 3512 tantum
1463 3469 1520 3533 pro
1543 3450 1626 3527 altis,
1643 3452 1698 3513 scd
1721 3459 1752 3513 et
1773 3470 1831 3533 pro
1853 3470 1886 3514 se
1908 3452 1985 3534 ipsis

444 3548 672 3633 aquotidianis
694 3548 796 3630 culpis
822 3566 879 3629 ρον
903 3546 1126 3609 contritIonem
1152 3564 1187 3608 ao
1206 3548 1227 3610 C
1243 3549 1380 3611 debeant
1396 3551 1634 3612 Sacramentum
1649 3550 1757 3611 altaris
1776 3549 1906 3614 offerre,
1926 3552 1984 3614 Sed

444 3649 678 3712 confessionem
694 3648 840 3730 purgari;
854 3647 918 3709 imo
934 3655 964 3708 et
980 3646 1063 3709 bona
1079 3664 1186 3727 opera,

443 3768 513 3831 quie
528 3768 585 3831 ρον
600 3766 697 3830 panes
713 3748 837 3828 signata
852 3754 1105 3823 suut‚exorcere:
1118 3764 1188 3827 quae

443 3867 538 3931 opera
553 3846 730 3911 dovotionis
747 3846 951 3929 pinguedine,
969 3865 1040 3927 qum
1058 3846 1128 3909 oleo
1146 3845 1188 3907 si-

441 3946 625 4027 gnificatur,
637 3954 759 4028 oportet
775 3946 916 4021 condire,
927 3946 970 4007 ita
986 3953 1021 4006 ut
1036 3964 1073 4007 ex
1090 3945 1187 4007 intor-

443 4066 484 4108 na
499 4046 690 4121 sinceritate,
708 4064 779 4126 quae
798 4064 855 4127 ρον
871 4044 1026 4106 triticeam
1048 4044 1185 4105 similam

443 4144 643 4223 intelligitur,
662 4143 805 4205 oriantur
819 4163 825 4206 :
838 4143 946 4224 sicque
963 4143 1109 4205 sacerdos
1125 4143 1187 4225 spi·

442 4242 599 4305 ritualiter
623 4242 847 4319 mortificatus,
874 4240 1074 4319 roformatuS,
1103 4242 1186 4304 lotus

442 4350 473 4405 et
497 4341 698 4419 exercitatus,
720 4340 814 4404 debet
838 4341 985 4423 progredi
1010 4341 1049 4403 ad
1075 4341 1184 4419 altare,

442 4441 647 4505 sacerdotalia
664 4441 795 4504 induere
811 4450 1008 4517 ornamenta,
1020 4450 1051 4503 et
1067 4440 1187 4504 sacrifi-

440 4562 512 4605 care
527 4542 609 4605 Patri
626 4549 743 4605 aeterno
757 4541 956 4621 unigenitum
970 4541 1085 4602 filium
1102 4541 1182 4621 ejus.

485 4642 626 4723 Insuper,
652 4660 708 4724 per
732 4642 836 4703 Aaron
863 4640 1048 4722 pontificem
1076 4639 1184 4722 praeli-

1243 3657 1274 3710 et
1299 3649 1486 3728 sanguinem
1504 3647 1619 3711 Christi
1636 3648 1753 3711 debent
1767 3668 1824 3731 per
1839 3651 1985 3713 devotam

1242 3749 1577 3810 commemorationem
1607 3766 1822 3830 superponere
1845 3757 1984 3813 extremo

1242 3846 1393 3909 auricnlae
1413 3866 1477 3910 suae
1494 3847 1621 3924 dextrae,
1640 3847 1749 3929 pollici
1768 3865 1896 3929 quoque
1914 3849 1986 3911 dex-

1243 3955 1298 4008 tra
1323 3965 1436 4007 manus
1461 3966 1497 4009 ao
1523 3946 1624 4028 pedis
1650 3955 1685 4008 ut
1709 3965 1833 4029 semper
1858 3947 1923 4009 sint
1946 3948 1985 4009 ad

1241 4045 1454 4109 obediendum
1465 4047 1528 4108 Deo
1544 4046 1785 4127 promptissimi,
1799 4053 1831 4108 et
1844 4047 1984 4129 passioni

1242 4144 1410 4207 dominicae
1435 4145 1537 4225 grali3
1565 4145 1690 4207 veloces
1715 4164 1842 4226 quoque
1865 4145 1906 4207 ad
1931 4166 1985 4208 au·

1242 4242 1393 4305 diendum
1408 4244 1541 4305 verbum
1556 4243 1622 4320 Dei,
1635 4244 1674 4305 ad
1690 4244 1899 4306 exercendum
1914 4264 1985 4325 quae

1239 4343 1325 4424 justa
1341 4350 1425 4419 sunt,
1443 4344 1482 4405 ad
1503 4342 1714 4405 incedendum
1735 4343 1818 4406 viam
1839 4342 1981 4424 justitiae,

1240 4449 1336 4523 atque
1351 4441 1390 4504 ad
1407 4440 1597 4503 imitandum
1612 4442 1746 4522 vestigia
1761 4442 1943 4505 Salvatoris.

1279 4542 1450 4617 Postremo,
1464 4541 1605 4623 perjnge
1621 4540 1814 4603 sacrificinm
1832 4541 1984 4605 Dominus

1238 4641 1327 4703 Jesns
1345 4641 1478 4722 pulchre
1493 4640 1706 4721 significatur,
1723 4641 1779 4722 qui
1795 4640 1870 4703 licet
1885 4642 1982 4705 semel

438 4750 569 4822 guratns
599 4749 647 4803 cst
675 4740 817 4803 Christus
833 4764 840 4815 3
867 4759 923 4821 per
948 4739 1084 4801 vitulum
1109 4759 1184 4804 vero
1199 4743 1223 4804 D
1239 4740 1364 4802 oblatus
1381 4739 1422 4800 sit
1438 4739 1471 4799 in
1487 4738 1762 4801 consummatione
1782 4740 1981 4818 saeculorum,

440 4840 643 4917 indomitum,
663 4838 791 4921 gentilis
814 4840 950 4921 populus
974 4847 1058 4901 recte
1081 4839 1185 4922 expri-

438 4940 557 5015 mitur3
575 4958 632 5020 per
647 4940 727 5003 duos
747 4938 861 5001 arictes
882 4939 1112 5017 Immaculatos,
1130 4959 1184 5022 po·

438 5039 533 5121 pulus
556 5038 612 5119 qui
632 5038 690 5099 sub
713 5038 781 5117 lege
801 5045 932 5115 naturai,
953 5038 1075 5101 etitem
1092 5039 1182 5120 plebs

438 5156 510 5219 qum
532 5138 590 5199 sub
614 5137 682 5217 loge
708 5136 826 5219 scrIpta
850 5138 912 5199 Deo
934 5136 1182 5219 servivic‘acei-

438 5236 580 5319 piuntnr.
611 5237 668 5299 Por
698 5237 757 5299 hoe
787 5255 861 5317 ergo
892 5237 1109 5319 quodff'rlaron
1137 5239 1182 5302 vi-

439 5336 540 5399 tulum
566 5355 665 5399 unum
692 5355 727 5399 ac
752 5337 831 5400 duos
855 5336 970 5399 arictes
991 5336 1178 5414 immolavit,

1240 4849 1344 4902 tamen
1357 4848 1391 4900 nt
1404 4839 1435 4899 in
1447 4838 1636 4921 Apocalypsi
1648 4839 1863 4921 conscriptum
1875 4840 1982 4917 est,ab

1238 4938 1361 5018 origine
1381 4938 1492 5001 mundi
1514 4958 1626 5021 passus
1650 4947 1699 5001 est
1720 4958 1777 5020 per
1800 4937 1980 5002 efficaciam
1995 4960 2119 5016 sparsus.

1238 5058 1303 5101 sum
1326 5038 1557 5116 subventionis,
1580 5046 1611 5101 et
1627 5037 1763 5101 offertur
1783 5038 1926 5119 quotidie
1947 5040 1980 5101 in

1237 5138 1341 5200 altari.
1359 5138 1404 5199 nd
1422 5156 1586 5219 vesperam
1601 5157 1740 5219 quoque,
1758 5136 1906 5201 videlicet
1921 5139 1981 5201 cir-

1237 5258 1272 5301 ca
1288 5237 1401 5299 mundi
1416 5256 1576 5315 occasum,
1593 5246 1624 5299 ct
1639 5236 1826 5301 Antichristi
1840 5238 1980 5319 tyranni-

1236 5340 1275 5401 de
1290 5337 1399 5402 omnia
1414 5336 1616 5416 obscurante,
1632 5357 1695 5403 non
1711 5337 1848 5402 cessabit
1861 5357 1899 5401 ex
1915 5346 1982 5402 toto
