4309 6259
291 2357 360 2401 Pron.

254 2435 325 2473 uviri,
340 2422 373 2464 ll.

747 487 921 536 catenatio
944 488 973 534 nt
995 488 1063 535 GAP.
1087 487 1132 534 xll
1152 487 1348 536 conmonuit.
1371 508 1411 518 -
1433 490 1503 537 alte.
1528 489 1593 538 xxti

925 901 1248 990 ARTICULUS
1285 903 1412 989 XXII

690 1179 729 1224 DE
750 1178 942 1224 Memmiana
963 1178 1000 1222 ET
1021 1176 1192 1222 antenatus
1213 1177 1306 1224 nutus
1330 1179 1466 1225 caelium
1487 1179 1661 1226 cuondam.

461 1458 563 1523 llllIO
588 1467 675 1541 patet
703 1477 742 1522 ex
772 1458 866 1521 initio
890 1458 985 1539 hujus
1010 1456 1143 1538 capituli
1157 1451 1183 1514 A
1198 1456 1412 1520 obtrectantes
1433 1460 1585 1523 detracto.
1603 1459 1769 1542 Nunquam
1784 1461 1873 1524 enim
1896 1463 1944 1524 in-

472 1566 592 1638 quanta
618 1577 675 1621 nos
701 1557 810 1639 pusilli
843 1557 1044 1637 indigeamus
1072 1554 1145 1616 dili-

399 1656 516 1737 gentia,
534 1664 630 1736 atque
645 1656 789 1718 custodia
803 1656 907 1718 cordis
923 1656 961 1716 ad
979 1655 1144 1716 vitandum

399 1761 529 1836 peccata
550 1753 708 1816 mortalia.
725 1753 801 1814 Nam
823 1771 896 1814 ecce
911 1753 1015 1814 Aaron
1035 1760 1066 1814 et
1086 1751 1146 1812 lla-

399 1851 448 1914 ria
462 1851 495 1913 in
508 1851 598 1914 senio
609 1870 667 1913 suo
678 1859 709 1913 et
724 1860 797 1933 post
811 1851 944 1930 gratiam
957 1849 1142 1932 prophetia,

400 1949 672 2030 eminentiamque
682 1949 836 2012 virtutum
847 1950 893 2012 eis
904 1967 1080 2025 concessas,
1095 1967 1146 2010 su-

400 2048 468 2111 bito
500 2047 534 2109 in
562 2048 802 2124 detractionem,
830 2047 863 2108 in
893 2047 1075 2123 elationem,
1103 2055 1146 2108 te

400 2147 637 2228 merariumque
661 2146 817 2228 judicium
842 2154 914 2208 sunt
938 2145 1090 2228 prolapsi,
1115 2153 1147 2208 et

403 2245 471 2308 viro
491 2245 789 2328 quamapertissime
809 2245 863 2307 Dei
883 2245 985 2308 amico
1006 2253 1081 2306 sunt
1101 2244 1146 2305 in-

401 2342 522 2424 juriati.
545 2343 657 2406 Beatus
686 2342 783 2423 igitur
810 2344 905 2406 homo
934 2343 990 2424 qui
1021 2360 1146 2424 semper

402 2450 451 2504 est
464 2442 611 2524 pavidus.
628 2441 804 2524 allegorice
819 2461 875 2523 per
890 2442 1014 2523 Moysen
1030 2441 1086 2522 qui
1107 2440 1147 2502 si-

327 2560 330 2565 ·
403 2540 436 2603 bi
465 2540 671 2620 desponsavit
694 2540 931 2622 AEthiopissam,
955 2539 1146 2618 intelligitur

402 2637 558 2714 Christus,
570 2639 626 2719 qui
640 2638 850 2718 gentilitatem
863 2637 923 2699 sibl
939 2638 1054 2714 univit,
1066 2645 1146 2700 etex
1162 2635 1185 2696 B
1200 2656 1264 2719 que
1280 2636 1392 2699 fideles
1408 2658 1445 2700 ac
1460 2637 1641 2700 fidelissimi
1658 2640 1729 2717 Deo,
1747 2659 1874 2703 omnem
1889 2640 1949 2702 ob

404 2755 441 2799 ea
465 2736 669 2818 congregavit
689 2736 873 2814 Ecclesiam,
891 2754 986 2817 quam
1009 2735 1147 2817 sumpsit

404 2835 438 2896 in
462 2852 636 2916 sponsam:
661 2835 712 2898 cui
739 2854 834 2916 super
859 2835 918 2898 hoc
944 2835 1149 2897 detraxerunt

1199 1554 1347 1617 venimus
1369 1556 1538 1620 Dominum
1562 1567 1684 1621 tantum
1703 1561 1945 1624 commendasse

1199 1651 1335 1735 lloysen,
1352 1664 1508 1735 quantum
1528 1675 1613 1718 nunc
1634 1675 1733 1736 quum
1755 1657 1785 1720 ei
1805 1659 1945 1720 detrabi-

1201 1758 1261 1812 tur.
1284 1751 1364 1814 llide
1388 1751 1465 1832 quid
1492 1754 1641 1815 tormenti
1667 1754 1728 1816 sibi
1753 1754 1845 1836 ipsis,
1865 1756 1944 1837 qnid

1199 1848 1308 1928 gloriae
1323 1851 1540 1931 acquisierunt
1555 1851 1651 1934 Moysi
1664 1876 1671 1926 3
1689 1853 1751 1915 sibi
1775 1854 1946 1936 turpitudi-

1202 1965 1286 2022 nem,
1303 1947 1399 2029 Moysi
1415 1949 1549 2029 gloriam
1565 1960 1640 2011 sunt
1655 1952 1797 2014 mercati.

1240 2045 1371 2126 lnsuper
1381 2046 1550 2109 mititatem
1565 2055 1597 2110 et
1612 2046 1802 2111 fidelitatem
1813 2049 1946 2111 sanctis-

1201 2143 1274 2205 simi
1294 2144 1407 2225 lloysis
1421 2144 1540 2225 jugiter
1561 2146 1801 2210 consideremus
1822 2156 1854 2210 ct
1874 2147 1947 2209 imi-

1201 2251 1315 2318 temur,
1341 2261 1442 2323 quum
1471 2243 1556 2306 dicat
1581 2244 1754 2307 Salvator:
1781 2245 1899 2309 Discite
1928 2266 1948 2309 a
1977 2269 2111 2313 nazian.

1200 2361 1263 2418 me,
1275 2341 1351 2422 quia
1366 2342 1454 2403 mitis
1468 2361 1550 2403 sum.
1569 2343 1606 2404 Et
1623 2342 1719 2405 item:
1736 2344 1821 2406 Beati
1838 2344 1944 2421 mites,
1963 2335 2071 2382 ²⁹³⁸·

1200 2440 1352 2522 quoniam
1369 2440 1431 2522 ipsi
1453 2440 1678 2504 hereditabunt
1696 2450 1822 2505 terram.
1839 2442 1947 2505 Simus

1200 2539 1308 2619 itaque
1323 2538 1416 2600 mites
1432 2539 1471 2600 ad
1485 2557 1612 2602 omnem
1629 2540 1804 2617 homiuem,
1821 2550 1950 2604 mutuo·

1202 2734 1372 2798 locutionis
1388 2736 1526 2817 speciem
1538 2736 1666 2817 penitus
1681 2737 1836 2801 evitantes
1849 2755 1856 2801 :
1868 2739 1948 2819 quia

1202 2835 1228 2896 si
1246 2852 1375 2915 serpens
1391 2835 1534 2896 mordeat
1549 2834 1582 2896 in
1593 2835 1728 2912 occulto,
1739 2836 1820 2898 nihil
1837 2837 1947 2899 minus
1966 2858 2117 2906 acerem.

284 2948 388 2998 acram
403 2932 513 3010 Judaei,
540 2932 596 3014 qni
621 2941 653 2996 et
674 2935 745 3014 ejus
770 2932 937 3015 discipulis
961 2933 1149 3013 objecerunt
1202 2932 1298 2994 babet
1312 2931 1368 3012 qui
1383 2932 1522 2994 detrahit
1539 2932 1629 2994 fratri
1645 2953 1714 2996 suo.
1731 2934 1798 2997 Non
1814 2935 1947 3017 applau-

256 3012 291 3062 ὣς
299 3023 348 3062 xxti,
355 3011 388 3052 Ἠ.

404 3032 491 3114 quod
505 3031 653 3110 gentibus
670 3032 890 3113 predicarent.

444 3130 599 3193 Docemur
614 3148 742 3210 quoque
758 3148 796 3192 ex
811 3130 872 3192 isto
883 3129 1033 3210 capitulo,
1051 3149 1148 3210 qnam

403 3228 524 3310 grande
539 3227 660 3290 crimen
677 3227 718 3289 sit
738 3227 902 3303 detractio,
920 3228 1056 3289 maxime
1071 3228 1147 3290 dum

404 3326 477 3407 quis
499 3325 639 3388 detrahit
660 3325 797 3402 meliori,
816 3334 870 3386 aut
895 3324 1010 3388 salsum
1026 3324 1149 3406 profert

404 3424 444 3486 de
453 3423 561 3505 aliquo
574 3441 581 3485 :
594 3432 706 3504 estque
716 3423 877 3505 praecipue
888 3423 1049 3500 vitiosum,
1062 3442 1150 3484 man-

404 3521 503 3584 suetis
518 3530 549 3585 et
565 3521 762 3604 patientibus
774 3521 922 3601 injuriari
934 3541 989 3584 seu
1004 3521 1147 3602 obloqui.

403 3617 536 3692 Quidam
546 3638 622 3683 vcro
633 3618 791 3681 diabolico
803 3618 918 3700 spiritu
928 3618 1049 3698 agitati,
1062 3627 1149 3681 tanto

403 3717 570 3799 proniores
590 3726 664 3780 sunt
680 3716 830 3798 persequi
846 3716 936 3792 tales,
950 3725 1075 3798 quanto
1090 3717 1149 3778 mi-

1202 3030 1324 3104 damus‚
1349 3030 1404 3092 sed
1433 3030 1655 3111 reprimamus,
1672 3040 1704 3095 ct
1726 3033 1849 3094 vultum
1871 3051 1948 3096 mie

1203 3137 1287 3189 stum
1299 3127 1484 3210 obloquenti
1496 3137 1716 3192 monstremus
1726 3130 1852 3211 Alioqui
1864 3132 1948 3194 sieut

1203 3226 1304 3288 nubes
1331 3226 1461 3288 recessit
1485 3247 1503 3289 a
1529 3227 1744 3305 tabernaculo,
1776 3229 1822 3291 sic
1845 3230 1949 3309 gratia

1203 3325 1257 3386 Dei
1282 3344 1300 3386 a
1323 3333 1432 3387 nostro
1456 3324 1637 3388 habitaculo
1662 3327 1766 3389 cordis
1784 3351 1792 3400 ;
1810 3337 1841 3390 et
1865 3327 1950 3390 sicut

1203 3423 1355 3486 Dominus
1381 3423 1419 3484 ab
1441 3423 1544 3486 Aaron
1570 3443 1607 3485 ac
1624 3423 1719 3486 llaria
1743 3425 1883 3500 recessit,
1901 3427 1950 3489 sic

1203 3521 1354 3584 Dominus
1371 3540 1428 3583 nos
1444 3521 1615 3602 relinquet.
1632 3522 1794 3586 Postremo
1809 3543 1879 3586 cum
1892 3524 1951 3586 Aa·

1204 3638 1261 3683 ron
1277 3629 1308 3681 et
1323 3619 1418 3681 Maria
1440 3619 1600 3682 discamus
1624 3637 1752 3683 omnem
1774 3623 1950 3703 correptio

1204 3736 1276 3780 nem
1287 3727 1319 3779 et
1330 3717 1558 3781 correctionem
1570 3725 1732 3798 gratanter
1743 3739 1780 3780 ac
1791 3719 1951 3800 patienter

404 3835 464 3878 nus
480 3825 629 3879 verentur
645 3809 763 3878 similia
774 3815 840 3897 pati
851 3816 891 3877 ab
907 3815 983 3876 illis.
997 3811 1184 3887 Quemad-(l
1204 3817 1375 3899 suscipere,
1398 3835 1456 3878 nec
1486 3816 1600 3878 timore
1629 3817 1811 3899 temporalis
1835 3819 1952 3880 conlu-

403 3914 533 3976 modum
556 3921 661 3976 autem
681 3913 777 3975 Maria
798 3932 855 3995 pro
877 3932 934 3974 sua
953 3912 1149 3976 detractione

403 4011 533 4093 perlusa
547 4020 596 4075 est
610 4011 716 4074 voraci
729 4019 760 4074 et
775 4010 914 4093 pessima
925 4011 1024 4093 lepra,
1037 4011 1083 4073 sic
1098 4012 1149 4074 de

403 4118 555 4173 tractores
573 4112 635 4173 Deo
657 4109 803 4187 odibiles,
828 4111 941 4173 morito
963 4129 1027 4173 suaa
1046 4110 1149 4173 detra-

403 4208 519 4271 ctionis
541 4209 680 4289 graviter
701 4209 793 4272 valde
812 4208 1003 4272 inficiuntur
1023 4211 1057 4270 in
1081 4209 1149 4270 ani-

404 4326 480 4380 ma3
503 4307 723 4387 maculamque
752 4306 930 4384 incurrunt,
952 4327 1047 4388 qnam
1076 4308 1148 4369 aliis

403 4405 655 4487 superinducere
671 4406 863 4468 enituntur:
887 4407 951 4468 imo
972 4406 1044 4468 aliis
1064 4425 1148 4488 saepe

403 4504 529 4567 laudem
548 4512 580 4566 et
598 4503 734 4584 gloriam
749 4504 982 4586 adipiscuntur,
1002 4512 1033 4566 et
1059 4512 1147 4566 tanto

402 4601 475 4683 plus
492 4600 612 4664 iaciunt
633 4619 687 4665 eos
703 4601 836 4678 laudari,
855 4609 974 4682 quanto
996 4601 1069 4683 plus
1093 4620 1147 4665 eos

400 4700 571 4763 obscurare
587 4698 768 4762 intendunt.
785 4699 864 4762 Hinc
887 4699 1029 4780 loquitur
1043 4699 1147 4780 Orige-

402 4816 458 4859 nes
476 4815 482 4858 :
501 4797 616 4861 Audite
631 4805 785 4879 quantum
801 4796 953 4860 beneficii
976 4797 1145 4861 conferunt

1203 3914 1304 3978 sionis
1319 3934 1355 3976 ac
1370 3933 1474 3995 poenaa
1490 3932 1548 3976 nos
1564 3933 1726 3977 excusare.
1743 3914 1952 3988 Quemadmo

1204 4014 1280 4076 dum
1302 4012 1398 4075 etiam
1415 4011 1553 4093 populns
1577 4013 1771 4094 exspectavit
1785 4032 1886 4094 usque
1909 4016 1951 4078 ad

1205 4111 1437 4174 revocationem
1461 4110 1573 4187 llariae,
1592 4130 1650 4174 nec
1670 4129 1740 4174 eam
1763 4111 1797 4174 in
1819 4112 1952 4194 publica

1204 4209 1392 4292 poenitentia
1413 4209 1618 4272 constitutam
1642 4209 1782 4272 deseruit
1802 4211 1852 4272 vel
1873 4230 1953 4274 con-

1205 4307 1344 4390 tempsit,
1371 4307 1416 4370 ita
1442 4325 1499 4371 nos
1525 4307 1623 4388 lapsis
1648 4327 1685 4370 ac
1716 4308 1952 4388 paenitentibus

1203 4406 1385 4469 cordialiter
1418 4405 1650 4487 compatiamur
1679 4413 1712 4467 et
1739 4405 1950 4486 auxiliemur,

1203 4505 1363 4586 propriam
1395 4504 1588 4585 pronitatem
1619 4502 1653 4564 in
1683 4522 1779 4566 omne
1808 4505 1951 4581 malum,

1203 4601 1412 4683 propriosque
1427 4619 1574 4664 excessus
1591 4609 1774 4682 pensantes,
1792 4611 1824 4663 et
1841 4602 1954 4668 verbis

1201 4709 1296 4781 atque
1318 4698 1472 4781 exemplis
1494 4697 1655 4780 proximos
1671 4700 1709 4761 ad
1730 4699 1863 4763 meliora
1885 4708 1955 4765 tra—

1202 4798 1326 4860 hamus.
