<?xml version="1.0" encoding="UTF-8"?>
<!DOCTYPE html PUBLIC "-//W3C//DTD XHTML 1.0 Transitional//EN"
    "http://www.w3.org/TR/xhtml1/DTD/xhtml1-transitional.dtd">
<html xmlns="http://www.w3.org/1999/xhtml" xml:lang="en" lang="en">
 <head>
  <title>
</title>
<meta http-equiv="Content-Type" content="text/html;charset=utf-8" />
  <meta name='ocr-system' content='tesseract 3.04.00' />
  <meta name='ocr-capabilities' content='ocr_page ocr_carea ocr_par ocr_line ocrx_word'/>
</head>
<body>
  <div class='ocr_page' id='page_1' title='image "./doctorisecstati00unkngoog_0057.png"; bbox 0 0 4309 6259; ppageno 0'>
   <div class='ocr_carea' id='block_1_1' title="bbox 565 470 1720 545">
    <p class='ocr_par' dir='ltr' id='par_1_1' title="bbox 565 470 1720 545">
     <span class='ocr_line' id='line_1_1' title="bbox 565 470 1720 545; baseline -0.002 0"><span class='ocrx_word' id='word_1_1' title='bbox 565 498 740 545; x_wconf 76' lang='lat' dir='ltr'><strong>uuxnnxuto</strong></span> <span class='ocrx_word' id='word_1_2' title='bbox 761 498 792 542; x_wconf 88' lang='lat' dir='ltr'><strong>IN</strong></span> <span class='ocrx_word' id='word_1_3' title='bbox 813 497 881 543; x_wconf 79' lang='lat' dir='ltr'><strong>CAP.</strong></span> <span class='ocrx_word' id='word_1_4' title='bbox 905 495 959 541; x_wconf 86' lang='lat' dir='ltr'><strong>xxt</strong></span> <span class='ocrx_word' id='word_1_5' title='bbox 981 496 1082 541; x_wconf 78' lang='lat' dir='ltr'><strong>Exottt.</strong></span> <span class='ocrx_word' id='word_1_6' title='bbox 1105 516 1145 525; x_wconf 91' lang='lat'><em>-</em></span> <span class='ocrx_word' id='word_1_7' title='bbox 1166 498 1236 543; x_wconf 80' lang='lat' dir='ltr'><strong>All&#39;l&#39;.</strong></span> <span class='ocrx_word' id='word_1_8' title='bbox 1260 498 1332 543; x_wconf 84' lang='lat' dir='ltr'><strong>tttttt</strong></span> <span class='ocrx_word' id='word_1_9' title='bbox 1683 470 1720 543; x_wconf 78' lang='lat' dir='ltr'><strong>lli</strong></span> 
     </span>
    </p>
   </div>
   <div class='ocr_carea' id='block_1_2' title="bbox 175 665 1720 753">
    <p class='ocr_par' dir='ltr' id='par_1_2' title="bbox 175 665 1720 753">
     <span class='ocr_line' id='line_1_2' title="bbox 175 665 1720 753; baseline -0.001 -20"><span class='ocrx_word' id='word_1_10' title='bbox 175 673 369 752; x_wconf 79' lang='lat' dir='ltr'><strong>quaomnia</strong></span> <span class='ocrx_word' id='word_1_11' title='bbox 385 680 459 735; x_wconf 93' lang='lat' dir='ltr'><strong>sunt</strong></span> <span class='ocrx_word' id='word_1_12' title='bbox 475 672 612 749; x_wconf 84' lang='lat' dir='ltr'>Domini,</span> <span class='ocrx_word' id='word_1_13' title='bbox 624 671 777 753; x_wconf 92' lang='lat' dir='ltr'><strong>quoniam</strong></span> <span class='ocrx_word' id='word_1_14' title='bbox 793 672 856 734; x_wconf 88' lang='lat' dir='ltr'><strong>Deo</strong></span> <span class='ocrx_word' id='word_1_15' title='bbox 872 665 962 731; x_wconf 64' lang='grc' dir='ltr'><strong>θεῖ-Α</strong></span> <span class='ocrx_word' id='word_1_16' title='bbox 978 670 1082 751; x_wconf 91' lang='lat' dir='ltr'><strong>posito</strong></span> <span class='ocrx_word' id='word_1_17' title='bbox 1103 670 1164 732; x_wconf 89' lang='lat' dir='ltr'><strong>tale</strong></span> <span class='ocrx_word' id='word_1_18' title='bbox 1184 671 1261 752; x_wconf 88' lang='lat' dir='ltr'><strong>quid</strong></span> <span class='ocrx_word' id='word_1_19' title='bbox 1281 671 1382 751; x_wconf 89' lang='lat' dir='ltr'><strong>egerit</strong></span> <span class='ocrx_word' id='word_1_20' title='bbox 1401 690 1439 732; x_wconf 91' lang='lat' dir='ltr'><strong>ex</strong></span> <span class='ocrx_word' id='word_1_21' title='bbox 1459 670 1648 734; x_wconf 72' lang='lat' dir='ltr'><strong>infirmitate</strong></span> <span class='ocrx_word' id='word_1_22' title='bbox 1666 679 1720 733; x_wconf 88' lang='lat' dir='ltr'><strong>aut</strong></span> 
     </span>
    </p>
   </div>
   <div class='ocr_carea' id='block_1_3' title="bbox 173 769 923 1838">
    <p class='ocr_par' dir='ltr' id='par_1_3' title="bbox 173 769 923 1443">
     <span class='ocr_line' id='line_1_3' title="bbox 174 769 923 853; baseline -0.001 -22"><span class='ocrx_word' id='word_1_23' title='bbox 174 771 342 833; x_wconf 86' lang='lat' dir='ltr'><strong>scribenda</strong></span> <span class='ocrx_word' id='word_1_24' title='bbox 357 780 406 834; x_wconf 89' lang='lat' dir='ltr'><strong>est</strong></span> <span class='ocrx_word' id='word_1_25' title='bbox 422 771 604 853; x_wconf 90' lang='lat' dir='ltr'><strong>hujusmodi</strong></span> <span class='ocrx_word' id='word_1_26' title='bbox 622 769 923 852; x_wconf 74' lang='lat' dir='ltr'><strong>sapientiaetquid-</strong></span> 
     </span>
     <span class='ocr_line' id='line_1_4' title="bbox 173 869 922 951; baseline -0.007 -20"><span class='ocrx_word' id='word_1_27' title='bbox 173 869 251 951; x_wconf 90' lang='lat' dir='ltr'><strong>quid</strong></span> <span class='ocrx_word' id='word_1_28' title='bbox 267 878 438 949; x_wconf 83' lang='lat' dir='ltr'><strong>generatur</strong></span> <span class='ocrx_word' id='word_1_29' title='bbox 453 889 492 933; x_wconf 89' lang='lat' dir='ltr'><strong>ex</strong></span> <span class='ocrx_word' id='word_1_30' title='bbox 507 872 634 946; x_wconf 72' lang='lat' dir='ltr'><strong>calpae</strong></span> <span class='ocrx_word' id='word_1_31' title='bbox 645 890 717 929; x_wconf 84' lang='lat' dir='ltr'><strong>vcro</strong></span> <span class='ocrx_word' id='word_1_32' title='bbox 732 870 832 929; x_wconf 78' lang='lat' dir='ltr'><strong>eaibit</strong></span> <span class='ocrx_word' id='word_1_33' title='bbox 847 888 922 927; x_wconf 81' lang='lat' dir='ltr'><strong>carn</strong></span> 
     </span>
     <span class='ocr_line' id='line_1_5' title="bbox 174 966 921 1048; baseline 0.003 -21"><span class='ocrx_word' id='word_1_34' title='bbox 174 970 289 1029; x_wconf 82' lang='lat' dir='ltr'><strong>vestita</strong></span> <span class='ocrx_word' id='word_1_35' title='bbox 304 988 362 1029; x_wconf 80' lang='lat' dir='ltr'><strong>sao</strong></span> <span class='ocrx_word' id='word_1_36' title='bbox 378 990 389 1029; x_wconf 92' lang='lat'><strong>.·</strong></span> <span class='ocrx_word' id='word_1_37' title='bbox 407 987 479 1030; x_wconf 92' lang='lat' dir='ltr'><strong>nam</strong></span> <span class='ocrx_word' id='word_1_38' title='bbox 495 967 643 1048; x_wconf 89' lang='lat' dir='ltr'><strong>quamvis</strong></span> <span class='ocrx_word' id='word_1_39' title='bbox 658 966 767 1029; x_wconf 92' lang='lat' dir='ltr'><strong>omnia</strong></span> <span class='ocrx_word' id='word_1_40' title='bbox 782 966 843 1028; x_wconf 90' lang='lat' dir='ltr'><strong>ista</strong></span> <span class='ocrx_word' id='word_1_41' title='bbox 858 967 921 1029; x_wconf 82' lang='lat' dir='ltr'><strong>fleo</strong></span> 
     </span>
     <span class='ocr_line' id='line_1_6' title="bbox 173 1064 922 1148; baseline -0.003 -21"><span class='ocrx_word' id='word_1_42' title='bbox 173 1065 404 1144; x_wconf 93' lang='lat' dir='ltr'><strong>attribuuntur,</strong></span> <span class='ocrx_word' id='word_1_43' title='bbox 423 1066 525 1130; x_wconf 85' lang='lat' dir='ltr'><strong>nihilo</strong></span> <span class='ocrx_word' id='word_1_44' title='bbox 544 1065 651 1127; x_wconf 90' lang='lat' dir='ltr'><strong>minus</strong></span> <span class='ocrx_word' id='word_1_45' title='bbox 672 1064 870 1148; x_wconf 74' lang='lat' dir='ltr'><strong>imputantur</strong></span> <span class='ocrx_word' id='word_1_46' title='bbox 890 1072 922 1125; x_wconf 91' lang='lat' dir='ltr'><strong>et</strong></span> 
     </span>
     <span class='ocr_line' id='line_1_7' title="bbox 174 1164 920 1243; baseline -0.004 -17"><span class='ocrx_word' id='word_1_47' title='bbox 174 1165 214 1239; x_wconf 89' lang='lat' dir='ltr'><strong>ei,</strong></span> <span class='ocrx_word' id='word_1_48' title='bbox 239 1164 292 1226; x_wconf 89' lang='lat' dir='ltr'><strong>cui</strong></span> <span class='ocrx_word' id='word_1_49' title='bbox 317 1164 426 1227; x_wconf 90' lang='lat' dir='ltr'><strong>infusa</strong></span> <span class='ocrx_word' id='word_1_50' title='bbox 449 1173 504 1227; x_wconf 88' lang='lat' dir='ltr'><strong>aut</strong></span> <span class='ocrx_word' id='word_1_51' title='bbox 528 1165 601 1227; x_wconf 91' lang='lat' dir='ltr'><strong>data</strong></span> <span class='ocrx_word' id='word_1_52' title='bbox 627 1172 722 1238; x_wconf 79' lang='lat' dir='ltr'><strong>sunt3</strong></span> <span class='ocrx_word' id='word_1_53' title='bbox 746 1181 920 1243; x_wconf 90' lang='lat' dir='ltr'><strong>eorumque</strong></span> 
     </span>
     <span class='ocr_line' id='line_1_8' title="bbox 175 1260 922 1344; baseline -0.003 -21"><span class='ocrx_word' id='word_1_54' title='bbox 175 1262 297 1324; x_wconf 90' lang='lat' dir='ltr'><strong>meritis</strong></span> <span class='ocrx_word' id='word_1_55' title='bbox 320 1263 433 1325; x_wconf 82' lang='lat' dir='ltr'><strong>transit</strong></span> <span class='ocrx_word' id='word_1_56' title='bbox 448 1263 486 1326; x_wconf 91' lang='lat' dir='ltr'><strong>de</strong></span> <span class='ocrx_word' id='word_1_57' title='bbox 501 1263 553 1327; x_wconf 87' lang='lat' dir='ltr'><strong>via</strong></span> <span class='ocrx_word' id='word_1_58' title='bbox 568 1262 606 1325; x_wconf 89' lang='lat' dir='ltr'><strong>ad</strong></span> <span class='ocrx_word' id='word_1_59' title='bbox 622 1262 770 1344; x_wconf 85' lang='lat' dir='ltr'><strong>patriam,</strong></span> <span class='ocrx_word' id='word_1_60' title='bbox 787 1261 827 1323; x_wconf 94' lang='lat' dir='ltr'><strong>de</strong></span> <span class='ocrx_word' id='word_1_61' title='bbox 847 1260 922 1321; x_wconf 91' lang='lat' dir='ltr'><strong>infi-</strong></span> 
     </span>
     <span class='ocr_line' id='line_1_9' title="bbox 175 1360 467 1443; baseline 0.003 -22"><span class='ocrx_word' id='word_1_62' title='bbox 175 1360 234 1421; x_wconf 93' lang='lat' dir='ltr'><strong>mis</strong></span> <span class='ocrx_word' id='word_1_63' title='bbox 250 1361 289 1422; x_wconf 92' lang='lat' dir='ltr'><strong>ad</strong></span> <span class='ocrx_word' id='word_1_64' title='bbox 306 1380 467 1443; x_wconf 90' lang='lat' dir='ltr'><strong>suprema.</strong></span> 
     </span>
    </p>

    <p class='ocr_par' dir='ltr' id='par_1_4' title="bbox 174 1459 923 1838">
     <span class='ocr_line' id='line_1_10' title="bbox 209 1459 921 1536; baseline -0.004 -15"><span class='ocrx_word' id='word_1_65' title='bbox 209 1463 300 1528; x_wconf 81' lang='lat' dir='ltr'><strong>Quod</strong></span> <span class='ocrx_word' id='word_1_66' title='bbox 315 1462 345 1519; x_wconf 84' lang='lat' dir='ltr'><strong>si</strong></span> <span class='ocrx_word' id='word_1_67' title='bbox 359 1462 483 1520; x_wconf 80' lang='lat' dir='ltr'><strong>diacrit</strong></span> <span class='ocrx_word' id='word_1_68' title='bbox 497 1460 740 1536; x_wconf 62' lang='lat' dir='ltr'><strong>serenantttyo</strong></span> <span class='ocrx_word' id='word_1_69' title='bbox 750 1459 921 1519; x_wconf 84' lang='lat' dir='ltr'><strong>dominam</strong></span> 
     </span>
     <span class='ocr_line' id='line_1_11' title="bbox 175 1554 922 1635; baseline -0.003 -17"><span class='ocrx_word' id='word_1_70' title='bbox 175 1578 280 1619; x_wconf 83' lang='lat' dir='ltr'><strong>meam</strong></span> <span class='ocrx_word' id='word_1_71' title='bbox 296 1580 307 1618; x_wconf 94' lang='grc'><strong>.·</strong></span> <span class='ocrx_word' id='word_1_72' title='bbox 325 1558 357 1620; x_wconf 92' lang='lat' dir='ltr'><strong>id</strong></span> <span class='ocrx_word' id='word_1_73' title='bbox 378 1566 436 1635; x_wconf 89' lang='lat' dir='ltr'><strong>est,</strong></span> <span class='ocrx_word' id='word_1_74' title='bbox 460 1558 486 1619; x_wconf 92' lang='lat' dir='ltr'><strong>si</strong></span> <span class='ocrx_word' id='word_1_75' title='bbox 506 1576 613 1621; x_wconf 87' lang='lat' dir='ltr'><strong>amore</strong></span> <span class='ocrx_word' id='word_1_76' title='bbox 633 1556 750 1621; x_wconf 85' lang='lat' dir='ltr'><strong>Christi</strong></span> <span class='ocrx_word' id='word_1_77' title='bbox 772 1554 922 1619; x_wconf 90' lang='lat' dir='ltr'><strong>maluerit</strong></span> 
     </span>
     <span class='ocr_line' id='line_1_12' title="bbox 174 1654 923 1739; baseline -0.001 -22"><span class='ocrx_word' id='word_1_78' title='bbox 174 1656 207 1719; x_wconf 93' lang='lat' dir='ltr'><strong>in</strong></span> <span class='ocrx_word' id='word_1_79' title='bbox 224 1657 290 1720; x_wconf 82' lang='lat' dir='ltr'><strong>vita</strong></span> <span class='ocrx_word' id='word_1_80' title='bbox 305 1676 435 1721; x_wconf 87' lang='lat' dir='ltr'><strong>manere</strong></span> <span class='ocrx_word' id='word_1_81' title='bbox 454 1657 568 1734; x_wconf 89' lang='lat' dir='ltr'><strong>activa,</strong></span> <span class='ocrx_word' id='word_1_82' title='bbox 586 1664 621 1720; x_wconf 89' lang='lat' dir='ltr'><strong>ut</strong></span> <span class='ocrx_word' id='word_1_83' title='bbox 641 1656 713 1719; x_wconf 90' lang='lat' dir='ltr'><strong>aliis</strong></span> <span class='ocrx_word' id='word_1_84' title='bbox 735 1655 847 1739; x_wconf 85' lang='lat' dir='ltr'><strong>prosit,</strong></span> <span class='ocrx_word' id='word_1_85' title='bbox 866 1654 923 1717; x_wconf 92' lang='lat' dir='ltr'><strong>mi-</strong></span> 
     </span>
     <span class='ocr_line' id='line_1_13' title="bbox 175 1753 922 1838; baseline -0.003 -21"><span class='ocrx_word' id='word_1_86' title='bbox 175 1754 286 1819; x_wconf 87' lang='lat' dir='ltr'><strong>nistret</strong></span> <span class='ocrx_word' id='word_1_87' title='bbox 301 1764 334 1819; x_wconf 88' lang='lat' dir='ltr'><strong>et</strong></span> <span class='ocrx_word' id='word_1_88' title='bbox 349 1775 446 1838; x_wconf 88' lang='lat' dir='ltr'><strong>opera</strong></span> <span class='ocrx_word' id='word_1_89' title='bbox 463 1755 610 1819; x_wconf 87' lang='lat' dir='ltr'><strong>exhibeat</strong></span> <span class='ocrx_word' id='word_1_90' title='bbox 633 1756 760 1838; x_wconf 90' lang='lat' dir='ltr'><strong>pietatis</strong></span> <span class='ocrx_word' id='word_1_91' title='bbox 773 1779 780 1829; x_wconf 83' lang='lat'>3</span> <span class='ocrx_word' id='word_1_92' title='bbox 803 1753 922 1818; x_wconf 87' lang='lat' dir='ltr'><strong>offerat</strong></span> 
     </span>
    </p>
   </div>
   <div class='ocr_carea' id='block_1_4' title="bbox 975 767 1722 1835">
    <p class='ocr_par' dir='ltr' id='par_1_5' title="bbox 975 767 1722 1835">
     <span class='ocr_line' id='line_1_14' title="bbox 977 767 1722 852; baseline 0 -23"><span class='ocrx_word' id='word_1_93' title='bbox 977 767 1168 848; x_wconf 76' lang='lat' dir='ltr'><strong>Ignorantia,</strong></span> <span class='ocrx_word' id='word_1_94' title='bbox 1178 768 1428 832; x_wconf 90' lang='lat' dir='ltr'><strong>misericordiam</strong></span> <span class='ocrx_word' id='word_1_95' title='bbox 1443 769 1596 851; x_wconf 83' lang='lat' dir='ltr'><strong>consequi</strong></span> <span class='ocrx_word' id='word_1_96' title='bbox 1607 778 1722 852; x_wconf 88' lang='lat' dir='ltr'><strong>potest,</strong></span> 
     </span>
     <span class='ocr_line' id='line_1_15' title="bbox 976 866 1722 947; baseline -0.003 -19"><span class='ocrx_word' id='word_1_97' title='bbox 976 875 1008 929; x_wconf 97' lang='grc' dir='ltr'><strong>θῖ</strong></span> <span class='ocrx_word' id='word_1_98' title='bbox 1028 866 1265 930; x_wconf 81' lang='lat' dir='ltr'><strong>damnationem</strong></span> <span class='ocrx_word' id='word_1_99' title='bbox 1286 867 1429 930; x_wconf 89' lang='lat' dir='ltr'><strong>evadere.</strong></span> <span class='ocrx_word' id='word_1_100' title='bbox 1451 870 1493 929; x_wconf 80' lang='lat' dir='ltr'><strong>Si</strong></span> <span class='ocrx_word' id='word_1_101' title='bbox 1511 870 1584 947; x_wconf 86' lang='lat' dir='ltr'><strong>qais</strong></span> <span class='ocrx_word' id='word_1_102' title='bbox 1595 888 1655 947; x_wconf 86' lang='lat' dir='ltr'><strong>per</strong></span> <span class='ocrx_word' id='word_1_103' title='bbox 1671 870 1722 927; x_wconf 85' lang='lat' dir='ltr'><strong>in-</strong></span> 
     </span>
     <span class='ocr_line' id='line_1_16' title="bbox 975 967 1720 1042; baseline 0.004 -17"><span class='ocrx_word' id='word_1_104' title='bbox 975 967 1139 1025; x_wconf 79' lang='lat' dir='ltr'><strong>dustriam</strong></span> <span class='ocrx_word' id='word_1_105' title='bbox 1163 967 1314 1025; x_wconf 81' lang='lat' dir='ltr'><strong>occiderit</strong></span> <span class='ocrx_word' id='word_1_106' title='bbox 1333 968 1524 1042; x_wconf 75' lang='lat' dir='ltr'><strong>proximam</strong></span> <span class='ocrx_word' id='word_1_107' title='bbox 1549 986 1661 1037; x_wconf 79' lang='lat' dir='ltr'><strong>snam,</strong></span> <span class='ocrx_word' id='word_1_108' title='bbox 1688 967 1720 1028; x_wconf 92' lang='lat' dir='ltr'><strong>id</strong></span> 
     </span>
     <span class='ocr_line' id='line_1_17' title="bbox 976 1062 1721 1145; baseline 0.001 -20"><span class='ocrx_word' id='word_1_109' title='bbox 976 1062 1214 1141; x_wconf 89' lang='lat' dir='ltr'><strong>est,calliditate</strong></span> <span class='ocrx_word' id='word_1_110' title='bbox 1225 1062 1358 1145; x_wconf 90' lang='lat' dir='ltr'><strong>vulpina</strong></span> <span class='ocrx_word' id='word_1_111' title='bbox 1375 1064 1502 1126; x_wconf 83' lang='lat' dir='ltr'><strong>traxerit</strong></span> <span class='ocrx_word' id='word_1_112' title='bbox 1518 1064 1721 1127; x_wconf 88' lang='lat' dir='ltr'><strong>innocentem</strong></span> 
     </span>
     <span class='ocr_line' id='line_1_18' title="bbox 976 1160 1722 1243; baseline -0.001 -20"><span class='ocrx_word' id='word_1_113' title='bbox 976 1180 1013 1224; x_wconf 89' lang='lat' dir='ltr'><strong>ao</strong></span> <span class='ocrx_word' id='word_1_114' title='bbox 1037 1160 1216 1242; x_wconf 82' lang='lat' dir='ltr'><strong>simplicem</strong></span> <span class='ocrx_word' id='word_1_115' title='bbox 1241 1162 1281 1223; x_wconf 90' lang='lat' dir='ltr'><strong>ad</strong></span> <span class='ocrx_word' id='word_1_116' title='bbox 1305 1163 1529 1243; x_wconf 81' lang='lat' dir='ltr'><strong>peccandum3</strong></span> <span class='ocrx_word' id='word_1_117' title='bbox 1556 1164 1596 1223; x_wconf 86' lang='lat' dir='ltr'><strong>ab</strong></span> <span class='ocrx_word' id='word_1_118' title='bbox 1619 1165 1722 1223; x_wconf 78' lang='lat' dir='ltr'><strong>attari</strong></span> 
     </span>
     <span class='ocr_line' id='line_1_19' title="bbox 976 1259 1721 1340; baseline 0.004 -20"><span class='ocrx_word' id='word_1_119' title='bbox 976 1279 1042 1320; x_wconf 78' lang='lat' dir='ltr'><strong>aneo</strong></span> <span class='ocrx_word' id='word_1_120' title='bbox 1057 1264 1174 1320; x_wconf 80' lang='lat' dir='ltr'><strong>avelles</strong></span> <span class='ocrx_word' id='word_1_121' title='bbox 1189 1280 1273 1331; x_wconf 77' lang='lat' dir='ltr'><strong>earn,</strong></span> <span class='ocrx_word' id='word_1_122' title='bbox 1291 1259 1324 1321; x_wconf 92' lang='lat' dir='ltr'><strong>id</strong></span> <span class='ocrx_word' id='word_1_123' title='bbox 1339 1267 1398 1337; x_wconf 90' lang='grc' dir='ltr'><strong>θεῖ,</strong></span> <span class='ocrx_word' id='word_1_124' title='bbox 1412 1260 1557 1340; x_wconf 86' lang='lat' dir='ltr'><strong>ingressu</strong></span> <span class='ocrx_word' id='word_1_125' title='bbox 1572 1260 1721 1323; x_wconf 75' lang='lat' dir='ltr'><strong>Ecclesia</strong></span> 
     </span>
     <span class='ocr_line' id='line_1_20' title="bbox 976 1360 1722 1442; baseline 0 -23"><span class='ocrx_word' id='word_1_126' title='bbox 976 1366 1008 1419; x_wconf 88' lang='lat' dir='ltr'><strong>et</strong></span> <span class='ocrx_word' id='word_1_127' title='bbox 1028 1366 1298 1421; x_wconf 88' lang='lat' dir='ltr'><strong>sacramentorum</strong></span> <span class='ocrx_word' id='word_1_128' title='bbox 1318 1360 1544 1422; x_wconf 90' lang='lat' dir='ltr'><strong>communione</strong></span> <span class='ocrx_word' id='word_1_129' title='bbox 1558 1367 1722 1442; x_wconf 88' lang='lat' dir='ltr'><strong>reputetur</strong></span> 
     </span>
     <span class='ocr_line' id='line_1_21' title="bbox 977 1455 1719 1539; baseline 0.003 -22"><span class='ocrx_word' id='word_1_130' title='bbox 977 1455 1140 1537; x_wconf 90' lang='lat' dir='ltr'><strong>indignus,</strong></span> <span class='ocrx_word' id='word_1_131' title='bbox 1159 1466 1309 1539; x_wconf 89' lang='lat' dir='ltr'><strong>tanquam</strong></span> <span class='ocrx_word' id='word_1_132' title='bbox 1326 1459 1474 1521; x_wconf 89' lang='lat' dir='ltr'><strong>seductor</strong></span> <span class='ocrx_word' id='word_1_133' title='bbox 1490 1458 1719 1539; x_wconf 78' lang='lat' dir='ltr'><strong>nequissimus</strong></span> 
     </span>
     <span class='ocr_line' id='line_1_22' title="bbox 978 1558 1718 1635; baseline 0.003 -20"><span class='ocrx_word' id='word_1_134' title='bbox 978 1558 1039 1624; x_wconf 80' lang='lat' dir='ltr'><strong>Qut</strong></span> <span class='ocrx_word' id='word_1_135' title='bbox 1051 1559 1244 1635; x_wconf 81' lang='lat' dir='ltr'><strong>percusserit</strong></span> <span class='ocrx_word' id='word_1_136' title='bbox 1250 1567 1378 1634; x_wconf 85' lang='lat' dir='ltr'><strong>patrem</strong></span> <span class='ocrx_word' id='word_1_137' title='bbox 1388 1578 1486 1617; x_wconf 83' lang='lat' dir='ltr'><strong>saara</strong></span> <span class='ocrx_word' id='word_1_138' title='bbox 1497 1566 1555 1618; x_wconf 83' lang='lat' dir='ltr'><strong>aut</strong></span> <span class='ocrx_word' id='word_1_139' title='bbox 1571 1566 1718 1629; x_wconf 82' lang='lat' dir='ltr'><strong>matrem,</strong></span> 
     </span>
     <span class='ocr_line' id='line_1_23' title="bbox 977 1654 1722 1738; baseline 0.004 -23"><span class='ocrx_word' id='word_1_140' title='bbox 977 1654 1009 1716; x_wconf 93' lang='lat' dir='ltr'><strong>id</strong></span> <span class='ocrx_word' id='word_1_141' title='bbox 1025 1663 1084 1731; x_wconf 91' lang='lat' dir='ltr'><strong>est,</strong></span> <span class='ocrx_word' id='word_1_142' title='bbox 1097 1654 1256 1736; x_wconf 91' lang='lat' dir='ltr'><strong>spirituali</strong></span> <span class='ocrx_word' id='word_1_143' title='bbox 1271 1663 1326 1717; x_wconf 92' lang='lat' dir='ltr'><strong>aut</strong></span> <span class='ocrx_word' id='word_1_144' title='bbox 1341 1655 1498 1737; x_wconf 88' lang='lat' dir='ltr'><strong>corporali</strong></span> <span class='ocrx_word' id='word_1_145' title='bbox 1515 1656 1722 1738; x_wconf 89' lang='lat' dir='ltr'><strong>percussione</strong></span> 
     </span>
     <span class='ocr_line' id='line_1_24' title="bbox 977 1752 1721 1835; baseline 0.005 -23"><span class='ocrx_word' id='word_1_146' title='bbox 977 1752 1143 1833; x_wconf 71' lang='lat' dir='ltr'><strong>prelatum</strong></span> <span class='ocrx_word' id='word_1_147' title='bbox 1156 1762 1211 1814; x_wconf 88' lang='lat' dir='ltr'><strong>aut</strong></span> <span class='ocrx_word' id='word_1_148' title='bbox 1225 1753 1388 1835; x_wconf 82' lang='lat' dir='ltr'><strong>praelatam</strong></span> <span class='ocrx_word' id='word_1_149' title='bbox 1404 1753 1588 1832; x_wconf 85' lang='lat' dir='ltr'><strong>offenderit,</strong></span> <span class='ocrx_word' id='word_1_150' title='bbox 1595 1763 1650 1816; x_wconf 88' lang='lat' dir='ltr'><strong>aut</strong></span> <span class='ocrx_word' id='word_1_151' title='bbox 1665 1754 1721 1835; x_wconf 95' lang='lat' dir='ltr'><strong>qui</strong></span> 
     </span>
    </p>
   </div>
   <div class='ocr_carea' id='block_1_5' title="bbox 173 1850 1721 1936">
    <p class='ocr_par' dir='ltr' id='par_1_6' title="bbox 173 1850 1721 1936">
     <span class='ocr_line' id='line_1_25' title="bbox 173 1850 1721 1936; baseline 0.001 -24"><span class='ocrx_word' id='word_1_152' title='bbox 173 1874 243 1914; x_wconf 81' lang='lat' dir='ltr'><strong>carn</strong></span> <span class='ocrx_word' id='word_1_153' title='bbox 267 1857 423 1915; x_wconf 81' lang='lat' dir='ltr'><strong>dominas</strong></span> <span class='ocrx_word' id='word_1_154' title='bbox 446 1858 525 1927; x_wconf 82' lang='lat' dir='ltr'><strong>diis,</strong></span> <span class='ocrx_word' id='word_1_155' title='bbox 551 1855 583 1917; x_wconf 92' lang='lat' dir='ltr'><strong>id</strong></span> <span class='ocrx_word' id='word_1_156' title='bbox 610 1864 668 1931; x_wconf 92' lang='lat' dir='ltr'><strong>est,</strong></span> <span class='ocrx_word' id='word_1_157' title='bbox 696 1852 919 1936; x_wconf 88' lang='lat' dir='ltr'><strong>spiritualibus</strong></span> <span class='ocrx_word' id='word_1_158' title='bbox 935 1851 959 1913; x_wconf 90' lang='lat' dir='ltr'>B</span> <span class='ocrx_word' id='word_1_159' title='bbox 977 1850 1195 1932; x_wconf 91' lang='lat' dir='ltr'><strong>superioribus</strong></span> <span class='ocrx_word' id='word_1_160' title='bbox 1216 1852 1283 1914; x_wconf 93' lang='lat' dir='ltr'><strong>suis</strong></span> <span class='ocrx_word' id='word_1_161' title='bbox 1304 1851 1525 1928; x_wconf 89' lang='lat' dir='ltr'><strong>maledixerit;</strong></span> <span class='ocrx_word' id='word_1_162' title='bbox 1546 1856 1721 1923; x_wconf 83' lang='lat' dir='ltr'><strong>moriatur,</strong></span> 
     </span>
    </p>
   </div>
   <div class='ocr_carea' id='block_1_6' title="bbox 174 1952 923 2228">
    <p class='ocr_par' dir='ltr' id='par_1_7' title="bbox 174 1952 923 2228">
     <span class='ocr_line' id='line_1_26' title="bbox 174 1952 923 2036; baseline 0 -23"><span class='ocrx_word' id='word_1_163' title='bbox 174 1953 319 2033; x_wconf 89' lang='lat' dir='ltr'><strong>patribus</strong></span> <span class='ocrx_word' id='word_1_164' title='bbox 339 1972 397 2017; x_wconf 88' lang='lat' dir='ltr'><strong>suo</strong></span> <span class='ocrx_word' id='word_1_165' title='bbox 420 1962 562 2036; x_wconf 88' lang='lat' dir='ltr'><strong>tempore</strong></span> <span class='ocrx_word' id='word_1_166' title='bbox 582 1959 801 2035; x_wconf 73' lang='lat' dir='ltr'><strong>presentetur,</strong></span> <span class='ocrx_word' id='word_1_167' title='bbox 818 1972 837 2014; x_wconf 95' lang='lat' dir='ltr'><strong>a</strong></span> <span class='ocrx_word' id='word_1_168' title='bbox 852 1952 923 2033; x_wconf 90' lang='lat' dir='ltr'><strong>qui·</strong></span> 
     </span>
     <span class='ocr_line' id='line_1_27' title="bbox 175 2050 922 2134; baseline 0 -23"><span class='ocrx_word' id='word_1_169' title='bbox 175 2050 232 2113; x_wconf 92' lang='lat' dir='ltr'><strong>bus</strong></span> <span class='ocrx_word' id='word_1_170' title='bbox 253 2060 286 2114; x_wconf 90' lang='grc' dir='ltr'><strong>θῖ</strong></span> <span class='ocrx_word' id='word_1_171' title='bbox 310 2052 479 2134; x_wconf 81' lang='lat' dir='ltr'><strong>dirigatur.</strong></span> <span class='ocrx_word' id='word_1_172' title='bbox 505 2056 547 2114; x_wconf 77' lang='lat' dir='ltr'><strong>Et</strong></span> <span class='ocrx_word' id='word_1_173' title='bbox 568 2054 787 2130; x_wconf 80' lang='lat' dir='ltr'><strong>applicabitur</strong></span> <span class='ocrx_word' id='word_1_174' title='bbox 811 2055 854 2112; x_wconf 85' lang='lat' dir='ltr'><strong>ad</strong></span> <span class='ocrx_word' id='word_1_175' title='bbox 876 2072 922 2111; x_wconf 83' lang='lat' dir='ltr'><strong>os-</strong></span> 
     </span>
     <span class='ocr_line' id='line_1_28' title="bbox 176 2149 921 2228; baseline 0.007 -20"><span class='ocrx_word' id='word_1_176' title='bbox 176 2152 257 2211; x_wconf 82' lang='lat' dir='ltr'><strong>tiam</strong></span> <span class='ocrx_word' id='word_1_177' title='bbox 273 2150 484 2228; x_wconf 88' lang='lat' dir='ltr'><strong>tabernaculi,</strong></span> <span class='ocrx_word' id='word_1_178' title='bbox 503 2150 537 2213; x_wconf 93' lang='lat' dir='ltr'><strong>id</strong></span> <span class='ocrx_word' id='word_1_179' title='bbox 556 2159 615 2228; x_wconf 90' lang='lat' dir='ltr'><strong>est,</strong></span> <span class='ocrx_word' id='word_1_180' title='bbox 633 2150 666 2212; x_wconf 95' lang='lat' dir='ltr'><strong>in</strong></span> <span class='ocrx_word' id='word_1_181' title='bbox 689 2149 755 2212; x_wconf 90' lang='lat' dir='ltr'><strong>lide</strong></span> <span class='ocrx_word' id='word_1_182' title='bbox 772 2150 921 2213; x_wconf 73' lang='lat' dir='ltr'><strong>Ecclesia</strong></span> 
     </span>
    </p>
   </div>
   <div class='ocr_carea' id='block_1_7' title="bbox 51 2248 921 2330">
    <p class='ocr_par' dir='ltr' id='par_1_8' title="bbox 51 2248 921 2330">
     <span class='ocr_line' id='line_1_29' title="bbox 51 2248 921 2330; baseline 0.002 -23"><span class='ocrx_word' id='word_1_183' title='bbox 51 2254 160 2305; x_wconf 68' lang='lat' dir='ltr'><strong>tuna-rr·</strong></span> <span class='ocrx_word' id='word_1_184' title='bbox 176 2248 367 2327; x_wconf 89' lang='lat' dir='ltr'><strong>stabilietur,</strong></span> <span class='ocrx_word' id='word_1_185' title='bbox 389 2258 420 2312; x_wconf 92' lang='lat' dir='ltr'><strong>et</strong></span> <span class='ocrx_word' id='word_1_186' title='bbox 439 2249 565 2313; x_wconf 89' lang='lat' dir='ltr'><strong>Christo</strong></span> <span class='ocrx_word' id='word_1_187' title='bbox 584 2249 653 2330; x_wconf 91' lang='lat' dir='ltr'><strong>(qui</strong></span> <span class='ocrx_word' id='word_1_188' title='bbox 674 2248 744 2311; x_wconf 88' lang='lat' dir='ltr'><strong>ait:</strong></span> <span class='ocrx_word' id='word_1_189' title='bbox 762 2249 828 2329; x_wconf 95' lang='lat' dir='ltr'><strong>Ego</strong></span> <span class='ocrx_word' id='word_1_190' title='bbox 850 2266 921 2310; x_wconf 92' lang='lat' dir='ltr'><strong>sum</strong></span> 
     </span>
    </p>
   </div>
   <div class='ocr_carea' id='block_1_8' title="bbox 102 2347 923 3015">
    <p class='ocr_par' dir='ltr' id='par_1_9' title="bbox 102 2347 923 3015">
     <span class='ocr_line' id='line_1_30' title="bbox 174 2347 923 2431; baseline -0.001 -22"><span class='ocrx_word' id='word_1_191' title='bbox 174 2347 306 2428; x_wconf 89' lang='lat' dir='ltr'><strong>ostium)</strong></span> <span class='ocrx_word' id='word_1_192' title='bbox 320 2349 544 2431; x_wconf 86' lang='lat' dir='ltr'><strong>conjungetur,</strong></span> <span class='ocrx_word' id='word_1_193' title='bbox 560 2356 596 2409; x_wconf 91' lang='lat' dir='ltr'><strong>ut.</strong></span> <span class='ocrx_word' id='word_1_194' title='bbox 617 2347 740 2428; x_wconf 92' lang='lat' dir='ltr'><strong>aliquid</strong></span> <span class='ocrx_word' id='word_1_195' title='bbox 763 2347 859 2409; x_wconf 88' lang='lat' dir='ltr'><strong>etiam</strong></span> <span class='ocrx_word' id='word_1_196' title='bbox 882 2347 923 2409; x_wconf 91' lang='lat' dir='ltr'><strong>de</strong></span> 
     </span>
     <span class='ocr_line' id='line_1_31' title="bbox 174 2444 923 2528; baseline 0.003 -23"><span class='ocrx_word' id='word_1_197' title='bbox 174 2445 384 2528; x_wconf 90' lang='lat' dir='ltr'><strong>triumphanti</strong></span> <span class='ocrx_word' id='word_1_198' title='bbox 396 2446 538 2509; x_wconf 87' lang='lat' dir='ltr'><strong>Ecclesia</strong></span> <span class='ocrx_word' id='word_1_199' title='bbox 547 2444 848 2528; x_wconf 87' lang='lat' dir='ltr'><strong>Omnipotcntisque</strong></span> <span class='ocrx_word' id='word_1_200' title='bbox 859 2463 923 2507; x_wconf 92' lang='lat' dir='ltr'><strong>ma·</strong></span> 
     </span>
     <span class='ocr_line' id='line_1_32' title="bbox 172 2544 923 2626; baseline 0 -20"><span class='ocrx_word' id='word_1_201' title='bbox 172 2544 285 2623; x_wconf 86' lang='lat' dir='ltr'><strong>jestate</strong></span> <span class='ocrx_word' id='word_1_202' title='bbox 300 2554 332 2609; x_wconf 92' lang='lat' dir='ltr'><strong>et</strong></span> <span class='ocrx_word' id='word_1_203' title='bbox 346 2545 448 2625; x_wconf 91' lang='lat' dir='ltr'><strong>gloria</strong></span> <span class='ocrx_word' id='word_1_204' title='bbox 463 2544 709 2626; x_wconf 88' lang='lat' dir='ltr'><strong>contempletur.</strong></span> <span class='ocrx_word' id='word_1_205' title='bbox 723 2547 923 2624; x_wconf 82' lang='lat' dir='ltr'><strong>Perforabit·</strong></span> 
     </span>
     <span class='ocr_line' id='line_1_33' title="bbox 174 2644 921 2723; baseline 0.001 -19"><span class='ocrx_word' id='word_1_206' title='bbox 174 2664 233 2723; x_wconf 84' lang='lat' dir='ltr'><strong>qne</strong></span> <span class='ocrx_word' id='word_1_207' title='bbox 247 2665 363 2705; x_wconf 82' lang='lat' dir='ltr'><strong>aurern</strong></span> <span class='ocrx_word' id='word_1_208' title='bbox 375 2646 446 2721; x_wconf 83' lang='lat' dir='ltr'><strong>ejas</strong></span> <span class='ocrx_word' id='word_1_209' title='bbox 459 2647 577 2705; x_wconf 80' lang='lat' dir='ltr'><strong>sabata</strong></span> <span class='ocrx_word' id='word_1_210' title='bbox 588 2664 599 2703; x_wconf 89' lang='lat'><strong>.·</strong></span> <span class='ocrx_word' id='word_1_211' title='bbox 610 2644 643 2705; x_wconf 91' lang='lat' dir='ltr'><strong>id</strong></span> <span class='ocrx_word' id='word_1_212' title='bbox 658 2650 716 2719; x_wconf 90' lang='lat' dir='ltr'><strong>est,</strong></span> <span class='ocrx_word' id='word_1_213' title='bbox 735 2644 921 2707; x_wconf 87' lang='lat' dir='ltr'><strong>interiorem</strong></span> 
     </span>
     <span class='ocr_line' id='line_1_34' title="bbox 173 2741 923 2825; baseline 0.001 -22"><span class='ocrx_word' id='word_1_214' title='bbox 173 2742 242 2823; x_wconf 86' lang='lat' dir='ltr'><strong>ejus</strong></span> <span class='ocrx_word' id='word_1_215' title='bbox 257 2743 403 2805; x_wconf 91' lang='lat' dir='ltr'><strong>auditum</strong></span> <span class='ocrx_word' id='word_1_216' title='bbox 420 2741 600 2825; x_wconf 89' lang='lat' dir='ltr'><strong>penetrabit</strong></span> <span class='ocrx_word' id='word_1_217' title='bbox 616 2741 766 2804; x_wconf 89' lang='lat' dir='ltr'><strong>stimulus</strong></span> <span class='ocrx_word' id='word_1_218' title='bbox 781 2760 923 2823; x_wconf 86' lang='lat' dir='ltr'><strong>compas-</strong></span> 
     </span>
     <span class='ocr_line' id='line_1_35' title="bbox 102 2838 922 2923; baseline 0.002 -23"><span class='ocrx_word' id='word_1_219' title='bbox 102 2878 105 2883; x_wconf 94' lang='lat'>-</span> <span class='ocrx_word' id='word_1_220' title='bbox 174 2839 284 2916; x_wconf 78' lang='lat' dir='ltr'><strong>sioniS,</strong></span> <span class='ocrx_word' id='word_1_221' title='bbox 304 2839 355 2904; x_wconf 90' lang='lat' dir='ltr'><strong>vel</strong></span> <span class='ocrx_word' id='word_1_222' title='bbox 378 2860 512 2903; x_wconf 88' lang='lat' dir='ltr'><strong>acumen</strong></span> <span class='ocrx_word' id='word_1_223' title='bbox 535 2838 794 2923; x_wconf 88' lang='lat' dir='ltr'><strong>compunctionis</strong></span> <span class='ocrx_word' id='word_1_224' title='bbox 816 2857 823 2901; x_wconf 93' lang='lat'>:</span> <span class='ocrx_word' id='word_1_225' title='bbox 845 2839 922 2920; x_wconf 88' lang='lat' dir='ltr'><strong>quia</strong></span> 
     </span>
     <span class='ocr_line' id='line_1_36' title="bbox 175 2937 922 3015; baseline 0.003 -17"><span class='ocrx_word' id='word_1_226' title='bbox 175 2937 207 2999; x_wconf 93' lang='lat' dir='ltr'><strong>in</strong></span> <span class='ocrx_word' id='word_1_227' title='bbox 226 2937 388 3001; x_wconf 86' lang='lat' dir='ltr'><strong>exercitiis</strong></span> <span class='ocrx_word' id='word_1_228' title='bbox 403 2938 477 3000; x_wconf 75' lang='lat' dir='ltr'><strong>vitae</strong></span> <span class='ocrx_word' id='word_1_229' title='bbox 495 2937 617 3015; x_wconf 81' lang='lat' dir='ltr'><strong>activa,</strong></span> <span class='ocrx_word' id='word_1_230' title='bbox 637 2956 767 3000; x_wconf 88' lang='lat' dir='ltr'><strong>necesse</strong></span> <span class='ocrx_word' id='word_1_231' title='bbox 782 2945 830 3000; x_wconf 90' lang='lat' dir='ltr'><strong>est</strong></span> <span class='ocrx_word' id='word_1_232' title='bbox 844 2937 922 3000; x_wconf 90' lang='lat' dir='ltr'><strong>alio-</strong></span> 
     </span>
    </p>
   </div>
   <div class='ocr_carea' id='block_1_9' title="bbox 974 1950 1724 3021">
    <p class='ocr_par' dir='ltr' id='par_1_10' title="bbox 976 1950 1724 2609">
     <span class='ocr_line' id='line_1_37' title="bbox 976 1950 1722 2035; baseline 0.005 -24"><span class='ocrx_word' id='word_1_233' title='bbox 976 1950 1009 2013; x_wconf 88' lang='lat' dir='ltr'><strong>id</strong></span> <span class='ocrx_word' id='word_1_234' title='bbox 1029 1958 1088 2027; x_wconf 90' lang='lat' dir='ltr'><strong>est,</strong></span> <span class='ocrx_word' id='word_1_235' title='bbox 1105 1959 1207 2013; x_wconf 91' lang='lat' dir='ltr'><strong>morte</strong></span> <span class='ocrx_word' id='word_1_236' title='bbox 1226 1951 1440 2015; x_wconf 89' lang='lat' dir='ltr'><strong>damnationis</strong></span> <span class='ocrx_word' id='word_1_237' title='bbox 1459 1961 1586 2015; x_wconf 80' lang='lat' dir='ltr'><strong>aterna</strong></span> <span class='ocrx_word' id='word_1_238' title='bbox 1606 1953 1722 2035; x_wconf 88' lang='lat' dir='ltr'><strong>dignus</strong></span> 
     </span>
     <span class='ocr_line' id='line_1_38' title="bbox 977 2052 1722 2130; baseline 0 -17"><span class='ocrx_word' id='word_1_239' title='bbox 977 2068 1046 2113; x_wconf 89' lang='lat' dir='ltr'><strong>esse</strong></span> <span class='ocrx_word' id='word_1_240' title='bbox 1056 2057 1215 2112; x_wconf 90' lang='lat' dir='ltr'><strong>noscatur.</strong></span> <span class='ocrx_word' id='word_1_241' title='bbox 1226 2053 1290 2118; x_wconf 73' lang='lat' dir='ltr'><strong>aar</strong></span> <span class='ocrx_word' id='word_1_242' title='bbox 1300 2053 1433 2130; x_wconf 82' lang='lat' dir='ltr'><strong>saratas</strong></span> <span class='ocrx_word' id='word_1_243' title='bbox 1445 2052 1550 2128; x_wconf 82' lang='lat' dir='ltr'><strong>faerit</strong></span> <span class='ocrx_word' id='word_1_244' title='bbox 1560 2052 1722 2113; x_wconf 81' lang='lat' dir='ltr'><strong>hominem</strong></span> 
     </span>
     <span class='ocr_line' id='line_1_39' title="bbox 977 2149 1724 2220; baseline 0.004 -11"><span class='ocrx_word' id='word_1_245' title='bbox 977 2159 1006 2210; x_wconf 86' lang='lat' dir='ltr'><strong>et</strong></span> <span class='ocrx_word' id='word_1_246' title='bbox 1017 2150 1292 2220; x_wconf 81' lang='lat' dir='ltr'><strong>vendideriteuna,</strong></span> <span class='ocrx_word' id='word_1_247' title='bbox 1302 2152 1473 2210; x_wconf 83' lang='lat' dir='ltr'><strong>moriatur.</strong></span> <span class='ocrx_word' id='word_1_248' title='bbox 1487 2150 1657 2212; x_wconf 88' lang='lat' dir='ltr'><strong>Hominem</strong></span> <span class='ocrx_word' id='word_1_249' title='bbox 1673 2149 1724 2212; x_wconf 90' lang='lat' dir='ltr'><strong>fu-</strong></span> 
     </span>
     <span class='ocr_line' id='line_1_40' title="bbox 977 2245 1721 2329; baseline 0.007 -21"><span class='ocrx_word' id='word_1_250' title='bbox 977 2255 1075 2324; x_wconf 88' lang='lat' dir='ltr'><strong>ratur,</strong></span> <span class='ocrx_word' id='word_1_251' title='bbox 1093 2245 1149 2329; x_wconf 90' lang='lat' dir='ltr'><strong>qui</strong></span> <span class='ocrx_word' id='word_1_252' title='bbox 1168 2246 1384 2310; x_wconf 91' lang='lat' dir='ltr'><strong>Christianum</strong></span> <span class='ocrx_word' id='word_1_253' title='bbox 1405 2267 1443 2311; x_wconf 88' lang='lat' dir='ltr'><strong>ex</strong></span> <span class='ocrx_word' id='word_1_254' title='bbox 1463 2248 1539 2311; x_wconf 90' lang='lat' dir='ltr'><strong>ovili</strong></span> <span class='ocrx_word' id='word_1_255' title='bbox 1559 2249 1721 2313; x_wconf 86' lang='lat' dir='ltr'><strong>dominico</strong></span> 
     </span>
     <span class='ocr_line' id='line_1_41' title="bbox 977 2344 1723 2429; baseline 0.003 -21"><span class='ocrx_word' id='word_1_256' title='bbox 977 2354 1009 2408; x_wconf 90' lang='lat' dir='ltr'><strong>et</strong></span> <span class='ocrx_word' id='word_1_257' title='bbox 1023 2344 1158 2427; x_wconf 81' lang='lat' dir='ltr'><strong>mystico</strong></span> <span class='ocrx_word' id='word_1_258' title='bbox 1173 2344 1289 2407; x_wconf 89' lang='lat' dir='ltr'><strong>Christi</strong></span> <span class='ocrx_word' id='word_1_259' title='bbox 1305 2364 1437 2427; x_wconf 92' lang='lat' dir='ltr'><strong>corpore</strong></span> <span class='ocrx_word' id='word_1_260' title='bbox 1452 2355 1588 2428; x_wconf 89' lang='lat' dir='ltr'><strong>separat,</strong></span> <span class='ocrx_word' id='word_1_261' title='bbox 1605 2355 1637 2410; x_wconf 89' lang='lat' dir='ltr'><strong>et</strong></span> <span class='ocrx_word' id='word_1_262' title='bbox 1653 2366 1723 2429; x_wconf 81' lang='lat' dir='ltr'><strong>pro</strong></span> 
     </span>
     <span class='ocr_line' id='line_1_42' title="bbox 976 2443 1719 2526; baseline 0.004 -21"><span class='ocrx_word' id='word_1_263' title='bbox 976 2444 1046 2526; x_wconf 89' lang='lat' dir='ltr'><strong>pria</strong></span> <span class='ocrx_word' id='word_1_264' title='bbox 1060 2444 1231 2525; x_wconf 85' lang='lat' dir='ltr'><strong>iniquitate</strong></span> <span class='ocrx_word' id='word_1_265' title='bbox 1246 2443 1372 2506; x_wconf 90' lang='lat' dir='ltr'><strong>diabolo</strong></span> <span class='ocrx_word' id='word_1_266' title='bbox 1388 2446 1509 2523; x_wconf 88' lang='lat' dir='ltr'><strong>vendit,</strong></span> <span class='ocrx_word' id='word_1_267' title='bbox 1527 2447 1566 2508; x_wconf 95' lang='lat' dir='ltr'><strong>de</strong></span> <span class='ocrx_word' id='word_1_268' title='bbox 1581 2445 1719 2509; x_wconf 86' lang='lat' dir='ltr'><strong>Catholi-</strong></span> 
     </span>
     <span class='ocr_line' id='line_1_43' title="bbox 976 2543 1718 2609; baseline 0.001 -3"><span class='ocrx_word' id='word_1_269' title='bbox 976 2562 1013 2606; x_wconf 91' lang='lat' dir='ltr'><strong>co</strong></span> <span class='ocrx_word' id='word_1_270' title='bbox 1028 2543 1213 2606; x_wconf 75' lang='lat' dir='ltr'><strong>hereticum</strong></span> <span class='ocrx_word' id='word_1_271' title='bbox 1228 2551 1284 2605; x_wconf 93' lang='lat' dir='ltr'><strong>aut</strong></span> <span class='ocrx_word' id='word_1_272' title='bbox 1300 2543 1540 2607; x_wconf 87' lang='lat' dir='ltr'><strong>schismaticum</strong></span> <span class='ocrx_word' id='word_1_273' title='bbox 1559 2544 1718 2609; x_wconf 90' lang='lat' dir='ltr'><strong>faciendo.</strong></span> 
     </span>
    </p>

    <p class='ocr_par' dir='ltr' id='par_1_11' title="bbox 974 2643 1724 3021">
     <span class='ocr_line' id='line_1_44' title="bbox 1024 2643 1723 2725; baseline 0.007 -22"><span class='ocrx_word' id='word_1_274' title='bbox 1024 2644 1064 2703; x_wconf 85' lang='lat' dir='ltr'><strong>Si</strong></span> <span class='ocrx_word' id='word_1_275' title='bbox 1087 2644 1192 2703; x_wconf 73' lang='lat' dir='ltr'><strong>rimati</strong></span> <span class='ocrx_word' id='word_1_276' title='bbox 1215 2643 1344 2720; x_wconf 78' lang='lat' dir='ltr'><strong>fuerint</strong></span> <span class='ocrx_word' id='word_1_277' title='bbox 1368 2645 1450 2715; x_wconf 78' lang='lat' dir='ltr'><strong>afri,</strong></span> <span class='ocrx_word' id='word_1_278' title='bbox 1478 2652 1537 2707; x_wconf 82' lang='lat' dir='ltr'><strong>ele.</strong></span> <span class='ocrx_word' id='word_1_279' title='bbox 1563 2645 1627 2707; x_wconf 85' lang='lat' dir='ltr'><strong>Hau</strong></span> <span class='ocrx_word' id='word_1_280' title='bbox 1654 2644 1723 2725; x_wconf 82' lang='lat' dir='ltr'><strong>lege</strong></span> 
     </span>
     <span class='ocr_line' id='line_1_45' title="bbox 974 2740 1723 2826; baseline 0.007 -25"><span class='ocrx_word' id='word_1_281' title='bbox 974 2740 1220 2821; x_wconf 87' lang='lat' dir='ltr'><strong>redarguuntur,</strong></span> <span class='ocrx_word' id='word_1_282' title='bbox 1238 2742 1294 2822; x_wconf 93' lang='lat' dir='ltr'><strong>qui</strong></span> <span class='ocrx_word' id='word_1_283' title='bbox 1309 2742 1519 2804; x_wconf 90' lang='lat' dir='ltr'><strong>contentiosis</strong></span> <span class='ocrx_word' id='word_1_284' title='bbox 1534 2742 1723 2826; x_wconf 84' lang='lat' dir='ltr'><strong>disputatio</strong></span> 
     </span>
     <span class='ocr_line' id='line_1_46' title="bbox 977 2838 1724 2925; baseline 0.004 -23"><span class='ocrx_word' id='word_1_285' title='bbox 977 2839 1071 2902; x_wconf 92' lang='lat' dir='ltr'><strong>nibus</strong></span> <span class='ocrx_word' id='word_1_286' title='bbox 1086 2848 1141 2902; x_wconf 91' lang='lat' dir='ltr'><strong>aut</strong></span> <span class='ocrx_word' id='word_1_287' title='bbox 1153 2838 1269 2921; x_wconf 88' lang='lat' dir='ltr'><strong>jurgiis</strong></span> <span class='ocrx_word' id='word_1_288' title='bbox 1283 2840 1356 2902; x_wconf 89' lang='lat' dir='ltr'><strong>aliis</strong></span> <span class='ocrx_word' id='word_1_289' title='bbox 1372 2850 1499 2920; x_wconf 90' lang='lat' dir='ltr'><strong>vacant,</strong></span> <span class='ocrx_word' id='word_1_290' title='bbox 1518 2842 1561 2904; x_wconf 90' lang='lat' dir='ltr'><strong>ita</strong></span> <span class='ocrx_word' id='word_1_291' title='bbox 1576 2844 1663 2925; x_wconf 91' lang='lat' dir='ltr'><strong>quod</strong></span> <span class='ocrx_word' id='word_1_292' title='bbox 1678 2852 1724 2907; x_wconf 88' lang='lat' dir='ltr'><strong>et·</strong></span> 
     </span>
     <span class='ocr_line' id='line_1_47' title="bbox 976 2938 1723 3021; baseline 0.005 -20"><span class='ocrx_word' id='word_1_293' title='bbox 976 2939 1004 3001; x_wconf 92' lang='lat' dir='ltr'><strong>si</strong></span> <span class='ocrx_word' id='word_1_294' title='bbox 1020 2958 1084 3001; x_wconf 92' lang='lat' dir='ltr'><strong>non</strong></span> <span class='ocrx_word' id='word_1_295' title='bbox 1100 2938 1228 3021; x_wconf 90' lang='lat' dir='ltr'><strong>penitus</strong></span> <span class='ocrx_word' id='word_1_296' title='bbox 1244 2939 1404 3021; x_wconf 88' lang='lat' dir='ltr'><strong>perimant</strong></span> <span class='ocrx_word' id='word_1_297' title='bbox 1421 2940 1594 3021; x_wconf 90' lang='lat' dir='ltr'><strong>proximos,</strong></span> <span class='ocrx_word' id='word_1_298' title='bbox 1612 2951 1723 3005; x_wconf 89' lang='lat' dir='ltr'><strong>contra</strong></span> 
     </span>
    </p>
   </div>
   <div class='ocr_carea' id='block_1_10' title="bbox 173 3034 1717 3122">
    <p class='ocr_par' dir='ltr' id='par_1_12' title="bbox 173 3034 1717 3122">
     <span class='ocr_line' id='line_1_48' title="bbox 173 3034 1717 3122; baseline 0.005 -26"><span class='ocrx_word' id='word_1_299' title='bbox 173 3054 243 3097; x_wconf 94' lang='lat' dir='ltr'><strong>rum</strong></span> <span class='ocrx_word' id='word_1_300' title='bbox 257 3055 358 3099; x_wconf 88' lang='lat' dir='ltr'><strong>onera</strong></span> <span class='ocrx_word' id='word_1_301' title='bbox 373 3043 572 3118; x_wconf 89' lang='lat' dir='ltr'><strong>supportare,</strong></span> <span class='ocrx_word' id='word_1_302' title='bbox 589 3034 735 3113; x_wconf 80' lang='lat' dir='ltr'><strong>afflictis,</strong></span> <span class='ocrx_word' id='word_1_303' title='bbox 748 3036 869 3117; x_wconf 85' lang='lat' dir='ltr'><strong>egenis,</strong></span> <span class='ocrx_word' id='word_1_304' title='bbox 882 3056 920 3100; x_wconf 91' lang='lat' dir='ltr'><strong>ac</strong></span> <span class='ocrx_word' id='word_1_305' title='bbox 936 3039 959 3102; x_wconf 92' lang='lat' dir='ltr'><strong>C</strong></span> <span class='ocrx_word' id='word_1_306' title='bbox 975 3056 1056 3118; x_wconf 90' lang='lat' dir='ltr'><strong>quos</strong></span> <span class='ocrx_word' id='word_1_307' title='bbox 1075 3046 1212 3116; x_wconf 91' lang='lat' dir='ltr'><strong>arguunt</strong></span> <span class='ocrx_word' id='word_1_308' title='bbox 1226 3037 1276 3099; x_wconf 87' lang='lat' dir='ltr'><strong>vel</strong></span> <span class='ocrx_word' id='word_1_309' title='bbox 1292 3039 1501 3116; x_wconf 90' lang='lat' dir='ltr'><strong>contendunt,</strong></span> <span class='ocrx_word' id='word_1_310' title='bbox 1520 3059 1576 3102; x_wconf 92' lang='lat' dir='ltr'><strong>seu</strong></span> <span class='ocrx_word' id='word_1_311' title='bbox 1591 3059 1645 3103; x_wconf 89' lang='lat' dir='ltr'><strong>eos</strong></span> <span class='ocrx_word' id='word_1_312' title='bbox 1661 3042 1717 3122; x_wconf 93' lang='lat' dir='ltr'><strong>qui</strong></span> 
     </span>
    </p>
   </div>
   <div class='ocr_carea' id='block_1_11' title="bbox 172 3134 924 3708">
    <p class='ocr_par' dir='ltr' id='par_1_13' title="bbox 172 3134 924 3708">
     <span class='ocr_line' id='line_1_49' title="bbox 173 3134 922 3216; baseline 0 -21"><span class='ocrx_word' id='word_1_313' title='bbox 173 3135 298 3197; x_wconf 90' lang='lat' dir='ltr'><strong>miseris</strong></span> <span class='ocrx_word' id='word_1_314' title='bbox 314 3134 496 3211; x_wconf 88' lang='lat' dir='ltr'><strong>condolere,</strong></span> <span class='ocrx_word' id='word_1_315' title='bbox 512 3153 549 3196; x_wconf 93' lang='lat' dir='ltr'><strong>ac</strong></span> <span class='ocrx_word' id='word_1_316' title='bbox 565 3153 624 3216; x_wconf 87' lang='lat' dir='ltr'><strong>pro</strong></span> <span class='ocrx_word' id='word_1_317' title='bbox 639 3134 839 3216; x_wconf 90' lang='lat' dir='ltr'><strong>quotidianis</strong></span> <span class='ocrx_word' id='word_1_318' title='bbox 855 3134 922 3197; x_wconf 88' lang='lat' dir='ltr'><strong>oul-</strong></span> 
     </span>
     <span class='ocr_line' id='line_1_50' title="bbox 174 3233 918 3315; baseline 0.001 -22"><span class='ocrx_word' id='word_1_319' title='bbox 174 3233 223 3314; x_wconf 88' lang='lat' dir='ltr'><strong>pis</strong></span> <span class='ocrx_word' id='word_1_320' title='bbox 243 3234 431 3315; x_wconf 92' lang='lat' dir='ltr'><strong>compungi.</strong></span> <span class='ocrx_word' id='word_1_321' title='bbox 454 3234 586 3313; x_wconf 81' lang='lat' dir='ltr'><strong>Siquis</strong></span> <span class='ocrx_word' id='word_1_322' title='bbox 608 3235 791 3294; x_wconf 76' lang='lat' dir='ltr'><strong>vendiderit</strong></span> <span class='ocrx_word' id='word_1_323' title='bbox 811 3236 918 3311; x_wconf 80' lang='lat' dir='ltr'><strong>filiam</strong></span> 
     </span>
     <span class='ocr_line' id='line_1_51' title="bbox 172 3332 923 3412; baseline 0.001 -21"><span class='ocrx_word' id='word_1_324' title='bbox 172 3352 266 3393; x_wconf 77' lang='lat' dir='ltr'><strong>sacam</strong></span> <span class='ocrx_word' id='word_1_325' title='bbox 283 3334 320 3393; x_wconf 86' lang='lat' dir='ltr'><strong>in</strong></span> <span class='ocrx_word' id='word_1_326' title='bbox 334 3335 513 3411; x_wconf 81' lang='lat' dir='ltr'><strong>famatam,</strong></span> <span class='ocrx_word' id='word_1_327' title='bbox 529 3332 561 3394; x_wconf 92' lang='lat' dir='ltr'><strong>id</strong></span> <span class='ocrx_word' id='word_1_328' title='bbox 576 3340 635 3408; x_wconf 86' lang='grc' dir='ltr'><strong>θεῖ,</strong></span> <span class='ocrx_word' id='word_1_329' title='bbox 652 3332 788 3412; x_wconf 78' lang='lat' dir='ltr'><strong>gratiam</strong></span> <span class='ocrx_word' id='word_1_330' title='bbox 810 3340 841 3393; x_wconf 90' lang='grc' dir='ltr'><strong>θῖ</strong></span> <span class='ocrx_word' id='word_1_331' title='bbox 862 3332 923 3393; x_wconf 84' lang='grc' dir='ltr'><strong>εθί-</strong></span> 
     </span>
     <span class='ocr_line' id='line_1_52' title="bbox 174 3429 923 3507; baseline -0.001 -15"><span class='ocrx_word' id='word_1_332' title='bbox 174 3430 294 3493; x_wconf 91' lang='lat' dir='ltr'><strong>entiam</strong></span> <span class='ocrx_word' id='word_1_333' title='bbox 310 3430 481 3493; x_wconf 90' lang='lat' dir='ltr'><strong>salutarem</strong></span> <span class='ocrx_word' id='word_1_334' title='bbox 498 3430 560 3493; x_wconf 90' lang='lat' dir='ltr'><strong>sibi</strong></span> <span class='ocrx_word' id='word_1_335' title='bbox 576 3448 773 3507; x_wconf 87' lang='lat' dir='ltr'><strong>concessam,</strong></span> <span class='ocrx_word' id='word_1_336' title='bbox 786 3429 923 3493; x_wconf 92' lang='lat' dir='ltr'><strong>aliorum</strong></span> 
     </span>
     <span class='ocr_line' id='line_1_53' title="bbox 175 3528 924 3610; baseline 0.003 -21"><span class='ocrx_word' id='word_1_337' title='bbox 175 3528 345 3593; x_wconf 90' lang='lat' dir='ltr'><strong>directioni</strong></span> <span class='ocrx_word' id='word_1_338' title='bbox 368 3538 399 3591; x_wconf 92' lang='lat' dir='ltr'><strong>et</strong></span> <span class='ocrx_word' id='word_1_339' title='bbox 421 3528 641 3593; x_wconf 89' lang='lat' dir='ltr'><strong>informationi</strong></span> <span class='ocrx_word' id='word_1_340' title='bbox 665 3528 848 3610; x_wconf 84' lang='lat' dir='ltr'><strong>exposuerit</strong></span> <span class='ocrx_word' id='word_1_341' title='bbox 871 3530 924 3591; x_wconf 86' lang='lat' dir='ltr'><strong>de·</strong></span> 
     </span>
     <span class='ocr_line' id='line_1_54' title="bbox 176 3626 924 3708; baseline 0.001 -20"><span class='ocrx_word' id='word_1_342' title='bbox 176 3628 308 3704; x_wconf 87' lang='lat' dir='ltr'><strong>servire,</strong></span> <span class='ocrx_word' id='word_1_343' title='bbox 325 3628 414 3706; x_wconf 84' lang='lat' dir='ltr'><strong>juxta</strong></span> <span class='ocrx_word' id='word_1_344' title='bbox 430 3627 510 3689; x_wconf 93' lang='lat' dir='ltr'><strong>illud</strong></span> <span class='ocrx_word' id='word_1_345' title='bbox 526 3626 643 3689; x_wconf 92' lang='lat' dir='ltr'><strong>summi</strong></span> <span class='ocrx_word' id='word_1_346' title='bbox 658 3626 813 3708; x_wconf 82' lang='lat' dir='ltr'><strong>Apostoll,</strong></span> <span class='ocrx_word' id='word_1_347' title='bbox 823 3627 924 3689; x_wconf 94' lang='lat' dir='ltr'><strong>Unus-</strong></span> 
     </span>
    </p>
   </div>
   <div class='ocr_carea' id='block_1_12' title="bbox 68 3724 921 3808">
    <p class='ocr_par' dir='ltr' id='par_1_14' title="bbox 68 3724 921 3808">
     <span class='ocr_line' id='line_1_55' title="bbox 68 3724 921 3808; baseline 0 -20"><span class='ocrx_word' id='word_1_348' title='bbox 68 3724 73 3733; x_wconf 90' lang='lat'>&#39;</span> <span class='ocrx_word' id='word_1_349' title='bbox 175 3726 314 3807; x_wconf 89' lang='lat' dir='ltr'><strong>quisque</strong></span> <span class='ocrx_word' id='word_1_350' title='bbox 335 3726 418 3789; x_wconf 90' lang='lat' dir='ltr'><strong>siout</strong></span> <span class='ocrx_word' id='word_1_351' title='bbox 439 3727 563 3808; x_wconf 89' lang='lat' dir='ltr'><strong>accepit</strong></span> <span class='ocrx_word' id='word_1_352' title='bbox 583 3726 729 3807; x_wconf 89' lang='lat' dir='ltr'><strong>gratiam,</strong></span> <span class='ocrx_word' id='word_1_353' title='bbox 748 3726 782 3787; x_wconf 94' lang='lat' dir='ltr'><strong>in</strong></span> <span class='ocrx_word' id='word_1_354' title='bbox 805 3726 921 3789; x_wconf 88' lang='lat' dir='ltr'><strong>alteru-</strong></span> 
     </span>
    </p>
   </div>
   <div class='ocr_carea' id='block_1_13' title="bbox 177 3824 925 4201">
    <p class='ocr_par' dir='ltr' id='par_1_15' title="bbox 177 3824 925 4201">
     <span class='ocr_line' id='line_1_56' title="bbox 177 3824 924 3902; baseline 0 -16"><span class='ocrx_word' id='word_1_355' title='bbox 177 3834 262 3887; x_wconf 85' lang='lat' dir='ltr'><strong>trum</strong></span> <span class='ocrx_word' id='word_1_356' title='bbox 277 3824 553 3899; x_wconf 82' lang='lat' dir='ltr'><strong>administrantes3</strong></span> <span class='ocrx_word' id='word_1_357' title='bbox 566 3844 631 3885; x_wconf 85' lang='lat' dir='ltr'><strong>nora</strong></span> <span class='ocrx_word' id='word_1_358' title='bbox 645 3827 826 3902; x_wconf 78' lang='lat' dir='ltr'><strong>epreda&#39;etar</strong></span> <span class='ocrx_word' id='word_1_359' title='bbox 840 3828 924 3887; x_wconf 82' lang='lat' dir='ltr'><strong>sicat</strong></span> 
     </span>
     <span class='ocr_line' id='line_1_57' title="bbox 177 3924 925 4005; baseline 0.005 -22"><span class='ocrx_word' id='word_1_360' title='bbox 177 3925 308 3985; x_wconf 76' lang='lat' dir='ltr'><strong>ancilla</strong></span> <span class='ocrx_word' id='word_1_361' title='bbox 325 3925 415 3983; x_wconf 67' lang='grc' dir='ltr'><strong>θεῖνε</strong></span> <span class='ocrx_word' id='word_1_362' title='bbox 432 3932 664 3984; x_wconf 73' lang='lat' dir='ltr'><strong>consueverant</strong></span> <span class='ocrx_word' id='word_1_363' title='bbox 680 3943 691 3981; x_wconf 90' lang='lat'><strong>.·</strong></span> <span class='ocrx_word' id='word_1_364' title='bbox 707 3924 861 4005; x_wconf 84' lang='lat' dir='ltr'><strong>quoniam</strong></span> <span class='ocrx_word' id='word_1_365' title='bbox 881 3944 925 3987; x_wconf 79' lang='lat' dir='ltr'><strong>re</strong></span> 
     </span>
     <span class='ocr_line' id='line_1_58' title="bbox 177 4021 924 4103; baseline 0.005 -21"><span class='ocrx_word' id='word_1_366' title='bbox 177 4030 325 4085; x_wconf 85' lang='lat' dir='ltr'><strong>verenter</strong></span> <span class='ocrx_word' id='word_1_367' title='bbox 345 4028 468 4085; x_wconf 87' lang='lat' dir='ltr'><strong>etcum</strong></span> <span class='ocrx_word' id='word_1_368' title='bbox 491 4021 579 4084; x_wconf 92' lang='lat' dir='ltr'><strong>omni</strong></span> <span class='ocrx_word' id='word_1_369' title='bbox 602 4022 775 4103; x_wconf 92' lang='lat' dir='ltr'><strong>gratiarum</strong></span> <span class='ocrx_word' id='word_1_370' title='bbox 799 4023 924 4086; x_wconf 87' lang='lat' dir='ltr'><strong>actione</strong></span> 
     </span>
     <span class='ocr_line' id='line_1_59' title="bbox 177 4120 924 4201; baseline 0.003 -20"><span class='ocrx_word' id='word_1_371' title='bbox 177 4120 382 4201; x_wconf 90' lang='lat' dir='ltr'><strong>suscipienda</strong></span> <span class='ocrx_word' id='word_1_372' title='bbox 406 4129 438 4183; x_wconf 90' lang='lat' dir='ltr'><strong>et</strong></span> <span class='ocrx_word' id='word_1_373' title='bbox 462 4122 679 4184; x_wconf 86' lang='lat' dir='ltr'><strong>conservanda</strong></span> <span class='ocrx_word' id='word_1_374' title='bbox 710 4128 758 4184; x_wconf 89' lang='lat' dir='ltr'><strong>est</strong></span> <span class='ocrx_word' id='word_1_375' title='bbox 787 4122 924 4184; x_wconf 90' lang='lat' dir='ltr'><strong>admini-</strong></span> 
     </span>
    </p>
   </div>
   <div class='ocr_carea' id='block_1_14' title="bbox 976 3136 1725 4211">
    <p class='ocr_par' dir='ltr' id='par_1_16' title="bbox 976 3136 1725 4211">
     <span class='ocr_line' id='line_1_60' title="bbox 976 3136 1719 3218; baseline 0.007 -21"><span class='ocrx_word' id='word_1_376' title='bbox 976 3136 1120 3213; x_wconf 91' lang='lat' dir='ltr'><strong>audiunt,</strong></span> <span class='ocrx_word' id='word_1_377' title='bbox 1144 3136 1283 3216; x_wconf 90' lang='lat' dir='ltr'><strong>graviter</strong></span> <span class='ocrx_word' id='word_1_378' title='bbox 1306 3144 1411 3199; x_wconf 86' lang='lat' dir='ltr'><strong>tamen</strong></span> <span class='ocrx_word' id='word_1_379' title='bbox 1437 3137 1557 3200; x_wconf 85' lang='lat' dir='ltr'><strong>laedunt</strong></span> <span class='ocrx_word' id='word_1_380' title='bbox 1578 3140 1719 3218; x_wconf 91' lang='lat' dir='ltr'><strong>eosdem,</strong></span> 
     </span>
     <span class='ocr_line' id='line_1_61' title="bbox 977 3234 1721 3320; baseline 0.008 -25"><span class='ocrx_word' id='word_1_381' title='bbox 977 3234 1020 3296; x_wconf 92' lang='lat' dir='ltr'><strong>ita</strong></span> <span class='ocrx_word' id='word_1_382' title='bbox 1035 3234 1120 3315; x_wconf 93' lang='lat' dir='ltr'><strong>quod</strong></span> <span class='ocrx_word' id='word_1_383' title='bbox 1135 3234 1250 3296; x_wconf 85' lang='lat' dir='ltr'><strong>caritas</strong></span> <span class='ocrx_word' id='word_1_384' title='bbox 1268 3234 1451 3297; x_wconf 90' lang='lat' dir='ltr'><strong>infirmatur</strong></span> <span class='ocrx_word' id='word_1_385' title='bbox 1467 3236 1500 3298; x_wconf 89' lang='lat' dir='ltr'><strong>in</strong></span> <span class='ocrx_word' id='word_1_386' title='bbox 1516 3237 1574 3315; x_wconf 91' lang='lat' dir='ltr'><strong>eis,</strong></span> <span class='ocrx_word' id='word_1_387' title='bbox 1592 3237 1721 3320; x_wconf 91' lang='lat' dir='ltr'><strong>ipsique</strong></span> 
     </span>
     <span class='ocr_line' id='line_1_62' title="bbox 977 3332 1723 3420; baseline 0.005 -24"><span class='ocrx_word' id='word_1_388' title='bbox 977 3351 1034 3414; x_wconf 88' lang='lat' dir='ltr'><strong>per</strong></span> <span class='ocrx_word' id='word_1_389' title='bbox 1054 3332 1299 3414; x_wconf 90' lang='lat' dir='ltr'><strong>impatientiam,</strong></span> <span class='ocrx_word' id='word_1_390' title='bbox 1323 3333 1413 3411; x_wconf 88' lang='lat' dir='ltr'><strong>iram,</strong></span> <span class='ocrx_word' id='word_1_391' title='bbox 1438 3352 1606 3399; x_wconf 90' lang='lat' dir='ltr'><strong>moerorem</strong></span> <span class='ocrx_word' id='word_1_392' title='bbox 1630 3338 1723 3420; x_wconf 91' lang='lat' dir='ltr'><strong>quasi</strong></span> 
     </span>
     <span class='ocr_line' id='line_1_63' title="bbox 978 3431 1722 3509; baseline 0.009 -16"><span class='ocrx_word' id='word_1_393' title='bbox 978 3431 1201 3493; x_wconf 88' lang='lat' dir='ltr'><strong>succumbunt.</strong></span> <span class='ocrx_word' id='word_1_394' title='bbox 1213 3435 1277 3500; x_wconf 85' lang='lat' dir='ltr'><strong>Qac&#39;</strong></span> <span class='ocrx_word' id='word_1_395' title='bbox 1282 3435 1477 3509; x_wconf 80' lang='lat' dir='ltr'><strong>percusserit</strong></span> <span class='ocrx_word' id='word_1_396' title='bbox 1486 3455 1615 3497; x_wconf 83' lang='lat' dir='ltr'><strong>servam</strong></span> <span class='ocrx_word' id='word_1_397' title='bbox 1624 3458 1722 3500; x_wconf 82' lang='lat' dir='ltr'><strong>saara</strong></span> 
     </span>
     <span class='ocr_line' id='line_1_64' title="bbox 977 3531 1721 3613; baseline 0.012 -24"><span class='ocrx_word' id='word_1_398' title='bbox 977 3533 1028 3589; x_wconf 83' lang='lat' dir='ltr'><strong>vel</strong></span> <span class='ocrx_word' id='word_1_399' title='bbox 1047 3531 1205 3590; x_wconf 78' lang='lat' dir='ltr'><strong>ancillam</strong></span> <span class='ocrx_word' id='word_1_400' title='bbox 1225 3532 1329 3607; x_wconf 70' lang='lat' dir='ltr'><strong>virga,</strong></span> <span class='ocrx_word' id='word_1_401' title='bbox 1346 3541 1375 3592; x_wconf 88' lang='lat' dir='ltr'><strong>et</strong></span> <span class='ocrx_word' id='word_1_402' title='bbox 1395 3534 1518 3593; x_wconf 81' lang='lat' dir='ltr'><strong>mortni</strong></span> <span class='ocrx_word' id='word_1_403' title='bbox 1536 3536 1664 3613; x_wconf 82' lang='lat' dir='ltr'><strong>facerint</strong></span> <span class='ocrx_word' id='word_1_404' title='bbox 1684 3541 1721 3598; x_wconf 81' lang='lat' dir='ltr'><strong>fa</strong></span> 
     </span>
     <span class='ocr_line' id='line_1_65' title="bbox 978 3628 1721 3713; baseline 0.009 -22"><span class='ocrx_word' id='word_1_405' title='bbox 978 3630 1128 3691; x_wconf 82' lang='lat' dir='ltr'><strong>manibus</strong></span> <span class='ocrx_word' id='word_1_406' title='bbox 1142 3628 1223 3706; x_wconf 80' lang='lat' dir='ltr'><strong>ejaa,</strong></span> <span class='ocrx_word' id='word_1_407' title='bbox 1240 3630 1390 3689; x_wconf 80' lang='lat' dir='ltr'><strong>crimc‘nis</strong></span> <span class='ocrx_word' id='word_1_408' title='bbox 1409 3651 1484 3691; x_wconf 82' lang='lat' dir='ltr'><strong>reas</strong></span> <span class='ocrx_word' id='word_1_409' title='bbox 1504 3635 1567 3693; x_wconf 84' lang='lat' dir='ltr'><strong>erit</strong></span> <span class='ocrx_word' id='word_1_410' title='bbox 1581 3653 1593 3696; x_wconf 87' lang='grc'><strong>.·</strong></span> <span class='ocrx_word' id='word_1_411' title='bbox 1610 3634 1642 3697; x_wconf 84' lang='lat' dir='ltr'><strong>id</strong></span> <span class='ocrx_word' id='word_1_412' title='bbox 1662 3645 1721 3713; x_wconf 87' lang='grc' dir='ltr'><strong>θεῖ,</strong></span> 
     </span>
     <span class='ocr_line' id='line_1_66' title="bbox 978 3726 1724 3809; baseline 0.011 -20"><span class='ocrx_word' id='word_1_413' title='bbox 978 3726 1123 3809; x_wconf 86' lang='lat' dir='ltr'><strong>superior</strong></span> <span class='ocrx_word' id='word_1_414' title='bbox 1150 3745 1206 3789; x_wconf 92' lang='lat' dir='ltr'><strong>seu</strong></span> <span class='ocrx_word' id='word_1_415' title='bbox 1231 3727 1379 3809; x_wconf 75' lang='lat' dir='ltr'><strong>praelatus</strong></span> <span class='ocrx_word' id='word_1_416' title='bbox 1405 3729 1460 3809; x_wconf 92' lang='lat' dir='ltr'><strong>qui</strong></span> <span class='ocrx_word' id='word_1_417' title='bbox 1489 3729 1662 3795; x_wconf 90' lang='lat' dir='ltr'><strong>indiscreta</strong></span> <span class='ocrx_word' id='word_1_418' title='bbox 1692 3744 1724 3797; x_wconf 90' lang='lat' dir='ltr'><strong>et</strong></span> 
     </span>
     <span class='ocr_line' id='line_1_67' title="bbox 977 3825 1722 3908; baseline 0.012 -20"><span class='ocrx_word' id='word_1_419' title='bbox 977 3825 1119 3889; x_wconf 91' lang='lat' dir='ltr'><strong>mordaci</strong></span> <span class='ocrx_word' id='word_1_420' title='bbox 1141 3825 1389 3908; x_wconf 87' lang='lat' dir='ltr'><strong>reprehensione</strong></span> <span class='ocrx_word' id='word_1_421' title='bbox 1412 3827 1555 3892; x_wconf 89' lang='lat' dir='ltr'><strong>subditos</strong></span> <span class='ocrx_word' id='word_1_422' title='bbox 1581 3850 1653 3896; x_wconf 92' lang='lat' dir='ltr'><strong>suos</strong></span> <span class='ocrx_word' id='word_1_423' title='bbox 1677 3834 1722 3897; x_wconf 91' lang='lat' dir='ltr'><strong>sic</strong></span> 
     </span>
     <span class='ocr_line' id='line_1_68' title="bbox 978 3924 1725 4012; baseline 0.009 -25"><span class='ocrx_word' id='word_1_424' title='bbox 978 3924 1201 4007; x_wconf 88' lang='lat' dir='ltr'><strong>increpaverit,</strong></span> <span class='ocrx_word' id='word_1_425' title='bbox 1219 3926 1305 4006; x_wconf 94' lang='lat' dir='ltr'><strong>quod</strong></span> <span class='ocrx_word' id='word_1_426' title='bbox 1321 3924 1396 3988; x_wconf 92' lang='lat' dir='ltr'><strong>inde</strong></span> <span class='ocrx_word' id='word_1_427' title='bbox 1416 3946 1488 3989; x_wconf 88' lang='lat' dir='ltr'><strong>mox</strong></span> <span class='ocrx_word' id='word_1_428' title='bbox 1503 3928 1537 3990; x_wconf 91' lang='lat' dir='ltr'><strong>in</strong></span> <span class='ocrx_word' id='word_1_429' title='bbox 1554 3930 1725 4012; x_wconf 86' lang='lat' dir='ltr'><strong>desperati·</strong></span> 
     </span>
     <span class='ocr_line' id='line_1_69' title="bbox 978 4024 1723 4105; baseline 0.007 -17"><span class='ocrx_word' id='word_1_430' title='bbox 978 4043 1084 4101; x_wconf 89' lang='lat' dir='ltr'><strong>onem,</strong></span> <span class='ocrx_word' id='word_1_431' title='bbox 1097 4024 1361 4103; x_wconf 89' lang='lat' dir='ltr'><strong>indignationem,</strong></span> <span class='ocrx_word' id='word_1_432' title='bbox 1374 4024 1540 4105; x_wconf 87' lang='lat' dir='ltr'><strong>invidiam,</strong></span> <span class='ocrx_word' id='word_1_433' title='bbox 1557 4036 1613 4090; x_wconf 92' lang='lat' dir='ltr'><strong>aut</strong></span> <span class='ocrx_word' id='word_1_434' title='bbox 1628 4029 1723 4093; x_wconf 91' lang='lat' dir='ltr'><strong>aliam</strong></span> 
     </span>
     <span class='ocr_line' id='line_1_70' title="bbox 979 4123 1724 4211; baseline 0.011 -27"><span class='ocrx_word' id='word_1_435' title='bbox 979 4123 1145 4187; x_wconf 88' lang='lat' dir='ltr'><strong>mortalem</strong></span> <span class='ocrx_word' id='word_1_436' title='bbox 1162 4123 1341 4185; x_wconf 88' lang='lat' dir='ltr'><strong>corruerint</strong></span> <span class='ocrx_word' id='word_1_437' title='bbox 1355 4123 1493 4205; x_wconf 91' lang='lat' dir='ltr'><strong>culpam,</strong></span> <span class='ocrx_word' id='word_1_438' title='bbox 1504 4145 1577 4189; x_wconf 86' lang='lat' dir='ltr'><strong>reus</strong></span> <span class='ocrx_word' id='word_1_439' title='bbox 1592 4136 1641 4191; x_wconf 88' lang='lat' dir='ltr'><strong>est</strong></span> <span class='ocrx_word' id='word_1_440' title='bbox 1656 4148 1724 4211; x_wconf 93' lang='lat' dir='ltr'><strong>pcr-</strong></span> 
     </span>
    </p>
   </div>
   <div class='ocr_carea' id='block_1_15' title="bbox 176 4219 1723 4308">
    <p class='ocr_par' dir='ltr' id='par_1_17' title="bbox 176 4219 1723 4308">
     <span class='ocr_line' id='line_1_71' title="bbox 176 4219 1723 4308; baseline 0.008 -28"><span class='ocrx_word' id='word_1_441' title='bbox 176 4220 290 4281; x_wconf 89' lang='lat' dir='ltr'><strong>stratio</strong></span> <span class='ocrx_word' id='word_1_442' title='bbox 310 4226 406 4300; x_wconf 89' lang='lat' dir='ltr'><strong>atque</strong></span> <span class='ocrx_word' id='word_1_443' title='bbox 432 4219 599 4283; x_wconf 89' lang='lat' dir='ltr'><strong>instructio</strong></span> <span class='ocrx_word' id='word_1_444' title='bbox 623 4220 704 4282; x_wconf 85' lang='lat' dir='ltr'><strong>talis.</strong></span> <span class='ocrx_word' id='word_1_445' title='bbox 729 4220 817 4293; x_wconf 80' lang='lat' dir='ltr'><strong>Quod</strong></span> <span class='ocrx_word' id='word_1_446' title='bbox 843 4220 869 4282; x_wconf 91' lang='lat' dir='ltr'><strong>si</strong></span> <span class='ocrx_word' id='word_1_447' title='bbox 897 4222 923 4283; x_wconf 88' lang='lat' dir='ltr'><strong>is</strong></span> <span class='ocrx_word' id='word_1_448' title='bbox 938 4225 964 4288; x_wconf 79' lang='lat' dir='ltr'><strong>lt</strong></span> <span class='ocrx_word' id='word_1_449' title='bbox 979 4222 1111 4285; x_wconf 91' lang='lat' dir='ltr'><strong>ditionis</strong></span> <span class='ocrx_word' id='word_1_450' title='bbox 1127 4221 1268 4284; x_wconf 91' lang='lat' dir='ltr'><strong>illorum.</strong></span> <span class='ocrx_word' id='word_1_451' title='bbox 1286 4221 1357 4285; x_wconf 89' lang='lat' dir='ltr'><strong>ldeo</strong></span> <span class='ocrx_word' id='word_1_452' title='bbox 1378 4222 1524 4301; x_wconf 87' lang='lat' dir='ltr'><strong>discreta,</strong></span> <span class='ocrx_word' id='word_1_453' title='bbox 1543 4226 1608 4308; x_wconf 90' lang='lat' dir='ltr'><strong>pia,</strong></span> <span class='ocrx_word' id='word_1_454' title='bbox 1626 4237 1657 4291; x_wconf 91' lang='lat' dir='ltr'><strong>et</strong></span> <span class='ocrx_word' id='word_1_455' title='bbox 1673 4248 1723 4292; x_wconf 90' lang='lat' dir='ltr'><strong>ca·</strong></span> 
     </span>
    </p>
   </div>
   <div class='ocr_carea' id='block_1_16' title="bbox 173 4317 925 5387">
    <p class='ocr_par' dir='ltr' id='par_1_18' title="bbox 175 4317 925 4578">
     <span class='ocr_line' id='line_1_72' title="bbox 176 4317 925 4401; baseline 0 -20"><span class='ocrx_word' id='word_1_456' title='bbox 176 4319 229 4381; x_wconf 87' lang='lat' dir='ltr'><strong>eui</strong></span> <span class='ocrx_word' id='word_1_457' title='bbox 248 4317 398 4395; x_wconf 91' lang='lat' dir='ltr'><strong>offertur,</strong></span> <span class='ocrx_word' id='word_1_458' title='bbox 421 4338 491 4381; x_wconf 90' lang='lat' dir='ltr'><strong>earn</strong></span> <span class='ocrx_word' id='word_1_459' title='bbox 512 4319 701 4400; x_wconf 87' lang='lat' dir='ltr'><strong>despexerit,</strong></span> <span class='ocrx_word' id='word_1_460' title='bbox 724 4337 787 4382; x_wconf 94' lang='lat' dir='ltr'><strong>non</strong></span> <span class='ocrx_word' id='word_1_461' title='bbox 808 4320 925 4401; x_wconf 88' lang='lat' dir='ltr'><strong>poterit</strong></span> 
     </span>
     <span class='ocr_line' id='line_1_73' title="bbox 175 4416 923 4493; baseline 0.003 -14"><span class='ocrx_word' id='word_1_462' title='bbox 175 4436 247 4479; x_wconf 87' lang='lat' dir='ltr'><strong>eam</strong></span> <span class='ocrx_word' id='word_1_463' title='bbox 273 4418 461 4481; x_wconf 89' lang='lat' dir='ltr'><strong>venundare</strong></span> <span class='ocrx_word' id='word_1_464' title='bbox 485 4416 609 4493; x_wconf 89' lang='lat' dir='ltr'><strong>alienis,</strong></span> <span class='ocrx_word' id='word_1_465' title='bbox 636 4416 741 4479; x_wconf 90' lang='lat' dir='ltr'><strong>idest</strong></span> <span class='ocrx_word' id='word_1_466' title='bbox 767 4417 923 4489; x_wconf 73' lang='lat' dir='ltr'><strong>hereticis</strong></span> 
     </span>
     <span class='ocr_line' id='line_1_74' title="bbox 175 4516 327 4578; baseline -0.007 -1"><span class='ocrx_word' id='word_1_467' title='bbox 175 4516 327 4578; x_wconf 90' lang='lat' dir='ltr'><strong>subdere.</strong></span> 
     </span>
    </p>

    <p class='ocr_par' dir='ltr' id='par_1_19' title="bbox 173 4615 925 5387">
     <span class='ocr_line' id='line_1_75' title="bbox 225 4615 925 4691; baseline 0.003 -18"><span class='ocrx_word' id='word_1_468' title='bbox 225 4616 291 4683; x_wconf 78' lang='lat' dir='ltr'><strong>Qui</strong></span> <span class='ocrx_word' id='word_1_469' title='bbox 310 4615 505 4691; x_wconf 80' lang='lat' dir='ltr'><strong>percusserit</strong></span> <span class='ocrx_word' id='word_1_470' title='bbox 529 4615 690 4675; x_wconf 82' lang='lat' dir='ltr'><strong>bominem</strong></span> <span class='ocrx_word' id='word_1_471' title='bbox 715 4618 821 4674; x_wconf 82' lang='lat' dir='ltr'><strong>cofeas</strong></span> <span class='ocrx_word' id='word_1_472' title='bbox 846 4618 925 4676; x_wconf 85' lang='lat' dir='ltr'><strong>ocei-</strong></span> 
     </span>
     <span class='ocr_line' id='line_1_76' title="bbox 174 4712 923 4794; baseline 0.004 -21"><span class='ocrx_word' id='word_1_473' title='bbox 174 4716 263 4785; x_wconf 82' lang='lat' dir='ltr'><strong>rlere,</strong></span> <span class='ocrx_word' id='word_1_474' title='bbox 285 4722 386 4773; x_wconf 83' lang='lat' dir='ltr'><strong>morte</strong></span> <span class='ocrx_word' id='word_1_475' title='bbox 405 4715 597 4773; x_wconf 82' lang='lat' dir='ltr'><strong>moriatur:</strong></span> <span class='ocrx_word' id='word_1_476' title='bbox 619 4712 650 4775; x_wconf 85' lang='lat' dir='ltr'><strong>id</strong></span> <span class='ocrx_word' id='word_1_477' title='bbox 673 4721 731 4788; x_wconf 88' lang='grc' dir='ltr'><strong>θεῖ,</strong></span> <span class='ocrx_word' id='word_1_478' title='bbox 748 4713 805 4794; x_wconf 93' lang='lat' dir='ltr'><strong>qui</strong></span> <span class='ocrx_word' id='word_1_479' title='bbox 825 4714 923 4776; x_wconf 87' lang='lat' dir='ltr'><strong>alium</strong></span> 
     </span>
     <span class='ocr_line' id='line_1_77' title="bbox 175 4809 924 4894; baseline 0 -19"><span class='ocrx_word' id='word_1_480' title='bbox 175 4832 214 4875; x_wconf 86' lang='lat' dir='ltr'><strong>ex</strong></span> <span class='ocrx_word' id='word_1_481' title='bbox 231 4811 398 4894; x_wconf 89' lang='lat' dir='ltr'><strong>proposito</strong></span> <span class='ocrx_word' id='word_1_482' title='bbox 413 4809 656 4892; x_wconf 81' lang='lat' dir='ltr'><strong>perturbaverit,</strong></span> <span class='ocrx_word' id='word_1_483' title='bbox 665 4820 697 4873; x_wconf 91' lang='lat' dir='ltr'><strong>et</strong></span> <span class='ocrx_word' id='word_1_484' title='bbox 713 4812 819 4875; x_wconf 89' lang='lat' dir='ltr'><strong>verbis</strong></span> <span class='ocrx_word' id='word_1_485' title='bbox 834 4813 924 4875; x_wconf 87' lang='lat' dir='ltr'><strong>duris</strong></span> 
     </span>
     <span class='ocr_line' id='line_1_78' title="bbox 174 4907 924 4993; baseline -0.001 -18"><span class='ocrx_word' id='word_1_486' title='bbox 174 4931 212 4975; x_wconf 88' lang='lat' dir='ltr'><strong>ac</strong></span> <span class='ocrx_word' id='word_1_487' title='bbox 232 4909 411 4993; x_wconf 91' lang='lat' dir='ltr'><strong>pungitivis</strong></span> <span class='ocrx_word' id='word_1_488' title='bbox 425 4907 591 4987; x_wconf 86' lang='lat' dir='ltr'><strong>afflixerit,</strong></span> <span class='ocrx_word' id='word_1_489' title='bbox 603 4910 801 4972; x_wconf 90' lang='lat' dir='ltr'><strong>damnationi</strong></span> <span class='ocrx_word' id='word_1_490' title='bbox 818 4911 924 4993; x_wconf 86' lang='lat' dir='ltr'><strong>subja-</strong></span> 
     </span>
     <span class='ocr_line' id='line_1_79' title="bbox 174 5007 924 5090; baseline -0.001 -17"><span class='ocrx_word' id='word_1_491' title='bbox 174 5018 258 5074; x_wconf 90' lang='lat' dir='ltr'><strong>ceat.</strong></span> <span class='ocrx_word' id='word_1_492' title='bbox 275 5011 340 5074; x_wconf 88' lang='lat' dir='ltr'><strong>lloc</strong></span> <span class='ocrx_word' id='word_1_493' title='bbox 354 5016 404 5073; x_wconf 90' lang='grc' dir='ltr'><strong>θεῖ</strong></span> <span class='ocrx_word' id='word_1_494' title='bbox 418 5009 504 5090; x_wconf 93' lang='lat' dir='ltr'><strong>quod</strong></span> <span class='ocrx_word' id='word_1_495' title='bbox 519 5008 564 5071; x_wconf 91' lang='lat' dir='ltr'><strong>ait</strong></span> <span class='ocrx_word' id='word_1_496' title='bbox 579 5007 748 5090; x_wconf 81' lang='lat' dir='ltr'><strong>Apostolus</strong></span> <span class='ocrx_word' id='word_1_497' title='bbox 766 5028 773 5072; x_wconf 92' lang='lat'>:</span> <span class='ocrx_word' id='word_1_498' title='bbox 791 5010 924 5073; x_wconf 84' lang='lat' dir='ltr'><strong>Peccan-</strong></span> 
     </span>
     <span class='ocr_line' id='line_1_80' title="bbox 176 5107 923 5191; baseline 0 -20"><span class='ocrx_word' id='word_1_499' title='bbox 176 5120 225 5174; x_wconf 87' lang='lat' dir='ltr'><strong>tes</strong></span> <span class='ocrx_word' id='word_1_500' title='bbox 241 5110 274 5172; x_wconf 94' lang='lat' dir='ltr'><strong>in</strong></span> <span class='ocrx_word' id='word_1_501' title='bbox 290 5110 456 5187; x_wconf 88' lang='lat' dir='ltr'><strong>fratres,et</strong></span> <span class='ocrx_word' id='word_1_502' title='bbox 472 5107 684 5191; x_wconf 89' lang='lat' dir='ltr'><strong>percutientes</strong></span> <span class='ocrx_word' id='word_1_503' title='bbox 695 5109 923 5171; x_wconf 88' lang='lat' dir='ltr'><strong>conscientiam</strong></span> 
     </span>
     <span class='ocr_line' id='line_1_81' title="bbox 174 5208 924 5289; baseline -0.005 -16"><span class='ocrx_word' id='word_1_504' title='bbox 174 5229 288 5273; x_wconf 89' lang='lat' dir='ltr'><strong>eorum</strong></span> <span class='ocrx_word' id='word_1_505' title='bbox 304 5208 521 5286; x_wconf 90' lang='lat' dir='ltr'><strong>infirmam,in</strong></span> <span class='ocrx_word' id='word_1_506' title='bbox 532 5208 692 5272; x_wconf 85' lang='lat' dir='ltr'><strong>Christum</strong></span> <span class='ocrx_word' id='word_1_507' title='bbox 706 5208 924 5289; x_wconf 72' lang='lat' dir='ltr'><strong>peccatisaut</strong></span> 
     </span>
     <span class='ocr_line' id='line_1_82' title="bbox 173 5305 925 5387; baseline 0.004 -20"><span class='ocrx_word' id='word_1_508' title='bbox 173 5318 288 5371; x_wconf 81' lang='lat' dir='ltr'><strong>autern</strong></span> <span class='ocrx_word' id='word_1_509' title='bbox 301 5318 427 5371; x_wconf 79' lang='lat' dir='ltr'><strong>nonest</strong></span> <span class='ocrx_word' id='word_1_510' title='bbox 442 5310 631 5381; x_wconf 73' lang='lat' dir='ltr'><strong>insidiatus,</strong></span> <span class='ocrx_word' id='word_1_511' title='bbox 645 5306 678 5368; x_wconf 90' lang='lat' dir='ltr'><strong>id</strong></span> <span class='ocrx_word' id='word_1_512' title='bbox 694 5314 752 5384; x_wconf 89' lang='lat' dir='ltr'><strong>est,</strong></span> <span class='ocrx_word' id='word_1_513' title='bbox 770 5305 839 5369; x_wconf 89' lang='lat' dir='ltr'><strong>sine</strong></span> <span class='ocrx_word' id='word_1_514' title='bbox 855 5325 925 5387; x_wconf 93' lang='lat' dir='ltr'><strong>pro·</strong></span> 
     </span>
    </p>
   </div>
   <div class='ocr_carea' id='block_1_17' title="bbox 977 4320 1742 5392">
    <p class='ocr_par' dir='ltr' id='par_1_20' title="bbox 979 4320 1565 4401">
     <span class='ocr_line' id='line_1_83' title="bbox 979 4320 1565 4401; baseline 0.003 -18"><span class='ocrx_word' id='word_1_515' title='bbox 979 4321 1107 4384; x_wconf 89' lang='lat' dir='ltr'><strong>ritativa</strong></span> <span class='ocrx_word' id='word_1_516' title='bbox 1122 4320 1297 4401; x_wconf 89' lang='lat' dir='ltr'><strong>increpatio</strong></span> <span class='ocrx_word' id='word_1_517' title='bbox 1314 4321 1491 4385; x_wconf 87' lang='lat' dir='ltr'><strong>necessaria</strong></span> <span class='ocrx_word' id='word_1_518' title='bbox 1508 4330 1565 4385; x_wconf 90' lang='lat' dir='ltr'><strong>est.</strong></span> 
     </span>
    </p>

    <p class='ocr_par' dir='ltr' id='par_1_21' title="bbox 977 4420 1742 5392">
     <span class='ocr_line' id='line_1_84' title="bbox 1018 4420 1724 4503; baseline 0.013 -22"><span class='ocrx_word' id='word_1_519' title='bbox 1018 4421 1059 4482; x_wconf 84' lang='lat' dir='ltr'><strong>Sa&#39;</strong></span> <span class='ocrx_word' id='word_1_520' title='bbox 1079 4422 1185 4480; x_wconf 73' lang='lat' dir='ltr'><strong>rixati</strong></span> <span class='ocrx_word' id='word_1_521' title='bbox 1205 4422 1332 4498; x_wconf 78' lang='lat' dir='ltr'><strong>fuerint</strong></span> <span class='ocrx_word' id='word_1_522' title='bbox 1353 4422 1431 4492; x_wconf 82' lang='lat' dir='ltr'><strong>virt,</strong></span> <span class='ocrx_word' id='word_1_523' title='bbox 1455 4420 1649 4503; x_wconf 86' lang='lat' dir='ltr'><strong>disputando</strong></span> <span class='ocrx_word' id='word_1_524' title='bbox 1669 4433 1724 4489; x_wconf 88' lang='lat' dir='ltr'><strong>aut</strong></span> 
     </span>
     <span class='ocr_line' id='line_1_85' title="bbox 978 4517 1726 4601; baseline 0.007 -20"><span class='ocrx_word' id='word_1_525' title='bbox 978 4518 1071 4582; x_wconf 88' lang='lat' dir='ltr'><strong>aliter</strong></span> <span class='ocrx_word' id='word_1_526' title='bbox 1086 4517 1318 4595; x_wconf 90' lang='lat' dir='ltr'><strong>contendendo,</strong></span> <span class='ocrx_word' id='word_1_527' title='bbox 1327 4529 1356 4580; x_wconf 87' lang='lat' dir='ltr'><strong>et</strong></span> <span class='ocrx_word' id='word_1_528' title='bbox 1365 4523 1558 4596; x_wconf 79' lang='lat' dir='ltr'><strong>pernnscrit</strong></span> <span class='ocrx_word' id='word_1_529' title='bbox 1567 4524 1642 4601; x_wconf 79' lang='lat' dir='ltr'><strong>qais</strong></span> <span class='ocrx_word' id='word_1_530' title='bbox 1656 4546 1726 4586; x_wconf 83' lang='lat' dir='ltr'><strong>rna·</strong></span> 
     </span>
     <span class='ocr_line' id='line_1_86' title="bbox 979 4616 1725 4705; baseline 0.009 -26"><span class='ocrx_word' id='word_1_531' title='bbox 979 4620 1089 4679; x_wconf 81' lang='lat' dir='ltr'><strong>tierent</strong></span> <span class='ocrx_word' id='word_1_532' title='bbox 1103 4626 1335 4696; x_wconf 71' lang='lat' dir='ltr'><strong>praegnantem,</strong></span> <span class='ocrx_word' id='word_1_533' title='bbox 1354 4616 1386 4679; x_wconf 90' lang='lat' dir='ltr'><strong>id</strong></span> <span class='ocrx_word' id='word_1_534' title='bbox 1406 4625 1454 4680; x_wconf 90' lang='lat' dir='ltr'><strong>est</strong></span> <span class='ocrx_word' id='word_1_535' title='bbox 1473 4618 1614 4683; x_wconf 89' lang='lat' dir='ltr'><strong>animam</strong></span> <span class='ocrx_word' id='word_1_536' title='bbox 1630 4623 1725 4705; x_wconf 90' lang='lat' dir='ltr'><strong>spiri·</strong></span> 
     </span>
     <span class='ocr_line' id='line_1_87' title="bbox 978 4715 1723 4801; baseline 0.007 -22"><span class='ocrx_word' id='word_1_537' title='bbox 978 4717 1107 4780; x_wconf 90' lang='lat' dir='ltr'><strong>tualitcr</strong></span> <span class='ocrx_word' id='word_1_538' title='bbox 1123 4715 1336 4792; x_wconf 88' lang='lat' dir='ltr'><strong>fecundatam,</strong></span> <span class='ocrx_word' id='word_1_539' title='bbox 1347 4726 1376 4777; x_wconf 85' lang='lat' dir='ltr'><strong>et</strong></span> <span class='ocrx_word' id='word_1_540' title='bbox 1391 4719 1575 4780; x_wconf 80' lang='lat' dir='ltr'><strong>abortivam</strong></span> <span class='ocrx_word' id='word_1_541' title='bbox 1589 4724 1723 4801; x_wconf 82' lang='lat' dir='ltr'><strong>qnidam</strong></span> 
     </span>
     <span class='ocr_line' id='line_1_88' title="bbox 977 4815 1725 4897; baseline 0.013 -22"><span class='ocrx_word' id='word_1_542' title='bbox 977 4818 1100 4897; x_wconf 75' lang='lat' dir='ltr'><strong>feccrit,</strong></span> <span class='ocrx_word' id='word_1_543' title='bbox 1119 4816 1152 4878; x_wconf 93' lang='lat' dir='ltr'><strong>id</strong></span> <span class='ocrx_word' id='word_1_544' title='bbox 1172 4824 1230 4892; x_wconf 92' lang='lat' dir='ltr'><strong>est,</strong></span> <span class='ocrx_word' id='word_1_545' title='bbox 1246 4835 1286 4879; x_wconf 85' lang='lat' dir='ltr'><strong>ex</strong></span> <span class='ocrx_word' id='word_1_546' title='bbox 1305 4815 1434 4879; x_wconf 91' lang='lat' dir='ltr'><strong>illorum</strong></span> <span class='ocrx_word' id='word_1_547' title='bbox 1452 4816 1519 4880; x_wconf 92' lang='lat' dir='ltr'><strong>rixa</strong></span> <span class='ocrx_word' id='word_1_548' title='bbox 1540 4817 1638 4883; x_wconf 89' lang='lat' dir='ltr'><strong>fucrit</strong></span> <span class='ocrx_word' id='word_1_549' title='bbox 1659 4823 1725 4884; x_wconf 88' lang='lat' dir='ltr'><strong>ani·</strong></span> 
     </span>
     <span class='ocr_line' id='line_1_89' title="bbox 978 4914 1742 5003; baseline 0.01 -27"><span class='ocrx_word' id='word_1_550' title='bbox 978 4933 1030 4976; x_wconf 88' lang='lat' dir='ltr'><strong>ma</strong></span> <span class='ocrx_word' id='word_1_551' title='bbox 1051 4914 1091 4977; x_wconf 89' lang='lat' dir='ltr'><strong>ab</strong></span> <span class='ocrx_word' id='word_1_552' title='bbox 1112 4915 1315 4978; x_wconf 89' lang='lat' dir='ltr'><strong>exsecutione</strong></span> <span class='ocrx_word' id='word_1_553' title='bbox 1336 4914 1411 4978; x_wconf 91' lang='lat' dir='ltr'><strong>boni</strong></span> <span class='ocrx_word' id='word_1_554' title='bbox 1434 4918 1605 5000; x_wconf 85' lang='lat' dir='ltr'><strong>propositi,</strong></span> <span class='ocrx_word' id='word_1_555' title='bbox 1626 4929 1742 5003; x_wconf 87' lang='lat' dir='ltr'><strong>atque·</strong></span> 
     </span>
     <span class='ocr_line' id='line_1_90' title="bbox 978 5013 1724 5099; baseline 0.004 -23"><span class='ocrx_word' id='word_1_556' title='bbox 978 5013 1118 5077; x_wconf 87' lang='lat' dir='ltr'><strong>afructu</strong></span> <span class='ocrx_word' id='word_1_557' title='bbox 1139 5014 1228 5078; x_wconf 88' lang='lat' dir='ltr'><strong>verbi</strong></span> <span class='ocrx_word' id='word_1_558' title='bbox 1251 5014 1390 5078; x_wconf 88' lang='lat' dir='ltr'><strong>coelestis</strong></span> <span class='ocrx_word' id='word_1_559' title='bbox 1412 5016 1577 5098; x_wconf 89' lang='lat' dir='ltr'><strong>impedita,</strong></span> <span class='ocrx_word' id='word_1_560' title='bbox 1598 5022 1653 5079; x_wconf 79' lang='lat' dir='ltr'><strong>aad</strong></span> <span class='ocrx_word' id='word_1_561' title='bbox 1677 5023 1724 5099; x_wconf 83' lang='lat' dir='ltr'><strong>ip-</strong></span> 
     </span>
     <span class='ocr_line' id='line_1_91' title="bbox 977 5113 1723 5182; baseline 0.007 -10"><span class='ocrx_word' id='word_1_562' title='bbox 977 5133 1013 5172; x_wconf 83' lang='lat' dir='ltr'><strong>sa</strong></span> <span class='ocrx_word' id='word_1_563' title='bbox 1040 5114 1173 5182; x_wconf 66' lang='lat' dir='ltr'><strong>armarit,</strong></span> <span class='ocrx_word' id='word_1_564' title='bbox 1195 5113 1354 5175; x_wconf 91' lang='lat' dir='ltr'><strong>manendo</strong></span> <span class='ocrx_word' id='word_1_565' title='bbox 1378 5113 1481 5176; x_wconf 89' lang='lat' dir='ltr'><strong>adhuc</strong></span> <span class='ocrx_word' id='word_1_566' title='bbox 1507 5113 1540 5175; x_wconf 91' lang='lat' dir='ltr'><strong>in</strong></span> <span class='ocrx_word' id='word_1_567' title='bbox 1564 5115 1669 5179; x_wconf 87' lang='lat' dir='ltr'><strong>radice</strong></span> <span class='ocrx_word' id='word_1_568' title='bbox 1691 5124 1723 5178; x_wconf 86' lang='lat' dir='ltr'><strong>et</strong></span> 
     </span>
     <span class='ocr_line' id='line_1_92' title="bbox 979 5210 1724 5294; baseline 0.003 -21"><span class='ocrx_word' id='word_1_569' title='bbox 979 5210 1090 5274; x_wconf 84' lang='lat' dir='ltr'><strong>habitu</strong></span> <span class='ocrx_word' id='word_1_570' title='bbox 1109 5211 1267 5287; x_wconf 78' lang='lat' dir='ltr'><strong>earilatis3</strong></span> <span class='ocrx_word' id='word_1_571' title='bbox 1287 5213 1463 5289; x_wconf 79' lang='lat' dir='ltr'><strong>subjacebit</strong></span> <span class='ocrx_word' id='word_1_572' title='bbox 1481 5214 1602 5275; x_wconf 83' lang='lat' dir='ltr'><strong>darnae</strong></span> <span class='ocrx_word' id='word_1_573' title='bbox 1620 5236 1724 5294; x_wconf 83' lang='lat' dir='ltr'><strong>qaan-</strong></span> 
     </span>
     <span class='ocr_line' id='line_1_93' title="bbox 980 5310 1725 5392; baseline 0.005 -23"><span class='ocrx_word' id='word_1_574' title='bbox 980 5320 1048 5370; x_wconf 85' lang='lat' dir='ltr'><strong>tarn</strong></span> <span class='ocrx_word' id='word_1_575' title='bbox 1057 5310 1225 5387; x_wconf 76' lang='lat' dir='ltr'><strong>capetierit</strong></span> <span class='ocrx_word' id='word_1_576' title='bbox 1236 5313 1377 5372; x_wconf 73' lang='lat' dir='ltr'><strong>maritas</strong></span> <span class='ocrx_word' id='word_1_577' title='bbox 1386 5312 1546 5381; x_wconf 79' lang='lat' dir='ltr'><strong>mulieris,</strong></span> <span class='ocrx_word' id='word_1_578' title='bbox 1554 5310 1588 5373; x_wconf 93' lang='lat' dir='ltr'><strong>id</strong></span> <span class='ocrx_word' id='word_1_579' title='bbox 1596 5311 1725 5392; x_wconf 81' lang='lat' dir='ltr'><strong>est,&#39;jux·</strong></span> 
     </span>
    </p>
   </div>
   <div class='ocr_carea' id='block_1_18' title="bbox 0 0 2164 6259">
    <p class='ocr_par' dir='ltr' id='par_1_22' title="bbox 0 0 2164 6259">
     <span class='ocr_line' id='line_1_94' title="bbox 0 0 2164 6259; baseline 0 0"><span class='ocrx_word' id='word_1_580' title='bbox 0 0 2164 6259; x_wconf 95' lang='lat' dir='ltr'><strong> </strong></span> 
     </span>
    </p>
   </div>
  </div>
 </body>
</html>
