4309 6259
419 479 479 544 222
780 496 953 542 ednnnnrle
974 496 1004 541 ΙΝ
1026 495 1094 544 CAP.
1119 495 1173 542 lllll
1195 495 1330 542 uetitlcl.
1353 513 1394 524 -·
1414 495 1484 542 ultr.
1508 496 1604 542 XXl'lll

419 669 597 752 praesentis
614 667 716 732 voluit
741 669 773 730 in
798 677 952 732 aternum
975 667 1098 730 salvare
1121 667 1202 729 le-ll
1218 666 1303 747 quod
1319 685 1356 730 cx
1368 665 1512 730 interiori
1528 665 1668 729 materia
1682 664 1883 746 corruptione
1895 681 1965 726 ma-

418 788 542 852 prosus.
555 768 779 832 l'erumtamen
799 767 973 850 Hesychius
991 767 1069 830 dicit
1083 766 1160 829 hic:
1217 765 1289 827 cula
1314 765 1369 828 illa
1395 767 1435 828 sit
1461 775 1539 830 orta.
1565 768 1607 828 Et
1632 766 1705 842 r'pm
1729 767 1897 834 comburet,
1925 783 1964 822 eo

418 867 563 930 Ridicula
578 876 652 929 sunt
667 867 744 944 haec,
763 868 936 930 secundum
958 867 1096 929 litteram
1118 865 1164 926 in·
1217 868 1302 943 priori
1329 867 1440 942 infusa
1459 867 1501 926 sit
1523 868 1559 926 iu
1579 866 1747 942 superficie
1767 865 1961 932 vestimenti,

418 973 600 1048 terpretata.
612 965 651 1028 Ut
661 965 739 1048 quid
754 965 840 1028 enim
852 966 892 1028 de
907 965 1019 1027 castris
1035 964 1163 1046 ejicitur
1217 968 1266 1022 cel
1277 985 1338 1041 per
1355 975 1453 1024 torrem
1472 969 1572 1041 lepre,
1588 963 1650 1026 hoc
1665 970 1712 1025 est
1727 961 1769 1024 ob
1785 961 1854 1036 boc,
1870 961 1964 1042 quod

417 1063 572 1146 leprosus,
590 1065 645 1147 qui
668 1065 770 1146 magis
790 1084 886 1146 quam
905 1072 979 1126 ante
994 1062 1109 1126 solatio
1131 1071 1163 1124 ct
1218 1059 1306 1142 lepra
1321 1061 1376 1124 illa
1392 1061 1432 1124 ab
1446 1062 1532 1123 intus
1545 1063 1617 1124 fusa
1631 1081 1667 1125 ac
1684 1080 1792 1144 sparsa
1807 1058 1846 1122 sit
1860 1061 1892 1121 iu
1909 1078 1965 1121 su-

416 1162 635 1226 miserieordia
650 1162 794 1244 indigett
809 1162 872 1224 Cur
887 1162 1077 1225 vestimenta
1092 1161 1161 1242 ojus
1216 1157 1351 1240 pcrficie
1368 1159 1438 1222 talis
1461 1160 1569 1237 vestis,
1587 1161 1637 1223 vel
1655 1180 1711 1243 per
1727 1168 1838 1236 lotura,
1855 1159 1887 1221 id
1910 1167 1965 1221 est

414 1262 612 1339 dissuuntur,
624 1271 721 1344 caput
736 1263 885 1338 nudatur,
898 1280 997 1342 osque
1011 1260 1136 1323 velatur
1150 1261 1161 1319 t
1216 1277 1272 1340 pcr
1287 1258 1480 1322 soliditatem
1496 1259 1637 1323 materia
1651 1259 1749 1324 vestis
1762 1259 1803 1322 ab
1814 1277 1878 1321 una
1887 1258 1964 1340 ejus

414 1359 486 1424 llaec
501 1361 685 1442 Hesychius,
703 1360 808 1423 Nihilo
834 1361 941 1423 minus
956 1358 1101 1422 absolute
1117 1357 1162 1420 di·
1216 1356 1389 1439 superficie
1404 1377 1505 1440 usque
1520 1359 1559 1420 ad
1575 1358 1670 1421 aliam
1685 1357 1850 1422 inclusive.

415 1460 564 1537 cendum,
582 1460 668 1540 quod
688 1459 749 1522 ista
764 1460 807 1522 ad⁴
819 1459 958 1522 litteram
982 1459 1071 1538 jussa
1087 1466 1161 1519 sunt
1254 1457 1344 1520 Circa
1359 1457 1426 1520 haec
1442 1457 1554 1521 scribit
1569 1458 1659 1541 Lyra,
1677 1458 1760 1520 hune
1777 1466 1894 1521 textum
1912 1475 1965 1520 es-

416 1567 546 1640 propter
563 1557 768 1622 rationabiles
779 1578 891 1622 causas
906 1559 971 1640 jam
987 1567 1096 1620 tactas.
1215 1574 1248 1618 se
1263 1565 1448 1638 corruptum
1465 1575 1522 1639 per
1538 1557 1719 1640 scriptores,
1736 1565 1790 1620 aut
1811 1557 1873 1620 alio
1889 1575 1963 1619 rno-

455 1656 605 1738 Seqnitur
620 1658 659 1720 de
675 1657 763 1740 lepra
779 1658 937 1722 vestium:
957 1660 1054 1718 Vestis
1065 1661 1159 1718 leuen
1215 1655 1255 1717 do
1273 1672 1279 1716 :
1298 1656 1373 1736 quia
1388 1654 1441 1720 bic
1463 1655 1568 1736 agitur
1587 1658 1627 1719 de
1643 1656 1730 1740 lepra
1744 1675 1816 1738 quea
1830 1655 1960 1719 videtur

413 1757 480 1816 sice
495 1758 593 1828 linea,
605 1778 677 1836 qum
693 1761 815 1834 lepram
832 1759 981 1817 babuerit
997 1758 1032 1818 iu
1050 1757 1160 1816 stemi-
1214 1752 1247 1815 in
1264 1762 1354 1836 parte
1369 1755 1563 1831 vestimenti,
1575 1763 1606 1818 et
1623 1773 1686 1818 non
1703 1774 1759 1837 per
1775 1761 1881 1816 totum.
1893 1751 1957 1816 Sed

413 1876 452 1916 ne
467 1865 563 1936 atque
576 1858 786 1933 scetteqmiue,
797 1856 828 1918 id
840 1863 888 1917 est
898 1875 937 1917 cx
947 1855 1085 1938 propria
1097 1872 1159 1914 ma·
1174 1851 1197 1914 B
1214 1871 1278 1915 non
1289 1853 1529 1936 oportetdicere
1542 1863 1660 1918 textum
1676 1873 1745 1918 esse
1759 1861 1955 1935 corruptum,

414 1953 502 2017 leriae
517 1955 662 2018 interiori
677 1954 883 2036 corruptione
903 1973 910 2016 :
933 1963 1056 2016 stamen
1072 1971 1159 2014 nam·
1214 1950 1240 2013 si
1256 1954 1342 2034 quod
1359 1952 1480 2016 dictum
1496 1962 1555 2030 cst,
1568 1953 1623 2017 l'el
1639 1973 1697 2036 per
1711 1961 1824 2028 totum,
1837 1951 1958 2014 intelli-

414 2071 476 2134 quc
499 2061 548 2116 est
572 2054 646 2133 tela,
668 2054 857 2134 subtegmen
880 2053 1011 2116 materia
1031 2072 1103 2134 qoae
1128 2052 1157 2114 ei
1212 2058 1304 2131 gatur
1327 2051 1410 2115 sicut
1435 2053 1529 2116 modo
1553 2053 1731 2134 expositum
1754 2052 1863 2116 est-de
1887 2058 1957 2114 tota

414 2151 565 2214 intexitur
577 2177 584 2227 3
598 2164 656 2215 aut
671 2155 867 2232 certepettts,
879 2157 928 2213 cet
944 2154 1158 2232 quidquidee
1213 2149 1421 2231 spissitudine
1443 2171 1498 2215 seu
1517 2152 1676 2215 soliditate
1691 2151 1822 2214 vestisa
1846 2169 1957 2232 super-

408 2253 681 2330 pettecousectum
692 2263 736 2314 est
745 2274 756 2311 .·
766 2255 796 2312 si
806 2255 880 2313 alba
891 2261 949 2312 urit
959 2256 1038 2331 rufa
1050 2271 1158 2310 mucu-
1213 2247 1287 2310 licie
1302 2249 1336 2311 in
1353 2250 1559 2332 superficiem
1578 2269 1585 2314 :
1604 2251 1714 2333 sicque
1728 2249 1957 2314 convenienter

413 2352 446 2409 Ic
455 2349 560 2426 suerit
569 2351 691 2428 insecta
702 2368 740 2413 ex
750 2349 895 2412 interiori
905 2351 954 2429 (ut
964 2356 1084 2410 tactum
1095 2350 1157 2428 est)
1211 2347 1389 2429 exponitur,
1405 2350 1444 2411 ad
1461 2349 1689 2412 insinuandum
1704 2349 1790 2430 quod
1805 2347 1871 2410 sive
1887 2365 1957 2410 ma·

412 2447 617 2529 corruptione
633 2467 698 2510 suae
721 2448 873 2524 materie,
892 2453 982 2525 lepra
996 2449 1157 2524 reputabi·
1212 2446 1283 2508 cula
1299 2446 1354 2509 illa
1364 2456 1514 2530 appareat
1526 2455 1648 2509 tantum
1660 2447 1692 2510 in
1704 2467 1768 2510 una
1780 2444 1955 2529 superlicio

413 2556 467 2604 rur
482 2545 702 2628 probabiliter,
717 2566 782 2610 non
797 2554 903 2611 tamen
919 2546 1087 2609 definitive
1103 2553 1156 2608 aut
1211 2544 1320 2623 vestiS,
1340 2545 1408 2609 sive
1431 2547 1625 2628 inutraque,
1643 2545 1808 2608 immunda
1830 2545 1871 2606 sit
1895 2563 1955 2608 scu

412 2644 679 2708 certitudinaliter
703 2653 777 2710 ante
798 2645 970 2709 sacerdotis
984 2645 1152 2726 judicium.
1211 2642 1347 2724 leprosa.
1364 2644 1403 2706 Et
1419 2665 1482 2708 non
1504 2654 1629 2727 oportet
1650 2663 1808 2728 exponere
1832 2645 1871 2708 de
1886 2651 1955 2707 toto

412 2742 484 2807 ldeo
495 2743 624 2806 additur
636 2761 643 2807 :
656 2748 899 2825 ostendeturque
912 2746 1081 2805 sacerdoti.
1094 2745 1156 2812 Qui
1210 2761 1267 2824 pcr
1283 2742 1382 2806 latum
1399 2752 1431 2807 ct
1453 2744 1595 2825 longum,
1613 2763 1668 2808 seu
1684 2745 1835 2807 omnibus
1857 2741 1956 2825 parti·

412 2844 649 2904 mmi'deratcm
665 2852 786 2907 vestem
802 2847 943 2904 recenter
957 2853 1074 2920 septem
1089 2843 1156 2901 die·
1211 2842 1271 2904 bus
1293 2843 1486 2906 vestimenti.
1503 2842 1625 2906 l'eritas
1645 2851 1753 2907 autem
1774 2843 1885 2906 littera
1903 2851 1956 2904 est

412 2943 481 3012 bus,
497 2952 527 3002 et
548 2945 602 3002 die
625 2945 758 3021 septimo
784 2964 898 3003 rursus
917 2943 1109 3019 adspiciens,
1126 2942 1156 3000 si
1211 2941 1373 3019 salvanda,
1401 2949 1556 3023 quantum
1582 2941 1655 3004 fieri
1687 2951 1802 3024 potest.
1834 2940 1957 3004 Asserit

412 3043 546 3101 crevisse
574 3043 819 3119 deprehenderit
843 3040 999 3104 maculam
1032 3039 1120 3102 illam
1145 3038 1307 3114 ;Cetiam
1332 3039 1412 3122 Lyra
1436 3040 1470 3102 in
1495 3041 1624 3104 llebreao
1648 3039 1772 3118 haberi,
1798 3041 1842 3104 Eo
1866 3040 1955 3121 quod

412 3143 501 3216 lepra
522 3160 731 3217 perseveram
750 3151 808 3210 est,
824 3139 856 3201 id
882 3148 939 3216 est,
956 3138 1155 3201 inhabituata
1210 3147 1319 3201 cavata
1335 3139 1376 3200 sit
1391 3139 1425 3200 in
1441 3139 1569 3202 calvitio
1585 3159 1642 3203 suo
1658 3139 1707 3202 vel
1726 3139 1874 3202 fenestra.
1891 3138 1956 3202 Sed

411 3237 605 3300 censebitur.
622 3240 791 3300 Peltatam
798 3239 965 3316 judicabit
987 3240 1154 3298 vestimen·
1210 3240 1310 3304 Rabbi
1326 3241 1440 3304 Paulus
1465 3241 1665 3318 contradicit,
1682 3241 1852 3304 affirmans
1867 3243 1954 3322 quod

274 3347 388 3391 ‘eroum
412 3346 479 3397 tum
502 3357 594 3396 entare
609 3339 621 3361 '
640 3339 678 3396 iu
699 3357 761 3417 quo
782 3338 885 3413 fuerit
905 3339 1037 3398 incentu
1053 3358 1064 3396 .·
1087 3345 1156 3398 ian·
1210 3338 1243 3402 in
1259 3339 1390 3405 Hebraeo
1406 3360 1469 3404 non
1488 3341 1526 3404 fit
1542 3341 1661 3405 mentio
1677 3341 1716 3404 de
1733 3340 1881 3416 fenestra,
1893 3342 1952 3404 sed

411 3453 507 3516 quam
529 3434 705 3515 subjective
727 3434 887 3498 inherens
908 3435 1093 3515 hujusmodi
1113 3434 1155 3499 lc·
1209 3440 1294 3521 quod
1310 3439 1427 3502 veritas
1441 3439 1593 3502 Hebraico
1608 3440 1723 3504 babeat
1738 3439 1795 3518 sic,
1807 3439 1851 3502 Eo
1866 3439 1953 3520 quod

411 3552 556 3615 praquae
566 3533 782 3616 metaphorice
792 3533 909 3597 dicitur
921 3533 1015 3616 lepra,
1025 3541 1154 3615 propter
1210 3546 1320 3602 cavata
1336 3538 1377 3599 sit
1392 3537 1425 3599 in
1436 3537 1564 3601 calvitio
1579 3539 1629 3602 vol
1646 3538 1821 3602 recalvitio.
1834 3537 1954 3618 Estque

412 3630 656 3696 similitudinem
667 3652 761 3714 quam
773 3651 811 3696 ex
824 3652 880 3694 sua
892 3633 1096 3714 corruptione
1106 3632 1155 3694 ha·
1210 3655 1333 3714 sensus,
1352 3637 1436 3718 quod
1462 3636 1544 3700 sieut
1568 3637 1663 3700 bomo
1689 3636 1805 3700 dicitur
1830 3635 1950 3710 calvus,

410 3728 465 3793 bet
479 3751 553 3794 curn
563 3751 638 3796 vcra
654 3731 758 3814 lepra,
770 3743 800 3794 ct
815 3733 935 3792 idcirco
950 3734 1155 3792 contueretur
1208 3735 1300 3816 cujus
1315 3734 1424 3817 capilli
1440 3735 1617 3798 defluunta
1632 3745 1720 3819 parte
1731 3735 1901 3808 anteriori;
1919 3743 1953 3798 et

408 3832 552 3906 flammis
568 3831 665 3894 vestis
680 3831 764 3907 talis,
781 3831 857 3912 quia
877 3839 908 3893 et
930 3831 1001 3913 ejus
1021 3829 1153 3894 infectio
1208 3834 1409 3911 recalvaster,
1428 3835 1503 3896 dum
1526 3834 1674 3898 defluunt
1698 3854 1716 3896 a
1739 3843 1828 3916 parte
1849 3843 1953 3916 poste

409 3929 551 4011 disponit
566 3931 606 3992 ad
623 3937 850 3993 nocumentum
867 3930 996 3992 utentis.
1016 3933 1106 3999 Qum
1124 3933 1154 3990 ct
1208 3933 1284 3995 riori
1308 3951 1314 3994 :
1340 3932 1385 3996 sic
1410 3933 1498 4016 lepra
1517 3933 1615 3996 cenis
1639 3932 1795 4015 accipitur
1817 3933 1870 3995 tric
1892 3951 1952 4014 pro

408 4050 479 4089 eum
496 4030 614 4089 viderit
633 4050 698 4089 uon
718 4030 864 4097 crccu‘sse,
875 4030 1053 4105 prmcc'pr'ct,
1070 4038 1153 4089 etex
1207 4031 1337 4094 calvitio
1353 4032 1403 4094 vel
1426 4031 1599 4109 recalvitio,
1617 4033 1792 4096 secundum
1807 4032 1890 4112 quod
1905 4030 1953 4093 le-

409 4135 567 4208 praacepto
592 4125 765 4188 sacerdotis
791 4128 947 4187 tacebunt
973 4129 1009 4186 id
1031 4128 1068 4186 tn
1091 4147 1152 4206 quo
1207 4148 1265 4211 pra
1276 4131 1372 4194 vestis
1387 4130 1587 4210 contingitin
1603 4131 1673 4212 ejus
1684 4130 1765 4194 facie
1775 4131 1826 4196 vel
1837 4130 1870 4191 iu
1881 4131 1953 4192 dor-

408 4235 453 4286 est
469 4229 571 4302 lepra,
588 4223 620 4286 id
636 4232 684 4287 est
699 4233 822 4306 partem
838 4225 936 4287 vestis
952 4225 998 4287 sie
1014 4225 1153 4288 macula·
1167 4224 1191 4286 D
1208 4247 1253 4292 so.
1271 4229 1341 4292 llaec
1356 4229 1457 4292 Rabbi
1473 4229 1598 4306 Paulus,
1615 4229 1706 4310 cujus
1727 4229 1882 4313 expositio
1897 4248 1952 4292 ex-

409 4333 485 4400 tam,
498 4322 611 4404 quiesi
622 4343 660 4385 ex
676 4323 795 4387 lotione
804 4325 931 4388 recedit
942 4325 1076 4400 macula,
1087 4342 1151 4387 non
1207 4327 1359 4409 positioni
1376 4348 1453 4392 mom
1470 4337 1625 4410 praetactm
1640 4328 1821 4390 concordat.
1834 4327 1951 4408 Sicque

408 4430 458 4485 est
473 4422 582 4504 lepra3
600 4426 802 4503 recludetque
814 4427 898 4484 utcu
912 4427 1028 4502 septem
1039 4427 1151 4484 diebus
1207 4427 1318 4489 beatus
1342 4426 1550 4508 Hieronymus
1570 4426 1795 4508 magistraliter
1814 4435 1951 4488 transtu-

408 4524 496 4584 etits.
510 4525 552 4584 Et
567 4543 668 4602 quum
680 4523 936 4602 videritquidem
948 4525 1067 4599 factem
1079 4523 1152 4599 pri·
1207 4523 1243 4586 lit
1264 4525 1370 4607 potius
1386 4543 1513 4587 sensum
1536 4545 1552 4587 c
1574 4543 1680 4604 senso,
1698 4544 1793 4606 quam
1814 4525 1947 4588 verbum

406 4623 528 4682 stiuam
547 4642 612 4682 uon
627 4638 697 4683 esse
712 4643 885 4688 reversam,
906 4620 1007 4683 idest
1028 4629 1151 4704 partem
1206 4643 1243 4686 cx
1266 4623 1374 4686 verbo.

408 4718 496 4781 illam
508 4718 616 4796 lotam,
627 4738 666 4782 ex
682 4719 801 4782 lotione
811 4727 843 4781 et
858 4719 1070 4782 desiccatione
1086 4738 1150 4783 uon
1246 4719 1308 4779 Sin
1319 4729 1426 4778 aurem
1438 4720 1600 4778 obscurior
1614 4719 1717 4796 suerit
1739 4723 1824 4779 loeus
1840 4723 1948 4796 leprae,

407 4837 477 4880 esse
505 4819 666 4880 reductam
692 4818 731 4880 ad
759 4816 1003 4899 dispositionem
1034 4818 1149 4882 bonam
1205 4818 1264 4879 hoc
1290 4825 1338 4879 est
1358 4816 1579 4897 maculaeque
1599 4817 1687 4897 lepra
1708 4826 1950 4900 putatur,post-

407 4935 504 4998 quam
523 4916 635 4980 habuit
649 4926 820 4998 antequam
838 4918 962 4979 macula
978 4917 1033 4979 illa
1053 4917 1151 4999 coepit
1204 4937 1303 4995 pirum
1320 4917 1413 4976 vestis
1428 4925 1472 4975 cst
1488 4919 1564 4986 totu,
1583 4916 1626 4977 ita
1641 4918 1725 4996 quod
1746 4925 1822 4979 tunc
1837 4917 1950 4980 obscu-

406 5015 483 5078 oriri
500 5016 534 5077 in
557 5034 605 5093 ea,
621 5037 678 5076 uec
701 5027 807 5077 ιοιηοιι
822 5017 955 5076 crevisse
971 5021 1094 5093 lepram
1117 5014 1149 5078 in
1205 5014 1271 5076 rius
1292 5033 1347 5077 seu
1363 5013 1533 5077 difficilius
1549 5015 1590 5076 sit
1603 5015 1746 5096 judicare
1761 5017 1801 5079 de
1816 5017 1949 5082 veritate

406 5133 443 5176 ea
461 5138 468 5189 ;
483 5116 863 5191 immundumjuclicabit
879 5113 959 5177 illud
976 5114 1020 5176 sic
1036 5114 1148 5191 lotum,
1205 5113 1300 5195 leprae
1316 5113 1385 5195 ejus
1407 5133 1502 5194 quam
1517 5122 1602 5191 aute,
1615 5133 1652 5176 eo
1668 5114 1752 5195 quod
1768 5115 1891 5178 macula
1910 5115 1951 5176 il-

407 5231 466 5276 uee
482 5222 587 5275 tamen
599 5221 780 5294 purgatum.
796 5211 900 5286 Ouum
915 5213 1001 5275 enim
1018 5213 1095 5275 lotio
1110 5213 1150 5274 ad
1204 5211 1234 5274 la
1249 5212 1431 5293 aliqualiter
1445 5211 1590 5275 videatur
1615 5213 1782 5276 recessisse
1796 5233 1815 5275 a
1830 5213 1949 5276 lucenti

406 5312 476 5395 ejus
497 5311 718 5394 purgationem
740 5329 804 5374 uon
824 5311 935 5393 prosit,
953 5311 1081 5392 signum
1101 5320 1150 5374 est
1204 5310 1334 5387 albere;
1356 5314 1524 5389 abrumpet
1543 5333 1626 5383 eum,
1645 5322 1675 5372 et
1700 5334 1719 5374 a
1741 5315 1842 5374 solido
1865 5313 1950 5374 diei·
