4309 6259
572 501 745 548 anemurio
766 503 797 548 m
819 502 886 549 aar.
911 503 929 548 v
951 503 1148 550 nunanonuu.
1170 523 1210 533 -
1230 503 1301 550 aar.
1324 502 1346 549 x
1670 483 1730 547 ato

177 676 229 730 tu'r
245 669 440 734 adulterium
459 674 498 736 de
519 691 577 735 sua
597 691 694 736 uxore
716 691 789 736 vere
806 672 964 740 adulte-il
981 675 1092 737 eodem
1114 675 1234 736 exstitit
1258 673 1393 736 crimine
1413 680 1467 735 aut
1492 671 1605 753 maiori
1628 669 1725 734 loeda-

178 785 223 843 ra,
241 769 476 852 accusabatque
496 790 567 834 eam
585 789 591 833 :
609 772 695 853 quod
717 789 781 834 non
803 773 928 834 videtur
982 780 1043 848 tus,
1063 792 1126 836 non
1147 773 1217 834 sine
1239 781 1368 854 peccato
1391 780 1540 834 consetur
1562 769 1657 832 talem
1681 768 1730 829 in-

178 863 281 928 fuisse
297 867 367 930 sine
384 877 523 951 peccato,
536 869 685 951 quamvis
701 868 757 932 illa
773 870 928 933 exstiterit
982 870 1225 950 vestigationem
1242 869 1373 943 iecisse3
1385 879 1416 932 et
1427 869 1503 951 quia
1517 867 1730 931 communitor

178 983 244 1027 rea.
265 966 388 1030 llictum
405 977 453 1032 est
467 969 706 1050 quoque,quod
725 988 788 1032 non
806 987 929 1050 proces·
983 987 1021 1030 ex
1052 968 1234 1050 suspicione
1261 987 1325 1032 non
1354 968 1439 1031 bona
1469 967 1615 1030 iecerunt
1643 965 1729 1026 istud

178 1063 221 1124 sit
237 1063 435 1128 sacrificium
451 1067 615 1149 zelotypiae
632 1087 670 1130 ex
685 1067 769 1130 hona
785 1068 929 1132 volunta·
984 1067 1102 1144 mariti,
1121 1067 1269 1130 dicuntur
1284 1086 1323 1130 ex
1338 1067 1500 1130 voluntate
1517 1084 1580 1128 non
1597 1064 1681 1128 hona
1696 1063 1729 1125 id

180 1168 220 1223 tc.
239 1161 287 1225 Ad
307 1163 390 1227 istud
409 1166 670 1248 respondendnm
689 1166 825 1242 videtur,
843 1167 928 1246 quod
984 1167 1155 1249 peregisse.
1182 1165 1260 1240 Quia
1284 1166 1379 1230 ctiam
1402 1164 1615 1229 communiter
1639 1172 1730 1226 erant

180 1261 284 1342 potuit
303 1263 495 1326 examinatio
517 1263 576 1326 ista
597 1264 771 1326 secundum
793 1263 927 1327 sormam
983 1265 1139 1342 crudeles,
1157 1274 1252 1346 atque
1266 1266 1305 1327 ad
1326 1263 1537 1327 uxoricidium
1559 1261 1663 1344 proni,
1682 1261 1729 1322 in-

179 1358 277 1439 hujus
294 1360 373 1439 legis
386 1361 457 1424 lieri
474 1362 543 1424 sino
559 1371 741 1445 peccato,et
756 1362 929 1443 aliquando
984 1365 1129 1427 troducta
1150 1363 1249 1427 lertur
1269 1363 1336 1426 haec
1358 1363 1407 1425 lex
1429 1370 1558 1444 propter
1578 1360 1728 1424 duritiam

179 1476 252 1518 cum
283 1468 425 1539 peccato.
453 1460 484 1522 Si
515 1461 601 1523 enim
628 1461 676 1524 vir
705 1461 773 1524 zelo
796 1461 929 1542 justitiae
984 1461 1090 1524 cordis
1106 1462 1259 1543 ipsorum.
1279 1464 1320 1522 Et
1339 1463 1413 1530 itta,
1433 1459 1555 1524 scilicet
1570 1458 1726 1534 adultera,

180 1555 404 1638 principaliter
427 1559 626 1636 movebatur,
649 1568 681 1622 et
700 1579 738 1624 er
758 1559 930 1641 probabili·
983 1562 1115 1637 recipiet
1130 1562 1339 1640 iniquitatem
1353 1557 1497 1630 etiamid
1513 1565 1572 1635 ast,
1580 1556 1727 1619 adulterii

179 1654 239 1717 hus
256 1656 369 1737 signis,
388 1676 451 1720 non
468 1658 596 1720 videtur
616 1658 651 1720 in
671 1659 726 1721 tali
748 1657 834 1721 iacto
859 1678 930 1741 pec·
984 1658 1032 1720 sui
1044 1658 1184 1721 debitam
1195 1656 1395 1740 punitionem
1410 1657 1474 1737 jam
1486 1655 1604 1719 dietam
1620 1655 1653 1716 in
1664 1655 1729 1718 vita

179 1772 279 1816 casse.
302 1753 334 1816 Si
356 1764 462 1818 autem
477 1775 515 1819 ex
530 1756 598 1820 zelo
619 1756 835 1819 immoderata
851 1754 930 1821 alle
983 1758 1059 1820 hac:
1073 1757 1208 1838 quamsi
1224 1756 1380 1838 patienter
1392 1765 1424 1818 et
1438 1754 1575 1818 contrite
1588 1754 1726 1837 pertule-

178 1853 306 1930 ctionis,
330 1863 361 1917 et
387 1844 511 1920 levibus
537 1854 647 1936 signis,
671 1855 722 1920 vel
750 1855 776 1918 si
803 1864 834 1918 ct
860 1855 928 1938 ipso
947 1857 1036 1932 Brit,
1053 1855 1114 1919 crit
1134 1855 1189 1917 illa
1208 1855 1333 1937 punitio
1349 1854 1465 1917 anime
1480 1873 1545 1916 sua
1566 1853 1726 1936 purgatio.

756 2279 1081 2367 ARTICULUS
1119 2281 1155 2364 X

468 2554 679 2600 ELUGth'l'IO
709 2554 940 2600 srlnlrunhts
969 2554 1078 2600 nutus
1107 2554 1276 2600 cnrlrutl
1303 2556 1437 2610 QUlN'll.

250 2833 930 2916 UEllllllllODUhlsuperExodumdictum
985 2833 1095 2896 condit
1124 2833 1243 2899 scelera
1272 2856 1340 2913 sua,
1373 2856 1436 2900 non
1467 2838 1642 2918 dirigetur3
1672 2841 1728 2923 qui

181 2834 310 3047 Qest
326 2933 466 3016 plenius,
478 2952 536 3015 per
552 2933 713 3015 leprosum
730 2931 931 3012 significatur
984 2941 1090 2996 autem
1115 2933 1281 2997 confessus
1307 2933 1415 3013 luerit,
1434 2945 1466 3000 et
1490 2936 1653 3019 reliquerit
1679 2959 1727 3016 aa,

178 3053 378 3116 quicumque
394 3032 574 3108 hereticus,
591 3031 768 3094 aliorumve
783 3030 931 3113 spiritua·
984 3030 1234 3096 misericordiam
1258 3042 1480 3115 consequetur.
1503 3035 1535 3098 si
1556 3056 1632 3118 ergo
1653 3057 1730 3120 quo

179 3133 252 3196 litor
278 3131 462 3208 iniectivus,
481 3150 537 3193 sou
554 3130 652 3194 verbo
674 3137 706 3193 et
726 3148 822 3212 opere
842 3149 930 3193 scan·
984 3149 1121 3212 cumque
1135 3132 1230 3194 modo
1252 3131 1459 3195 inciderimus
1478 3134 1616 3216 culpam,
1633 3136 1729 3199 citius

178 3233 321 3309 dolosus,
340 3230 532 3314 discordiam
548 3229 722 3306 seminans,
740 3248 796 3291 seu
811 3230 850 3293 ad
867 3229 929 3292 alia
983 3246 1046 3308 qno
1070 3227 1223 3306 valemus,
1240 3229 1279 3291 ad
1300 3232 1539 3294 sacramentalis
1558 3233 1730 3298 confessio

178 3331 326 3394 alliciens
341 3329 420 3393 vitia
437 3347 444 3392 :
463 3329 496 3391 in
519 3346 583 3410 quo
601 3337 648 3390 ost
664 3326 751 3391 color
771 3327 926 3404 diversus,
983 3325 1033 3387 nis
1049 3325 1226 3388 remedium
1241 3346 1279 3391 ac
1294 3328 1449 3390 medelam
1466 3349 1642 3394 curramus.
1659 3332 1731 3396 Gor·

178 3430 333 3512 quoniam
351 3427 428 3504 lide,
446 3427 591 3490 doctrina
606 3435 637 3490 et
653 3426 796 3489 moribus
811 3446 829 3489 a
845 3426 928 3489 veris
983 3423 1065 3505 repti
1095 3443 1222 3507 quoque
1251 3434 1413 3505 gratanter
1437 3427 1642 3510 accipiamus,
1671 3449 1729 3494 nec

178 3527 293 3590 diflert
312 3525 495 3590 Catholicis.
512 3525 551 3588 At
571 3544 646 3590 vero
667 3525 788 3588 somine
810 3524 926 3602 lluens,
982 3522 1109 3604 culpam
1125 3523 1288 3604 propriam
1308 3544 1506 3603 excusemus,
1525 3526 1590 3590 imo
1606 3537 1637 3590 et
1653 3547 1730 3593 non·

177 3636 225 3690 rst
243 3628 340 3690 homo
356 3626 499 3689 lubricus
515 3634 546 3688 ct
561 3624 727 3701 verbosus,
740 3633 846 3687 mente
862 3643 928 3687 car·
983 3620 1057 3682 dum
1084 3621 1220 3703 correpti
1245 3641 1431 3686 accusemus
1456 3643 1513 3688 nos
1539 3624 1626 3715 ipsos
1650 3627 1729 3691 assi-

178 3727 262 3790 nalis
279 3735 311 3788 et
327 3725 418 3803 levis,
436 3724 491 3806 qui
508 3725 685 3787 carnalium
697 3723 927 3786 desideriorum
982 3719 1044 3781 due
1061 3727 1091 3782 et
1107 3739 1145 3781 ox
1164 3721 1258 3783 corde
1279 3739 1385 3783 coram
1402 3721 1463 3785 lieo
1478 3731 1574 3804 atque
1594 3725 1729 3788 homini·

177 3825 344 3908 profluvio
360 3833 392 3886 et
407 3822 653 3904 cogitationibus
665 3823 755 3886 vanis
767 3821 882 3885 delluit
896 3831 928 3885 et
982 3817 1052 3880 hus.
1070 3818 1141 3881 ldco
1164 3827 1292 3882 sanctus
1312 3819 1370 3882 Joh
1391 3819 1496 3883 dixit:
1520 3822 1552 3885 Si
1573 3822 1727 3887 abscondi
1758 3848 1875 3900 ronna

179 3933 323 4006 vagatur.
337 3922 479 3986 Pollutus
494 3930 599 3984 autem
613 3941 709 4003 super
724 3929 850 3984 mortuo
865 3929 925 3998 est,
942 3917 963 3980 C
982 3916 1073 3998 quasi
1090 3916 1185 3980 homo
1201 3917 1321 3980 scelera
1342 3937 1423 3980 mea.
1441 3919 1479 3980 Et
1500 3939 1609 3982 rursus
1627 3939 1634 3984 :
1653 3922 1727 3985 l'ias
1742 3914 1780 4016 ff}
1791 3915 1874 3964 ¹³¹¹¹¹⁵⁸

177 4025 233 4106 qui
248 4023 366 4086 alienis
381 4021 541 4085 consentit
560 4019 841 4100 communicatque
858 4039 928 4102 peo—
983 4034 1068 4078 meas
1099 4016 1133 4077 in
1157 4025 1330 4098 conspectu
1355 4016 1410 4079 Dei
1430 4035 1572 4097 arguam,
1605 4021 1728 4103 etipse
1771 4006 1776 4016 ¹

177 4123 270 4186 catis.
283 4121 320 4184 Hi
337 4139 448 4185 omnes
463 4127 551 4182 extra
568 4118 742 4182 Ecclesiam
759 4118 929 4200 projiciun-
983 4114 1044 4177 crit
1068 4114 1205 4178 salrator
1224 4135 1325 4178 meus.
1351 4116 1431 4180 llinc
1450 4116 1599 4180 Rabanus
1628 4119 1728 4201 loqui·

179 4220 325 4303 lur‚quia
340 4221 380 4283 ad
391 4237 506 4300 corpus
517 4216 806 4299 spectantdiaboli;
820 4237 878 4280 nec
889 4219 928 4280 ad
984 4221 1035 4274 tur
1052 4230 1058 4275 :
1077 4213 1141 4276 lloc
1156 4213 1296 4295 capitulo
1312 4214 1533 4293 admonemur,
1550 4224 1585 4278 ut
1601 4217 1628 4279 si
1649 4217 1728 4300 quid

178 4319 352 4404 mysticum
370 4317 530 4401 pertinent
545 4334 661 4398 corpus
675 4315 803 4393 Christi,
821 4335 931 4380 secun·
984 4329 1041 4392 per
1057 4311 1283 4392 negligentiam
1306 4312 1511 4395 deliquimus,
1528 4333 1586 4396 per
1606 4316 1730 4379 confes

177 4422 255 4484 dum
273 4425 462 4500 praesentcm
478 4415 646 4497 justitiam,
660 4407 810 4496 'quamvis
829 4414 930 4496 aliqui
985 4409 1107 4473 sionem
1123 4419 1155 4473 et
1166 4411 1388 4492 poenitentiam
1410 4411 1581 4492 diluamus,
1599 4423 1631 4478 et
1644 4415 1730 4477 dam-

179 4518 258 4582 lales
282 4517 322 4579 ad
348 4516 428 4579 illud
453 4514 634 4597 pertineant
656 4513 831 4576 secundum
852 4532 931 4595 prae-
985 4528 1061 4572 num
1083 4509 1297 4573 restituamus,
1315 4510 1463 4573 Siautcm
1480 4512 1626 4594 proximo
1644 4515 1731 4577 dam-

177 4615 428 4680 destinationem
444 4622 595 4676 aternam
609 4630 615 4674 :
630 4612 701 4675 ideo
717 4630 781 4674 non
798 4619 872 4674 sunt
883 4611 930 4673 in·
985 4628 1061 4671 num
1076 4608 1255 4686 intulimus,
1273 4627 1379 4672 coram
1391 4609 1447 4672 illo
1462 4610 1686 4692 poeniteamus,
1699 4622 1730 4676 et

176 4726 271 4780 caute
287 4712 486 4794 dijudicandi
503 4721 557 4774 aut
580 4711 707 4793 penitus
725 4718 931 4774 contemnen-
984 4706 1136 4768 damnum
1152 4706 1332 4769 reddamus.
1353 4707 1385 4769 Si
1400 4725 1476 4770 vero
1492 4726 1556 4771 non
1572 4720 1727 4791 superest,

176 4815 208 4880 di
222 4841 230 4890 ;
250 4812 433 4897 periculosa
448 4819 555 4873 tamen
571 4819 618 4872 est
634 4810 717 4872 mala
733 4809 878 4886 societaS,
900 4818 930 4872 et
984 4804 1181 4882 confitendo,
1191 4805 1428 4886 poenitendo,et
1437 4806 1654 4891 eleemosynas
1671 4809 1730 4872 lar·

175 4912 433 4978 abscindendum
444 4919 492 4972 est
508 4908 686 4972 membrum
703 4908 930 4989 scandalizans,
985 4903 1112 4984 giendo,
1134 4903 1267 4966 Domino
1288 4904 1531 4968 satisfaciamus.
1553 4907 1633 4969 llinc
1654 4909 1728 4971 sub-

174 5021 336 5097 quantum
352 5010 392 5072 ad
407 5027 500 5070 suum
515 5007 662 5070 abusum.
984 5002 1091 5065 ditur:
1110 5006 1257 5064 Rcddcnt
1273 5005 1380 5080 ipsum
1396 5015 1504 5081 caput,
1517 5009 1729 5088 quintamque

225 5115 285 5174 Vir
299 5112 368 5170 sico
390 5110 520 5178 mulier,
536 5127 638 5186 quum
654 5107 791 5182 fecerint
811 5126 850 5164 erc
865 5125 930 5166 om·
945 5103 1109 5181 liparem
1128 5105 1276 5178 desuper,
1292 5104 1323 5160 ci
1343 5105 1380 5163 in
1396 5123 1490 5181 quem
1506 5108 1726 5181 peccauerint.

73 5257 122 5301 ,m
174 5214 274 5272 nibus
285 5205 930 5286 peccatis,peccatnmruumconfitebim-
984 5200 1051 5263 Non
1071 5199 1157 5262 enim
1177 5199 1540 5282 dimittiturpeccatum,
1558 5201 1619 5263 nisi
1636 5204 1729 5266 resti-

48 5293 143 5370 uniri.
175 5321 240 5372 cnr.
260 5307 326 5370 lloc
346 5305 498 5386 estquod
519 5303 667 5367 Salomon
688 5301 757 5363 ait:
777 5300 836 5374 Qui
855 5301 930 5364 ahs·
985 5296 1250 5375 luaturablatum,
1258 5305 1289 5358 et
1299 5297 1393 5362 venia
1403 5299 1580 5381 postuletur
1590 5300 1631 5363 ab
1642 5301 1729 5382 inju-
