4309 6259
556 531 732 577 manuario
753 533 783 577 ΙΝ
805 532 873 577 GAP.
896 532 950 577 xlx
971 532 1108 579 LliVlTlCl.
1132 553 1169 562 ·-
1191 534 1262 579 All'f.
1285 533 1392 579 xxxvtt

1686 513 1745 578 263

196 699 341 779 guinem.
355 701 445 762 Unde
460 699 665 781 subjungitur
678 719 685 763 :
698 704 741 763 Et
755 723 851 778 sopra
866 723 945 762 mor-
959 702 985 764 Α
1001 702 1063 764 lom
1091 702 1333 766 fornicationem
1359 722 1414 766 scu
1439 703 1650 766 idololatriam
1675 722 1743 766 cor-

197 809 251 858 tao
262 821 329 860 riori
342 801 493 860 incidetis
503 821 614 858 cornea
626 812 755 861 aestivas.
765 801 827 864 Hoc
840 807 943 863 lamen

194 899 369 979 exponitur
384 898 511 974 molius,
524 907 559 959 ut
575 898 696 961 scilicet
719 899 779 960 filii
800 900 892 962 lsrael
911 901 942 960 in

196 995 310 1058 funere
336 997 590 1079 propinquorum
617 1017 748 1061 suorum
778 1017 842 1060 non
867 998 944 1060 inci-

194 1095 309 1156 derent
331 1113 448 1176 corpus
471 1114 564 1157 suum
591 1115 692 1177 usque
717 1097 757 1158 ad
778 1097 943 1177 sanguinis

193 1191 405 1268 effusionem,
423 1193 523 1255 instar
541 1195 722 1273 gentilium,
745 1196 801 1275 qui
826 1197 865 1257 ad
891 1197 944 1258 de-

194 1292 441 1353 monstrandum
458 1293 691 1355 vehementiam
710 1294 758 1355 sui
775 1293 893 1357 doloris
909 1294 942 1355 in

194 1398 299 1451 morte
315 1407 458 1466 suorum,
469 1390 513 1452 ita
528 1409 562 1453 se
578 1391 857 1454 inciderunt.llinc
867 1393 944 1454 scri-

194 1496 285 1568 ptum
303 1497 352 1551 est
369 1488 404 1550 iu
419 1490 540 1552 Baruch
558 1491 596 1552 dc
612 1491 828 1554 sacerdotibus
842 1492 943 1570 genti-

193 1584 274 1646 lium
294 1603 301 1646 :
319 1586 505 1651 Sacerdotes
520 1589 641 1665 sedent,
650 1589 803 1651 habentes
821 1591 943 1652 tunicas

84 1687 89 1696 '
126 1713 130 1718 ⁴
194 1683 313 1746 scissas
328 1694 361 1747 et
375 1686 480 1767 capita
499 1696 531 1749 et
550 1686 682 1749 barbam
705 1707 819 1750 rasam.
838 1688 943 1750 Tertio

193 1802 324 1864 quoque
340 1785 459 1863 llegum
480 1786 520 1847 de
542 1786 760 1848 sacerdotibus
779 1787 850 1849 Baal
874 1805 943 1848 nar-

1001 821 1092 864 ruere
1114 800 1220 876 sinas;
1248 805 1304 863 et*
1327 805 1565 863 contaminetur
1591 813 1689 872 tenve,
1713 813 1742 863 et
1780 819 1830 863 wa

1000 902 1176 976 impleatur
1191 903 1335 978 procule,
1355 900 1386 962 id
1408 909 1467 975 θεῖ,
1486 919 1525 964 ne
1540 919 1578 963 ex
1600 901 1654 962 tali
1672 920 1742 982 pro·

999 998 1165 1062 stitutione
1191 999 1318 1080 plurimi
1352 999 1570 1080 inquinentur,
1598 1007 1630 1062 et
1659 1008 1743 1062 terra

999 1095 1204 1159 habitationis
1221 1106 1332 1160 vestrae
1348 1097 1446 1178 pollui
1463 1096 1744 1161 affir·metur.Sct1·

998 1197 1072 1254 boto
1088 1215 1157 1254 mea
1173 1198 1338 1266 custodite,
1351 1205 1380 1256 et
1394 1198 1620 1256 sarcctuorium
1636 1217 1743 1258 cneum

998 1297 1139 1364 metuite,
1165 1293 1196 1354 id
1219 1303 1277 1370 est,
1300 1293 1452 1375 templum
1476 1313 1532 1356 seu
1555 1294 1741 1358 tabernacu-

998 1389 1064 1450 lum
1081 1391 1136 1452 lloi
1158 1392 1190 1452 in
1212 1392 1388 1455 reverentia
1411 1391 1570 1469 habetote,
1583 1411 1641 1456 nec
1661 1393 1740 1456 illud

998 1487 1117 1551 intrare
1132 1491 1342 1571 presumatis,
1361 1489 1422 1552 nisi
1440 1491 1551 1552 mundi
1568 1491 1636 1554 sive
1652 1511 1741 1555 mun·

997 1585 1074 1647 dati.
1093 1589 1163 1665 Epo
1178 1590 1346 1650 Dominae.
1366 1591 1415 1652 Ne
1430 1591 1598 1650 declinetis
1614 1593 1658 1652 od
1673 1613 1741 1652 mo-

993 1705 1061 1759 pos,
1078 1685 1110 1747 id
1133 1694 1181 1748 est
1203 1686 1367 1749 maleficos
1388 1686 1455 1750 sive
1475 1689 1660 1769 astrologos,
1685 1689 1739 1771 qui

996 1783 1133 1861 genetici
1151 1787 1161 1810 *
1176 1785 1388 1866 appellantur,
1411 1794 1539 1867 propter
1561 1788 1741 1852 considera·
1767 1807 1894 1862 waeran-

192 1890 282 1942 ratur
302 1883 512 1945 :lncidebant
532 1901 566 1945 se
580 1884 691 1946 cultris
711 1892 806 1964 atquc
822 1884 943 1947 lanceo—
961 1886 984 1947 B
999 1882 1117 1944 tionem
1143 1884 1266 1946 dicrum
1293 1885 1457 1961 natalium,
1481 1893 1576 1967 atque
1601 1905 1638 1948 ox
1664 1887 1737 1963 situ,
1754 1869 1787 1912 ¹⁰²

71 1971 80 1996 ¹
99 1989 105 2003 '
140 1989 146 2000 ·
191 1980 244 2056 lis,
254 1981 359 2044 donec
374 1981 644 2062 perfunderentur
658 1984 943 2062 sanguineNeqoe

190 2086 319 2157 stouras
334 2083 503 2160 eliquaret
517 2083 672 2158 stigmate
682 2085 811 2164 societis
826 2085 914 2142 cobis
929 2099 941 2141 .·

190 2178 389 2240 confidendo
405 2177 438 2240 in
461 2179 589 2256 talibus,
607 2181 692 2261 quod
716 2180 747 2242 in
770 2180 849 2262 ipsis
868 2180 941 2243 cha-

189 2276 369 2339 racteribus
380 2285 411 2338 et
422 2277 691 2357 protractionibus
707 2279 940 2356 linearum,sou

190 2375 286 2437 modo
312 2373 484 2454 effigiandi
508 2375 550 2436 sit
572 2376 684 2452 virtus,
704 2376 864 2459 praecipue
885 2395 940 2458 per

188 2481 371 2554 respectum
393 2474 433 2534 ad
452 2482 548 2550 astra,
566 2474 616 2537 vel
636 2494 674 2537 ex
698 2485 788 2556 parte
809 2475 870 2538 loci
885 2483 940 2537 aut

188 2571 366 2653 temporis:
384 2592 456 2653 quaa
471 2573 580 2635 omnia
595 2583 670 2635 sunt
687 2574 938 2637 idololatriarum

134 2695 139 2701 ·
187 2672 336 2750 quaedam
353 2670 625 2751 reliquiae‚contra
641 2691 711 2753 qum
727 2673 939 2754 loquiturhu·

186 2769 336 2848 guatinas
351 2769 435 2833 libro
451 2769 492 2832 de
506 2770 655 2833 Doctrina
670 2770 853 2834 christiana.

226 2867 308 2930 llinc
333 2867 447 2930 scribit
469 2868 658 2931 Guillelmus
677 2887 684 2930 :
702 2871 748 2932 Ad
774 2870 935 2933 vitandam

185 2985 317 3028 omnem
329 2967 518 3030 idololatriac
533 2968 763 3044 exsistentiam,
782 2989 937 3051 apparen-

998 1990 1097 2058 motu,
1111 2000 1167 2044 seu
1182 1982 1392 2064 dispositione
1407 2002 1442 2045 ac
1463 1983 1651 2048 habitudine
1667 1986 1740 2047 stel-

995 2079 1099 2141 larum
1116 2081 1354 2162 prognosticant
1369 2081 1452 2142 ultra
1472 2090 1503 2144 et
1522 2081 1625 2158 aliter,
1643 2102 1739 2163 quam

996 2178 1134 2240 naturali
1150 2179 1283 2241 scientia
1299 2179 1372 2241 sciri
1390 2187 1504 2260 potest,
1518 2180 1567 2242 vel
1586 2181 1687 2243 virtus
1703 2201 1740 2245 ac

997 2276 1167 2339 influentia
1197 2277 1326 2340 illorum
1356 2278 1499 2340 extendit
1529 2297 1562 2340 se
1586 2303 1593 2354 ;
1620 2301 1677 2341 nec
1702 2284 1741 2342 ab

996 2379 1111 2436 ariolis
1126 2378 1256 2456 aliquid
1271 2378 1490 2449 sciscitemini,
1507 2377 1539 2438 id
1555 2386 1614 2454 θεῖ,
1627 2378 1741 2442 verita-

996 2483 1059 2535 tem
1076 2483 1281 2550 secretorum,
1304 2481 1358 2536 aut
1380 2473 1561 2538 futurorum
1578 2484 1737 2552 eventum,

996 2590 1058 2634 non
1075 2571 1278 2653 interrogetis
1294 2572 1334 2635 ab
1349 2572 1410 2650 his,
1428 2573 1483 2654 qui
1507 2574 1580 2636 talia
1595 2574 1739 2638 divinare

993 2690 1030 2733 ac
1046 2671 1210 2734 insinuare
1231 2680 1428 2752 presumunt
1448 2691 1486 2733 ex
1506 2672 1624 2734 intuitu
1640 2673 1739 2735 visce-

993 2788 1064 2830 rum
1090 2778 1120 2831 et
1150 2778 1292 2832 extorum
1323 2768 1510 2832 animalium
1541 2771 1739 2834 daemonibus

992 2867 1193 2942 oblatorum3
1223 2879 1256 2929 ut
1278 2871 1480 2946 pollicemini
1500 2890 1560 2947 per
1585 2890 1642 2930 eos.
1671 2874 1738 2948 Epo

993 2969 1150 3028 Dominus
1165 2970 1251 3028 Deus
1267 2967 1425 3036 berterad
1441 2986 1536 3047 quem
1552 2976 1737 3032 convertere

186 3064 275 3140 tiam,
303 3072 336 3127 et
360 3065 453 3145 signa
477 3067 548 3147 ejus
572 3085 609 3129 ac
634 3075 758 3144 nutum,
785 3067 972 3150 pracepitc
991 3085 1047 3127 vos
1063 3065 1197 3142 debetis,
1216 3067 1254 3128 ad
1273 3065 1532 3145 interrogandum
1551 3066 1589 3128 de
1606 3065 1733 3144 talibus,

185 3163 341 3224 Dominus
364 3163 444 3225 filiis
463 3164 558 3226 lsrael
583 3184 646 3227 non
669 3166 836 3228 consulere
854 3165 936 3229 ario-

186 3260 245 3336 los,
264 3281 324 3324 ncc
344 3263 514 3325 observare
534 3264 659 3326 somnia
671 3263 722 3326 rel
743 3264 886 3345 auguria,
903 3274 935 3327 et

184 3379 224 3422 nc
245 3359 446 3423 inveniretur
468 3362 501 3423 in
524 3370 608 3424 terra
626 3363 720 3424 lsrael
741 3362 931 3440 incantator,

184 3477 290 3539 neque
307 3458 487 3536 maleficus,
504 3468 560 3522 aut
575 3459 629 3540 qui
646 3460 773 3524 divinos
788 3463 934 3525 consule-

182 3565 241 3618 ret.
260 3557 407 3638 Speciem
419 3576 546 3639 quoque
564 3558 751 3622 idololatriae
768 3559 933 3641 prohibuit

180 3655 249 3717 zclo
272 3657 398 3731 codem,
421 3656 531 3718 dicens
550 3657 682 3738 :Neque
701 3658 733 3718 in
760 3659 930 3720 rotundum

181 3753 392 3816 attondebitis
413 3773 627 3831 comumnes
647 3754 778 3818 barbam
801 3757 928 3819 radetis.

181 3852 358 3916 lncisiones
369 3862 475 3915 autem
487 3873 584 3935 super
595 3863 755 3918 mortuum
773 3855 932 3917 faciehant

181 3950 370 4021 idololatra,
388 3951 431 4013 ita
447 3961 660 4015 monstrantes
677 3953 930 4032 magnitudinem

179 4049 229 4109 sui
246 4049 396 4111 rnoeroris
412 4049 446 4110 in
462 4058 564 4112 morte
579 4069 735 4126 carorum,
748 4052 787 4112 ad
804 4051 930 4132 placan-

178 4147 254 4208 dum
280 4147 359 4209 deos
386 4146 563 4210 inferorum
582 4166 589 4210 :
606 4149 691 4230 quod
716 4149 806 4210 multi
827 4150 930 4213 adhuc

989 3162 1017 3224 si
1037 3163 1133 3226 fuerit
1148 3173 1375 3247 opportunum,
1395 3163 1477 3226 sicut
1492 3183 1548 3245 per
1564 3164 1674 3226 lsaiam
1691 3166 1736 3228 ait

990 3261 1127 3343 Spiritus
1143 3261 1278 3325 Sanctus
1291 3279 1298 3323 τ
1311 3261 1471 3343 Numquid
1487 3281 1551 3326 non
1567 3281 1585 3324 a
1599 3264 1662 3326 Deo
1677 3283 1735 3328 suo
1752 3277 1782 3320 [ι.
1794 3292 1837 3329 ur.
1850 3282 1881 3322 ra
1906 3287 1911 3298 ·

989 3360 1125 3442 populus
1142 3364 1289 3442 quaretf

1031 3463 1144 3521 Coram
1154 3479 1233 3519 carro
1245 3461 1349 3536 capite
1359 3479 1523 3537 consurge.
1532 3460 1628 3523 Senes
1639 3461 1732 3536 enlm,

988 3557 1102 3619 ceteris
1120 3557 1262 3638 paribus
1281 3565 1355 3619 sunt
1374 3557 1618 3639 praehonorandi
1640 3561 1735 3622 corde

988 3664 1019 3717 et
1043 3655 1135 3736 signo
1156 3655 1328 3718 exteriori:
1349 3674 1421 3716 nam
1442 3663 1473 3717 et
1496 3654 1565 3736 ipsa
1588 3665 1733 3719 senectus

987 3762 1035 3815 cst
1056 3773 1155 3814 unum
1179 3772 1288 3816 eorum
1308 3773 1379 3835 quaa
1402 3753 1564 3816 hominem
1581 3751 1733 3818 efficiunt

986 3851 1212 3914 venerandum.
1227 3851 1259 3912 ln
1276 3850 1405 3913 senibus
1420 3869 1548 3932 quoque
1563 3851 1667 3914 solent
1683 3872 1732 3915 cx-

986 3949 1143 4031 perientia
1163 3958 1194 4012 et
1215 3948 1370 4030 sapientia
1391 3949 1564 4026 abundare,
1582 3951 1730 4031 quamvis

985 4049 1018 4109 in
1035 4048 1206 4129 decrepitis
1223 4047 1312 4127 vigor
1332 4065 1483 4109 sensuum
1504 4048 1617 4129 visque
1636 4049 1729 4112 intel-

985 4146 1086 4209 lectus
1106 4145 1259 4228 paulatim
1279 4147 1473 4208 decrescant.
1492 4145 1523 4208 Si
1545 4156 1650 4210 autem
1671 4148 1727 4228 qui

179 4245 304 4307 faciunt
330 4244 363 4306 in
385 4255 488 4309 morte
511 4265 657 4309 carorum
683 4265 823 4325 suorum,
842 4250 928 4329 quod
945 4253 968 4313 D
983 4245 1088 4327 capite
1103 4264 1200 4306 canus
1217 4245 1363 4320 est,levis
1380 4244 1421 4305 sit
1437 4245 1578 4308 moribus
1594 4254 1625 4308 ct
1640 4245 1728 4311 vitiis

178 4342 290 4424 utiquc
313 4351 363 4406 est
385 4344 424 4405 dc
447 4343 592 4425 reliquiis
617 4344 804 4408 idololatriac
827 4355 858 4408 et
883 4366 929 4409 sa-

177 4459 306 4503 crorum
324 4441 478 4503 Plutonis.
498 4442 650 4522 Stigmata
666 4461 741 4505 vero
757 4452 788 4505 ct
808 4443 928 4523 figuras

176 4537 282 4601 adbuc
300 4537 424 4601 faciunt
434 4539 536 4619 aliqui
547 4539 927 4616 Christiani,ctdcfer'unt

176 4655 224 4712 ea,
251 4646 435 4718 vocantque
465 4637 588 4714 brevia,
615 4645 647 4700 ct
677 4639 709 4699 in
739 4641 927 4721 corporibus

177 4736 329 4818 propriis,
357 4737 444 4798 etin
468 4736 587 4799 chartis
613 4757 649 4800 ac
675 4738 812 4800 metallis
830 4757 837 4800 :
855 4758 926 4820 quaa

174 4833 283 4896 omnia
305 4840 363 4896 aut
385 4843 459 4896 sunt
482 4834 661 4898 idololatria
680 4854 765 4912 vera,
786 4845 841 4899 aut
856 4856 926 4918 spc-

174 4930 240 4994 cies
255 4933 338 5012 cjus,
351 4951 389 4994 ac
405 4932 549 5013 reliquia
565 4934 768 5009 detestanda,
781 4934 925 4996 christia-

175 5047 224 5093 ne
239 5031 392 5109 religioni
404 5031 581 5092 contrariae.

204 5131 273 5205 Epo
284 5132 508 5191 Dornr'rrrralll·
515 5133 692 5206 prostituas
701 5133 807 5208 filiam
821 5142 921 5204 triam,

175 5226 207 5288 id
231 5235 291 5301 est,
314 5245 387 5288 earn
413 5227 447 5287 in
474 5226 618 5308 lupanari
645 5247 709 5290 non
735 5248 846 5310 ponaS,
865 5249 923 5292 nec

175 5323 302 5386 libidini
317 5324 460 5404 generali
477 5343 627 5406 exponas,
646 5345 704 5389 nec
719 5328 759 5388 ad
775 5327 922 5408 spiritua-

983 4345 1160 4420 induratus,
1184 4343 1252 4425 ipse
1268 4362 1301 4406 se
1317 4343 1421 4424 privat
1437 4343 1609 4406 senectutis
1626 4344 1726 4408 hono-

983 4462 1026 4504 re.
1053 4441 1112 4515 Qui
1138 4461 1213 4506 vero
1237 4461 1275 4504 ex
1305 4441 1441 4503 naturali
1467 4451 1522 4504 aut
1547 4441 1723 4505 inevitabili

981 4560 1076 4603 causa
1092 4540 1256 4622 puerilizat
1266 4539 1299 4600 in
1317 4539 1473 4616 senio‚est
1488 4541 1539 4622 pic
1551 4541 1725 4622 portandus

981 4647 1012 4701 ct
1037 4640 1169 4702 honeste
1195 4639 1387 4700 tractandus.
1409 4641 1451 4699 Et
1476 4642 1598 4701 honoro
1617 4658 1724 4716 perso-

981 4761 1056 4798 nam
1072 4741 1156 4798 serris
1171 4759 1182 4797 .·
1202 4739 1286 4818 quod
1311 4758 1329 4799 a
1354 4737 1532 4799 minoribus
1548 4738 1722 4818 ptaesevtlm

982 4837 1173 4898 servandum
1203 4845 1262 4898 cst.
1285 4836 1374 4898 Unde
1403 4843 1434 4898 ot
1458 4835 1573 4897 Paulus
1598 4845 1723 4917 aposto

979 4935 1045 4996 lus:
1056 4935 1230 5010 Seniorem,
1244 4933 1359 5015 inquit,
1373 4953 1412 4996 ne
1427 4933 1652 5014 increpaveris,
1666 4936 1720 4998 sed
1744 4946 1867 4997 {tim-rr·

978 5033 1110 5095 obsecra
1141 5041 1174 5094 ut
1204 5041 1336 5113 patrem.
1369 5032 1407 5092 Et
1437 5032 1469 5092 in
1500 5031 1721 5096 Ecclesiastico

977 5131 1113 5193 hahetur
1139 5147 1146 5192 ε
1172 5130 1205 5191 ln
1230 5130 1434 5192 multitudine
1465 5129 1719 5211 presbyterorum
1757 5151 1865 5204 accitu,

976 5230 1180 5312 prudentium
1193 5238 1251 5305 sta,
1264 5237 1295 5290 et
1310 5247 1347 5290 ex
1363 5229 1457 5290 corde
1472 5228 1635 5309 sapientia
1650 5227 1720 5289 itto-
1734 5219 1767 5259 ³⁵·

977 5348 1046 5390 rum
1069 5329 1273 5407 conjungere.
1291 5327 1330 5388 Et
1351 5345 1460 5388 rursus
1480 5325 1718 5388 Ecclesiasticus
