4309 6259
490 525 664 572 auannsrro
687 526 716 570 nv
739 525 807 571 ear.
831 524 906 571 xxix
927 524 1161 574 neursnououn.
1183 547 1224 557 -
1244 529 1315 574 aar.
1338 528 1425 576 xxxu
1671 511 1730 576 ott

180 695 291 778 Moysi,
308 705 368 759 etc.
386 701 510 760 Proeter
530 700 617 758 iltuit
630 700 736 774 fredus
752 701 836 777 quod
857 717 929 758 cum
945 695 970 757 Α
986 702 1178 772 αεεὶε;ηοη
1193 704 1395 762 suetottrita
1411 704 1599 763 vestimento
1616 712 1728 771 oestro,

179 797 228 854 eis
240 797 366 873 pepipit
381 799 417 856 in
429 799 545 867 Horeb,
561 796 593 858 id
609 805 657 859 ost
673 804 787 878 praelor
801 803 833 858 et
849 795 931 856 ultra
985 819 1042 858 rico
1065 803 1281 859 calceamento
1302 804 1424 878 perium
1447 811 1624 861 vestrorum
1646 811 1731 861 uetu-

179 893 396 974 prolationem
413 913 469 956 seu
484 894 733 974 divulgationem
755 894 833 974 legis
849 895 930 956 datae
984 907 1063 958 stote
1078 911 1266 978 consumpto
1280 910 1367 960 suot.
1388 900 1429 961 [le
1447 898 1611 961 intellectu
1631 899 1729 980 hujus

182 991 214 1052 in
233 991 332 1054 Sinai.
350 993 417 1056 Non
433 992 520 1056 enim
536 993 586 1055 lex
603 992 662 1055 ista
677 1000 725 1055 εει
740 992 801 1055 alia
818 1001 871 1054 aut
885 993 931 1054 di·
985 996 1073 1058 verbi
1100 997 1221 1060 dictum
1246 1009 1294 1061 est
1318 998 1444 1080 plenius
1472 998 1505 1059 in
1531 997 1730 1079 expositione
1743 1016 1875 1070 oecis-ns.

179 1110 275 1153 versa
290 1090 330 1154 ab
346 1091 412 1168 illa,
423 1092 478 1154 sed
494 1092 605 1155 eadem
621 1100 667 1154 est
684 1091 789 1174 primo
805 1093 877 1154 data
893 1110 930 1153 ac
984 1093 1175 1177 jampridem
1191 1098 1307 1160 habita.
1318 1101 1442 1159 I’onem
1458 1118 1522 1157 noo
1537 1098 1728 1166 comedistis,

179 1189 357 1268 divulgata,
384 1198 415 1254 ει
441 1211 526 1254 nunc
552 1211 624 1254 eum
652 1191 874 1273 explanatione
899 1198 930 1253 et
985 1192 1017 1254 id
1039 1203 1088 1256 est
1109 1213 1207 1276 panes
1229 1215 1268 1258 ex
1290 1204 1381 1258 terre
1403 1194 1560 1256 fructibus
1581 1193 1681 1257 laetos
1697 1202 1728 1257 ει

179 1288 346 1352 additione
361 1291 572 1371 quorumdam
590 1299 762 1372 resumpta.
772 1290 828 1352 llio
844 1291 929 1352 enim
984 1301 1091 1355 vestro
1105 1302 1220 1356 conatu
1238 1302 1432 1375 procuratos,
1449 1294 1504 1356 sed
1524 1294 1660 1374 desuper
1675 1294 1729 1355 da-

178 1387 298 1450 odditae
323 1396 398 1450 sunt
421 1389 566 1470 quedam
592 1389 837 1466 admonitiones,
864 1390 930 1470 jus·
985 1399 1053 1465 tos;
1071 1395 1187 1454 vinum
1211 1404 1240 1452 et
1264 1396 1400 1453 siceram
1425 1413 1490 1453 non
1515 1394 1648 1463 bibistis,
1670 1410 1728 1473 pro

180 1486 801 1566 sionesdeelarationes,benedictiones
818 1496 849 1550 ct
864 1507 929 1549 ma·
983 1489 1097 1570 majori
1115 1491 1266 1572 temporis
1282 1500 1381 1573 parte,
1399 1491 1507 1572 aliqua
1523 1499 1628 1553 tamen
1644 1491 1729 1554 ciba-

180 1585 382 1649 ledictiones.
409 1587 481 1649 ldeo
505 1585 615 1650 Glossa
639 1587 708 1649 ait:
733 1587 851 1668 Moyses
876 1587 928 1649 hic
984 1589 1031 1649 ria
1045 1607 1082 1651 ac
1098 1589 1212 1670 pocula
1234 1609 1273 1652 ex
1287 1590 1421 1671 AEgypto
1442 1608 1549 1652 secum
1573 1589 1725 1664 tulerunt,

178 1685 617 1768 ostendit,undeappellatus
633 1685 673 1747 sit
691 1685 929 1748 liberisteDeu·
983 1694 1014 1748 et
1035 1687 1187 1750 victualia
1208 1687 1316 1768 aliqua
1330 1707 1348 1749 a
1363 1686 1517 1763 Moabitis,
1536 1687 1726 1750 Ammonius

179 1784 507 1866 teronomium,quasi
524 1785 662 1848 secunde
678 1785 742 1847 lex:
757 1784 811 1846 ubi
826 1783 928 1866 magis
984 1793 1014 1846 et
1029 1767 1175 1848 ldumaeis
1196 1793 1352 1858 emerunt,
1370 1793 1405 1846 ut
1425 1785 1490 1865 jam
1512 1792 1585 1847 ante
1606 1786 1727 1848 dictum
1756 1801 1872 1853 rotante,

179 1883 330 1965 repetitio
360 1892 418 1960 est,
445 1902 542 1965 quam
572 1883 658 1946 aliud
690 1891 925 1962 testamentum,
946 1883 1048 1958 nese
1066 1885 1120 1946 sed
1137 1885 1263 1948 modico
1281 1893 1422 1966 tompore
1438 1884 1497 1947 hoe
1513 1885 1650 1947 duravit.
1669 1886 1727 1948 Ver
1742 1867 1775 1906 ²⁹·

178 1981 330 2064 quemvis
346 1983 444 2045 verba
459 1982 520 2045 hoe
536 2001 649 2045 sonare
664 1983 844 2046 videantur.
984 1992 1161 2046 rumtamen
1177 1983 1287 2046 Glossa
1308 1983 1395 2059 dicit,
1414 1984 1500 2064 quod
1517 1992 1638 2046 tantum
1655 2003 1728 2067 por-

229 2081 422 2158 Vocaoitqttc
437 2081 561 2156 Moyses
576 2099 701 2140 omnem
718 2083 820 2140 Israel
835 2089 865 2140 et
879 2083 928 2140 di·
984 2090 1131 2146 taverunt
1149 2100 1257 2144 seeum
1274 2083 1314 2143 de
1331 2081 1406 2144 vino
1425 2100 1463 2143 ex
1478 2081 1623 2164 AEgyptO,
1641 2083 1726 2163 quod

177 2181 251 2238 mit:
269 2179 324 2238 Vos
340 2178 467 2237 vidistis
483 2179 718 2258 uniuersaque
733 2179 929 2256 sccitDomi-
983 2180 1147 2262 usquead
1173 2188 1312 2242 montem
1340 2179 1426 2242 Sinai
1457 2179 1532 2242 inde
1562 2179 1724 2257 biberunt,

179 2297 244 2336 etas
259 2297 368 2337 coram
384 2277 470 2336 uobis
485 2279 521 2336 io
538 2286 623 2336 terro
636 2278 785 2354 AEpypti.
799 2277 928 2340 Constat
983 2276 1320 2360 quamseriptumsit,
1337 2275 1424 2338 Sedit
1443 2275 1727 2359 populusmandu-
1774 2297 1847 2341 essu.

178 2375 268 2457 quod
290 2374 393 2456 maior
416 2393 489 2456 pars
510 2374 562 2436 cui
584 2375 703 2457 Moyses
726 2375 926 2456 loquebatur,
983 2397 1055 2440 care
1070 2385 1101 2440 et
1116 2375 1275 2453 bibere,et
1286 2383 1489 2437 surrexerunt
1503 2375 1628 2439 ludere:
1641 2377 1726 2457 quod
1741 2365 1839 2468 ¹¹¹&
1848 2426 1867 2466 ,¹

180 2474 325 2536 nondum
342 2482 416 2536 nata
432 2471 503 2550 luit,
521 2473 572 2537 vel
588 2475 701 2537 saltem
720 2475 836 2538 adultae
856 2485 928 2538 eta·
984 2495 1048 2540 non
1073 2475 1231 2538 diceretur
1255 2475 1295 2535 de
1319 2492 1413 2555 aqua,
1433 2492 1532 2555 quum
1556 2481 1588 2536 et
1608 2474 1728 2556 Moyses
1840 2457 1845 2474 ⁸

179 2573 232 2650 tis,
250 2573 381 2654 quando
404 2571 555 2634 Dominus
578 2572 717 2654 plagavit
737 2574 925 2656 AEgyptum:
983 2575 1068 2639 dicat
1084 2593 1193 2638 vocem
1210 2573 1299 2635 illam
1315 2591 1370 2636 seu
1391 2581 1520 2634 cantum
1543 2591 1607 2636 nou
1629 2571 1729 2638 luisse

178 2671 246 2734 imo
261 2689 374 2734 omnes
390 2669 494 2752 primo
510 2671 678 2748 numerati,
687 2671 753 2752 jam
769 2672 925 2750 obierunt,
984 2673 1177 2756 principium
1201 2671 1289 2747 belli,
1307 2671 1363 2733 sed
1385 2671 1580 2753 principium
1601 2671 1681 2748 vini,
1698 2681 1730 2735 et

179 2779 296 2853 preater
310 2769 404 2832 iosue
426 2777 457 2832 et
476 2768 583 2832 Galeb.
600 2769 719 2834 idcirco
735 2771 791 2834 toti
809 2772 927 2854 populo
983 2773 1042 2836 hoc
1056 2773 1230 2835 secundum
1245 2770 1341 2832 aliam
1358 2769 1610 2832 translationem.
1624 2773 1662 2830 Ut
1671 2773 1730 2830 sci-

178 2867 260 2932 dixit
276 2869 354 2945 hac,
373 2868 540 2931 universos
555 2870 742 2950 praeteritos,
756 2880 928 2952 presentes
982 2875 1059 2933 retis
1074 2889 1131 2953 per
1152 2868 1311 2933 benelicia
1333 2876 1365 2930 ct
1386 2867 1545 2930 mirabilia
1565 2868 1631 2944 Dei,
1649 2871 1728 2948 quio

179 2977 211 3030 et
235 2967 372 3043 luturos‚
392 2975 542 3049 tanquam
563 2987 661 3031 unum
681 2970 840 3050 quoddam
856 2990 929 3034 con·
983 2974 1050 3048 ipse
1063 2981 1109 3030 est
1123 2971 1282 3030 Dominus
1297 2971 1382 3028 Deos
1397 2977 1506 3037 vester,
1523 2967 1578 3048 qul
1596 2975 1659 3029 tam
1675 2987 1730 3049 pa-

179 3067 338 3142 siderans,
355 3085 391 3130 ac
414 3065 541 3130 diversa
560 3066 701 3131 referens
716 3068 756 3130 ad
772 3069 925 3133 diversos.
943 3069 964 3132 C
984 3068 1146 3132 ternaliter
1167 3066 1259 3131 vobis
1281 3064 1432 3149 providit,
1449 3072 1479 3127 et
1504 3073 1566 3128 tam
1591 3066 1729 3146 gratiose

183 3168 397 3237 Tentatiooes,
415 3164 446 3227 id
470 3173 518 3227 est
538 3166 744 3229 adversitates
766 3175 798 3231 et
821 3168 929 3250 plagas
983 3169 1047 3249 egit
1063 3167 1239 3230 vobiscum.

179 3284 317 3342 mopsos
332 3263 487 3346 AEgyptiis
503 3263 666 3344 irrogalaS,
685 3283 741 3346 per
756 3285 835 3348 quas
848 3267 927 3330 [leus
1031 3271 1089 3328 Vos
1103 3267 1196 3327 statis
1211 3265 1306 3324 hodie
1320 3283 1428 3324 coram
1443 3263 1581 3323 Domino
1597 3266 1661 3325 Deo
1679 3285 1730 3324 oe-

178 3361 375 3426 examinavit
399 3380 436 3425 ao
457 3362 571 3425 ceteris
597 3363 724 3444 populis
748 3365 929 3428 notificavit
982 3377 1060 3435 stro,
1082 3364 1249 3442 principes
1274 3364 1386 3432 vestri,
1412 3363 1514 3422 tribus
1538 3372 1567 3422 et
1592 3363 1731 3441 majorca

179 3459 355 3544 AEgyptios,
374 3461 580 3524 monstrando
602 3479 711 3524 corum
732 3461 881 3525 duritiam
897 3473 929 3527 et
983 3475 1064 3526 noto
1080 3473 1176 3543 atque
1186 3462 1450 3530 doctores,omnis
1463 3465 1727 3539 popoluslsroei,

180 3559 451 3633 obstinationem
467 3561 563 3636 siquo
577 3562 649 3632 itta,
656 3571 866 3642 peractoque
883 3565 930 3624 ia·
984 3564 1117 3623 liherici
1129 3580 1243 3620 tenores
1254 3557 1539 3639 oestrae.·quoniant
1556 3558 1606 3622 lex
1619 3578 1732 3642 propo·

176 3657 346 3736 peritia,id
361 3666 410 3720 est
426 3656 634 3721 miraculosos
649 3657 797 3736 allectus
807 3669 838 3724 et
854 3681 929 3743 pre
984 3661 1090 3723 nenda
1099 3667 1147 3722 est
1158 3658 1217 3721 toti
1227 3656 1447 3720 communitati
1459 3655 1610 3734 collecta,
1619 3666 1650 3720 et
1661 3657 1731 3739 ipsa

181 3757 269 3820 clara
292 3755 440 3837 prodigia
464 3755 549 3818 circa
573 3756 734 3838 AEgyptios
765 3757 860 3821 lacta.
875 3763 930 3826 ‚Et
983 3757 1184 3824 concorditer
1198 3756 1292 3819 debet
1308 3756 1410 3835 legem
1425 3755 1588 3837 suscipere
1603 3779 1610 3830 3
1627 3766 1657 3816 et
1672 3761 1731 3817 od-

182 3875 248 3915 ooo
259 3856 352 3915 dedit
367 3855 453 3914 vobis
463 3858 622 3917 Dominus
637 3877 689 3916 cor
697 3858 890 3934 inteliipens,
898 3860 930 3921 id
985 3861 1141 3938 eccequi
1157 3867 1299 3925 tecum,o
1310 3854 1427 3937 popule
1442 3853 1547 3931 lsrael,
1558 3866 1730 3916 morantur

182 3961 231 4017 est
246 3959 387 4016 mentem
404 3952 562 4016 stabiliter
577 3953 800 4033 illuminatam,
818 3966 848 4017 et
862 3979 932 4018 oco-
985 3960 1020 4019 in
1037 3959 1161 4027 cestris,
1179 3955 1212 4017 id
1235 3961 1284 4016 est
1305 3952 1445 4016 extranei
1470 3953 1509 4014 ad
1533 3953 1730 4017 Iudaismum

183 4057 229 4113 tos
246 4054 401 4122 videntes,
419 4051 514 4113 idest
531 4050 762 4117 intellectuales
784 4055 929 4135 intuitus,
985 4055 1143 4132 conversi,
1159 4053 1215 4136 qui
1232 4052 1283 4115 vel
1299 4072 1337 4115 ex
1352 4052 1487 4133 ,Egypto
1507 4062 1731 4132 processerunt

183 4149 424 4214 intellectumve
439 4149 670 4232 speculativum
690 4161 721 4215 et
742 4155 929 4234 practicum,
985 4175 1057 4220 cum
1069 4153 1173 4230 lsrael,
1182 4153 1351 4215 illorumve
1366 4149 1493 4232 posteri,
1502 4149 1552 4214 vel
1563 4151 1618 4231 qui
1634 4150 1668 4212 in
1679 4151 1732 4214 via

183 4256 412 4329 cognoscentes
437 4256 468 4311 ct
495 4257 704 4330 exsequentes
726 4269 762 4313 ea
783 4271 855 4333 quaa
877 4254 931 4317 llei
947 4254 970 4315 D
986 4253 1212 4319 confluxerunt
1232 4251 1272 4315 ad
1292 4267 1357 4326 eos,
1374 4249 1557 4330 compuncti
1579 4268 1617 4312 ex
1637 4250 1733 4312 mira-

59 4355 167 4410 Pmuu.
184 4357 272 4424 sunt,
283 4359 313 4408 et
328 4367 422 4408 aures
437 4368 509 4427 qtae
520 4350 645 4425 possint
660 4352 777 4410 audire
792 4351 870 4432 quid
886 4353 932 4415 in·
986 4353 1106 4416 bilibus
1126 4351 1181 4414 llei
1201 4349 1319 4413 auditis
1339 4356 1395 4411 aut
1413 4347 1491 4410 visis
1505 4373 1513 4424 3
1533 4351 1673 4427 exceptis
1693 4352 1732 4407 li-

54 4421 70 4460 ⁹'
186 4453 234 4508 tus
246 4446 397 4527 loquatur
406 4445 559 4508 Dominus
569 4447 661 4525 Deus,
671 4457 702 4510 ct
713 4448 932 4532 obtemperare
981 4473 1122 4531 qnorum
1145 4451 1312 4511 asseribus
1331 4449 1431 4508 ethis
1451 4449 1510 4526 'qui
1530 4457 1731 4525 comportant

185 4543 397 4627 eloquiisDei,
410 4564 481 4627 qno
492 4553 566 4607 sunt
576 4565 669 4608 aures
684 4547 801 4625 cordis,
811 4549 850 4611 de
865 4550 934 4631 qui·
986 4571 1088 4631 equos
1102 4569 1114 4611 .·
1129 4549 1215 4630 quod
1232 4554 1341 4628 postea
1355 4546 1449 4608 losue
1464 4544 1732 4626 injunxitGabao
1764 4565 1832 4607 aaa
1843 4574 1872 4613 ιι,

58 4652 171 4706 taceas
185 4643 245 4706 bus
267 4644 313 4706 ait
333 4643 494 4708 Salvator:
512 4643 571 4718 Qui
586 4645 789 4709 hebetantes
805 4648 934 4711 audien·
986 4647 1135 4712 ailisisti
1147 4647 1295 4709 videntur
1307 4643 1406 4706 luisse
1421 4642 1521 4724 aliqui
1533 4644 1647 4707 ceteris
1658 4663 1732 4726 pau·
1746 4627 1823 4678 Μ·

185 4742 228 4820 di,
238 4741 358 4805 audiat.
368 4743 430 4806 Nec
446 4742 514 4806 istae
529 4763 622 4806 aures
633 4743 791 4807 dillerunt
808 4747 935 4810 realiter
987 4747 1128 4830 periores
1147 4765 1185 4808 ex
1205 4743 1347 4818 advenis,
1365 4743 1419 4824 qui
1441 4761 1499 4824 pro
1516 4761 1576 4804 usu
1590 4759 1734 4805 commu·

185 4842 225 4904 ab
241 4840 448 4904 interioribus
463 4841 585 4905 oeulis:
604 4843 669 4906 imo
684 4842 826 4924 ejusdem
845 4845 935 4910 intel·
985 4846 1098 4908 nitatis
1113 4854 1144 4907 et
1161 4844 1358 4908 sacerdotum
1376 4841 1409 4904 in
1426 4841 1639 4916 tabernaculo,
1647 4840 1735 4921 ligna

186 4941 310 5003 lectivto
332 4939 483 5021 potentiae
505 4949 564 5018 est,
582 4942 679 5004 verba
699 4941 753 5005 Dei
777 4945 888 5008 audire
904 4954 935 5008 et
988 4952 1019 5010 et
1042 4964 1140 5028 aquas
1162 4943 1337 5006 attulerunt
1360 4939 1468 5004 lorsan
1487 4960 1525 5003 ex
1541 4939 1620 5004 loeis
1635 4958 1735 5004 remo·

186 5039 374 5119 intelligere.
383 5039 608 5104 Verumtamen
628 5041 660 5103 in
680 5042 798 5124 populo
815 5043 870 5106 illo
891 5043 935 5106 lu·
990 5043 1040 5122 tis,
1059 5053 1091 5106 et
1105 5043 1164 5106 hae
1179 5042 1250 5106 vice
1264 5042 1413 5106 videntur
1431 5059 1495 5104 nou
1517 5038 1660 5102 adfuisse
1681 5047 1736 5101 aut

185 5148 278 5201 erunt
295 5138 397 5220 aliqui
416 5139 601 5216 illuminati,
620 5141 676 5204 sed
695 5141 829 5204 aliorum
853 5161 936 5205 com·
988 5160 1132 5205 seorsum
1155 5141 1290 5203 stetisse.
1308 5141 1403 5203 Porro
1418 5139 1506 5219 ligna
1521 5138 1554 5200 in
1570 5137 1662 5201 altari
1683 5138 1736 5200 ho

185 5238 350 5320 paratione
368 5237 497 5301 luerunt
512 5240 673 5322 perpauci.
990 5241 1204 5304 locaustorum
1220 5238 1364 5320 quotidie
1386 5237 1565 5301 necessaria
1585 5246 1685 5314 erant,
1703 5245 1735 5300 et

223 5339 379 5400 Adduxit
394 5357 447 5398 cos
457 5358 518 5416 per
532 5341 693 5401 desertum
710 5341 935 5418 qoodropinto
989 5360 1072 5422 aqua
1096 5339 1136 5402 ad
1161 5338 1281 5402 hostias
1306 5337 1450 5400 carnium
1475 5336 1661 5399 abluendas.
1683 5336 1734 5399 Sic
