4309 6259
424 484 464 547 22
811 499 985 545 manuario
1006 500 1036 544 nv
1058 499 1126 545 car.
1149 498 1216 544 xxu
1236 497 1337 544 axoni.
1360 517 1400 528 -
1420 499 1492 545 nnn.
1515 498 1584 545 xtrv

427 675 466 736 de
482 670 552 735 lure
572 681 739 749 nocturno,
757 680 792 733 ut
812 670 933 733 dictum
951 679 1009 733 est.
1026 669 1170 751 Objectio
1183 668 1209 731 A
1224 668 1286 731 erit
1301 670 1422 732 mentio
1438 668 1523 732 lacta
1538 669 1601 731 nisi
1616 670 1753 732 de'bove
1768 678 1800 732 et
1814 688 1882 734 ove.
1896 670 1967 733 ldeo

425 790 554 853 quoque
579 768 796 853 postillatoris,
820 769 971 835 videlicet
990 768 1086 852 Lyrae,
1105 786 1168 831 non
1223 768 1379 850 Josephus
1394 768 1603 851 probabiliter
1617 768 1706 847 dicit,
1724 777 1917 851 praeceptum
1932 770 1968 831 il-

426 869 578 953 pravalet
595 887 602 931 :
619 869 770 951 quoniam
791 869 876 950 quod
897 868 1041 944 assumit,
1063 876 1112 931 θεῖ
1131 868 1171 929 de
1226 866 1281 929 lud
1297 886 1367 930 esse
1383 867 1627 948 intelligendum
1647 886 1711 931 non
1731 867 1835 931 solum
1855 868 1895 931 de
1913 867 1969 931 bo

427 986 497 1031 raro
523 967 794 1047 contingentibus.
817 968 881 1031 Lex
900 976 1006 1030 autern
1029 966 1171 1047 loquitur
1226 965 1286 1027 bus
1301 974 1333 1029 et
1347 965 1473 1043 ovibus,
1490 967 1546 1029 sed
1565 967 1605 1029 dc
1624 966 1738 1029 ceteris
1758 985 1885 1049 quoquc
1901 967 1969 1029 ani-

426 1068 466 1129 de
480 1066 530 1128 his
545 1086 616 1148 quae
632 1066 816 1147 frequenter
832 1065 1032 1147 contingunt.
1225 1064 1363 1127 malibus
1374 1065 1556 1128 domesticis
1566 1065 1786 1147 utilibusque
1796 1075 1969 1148 pascuntur

470 1165 622 1229 Praeterea
647 1166 748 1247 quari
772 1174 887 1248 potest,
911 1183 952 1227 an
978 1172 1170 1227 nocturnum
1226 1164 1258 1226 in
1275 1164 1370 1244 agris,
1388 1172 1424 1226 ut
1437 1183 1550 1247 capras,
1568 1165 1649 1226 asini
1667 1174 1699 1227 et
1713 1164 1903 1228 consimilia.

427 1264 530 1327 iurem
547 1264 581 1325 in
597 1264 651 1326 tali
667 1283 742 1327 casu
761 1264 920 1339 occidenS,
940 1262 1037 1326 luerit
1055 1270 1110 1325 aut
1130 1262 1171 1324 sit
1265 1266 1305 1324 Si
1319 1266 1435 1324 laeserit
1449 1265 1615 1341 quispiam
1633 1285 1750 1341 ugrum
1770 1268 1820 1323 cet
1839 1266 1968 1325 cineum

426 1362 510 1443 apud
522 1361 619 1423 Deum
635 1378 653 1421 a
667 1359 1170 1442 culpaimmunis.llideturquod
1225 1361 1362 1444 proximi
1379 1360 1440 1438 sui,
1458 1361 1565 1438 idest,
1582 1362 1820 1444 perseipsum,
1838 1370 1893 1424 aut
1912 1381 1969 1445 per

427 1478 503 1535 non,
529 1477 628 1540 quum
653 1458 783 1521 aliunde
802 1459 903 1541 possit
925 1460 1068 1522 evadere.
1093 1459 1169 1521 Item
1224 1459 1394 1522 transitum
1410 1479 1466 1523 seu
1482 1469 1643 1542 pasturam
1659 1460 1878 1541 jumentorum
1898 1479 1969 1523 suo

426 1559 522 1621 homo
547 1575 611 1620 non
637 1565 742 1639 potest
767 1558 838 1621 sine
867 1566 997 1639 peccato
1026 1557 1171 1621 occidere
1225 1577 1307 1635 rum,
1325 1566 1379 1619 aut
1396 1577 1452 1640 per
1468 1578 1525 1620 sua
1544 1557 1691 1621 vehicula
1710 1576 1767 1621 seu
1785 1558 1967 1639 quadrigas,

426 1655 535 1733 alium,
558 1654 760 1719 defendendo
782 1675 816 1719 se
838 1656 954 1737 ipsum,
980 1656 1041 1718 nisi
1063 1656 1172 1719 obser·
1226 1656 1276 1720 vel
1300 1655 1397 1718 simili
1419 1658 1514 1719 modo
1534 1656 1680 1719 intulerit
1698 1658 1850 1719 damnum
1867 1657 1970 1740 proxi-

427 1764 499 1819 vato
525 1754 743 1819 moderamine
768 1754 936 1836 inculpata
962 1755 1079 1818 tutelae.
1102 1754 1171 1817 Pro
1226 1774 1278 1819 mo
1294 1774 1353 1819 suo
1369 1755 1401 1816 in
1418 1756 1489 1837 ejus
1503 1773 1580 1836 agro
1599 1763 1654 1817 aut
1673 1755 1777 1831 vinea,
1799 1756 1850 1818 vel
1871 1755 1968 1817 simili

428 1862 498 1935 pter
518 1854 605 1935 quod
627 1853 740 1915 asserit
760 1853 895 1916 Thomas
916 1853 949 1915 in
970 1852 1109 1917 secunda
1124 1872 1172 1915 se-
1188 1856 1211 1919 B
1227 1874 1272 1932 rc,
1293 1863 1371 1937 puta
1396 1854 1428 1915 in
1453 1853 1546 1917 horto
1569 1862 1623 1916 aut
1644 1852 1774 1931 oliveto,
1791 1865 1821 1915 et
1839 1857 1970 1915 dimise-

426 1953 550 2028 cundaa‚
567 1950 743 2032 quaestione
763 1950 801 2012 lid
820 1969 827 2013 τ
845 1952 911 2015 Non
933 1952 1008 2015 lieet
1027 1952 1173 2015 occidere
1225 1956 1271 2014 rit
1278 1954 1467 2032 jumentum
1482 1974 1580 2013 suum
1596 1961 1633 2013 ut
1645 1955 1968 2031 deposcaturalieua,

427 2051 526 2113 aliurn
547 2068 643 2113 causa
664 2049 857 2113 defendendi
879 2050 1040 2133 propriam
1059 2052 1170 2130 vitam,
1226 2052 1277 2118 vel
1300 2052 1396 2114 etiam
1419 2070 1483 2114 non
1505 2051 1693 2115 custodierit
1711 2050 1791 2113 illud
1807 2072 1826 2114 a
1843 2052 1899 2113 tali
1918 2072 1971 2134 pa·

427 2150 622 2213 intendendo
644 2148 775 2212 alterius
799 2150 1005 2227 occisionem,
1030 2152 1093 2213 nisi
1115 2172 1173 2234 pu·
1226 2149 1583 2230 bulatione3quidqutd
1597 2152 1756 2227 optimum
1771 2152 1919 2211 habuerit
1934 2153 1969 2212 in

427 2249 544 2312 blicam
567 2248 786 2312 auctoritatem
807 2248 949 2327 habenti,
967 2249 1023 2332 qui
1044 2251 1105 2313 hoc
1127 2270 1173 2314 re
1226 2270 1304 2328 agro
1325 2270 1383 2309 suo
1408 2253 1458 2309 vel
1482 2251 1589 2320 cinea,
1608 2268 1672 2327 pro
1693 2251 1811 2310 domni
1832 2252 1971 2311 castima-

428 2346 490 2409 lert
515 2347 554 2408 ad
578 2345 699 2409 bonum
728 2365 907 2410 commune.
934 2348 1049 2410 lterum
1076 2348 1172 2412 homo
1227 2350 1313 2408 tione
1327 2351 1483 2418 restituet,
1494 2346 1526 2408 id
1542 2356 1601 2424 est,
1612 2346 1651 2409 de
1666 2347 1797 2430 optimis
1813 2346 1971 2410 lructibus

428 2453 553 2508 tenetur
575 2445 648 2527 plus
670 2444 803 2525 diligere
825 2447 944 2509 bonurn
966 2446 1082 2511 animas
1103 2466 1173 2530 pro
1227 2446 1304 2522 suis,
1322 2464 1473 2510 eorumve
1487 2445 1598 2528 pretiis
1615 2445 1709 2509 faciet
1724 2446 1969 2523 restitutionem,

427 2543 503 2606 ximi
526 2542 586 2620 sui,
609 2543 705 2605 etiam
730 2543 866 2621 inimici,
888 2564 983 2626 quarn
1006 2546 1172 2628 proprium
1227 2545 1403 2608 secundum
1418 2545 1537 2627 justam
1549 2546 1694 2625 judicum
1714 2544 1968 2609 aestimationem.

427 2661 554 2723 corpus,
581 2641 817 2724 animalemque
842 2643 940 2705 vitam
968 2664 975 2707 :
1002 2662 1077 2725 ergo
1107 2663 1171 2707 non
1226 2644 1314 2719 Quod
1339 2644 1367 2705 si
1391 2643 1601 2726 personaliter
1626 2661 1690 2707 non
1715 2644 1830 2707 habeat
1859 2663 1971 2725 agrum

428 2749 534 2823 potest
549 2740 619 2803 sine
638 2740 765 2804 mortali
788 2741 882 2824 culpa
904 2742 1048 2807 occidere
1068 2744 1173 2826 proxi·
1227 2750 1282 2805 aut
1307 2743 1444 2819 vineam,
1468 2742 1598 2805 aliunde
1622 2742 1841 2824 providebitur
1863 2744 1903 2805 de
1924 2762 1972 2806 re-

428 2856 517 2899 mum
540 2836 573 2899 in
597 2837 735 2914 mortali,
759 2857 817 2920 pro
842 2838 1085 2904 conservatione
1108 2861 1173 2905 suas
1227 2841 1489 2923 compensatione
1510 2860 1567 2922 per
1588 2842 1658 2923 ejus
1680 2841 1895 2905 venditionem
1917 2850 1973 2922 aut

427 2936 501 2999 vitas
522 2954 692 3019 corporeae.
713 2937 760 2999 Ad
783 2936 868 3001 istud
890 2939 1019 3020 quidam
1043 2959 1174 3023 respon·
1228 2940 1426 3017 servitutem,
1444 2939 1494 3003 vel
1514 2938 1578 3002 alio
1597 2940 1703 3003 modo.
1719 2940 1877 3022 Rectaque
1897 2941 1973 3003 dici-

428 3036 515 3113 dent,
533 3037 736 3099 concedendo
760 3035 805 3099 sic
825 3056 905 3101 esse.
922 3037 1010 3112 Quod
1030 3058 1106 3104 vero
1127 3040 1174 3102 di·
1191 3046 1290 3116 Ctur,
1308 3040 1348 3101 de
1363 3037 1495 3121 optimo,
1513 3045 1549 3100 ut
1564 3057 1621 3120 per
1635 3037 1696 3102 hoc
1711 3040 1812 3119 magis
1833 3038 1973 3102 refrene-

427 3135 521 3213 citur,
541 3135 602 3199 tale
617 3136 827 3199 homicidium
843 3137 967 3200 licitum
983 3158 1063 3216 esse,
1082 3139 1174 3203 intel·
1229 3146 1280 3200 tur
1294 3138 1335 3199 ab
1349 3137 1534 3218 hujusmodi
1549 3137 1761 3201 nocumentis.
1778 3141 1819 3200 Si
1832 3158 1973 3215 opressus

429 3235 532 3315 ligunt
546 3252 584 3297 eo
599 3235 693 3298 modo
713 3253 777 3318 quo
797 3235 925 3313 dicitur,
942 3236 1036 3300 licere
1059 3239 1173 3302 marito
1228 3240 1316 3315 ignis
1335 3239 1496 3297 a'ucenerit
1515 3238 1632 3316 spicas,
1649 3245 1679 3297 et
1697 3239 1972 3314 comprehenderit

428 3331 573 3397 occidere
587 3332 778 3409 adulterum,
796 3351 891 3414 quem
907 3354 980 3397 cum
1000 3355 1056 3398 sua
1076 3355 1174 3400 uxore
1228 3356 1355 3396 acervos
1378 3336 1529 3412 frugum,
1554 3337 1622 3393 sive
1649 3344 1768 3395 stantes
1793 3345 1907 3412 segetes
1935 3337 1973 3395 iu

429 3430 554 3493 invenit
569 3429 704 3512 turpiter
715 3439 916 3513 occupatum,
934 3432 1010 3514 quia
1025 3432 1174 3498 videlicet
1228 3435 1328 3511 apris,
1346 3432 1453 3510 idest,
1471 3432 1498 3493 si
1518 3432 1636 3514 aliquis
1656 3431 1764 3513 ignem
1779 3431 1971 3509 accenderit,

430 3530 570 3591 humana
582 3529 654 3610 jura
670 3546 733 3591 non
750 3529 915 3593 vindicant
930 3530 1020 3607 illud,
1034 3550 1072 3595 eo
1087 3534 1173 3613 quod
1228 3540 1259 3594 et
1275 3531 1358 3611 ignis
1375 3531 1430 3594 ille
1450 3550 1484 3593 se
1505 3529 1655 3608 lundens,
1673 3531 1884 3593 combusserit
1897 3529 1974 3593 alio

429 3629 564 3690 maritus
590 3627 705 3691 babeat
729 3628 903 3691 maximum
929 3630 1173 3695 incitamentum
1228 3649 1300 3692 rum
1317 3628 1439 3692 lructus
1456 3629 1973 3711 scupossessioncs3reddetctcm-

428 3727 467 3789 ad
484 3725 692 3790 occidendum
709 3726 805 3791 talem
820 3729 1009 3791 adulterum.
1228 3750 1309 3790 num
1331 3730 1390 3809 qui
1411 3730 1519 3806 ignem
1537 3730 1736 3789 succenderit
1754 3749 1765 3789 .·
1787 3727 1924 3790 maxime
1946 3728 1973 3789 si

402 3828 409 3839 ”
469 3827 508 3887 Si
523 3828 753 3887 contabuerit
768 3831 924 3907 quodpro
940 3829 1029 3907 furto
1045 3833 1172 3901 reddat,
1228 3847 1301 3891 cum
1327 3827 1491 3909 proposito
1515 3826 1584 3906 ejus
1610 3824 1730 3889 iactum
1752 3835 1800 3889 est
1820 3827 1972 3889 damnum

430 3928 497 4005 ipse
522 3928 776 3987 venundabitur.
804 3925 890 3988 lstud
915 3925 1052 3989 relertur
1077 3928 1174 3990 adid
1230 3924 1394 4002 illud,imo
1410 3934 1486 3988 tunc
1502 3933 1662 3988 teneretur
1676 3926 1716 3987 ad
1732 3924 1973 4007 plusSiautem

429 4025 514 4107 quod
535 4024 655 4087 dictum
680 4033 729 4087 est
749 4024 789 4087 de
809 4023 936 4088 furante
956 4034 988 4088 et
1010 4026 1175 4089 occidente
1229 4043 1375 4103 egressus
1390 4031 1439 4086 est
1454 4024 1537 4104 ignis
1558 4023 1627 4086 sine
1647 4024 1716 4106 ejus
1737 4023 1910 4106 proposito,
1928 4031 1974 4085 ta-

431 4142 487 4186 seu
503 4122 660 4185 vendente
674 4121 788 4186 bovem
804 4132 859 4185 aut
874 4142 977 4201 ovam,
987 4132 1022 4186 ut
1036 4144 1095 4206 pro
1111 4145 1175 4190 uno
1229 4140 1303 4184 men
1319 4140 1357 4184 ex
1374 4121 1568 4202 negligentia
1582 4141 1650 4197 sua,
1668 4120 1819 4203 quoniam
1840 4139 1905 4184 non
1919 4122 1974 4184 ad-

430 4221 511 4285 bove
527 4220 672 4283 restituat
686 4220 840 4302 quinque,
853 4230 948 4303 atque
964 4241 1021 4304 pro
1037 4242 1101 4286 nna
1117 4228 1213 4289 ovet)
1230 4219 1336 4283 hibuit
1356 4220 1533 4283 custodiam
1553 4219 1704 4297 debitam,
1725 4219 1828 4282 adbuc
1848 4228 1974 4283 tenetur

430 4328 565 4401 quatuor
582 4337 589 4381 :
606 4318 683 4401 quia
703 4318 729 4381 si
747 4338 810 4383 non
826 4319 974 4382 habuerit
990 4319 1174 4386 facultatem
1229 4320 1269 4380 ad
1285 4318 1633 4401 recompensationem
1652 4337 1716 4382 non
1731 4327 1836 4381 autem
1856 4318 1883 4380 si
1904 4319 1975 4381 dili·

429 4419 490 4481 hoc
515 4416 664 4495 faciendi,
690 4417 752 4479 luit
776 4419 963 4481 vendendus
987 4421 1175 4485 auctoritate
1228 4418 1369 4500 gentiam
1385 4417 1526 4480 debitam
1542 4418 1576 4479 in
1591 4418 1799 4481 custodiendo
1814 4416 1971 4493 adhibuit,

429 4516 580 4597 judicum,
598 4523 630 4579 et
644 4517 684 4579 de
699 4516 802 4597 pretio
818 4534 883 4578 suaa
897 4518 1093 4582 venditionis
1109 4530 1176 4583 erat
1228 4526 1264 4581 ut
1279 4517 1306 4579 si
1322 4525 1436 4581 ventus
1452 4525 1583 4598 repente
1598 4516 1771 4579 adveniens
1790 4516 1897 4597 ignem
1912 4515 1974 4579 dil-

430 4614 588 4678 restitutio
608 4613 765 4692 iacienda,
782 4633 949 4697 quousque
970 4615 1042 4679 lieri
1058 4618 1172 4698 quivit.
1229 4616 1353 4679 tundat.
1380 4614 1459 4677 llinc
1484 4614 1634 4678 absalom
1661 4614 1821 4696 peccavit,
1852 4624 1974 4695 segetes
1997 4633 2130 4689 name,

430 4717 470 4777 Si
485 4717 654 4776 incentum
669 4715 772 4795 fucrit
787 4717 878 4792 apud
892 4734 964 4775 eum
980 4721 1066 4796 quod
1081 4721 1175 4796 sura·
1227 4716 1305 4780 Joab
1335 4714 1556 4777 succendendo
1573 4738 1580 4788 ;
1608 4732 1671 4777 non
1696 4722 1803 4776 autem
1828 4713 1971 4788 Samson,
1988 4698 2022 4738 ³⁰·

431 4824 480 4875 tus
504 4823 562 4885 est,
584 4815 707 4883 vicens,
731 4811 763 4873 id
788 4819 837 4873 est
866 4814 1007 4876 nondum
1032 4816 1174 4879 occisum
1228 4813 1444 4878 comburendo
1460 4832 1517 4894 per
1532 4812 1644 4895 vulpes
1659 4812 1777 4875 stantia
1795 4811 1890 4875 blada
1903 4813 1974 4874 Phi·
2002 4831 2132 4883 tanam.

430 4930 487 4975 nec
502 4912 680 4988 venditum,
696 4914 764 4971 sive
779 4912 840 4983 bos,
856 4914 923 4972 sice
937 4915 1015 4986 ovis,
1031 4918 1099 4975 sice
1114 4919 1176 4977 asi-
1229 4913 1421 4988 listinorum,
1443 4910 1595 4993 quoniam
1617 4912 1702 4994 juste
1719 4910 1779 4974 hoc
1801 4909 1887 4989 lecit,
1905 4917 1973 4973 tan-
1987 4895 2008 4944 ⁴'
2018 4896 2039 4937 ⁵·

429 5032 515 5084 uus,·
529 5014 669 5089 duplum
684 5012 840 5072 restituet.
863 5010 951 5074 Tunc
968 5030 1106 5095 namque
1121 5016 1175 5098 pie
1227 5030 1323 5094 quarn
1339 5010 1435 5091 judex
1452 5010 1632 5074 Israelitice
1648 5009 1762 5092 plebis.

429 5109 691 5192 praesumebatur,
713 5109 800 5189 quod
825 5110 990 5174 restituere
1010 5112 1171 5194 cogitavit,
1266 5110 1503 5190 consequenter
1524 5109 1655 5191 ponitur
1677 5108 1727 5172 lex
1751 5108 1895 5190 quadam
1921 5109 1974 5171 de-

428 5217 460 5271 ct
482 5208 589 5271 minus
612 5207 730 5290 injuste
753 5208 898 5270 tractavit
920 5228 984 5273 non
1008 5230 1074 5274 sua.
1093 5213 1173 5277 Ecce
1226 5208 1322 5294 positi
1350 5224 1357 5270 :
1383 5209 1424 5268 Si
1452 5211 1526 5288 quis
1553 5208 1835 5279 commendaverit,
1863 5206 1896 5269 id
1923 5215 1973 5269 cst

427 5307 480 5371 hic
495 5305 683 5388 exprimitur
698 5306 818 5385 asinus,
835 5326 935 5389 quum
951 5318 1025 5374 ante
1041 5330 1106 5375 non
1122 5311 1172 5374 lu·
1224 5304 1431 5383 commiserit,
1453 5308 1568 5378 amico,
1585 5305 1618 5367 id
1638 5314 1686 5369 est
1706 5305 1862 5389 proximo,
1874 5326 1972 5385 pecu·
