4309 6259
436 500 495 564 440
775 517 949 563 ennnnfflo
970 516 1000 561 ut
1022 514 1090 560 ΕΜ).
1114 510 1168 556 XXl
1188 510 1384 558 submonent.
1407 529 1447 540 -·
1467 512 1539 558 aas.
1561 509 1645 555 XXXV

437 696 507 753 tur:
527 692 808 769 utreqnt‘escerent
823 710 859 750 ιιι
876 691 1003 757 Ανιιοιι,
1013 698 1042 747 ct
1058 704 1180 747 recum-
1194 679 1271 743 Ain
1296 687 1445 754 Bamotlr,
1466 684 1553 764 quod
1577 690 1625 744 ost
1649 696 1766 743 nomen
1790 672 1972 745 mansionis,

435 791 553 860 terent,
570 788 602 850 id
626 797 673 851 est
696 788 907 899 quiescerent,
922 790 957 847 in
978 788 1099 865 finibus
1116 785 1180 844 ιιο-
1235 783 1409 845 secundum
1424 783 1589 863 quosdam.
1606 778 1713 859 Aliqui
1734 786 1839 838 tamen
1855 772 1972 845 dicunt,

435 889 636 947 abiturum:
666 887 722 968 qui
754 885 836 947 fines
874 885 1063 967 inceperunt
1091 882 1181 963 justa
1235 881 1321 962 quod
1347 898 1410 943 non
1436 880 1478 941 sit
1503 880 1554 942 bic
1578 896 1694 942 nomen
1719 871 1907 945 mansionis,
1923 869 1973 931 scd

435 983 554 1047 Arnon
1235 978 1354 1042 vallis
1346 998 1378 1039 m
1395 979 1524 1059 regione
1540 976 1636 1040 Moab.
1648 975 1737 1037 b'nde
1752 968 1972 1053 subjungitur:

476 1088 530 1146 En
544 1104 579 1144 eo
596 1088 661 1145 loco
676 1085 833 1161 apparuit
845 1092 974 1161 putens,
991 1081 1051 1143 boo
1067 1087 1126 1155 est,
1143 1097 1181 1140 ex
1235 1080 1373 1138 Barnotlt
1390 1080 1487 1137 vallis
1501 1086 1547 1136 est
1562 1079 1598 1136 in
1614 1076 1741 1151 regione
1752 1071 1875 1133 Moeb'
1862 1090 1898 1128 m
1915 1088 1975 1125 cer-

436 1181 506 1245 looo
526 1182 764 1291 praenominato·
780 1182 977 1245 devenerunt
999 1178 1061 1240 filii
1086 1176 1179 1239 lsrael
1237 1176 1296 1235 tice
1311 1176 1454 1252 Plaspa,
1471 1174 1504 1236 id
1526 1183 1575 1237 est
1596 1170 1714 1235 montis
1730 1170 1776 1232 sic
1791 1166 1881 1244 dicti,
1897 1167 1976 1245 quod

435 1281 476 1343 ad
499 1280 598 1343 alium
620 1279 764 1357 locum,
756 1299 789 1342 ru
812 1298 876 1361 quo
897 1279 974 1358 (Deo
995 1277 1128 1359 jubente
1150 1283 1182 1337 el
1235 1276 1365 1350 respicit
1381 1283 1493 1333 contro
1442 1276 1611 1333 ttdeser
1600 1282 1681 1332 ι.ιιιιι
1698 1264 1976 1348 Sedqualiterpo

436 1378 612 1459 indicante)
621 1378 728 1460 adepti
745 1386 821 1441 sunt
831 1386 961 1460 puteum
978 1394 1034 1457 per
1050 1374 1180 1438 modum
1237 1370 1297 1433 tuit
1313 1371 1405 1433 vallis
1420 1388 1490 1433 esse
1512 1370 1545 1431 in
1568 1369 1687 1433 vertice
1703 1365 1844 1429 montisi
1832 1361 1908 1423 ond
1921 1360 1976 1422 boe

436 1477 492 1559 qui
509 1477 649 1559 tangitur
670 1476 774 1540 infra·
768 1498 888 1556 3snpcr
907 1496 981 1557 qno,
998 1475 1059 1538 boc
1079 1482 1127 1535 est
1143 1473 1182 1535 dc
1236 1468 1365 1550 quidam
1381 1470 1585 1550 respondent,
1601 1467 1687 1548 quod
1704 1466 1764 1527 iste
1784 1461 1827 1525 sit
1846 1476 1974 1525 sensus:

436 1594 500 1657 qno
523 1584 630 1658 puteo,
648 1580 770 1637 toentns
792 1585 836 1637 est
853 1576 1010 1635 Dominus
1032 1576 1076 1634 act
1091 1576 1182 1649 Moy·
1236 1569 1268 1631 ln
1290 1568 1408 1631 uertice
1433 1568 1561 1647 Phasga,
1580 1567 1612 1629 id
1637 1573 1685 1628 cst
1713 1581 1813 1646 prope
1841 1568 1976 1623 montem

435 1696 511 1735 sen:
524 1677 794 1751 Conprcpapopnt
797 1694 864 1743 nin,
874 1674 1035 1733 ctdaboci
1049 1692 1180 1750 aquam
1237 1666 1283 1730 sie
1298 1667 1430 1729 dictum.
1447 1665 1510 1728 Alii
1526 1674 1649 1776 putant,
1662 1664 1747 1745 quod
1763 1680 1856 1724 mous
1871 1657 1978 1721 illesit

435 1791 498 1854 qua
513 1770 575 1854 ipsi
592 1780 623 1834 et
638 1789 752 1853 pecora
767 1771 965 1834 reficiantur.
982 1770 1049 1833 Non
1067 1768 1182 1849 legitur
1236 1766 1315 1829 adeo
1330 1765 1470 1844 grandis,
1480 1773 1515 1826 ut
1531 1764 1563 1825 in
1581 1762 1798 1845 superioribus
1809 1757 1977 1821 sinteolles

435 1871 521 1951 quod
546 1871 699 1933 Dominus
724 1870 927 1952 omnipotens
948 1867 979 1931 et
1001 1866 1183 1930 liberalissi·
1197 1866 1221 1926 B
1237 1872 1268 1927 et
1282 1864 1392 1927 valles.

436 1988 507 2030 mus
523 1968 646 2031 dederit
661 1968 780 2051 populo
796 1986 853 2031 suo
874 1967 907 2029 in
930 1967 1055 2029 deserto
1072 1965 1182 2028 vinum
1277 1965 1371 2023 Misit
1395 1973 1503 2023 antem
1525 1965 1639 2031 Israel,
1656 1960 1688 2022 id
1710 1968 1759 2022 est
1783 1957 1914 2038 Moyses,
1936 1974 1978 2016 se

437 2063 892 2139 autcarnessedsolummodo
904 2068 1183 2143 panemetaquam
1236 2062 1378 2125 eundum
1394 2060 1558 2134 Glossam3
1576 2059 1624 2123 vcl
1642 2058 1790 2141 populus,
1807 2056 1909 2137 lloyse
1927 2073 1979 2115 an·

438 2180 497 2243 pro
521 2160 737 2224 sustentaculo
761 2160 846 2223 vitae.
868 2160 997 2241 Nempe,
1014 2158 1100 2240 quod
1125 2156 1183 2218 ali·
1238 2167 1367 2236 nuente,
1390 2161 1523 2219 enunties
1547 2162 1591 2217 ud
1615 2159 1721 2221 Seiron
1746 2175 1852 2232 regem
1872 2158 1979 2215 Annor-

304 2277 423 2327 Deodnn.
438 2260 567 2340 quando
588 2258 723 2323 eontulit
745 2259 791 2321 eis
813 2276 935 2333 carnes,
954 2256 1015 2319 fuit
1038 2257 1078 2319 ad
1104 2254 1184 2336 pell·
1236 2259 1527 2329 rnoennnme'cens
1537 2278 1549 2317 .·
1564 2260 1691 2317 Obsecro
1701 2265 1737 2315 nt
1749 2254 1889 2315 transire
1900 2252 1979 2312 milri

287 2344 381 2451 ἕξω,
392 2407 422 2449 a
439 2358 559 2420 tionem
580 2356 731 2439 ipsorum,
749 2364 781 2419 et
800 2356 906 2438 potius
927 2355 959 2417 in
981 2353 1183 2438 punitionem
1238 2359 1332 2416 liceat
1345 2377 1405 2435 per
1421 2366 1541 2417 terrem
1557 2367 1659 2425 tuarn,
1676 2362 1736 2416 etc.
1754 2352 1840 2415 lstud
1855 2349 1981 2413 bumili-

384 2436 389 2455 '
438 2475 534 2538 quam
555 2456 588 2517 in
611 2455 730 2519 bonum
750 2474 871 2518 eorum.
892 2458 981 2515 Tunc
998 2454 1114 2513 cecinit
1137 2455 1184 2512 Is·
1239 2462 1286 2515 ter
1296 2462 1488 2533 rogaverunt
1498 2451 1763 2533 filiilsrael‚quia
1773 2448 1981 2513 beusdirecte

437 2558 507 2615 raet
529 2574 659 2615 carmen
680 2556 780 2624 istud,
796 2553 828 2616 id
844 2560 902 2629 est,
921 2551 983 2613 filii
999 2550 1091 2614 lsrael
1115 2568 1185 2630 gra·
1240 2552 1387 2633 promisit
1408 2552 1454 2615 eis
1478 2560 1593 2615 terram
1608 2551 1756 2614 Chanaan
1780 2557 1867 2611 trans
1880 2548 1982 2610 lorda-

438 2652 499 2715 tias
514 2651 648 2715 Domino
665 2652 909 2733 retuleruutpro
918 2649 1078 2713 beneficio
1094 2668 1184 2729 aquae
1240 2669 1323 2714 nem.
1350 2654 1414 2720 Qui
1438 2654 1606 2712 concedere
1630 2651 1747 2719 notuit,
1770 2659 1807 2709 nt
1832 2650 1982 2709 transiret

439 2750 545 2813 dando
567 2750 617 2813 val
645 2751 730 2827 (lato,
753 2749 894 2813 dicentes
914 2768 921 2812 :
944 2750 1105 2810 Ascendet
1123 2768 1185 2824 pu·
1239 2754 1342 2811 Israel
1361 2770 1423 2826 per
1446 2755 1527 2827 fines
1550 2770 1623 2809 snos
1642 2769 1654 2808 .·
1674 2750 1756 2828 quin
1779 2750 1887 2825 potius
1910 2766 1981 2806 eon-

440 2860 517 2911 tens.
538 2851 763 2921 Concinebant,
781 2848 812 2910 id
829 2856 887 2925 est,
901 2846 963 2909 filii
979 2846 1072 2909 lsrael
1089 2845 1183 2909 simul
1235 2859 1367 2925 prepete
1391 2850 1547 2920 enercitn,
1566 2867 1708 2924 egressus
1728 2856 1774 2907 est
1795 2846 1924 2906 obviam
1947 2847 1981 2904 in

439 2947 596 3011 canebant
621 2956 711 3028 grata
736 2954 768 3009 et
794 2945 888 3008 hilari
914 2953 1021 3008 mente
1037 2962 1045 3006 τ
1061 2947 1185 3007 Potens
1239 2950 1410 3019 desertum,
1430 2958 1459 3008 et
1481 2949 1569 3007 venit
1593 2948 1628 3006 in
1648 2949 1738 3018 lasa,
1758 2946 1981 3023 puqrtauitqnc

438 3046 599 3122 ascendat,
612 3045 645 3107 id
661 3053 719 3123 est,
732 3064 815 3126 aqua
830 3064 868 3107 ex
884 3042 970 3107 fossa
986 3050 1183 3124 prorumpat,
1202 3045 1350 3108 Gcontra
1364 3067 1452 3115 enen,
1468 3044 1500 3107 id
1516 3034 1564 3107 est
1580 3053 1691 3107 contra
1706 3042 1860 3126 populum
1876 3041 1979 3115 lsrael,

439 3144 473 3208 in
491 3153 613 3207 tantum
633 3152 668 3207 ut
688 3163 783 3227 supra
807 3143 972 3219 redundet,
989 3163 1083 3222 qttem
1098 3145 1186 3221 fode·
1239 3166 1258 3205 α
1276 3165 1338 3223 quo
1353 3165 1524 3222 percussus
1544 3155 1590 3205 est
1611 3144 1714 3207 Sebon
1733 3146 1770 3203 in
1789 3164 1843 3202 ore
1862 3144 1981 3219 gladii,

439 3244 704 3321 comprincipes,
721 3242 752 3303 id
767 3250 815 3305 est
830 3240 989 3324 capitanei
1007 3239 1186 3302 Israeliticae
1238 3253 1268 3303 et
1280 3263 1420 3320 possessa
1442 3253 1487 3303 est
1503 3254 1589 3303 terra
1603 3244 1707 3320 cjnsa
1729 3239 1808 3302 filiis
1822 3240 1928 3316 lsrael,
1944 3242 1983 3300 cb

440 3340 557 3424 plebis
574 3351 603 3401 et
617 3351 821 3419 paraverunt
835 3344 930 3401 duces
947 3340 1184 3409 innititudinis,
1239 3345 1354 3403 Arnon
1378 3363 1478 3421 usquc
1492 3345 1597 3404 Juboc.
1616 3340 1723 3403 Arnon
1744 3348 1774 3403 et
1794 3340 1891 3403 labec
1905 3339 1983 3402 acci-

442 3440 538 3502 idest
554 3437 677 3521 prefati
694 3437 856 3521 principes
866 3437 921 3519 qui
933 3445 1023 3499 erant
1038 3437 1186 3500 ductores
1241 3441 1373 3522 piuntur
1389 3441 1442 3502 bie
1458 3460 1515 3523 pro
1532 3440 1676 3516 urbibus,
1693 3458 1828 3520 quarum
1843 3458 1909 3500 una
1924 3437 1983 3500 fuit

442 3547 474 3602 et
489 3537 593 3621 capita
609 3538 730 3620 populi.
748 3537 804 3601 Vel
821 3556 878 3619 per
894 3526 1055 3619 principes
1071 3535 1187 3598 intelli·
1240 3540 1403 3602 exordium
1416 3539 1503 3621 regni
1517 3538 1705 3614 Sehon,alia
1716 3537 1794 3600 finis
1805 3538 1895 3619 regni
1906 3537 1982 3619 ejus

442 3644 561 3719 guntur
576 3636 770 3717 quicumque
777 3634 980 3745 principales
997 3635 1036 3697 dc
1053 3634 1184 3715 populo,
1240 3640 1377 3712 dam3e
1360 3642 1497 3715 ettfiios
1520 3641 1671 3711 Artemon,
1689 3638 1720 3699 id
1745 3645 1794 3699 est
1816 3655 1918 3717 usque
1942 3636 1981 3698 ad

317 3746 376 3789 ten
385 3759 426 3797 ιιι
442 3735 525 3799 sicut
552 3742 653 3798 textus
679 3733 825 3816 superius
849 3733 1000 3797 disseruit
1024 3733 1110 3814 quod
1130 3733 1187 3795 Da·
1241 3746 1356 3799 terram
1382 3736 1646 3800 Ammonitarum
1664 3735 1746 3798 Dicit
1769 3744 1876 3799 autem
1899 3736 1982 3798 lose

296 3812 338 3861 ¹'²
341 3842 346 3852 '
376 3857 383 3867 ·
443 3834 519 3896 tban
540 3842 571 3897 et
586 3833 706 3896 Abrron
727 3842 818 3896 erant
833 3850 995 3914 principes
1011 3830 1134 3913 populi
1153 3831 1186 3892 ln
1240 3835 1323 3945 phos
1344 3834 1761 3898 multosdmorrhaeorum'
1753 3850 1908 3945 inpugna
1927 3834 1982 3896 illa

307 3944 418 3987 ιιιιιι
422 3934 561 3996 loanne
576 3949 704 4014 quoque
721 3930 859 4011 legitur:
878 3929 964 3992 Multi
980 3950 1018 3993 ex
1034 3929 1187 4012 principi·
1241 3933 1371 4016 perisse,
1388 3934 1469 3997 alios
1490 3934 1530 3996 ad
1553 3932 1691 3995 flumina
1705 3952 1872 4010 corruisse
1890 3952 1983 4014 quos

297 4010 329 4051 ¹¹¹
442 4032 502 4095 bus
517 4030 742 4093 crediderunt'
735 4049 769 4091 m
783 4030 901 4092 lesum.
915 4034 955 4091 In
969 4033 1081 4090 datore
1096 4031 1185 4106 lepis,
1240 4032 1312 4093 dam
1336 4032 1452 4113 jaculis
1477 4041 1568 4095 terrra
1591 4030 1735 4105 affixos3
1763 4031 1920 4111 fugientes
1944 4034 1982 4094 ad

441 4130 473 4192 id
494 4138 601 4193 estex
623 4128 805 4192 ostensione
826 4136 858 4190 et
881 4126 1025 4209 jussione
1047 4126 1112 4203 Dei,
1129 4126 1184 4208 qui
1240 4130 1368 4207 moenia,
1395 4151 1414 4193 a
1444 4129 1670 4192 fundibulariis
1695 4150 1764 4193 esse
1794 4140 1981 4212 praeventos.

439 4236 506 4292 erat
521 4226 635 4308 legifer
649 4225 848 4309 principalis,
861 4235 893 4289 et
908 4225 1031 4307 Moysis,
1049 4226 1106 4307 qui
1122 4225 1184 4288 fuit
1199 4227 1404 4291 DPraefatam
1420 4228 1515 4291 etiam
1537 4236 1652 4291 terram
1668 4228 1922 4291 Amorrbaeorum
1938 4249 1984 4291 as·

437 4326 599 4407 legislator
614 4324 833 4390 ministerialis
853 4333 885 4387 et
906 4323 1181 4387 instrumentalis:
1239 4326 1316 4389 serit
1331 4327 1415 4390 inter
1431 4328 1491 4390 tria
1507 4326 1644 4389 flumina
1660 4326 1765 4403 sitam,
1781 4336 1817 4389 ιιι
1832 4327 1981 4403 insulam,

434 4435 464 4485 ct
479 4427 516 4485 in
531 4424 655 4485 baculis
674 4426 742 4483 suis
753 4442 764 4485 .·
780 4423 856 4505 quia
875 4441 946 4485 cum
964 4422 1046 4504 palis
1061 4431 1115 4484 aut
1131 4423 1183 4485 ba·
1238 4434 1348 4488 otesse
1364 4425 1570 4502 liberrimam,
1584 4426 1628 4488 ita
1642 4426 1728 4507 quod
1744 4424 1863 4488 fluvius
1874 4425 1981 4490 Arnon

434 4522 516 4586 culis
541 4521 702 4598 foderunt,
727 4540 782 4585 seu
805 4528 1030 4603 percusserunt
1053 4520 1085 4581 in
1112 4520 1182 4583 loco
1237 4523 1280 4585 sit
1294 4543 1313 4585 a
1328 4522 1473 4599 meridie,
1489 4522 1585 4585 Jaboc
1607 4522 1648 4585 ab
1668 4522 1817 4605 aquilone
1832 4525 1956 4603 (unde'
1949 4544 1980 4586 m

435 4629 526 4684 terrae
541 4619 588 4684 eis
609 4628 786 4683 monstrato
805 4620 901 4682 olleo
924 4638 980 4700 per
996 4618 1132 4700 Moysen,
1150 4628 1182 4682 et.
1236 4620 1348 4683 Genesi
1365 4621 1499 4683 habetur
1511 4620 1772 4701 devadoJaboc),
1780 4621 1927 4684 Jordanis
1941 4624 1980 4685 ab
2002 4640 2091 4683 annu

434 4719 510 4783 inde
526 4738 608 4800 aqua
622 4717 797 4781 affluenter
813 4716 965 4780 manavit.
1236 4719 1411 4783 occidente.
1436 4720 1588 4782 Praeterea
1611 4717 1722 4783 dicunt
1739 4720 1873 4796 Hebraei,
1895 4706 2017 4803 quod

381 4824 385 4833 ’
473 4820 680 4898 Profectiqne
693 4827 770 4877 sont
792 4820 832 4877 de
851 4814 1082 4876 solitudinem
1099 4819 1182 4876 Mat·
1237 4836 1290 4880 rex
1307 4817 1410 4879 Sebcn
1432 4817 1555 4899 accepit
1578 4817 1747 4898 pecuniam
1763 4818 1803 4881 ab
1825 4819 1981 4883 habitato

436 4920 549 4986 tenna,
566 4915 598 4977 id
618 4922 666 4977 est
690 4915 729 4977 de
752 4934 815 4978 una
837 4913 1020 4976 solitudinis
1042 4913 1180 4995 partein
1237 4916 1325 4977 ribus
1352 4924 1442 4978 terrae
1466 4915 1626 4991 Cbanaan,
1653 4925 1811 4997 quatenus
1837 4918 1979 4981 filiorum

435 5012 531 5076 aliam
552 5012 598 5075 sic
621 5021 784 5087 vocatam3
806 5017 845 5072 tte
861 5014 1033 5073 llottltcnc
1056 5014 1092 5070 in
1115 5014 1183 5071 Na·
1237 5014 1329 5075 lsrael
1348 5004 1531 5095 prohiberet
1547 5015 1729 5077 adrentum.
1747 5016 1809 5078 Cur
1823 5026 1932 5080 autem
1946 5017 1980 5080 fi-

436 5113 547 5173 tattet.
560 5111 621 5173 lsta
637 5120 712 5172 sunt
728 5110 857 5173 nomina
873 5110 1026 5185 locorum,
1040 5128 1096 5190 per
1111 5128 1182 5190 quae
1238 5111 1271 5172 lii
1295 5112 1387 5174 lsrael
1411 5130 1474 5174 non
1491 5112 1700 5175 obtinuerunt
1723 5122 1837 5177 terram
1854 5116 1980 5179 Ammo

437 5209 641 5286 transierunt,
655 5227 718 5272 non
729 5208 932 5272 mansionum
949 5207 981 5270 in
997 5207 1116 5288 quibus
1127 5226 1182 5271 no
1237 5210 1387 5286 nitarum,
1415 5209 1619 5291 subjungitur
1639 5229 1645 5273 :
1663 5215 1743 5292 qnia
1766 5214 1850 5289 forti
1869 5217 1979 5292 prensi-

437 5306 577 5370 labiliter
587 5306 783 5388 quieverunt
798 5310 843 5367 De
854 5308 1009 5369 ancnliet
1024 5317 1181 5369 veneunt
1235 5310 1303 5376 ctio,
1326 5307 1357 5369 id
1382 5315 1431 5369 est
1460 5306 1605 5385 tuitione,
1633 5312 1822 5371 tenebantur·
1848 5315 1980 5373 termini
