4309 6259
446 448 507 512 272
835 466 1009 516 maniano
1030 467 1062 512 m
1084 466 1153 514 car.
1175 465 1228 512 xxi
1250 467 1387 514 usvvrter.
1410 487 1450 496 —
1470 468 1542 515 aar.
1565 467 1603 514 ιι

447 636 514 701 lide
528 646 561 700 et
574 637 826 701 conversatione.
837 640 993 714 separare
1007 657 1081 714 erpo
1096 647 1125 698 et
1140 657 1193 698 cos
1208 636 1233 699 A
1248 638 1386 701 arcuerit
1401 637 1555 718 magicam
1577 645 1676 700 artem
1692 657 1711 700 a
1726 637 1867 718 Pythone
1883 636 1993 700 inven-

438 739 629 814 jumcntum
640 740 803 796 mundum
817 737 856 796 ab
871 738 1194 808 inclamantem
1249 745 1324 812 tam,
1337 736 1386 800 vel
1404 736 1512 798 lutura
1528 735 1708 817 praedixerit
1719 760 1726 810 ;
1739 747 1838 796 morte
1854 737 1994 796 morian-

446 840 605 896 mundam
621 839 661 896 ab
677 837 862 906 tremenda,
881 833 987 909 idest,
1005 853 1043 896 ea
1061 854 1132 915 quaa
1150 853 1195 896 se·
1249 845 1304 896 tur
1319 857 1330 895 .·
1346 844 1377 898 et
1392 854 1455 915 qua
1470 842 1582 912 morte,
1601 835 1817 916 subjungitur,
1830 837 1993 914 lapidibus

446 935 585 998 cundum
607 934 707 1014 legem
730 933 891 1014 prohibita
911 939 986 995 sunt
1000 933 1125 996 comedi
1140 943 1195 996 aut
1247 937 1606 1010 obruantcos.Sanpuis
1621 954 1731 995 eorum
1745 936 1788 994 sit
1802 935 1990 1010 superillos.

446 1031 569 1108 olierri,
588 1051 653 1095 non
668 1031 842 1095 comedatis
866 1049 925 1094 nec
946 1031 1118 1093 immoletis
1131 1055 1138 1106 3
1155 1052 1195 1092 ne
1249 1033 1332 1095 lstud
1344 1034 1392 1112 (ut
1408 1032 1452 1094 ait
1466 1031 1669 1112 Guillelmus)
1683 1032 1834 1114 pracepit
1849 1031 1942 1106 Deus,
1955 1049 1993 1094 nc

442 1133 599 1210 polluatis
614 1134 744 1192 animas
760 1141 881 1192 uestras
897 1132 934 1191 in
949 1151 1062 1208 pecore
1081 1139 1110 1190 et
1127 1133 1195 1191 aui·
1248 1149 1305 1213 per
1325 1129 1554 1194 divinationem
1576 1130 1779 1214 pythonicam
1803 1132 1842 1193 ad
1866 1129 1993 1192 idolola-

445 1232 502 1289 bus
524 1239 554 1290 et
574 1232 698 1290 (nanctis
720 1251 791 1308 quse
811 1239 982 1290 enecentur
996 1231 1034 1289 in
1050 1239 1149 1300 lema,
1165 1239 1195 1291 rt
1249 1229 1341 1292 triam
1367 1230 1564 1293 declinarent
1584 1230 1694 1293 ludaei.
1717 1230 1838 1312 Python
1859 1229 1990 1311 quippe,

445 1347 516 1407 pure
535 1330 622 1388 uobis
643 1330 769 1388 ostendi
789 1349 852 1388 esse
869 1331 1006 1404 polluta.
1024 1327 1114 1391 Circa
1135 1327 1194 1390 hoc
1248 1328 1303 1409 qni
1324 1329 1387 1391 alio
1408 1329 1538 1392 nomine
1557 1329 1736 1411 appellatur
1756 1328 1879 1410 Apollo,
1900 1327 1994 1408 magi·

446 1426 559 1488 scribit
578 1426 682 1508 Lyra:
706 1427 739 1488 ln
757 1426 886 1488 llebraeo
902 1426 1045 1502 hahetur,
1067 1425 1195 1507 Separa-
1248 1445 1317 1489 cam
1333 1428 1504 1509 quamdam
1527 1427 1645 1509 reperit
1663 1437 1856 1508 artemque
1877 1424 1991 1488 mortui

447 1534 477 1587 te
492 1524 627 1588 bestiam
647 1505 799 1586 mindam
819 1523 859 1586 ab
880 1524 1054 1587 immunda.
1069 1524 1195 1587 lumen·
1248 1526 1392 1588 suscitati
1409 1526 1566 1602 videntur,
1581 1525 1657 1608 quia
1673 1527 1706 1588 in
1722 1545 1831 1589 eorum
1847 1525 1993 1588 similitu-

446 1632 514 1686 tum
529 1624 615 1687 enim
637 1623 766 1705 proprie
784 1622 911 1698 dicitur,
924 1623 1015 1704 quasi
1030 1624 1195 1705 juvamen·
1249 1625 1324 1687 dine
1338 1643 1393 1688 seu
1410 1644 1546 1707 persona
1561 1625 1678 1706 aliquis
1695 1625 1819 1688 daemon
1834 1633 1966 1706 apparet
1983 1641 1990 1685 :

447 1732 525 1798 tum,
543 1731 653 1804 utpote
672 1722 791 1784 animal
812 1723 896 1803 quod
917 1722 1056 1785 deservit
1070 1722 1193 1784 homini
1248 1725 1332 1803 quod
1345 1723 1614 1786 incantationibus
1625 1724 1736 1802 agitur.
1748 1722 1906 1786 Interdum
1919 1741 1993 1784 vcro

446 1829 570 1884 tantum
591 1819 623 1882 in
647 1820 831 1897 laborando,
850 1829 885 1882 ut
900 1839 1012 1901 equas,
1030 1820 1140 1883 asinus
1163 1829 1194 1883 et
1212 1825 1305 1902 Bper
1327 1822 1416 1886 vivos
1439 1824 1562 1886 damon
1586 1823 1704 1886 revelat
1728 1821 1845 1898 lutura,
1862 1830 1893 1884 et
1916 1821 1993 1884 tales

446 1920 638 1997 consimilia,
663 1939 734 2002 quse
756 1919 864 1982 omnia
884 1928 959 1980 sunt
978 1920 1083 2001 quoad
1104 1938 1194 1982 esum
1249 1919 1314 1984 vivi
1334 1919 1483 1982 dicuntur
1504 1919 1650 2001 spiritum
1671 1920 1842 2002 pythonem
1866 1919 1992 1993 habere,

447 2017 637 2080 immunda:
656 2018 728 2080 ideo
752 2017 917 2081 distinctio
943 2016 1053 2080 mundi
1075 2017 1115 2079 ab
1136 2017 1195 2078 im·
1248 2020 1280 2082 id
1302 2028 1350 2081 est
1372 2019 1518 2100 spiritum
1540 2018 1758 2094 divinationis,
1775 2019 1867 2099 cujus
1885 2027 1994 2080 auctor

448 2118 578 2193 mundo,
591 2116 624 2178 in
639 2115 793 2197 jumentis
809 2116 914 2178 locum
932 2135 995 2178 non
1011 2115 1118 2179 habet.
1131 2115 1194 2178 (lir-
1250 2116 1350 2180 fertur
1361 2117 1474 2199 Apollo
1490 2117 1601 2180 luisse.
1612 2117 1725 2198 Sioque
1739 2117 1912 2199 dupliciter
1922 2136 1993 2179 con-

446 2234 483 2277 ca
498 2216 584 2296 quod
600 2215 681 2290 dico,
692 2215 776 2296 quod
793 2216 968 2277 secundum
984 2214 1191 2296 expositores
1249 2215 1343 2296 tingit
1359 2215 1514 2279 divinatio
1529 2215 1585 2278 illa
1600 2214 1781 2298 pythonica,
1799 2214 1922 2278 scilicet
1939 2233 1994 2296 pcr

445 2313 626 2394 jumentum
637 2313 754 2376 dicitur
769 2313 860 2395 quasi
876 2313 1193 2395 juvamentum,qnia
1248 2314 1366 2377 mortui
1381 2313 1614 2397 apparitionem
1631 2313 1867 2395 prestigialem,
1887 2322 1919 2376 et
1939 2331 1994 2396 por

446 2411 585 2475 deservit
600 2411 724 2500 homini
740 2412 778 2474 ad
796 2411 974 2475 necessaria
990 2411 1064 2474 vitat
1083 2431 1139 2492 seu
1154 2413 1193 2474 ad
1248 2411 1384 2493 alicujus
1406 2412 1470 2476 vivi
1492 2412 1729 2490 revelationem,
1747 2431 1803 2494 per
1822 2431 1918 2492 quem
1935 2411 1995 2494 spi·

446 2509 583 2574 labores.
607 2511 666 2574 Sed
690 2529 753 2573 non
776 2518 824 2572 est
845 2511 886 2572 de
911 2510 1033 2573 ratione
1056 2510 1194 2591 jumenti
1249 2510 1328 2572 ritus
1344 2511 1446 2574 malus
1463 2511 1606 2592 preadicit
1620 2512 1764 2592 quadam
1782 2510 1911 2572 lutura:
1930 2509 1994 2572 imo

447 2609 576 2691 proprie
591 2609 680 2686 dicti,
698 2609 784 2690 quod
800 2608 903 2671 solum
918 2607 1079 2671 deserviat
1094 2608 1195 2671 homi·
1248 2616 1279 2670 et
1302 2607 1361 2671 hoe
1383 2626 1510 2689 quoque
1532 2607 1655 2672 duohus
1676 2607 1792 2670 accidit
1815 2607 1929 2670 modis
1948 2607 1995 2668 ln-

447 2707 481 2769 ni
497 2708 534 2770 ad
553 2707 698 2779 labores3
722 2707 786 2771 imo
806 2707 864 2770 hos
884 2706 1013 2790 proprie
1033 2708 1194 2788 loquendo
1250 2707 1372 2768 tendum
1398 2707 1485 2770 enim
1510 2707 1606 2770 homo
1634 2706 1708 2768 talis
1732 2715 1781 2770 est
1803 2704 1994 2786 arrepticius

446 2813 495 2868 est
509 2807 701 2890 jumentum,
714 2805 768 2886 qui
784 2813 890 2869 tamen
905 2813 953 2868 est
967 2805 1085 2867 animal
1103 2825 1194 2868 mun·
1249 2803 1317 2868 sive
1331 2805 1492 2882 obsessus,
1510 2805 1555 2867 ita
1574 2806 1660 2886 quod
1681 2803 1750 2868 sine
1770 2824 1826 2866 sua
1847 2823 1995 2886 procura-

447 2905 522 2966 dum
538 2903 738 2968 comestibile
751 2924 788 2966 ac
804 2903 1194 2968 immolaticium2idciruo
1249 2904 1335 2968 tione
1360 2913 1535 2986 spontanea
1561 2903 1777 2986 praedicuntur
1805 2923 1862 2986 per
1886 2901 1992 2985 ipsum

447 3002 613 3067 translatio
636 3003 696 3065 ista
717 3012 766 3066 est
786 3011 870 3083 apta,
888 3010 920 3064 ct
942 3002 1106 3066 distinctio
1126 3003 1230 3074 haecc
1249 3001 1376 3065 lutura:
1398 3012 1429 3066 et
1449 3003 1509 3066 hoc
1524 3003 1630 3085 potius
1646 3001 1740 3066 hahet
1756 3001 1911 3065 rationem
1928 3021 1993 3083 pce

447 3101 479 3163 in
506 3101 661 3183 jumentis
684 3102 789 3165 locum
815 3100 956 3164 sortitur.
979 3103 1086 3162 Eritis
1110 3103 1194 3161 milti
1248 3121 1296 3164 ne
1311 3121 1407 3183 quarn
1423 3103 1537 3183 culpe,
1550 3121 1608 3166 nee
1623 3103 1662 3164 de
1678 3101 1795 3164 talibus
1810 3100 1991 3183 pythonicis

445 3203 562 3270 sancti,
588 3203 667 3280 qnia
692 3210 822 3260 sanctus
846 3220 917 3260 suin
942 3219 997 3276 epo
1020 3202 1191 3271 Dominus,
1247 3201 1387 3282 loquitur
1398 3201 1450 3263 hic
1462 3199 1633 3282 Scriptura.
1644 3199 1792 3281 'salisque
1807 3199 1869 3261 luit
1885 3199 1990 3280 puella
2010 3214 2124 3258 suana.

445 3309 476 3359 et
488 3301 640 3376 separavi
656 3319 709 3358 vos
724 3321 745 3358 a
759 3300 870 3358 ceteris
880 3300 1025 3376 populis,
1036 3309 1073 3358 ut
1087 3301 1193 3360 essetis
1247 3299 1443 3382 pythonissa,
1456 3300 1495 3362 de
1509 3319 1573 3381 qua
1583 3299 1617 3361 in
1628 3297 1714 3361 Actis
1729 3298 1854 3377 legitur,
1864 3297 1903 3360 de
1914 3316 1988 3378 qua,
2007 3281 2038 3320 '⁸'

445 3400 521 3469 mei,
546 3396 578 3458 id
603 3398 713 3459 estad
736 3395 911 3477 majestatis
931 3415 1010 3460 mee
1025 3397 1190 3472 honorem,
1245 3399 1341 3462 Paulo
1361 3399 1505 3479 jubente,
1526 3398 1602 3461 exiit
1624 3397 1755 3479 spiritus
1779 3415 1926 3478 nequam.
1945 3396 1993 3458 ln·

445 3495 522 3577 quia
536 3496 674 3559 cultores
690 3513 778 3558 meos
793 3494 833 3558 ab
850 3493 1036 3558 infidelibus
1053 3497 1126 3559 volo
1146 3497 1194 3559 di·
1248 3497 1371 3560 tendum
1392 3515 1467 3562 vero
1488 3505 1536 3560 est
1557 3515 1642 3560 sanae
1662 3496 1789 3572 mentis,
1812 3493 1992 3558 voluntarie

445 3593 563 3674 stingui
586 3593 699 3675 magis,
721 3613 819 3675 quam
841 3592 992 3655 animalia
1013 3594 1133 3656 munda
1152 3595 1193 3657 ab
1246 3603 1339 3657 utens
1358 3594 1542 3676 hujusmodi
1563 3603 1641 3672 arte,
1658 3593 1762 3676 qualis
1784 3592 1905 3662 exstitit
1924 3612 1993 3656 mu·
2036 3615 2103 3664 tua.

445 3691 629 3755 immundis.
1247 3693 1305 3757 lier
1324 3693 1521 3776 pythonissa,
1539 3694 1577 3756 de
1597 3712 1660 3775 qne
1680 3693 1782 3776 primo
1799 3692 1916 3772 Regum
1938 3691 1993 3754 ha·
2007 3681 2092 3797 :2¹¹¹st
2107 3685 2122 3718 ‘¹

493 3794 550 3851 Vir
569 3795 637 3852 aloc
656 3795 786 3862 mulier,
803 3794 840 3852 in
862 3794 978 3870 quibus
996 3795 1193 3870 pythonicus
1247 3792 1350 3856 betur.
1368 3793 1406 3854 Et
1421 3792 1460 3854 de
1477 3791 1592 3854 talibus
1607 3801 1655 3854 est
1671 3810 1756 3853 nunc
1773 3809 1888 3854 sermo.

444 3894 496 3948 oct
508 3892 729 3952 divinationis
744 3891 1052 3968 [immaterialem
1068 3899 1127 3968 est,
1137 3891 1193 3972 qui
1287 3890 1467 3972 spiritualis
1478 3892 1605 3954 demum
1619 3891 1713 3973 hujus
1729 3888 1859 3972 capituli
1875 3907 1992 3952 sensus

444 4005 482 4050 ex
497 3987 640 4052 subsidio
660 3988 818 4052 dramonis
838 3998 951 4070 sponte
972 3997 1003 4050 et
1023 3989 1124 4053 libere
1143 4009 1194 4052 ex·
1247 4008 1284 4052 ex
1301 3988 1484 4070 prehabitis
1500 3988 1681 4052 innotescit.

1000 4417 1327 4507 intinctos
1366 4419 1437 4506 XL

494 4693 683 4741 nactaha'rto
709 4693 882 4740 LITTERAMS
902 4693 1040 4740 CAPl‘l'llhl
1061 4694 1191 4738 ltcastttt
1214 4694 1296 4740 1²thss
1320 4693 1327 4738 :
1352 4693 1435 4739 Dlel'
1456 4693 1573 4748 QUOQUE
1595 4691 1727 4740 nhutntts
1748 4692 1790 4738 ah
1811 4693 1940 4740 HOYSEN.

526 4971 608 5037 ODO
629 4973 796 5035 traduntur
811 4973 955 5053 quadarn
972 4980 1130 5055 precepta
1150 4975 1233 5036 sa-tt
1250 4973 1586 5056 insinuetur,qualiter
1603 4975 1688 5038 intus
1699 4975 1835 5038 debeant
1850 4993 1918 5038 esse
1930 4978 1997 5040 sin-

537 5072 680 5134 cerdotes
710 5070 946 5146 concernentia,
977 5071 1115 5152 qualiter
1143 5073 1196 5134 de
1250 5071 1314 5135 ceri
1332 5089 1339 5133 :
1358 5073 1423 5135 imo
1438 5081 1469 5134 et
1483 5092 1578 5154 quam
1594 5072 1728 5138 virtuosi
1748 5093 1785 5136 ae
1805 5075 1905 5136 sancti
1925 5095 1997 5140 csse

449 5174 546 5236 beant
564 5168 605 5232 ab
624 5169 772 5233 exteriori
793 5168 1007 5247 immunditia,
1025 5171 1196 5252 corporali·
1250 5171 1388 5234 debeant
1417 5171 1495 5251 tegis
1525 5172 1718 5254 evangelica
1744 5175 1932 5250 sacerdotes,
1960 5175 1996 5238 in

450 5291 514 5354 que
538 5270 666 5334 deiectu
694 5287 763 5332 csse
789 5269 959 5345 immunes,
987 5276 1021 5330 ut
1050 5287 1108 5350 per
1136 5269 1196 5331 hoc
1250 5288 1386 5351 quorum
1403 5269 1517 5348 figura,
1535 5279 1791 5353 praceptanunc
1806 5274 1994 5354 exponenda
