4309 6259
415 473 475 537 ll8

797 487 970 534 animato
990 487 1022 533 lli
1042 487 1111 532 GAP.
1134 485 1231 532 mlv
1252 484 1355 531 nont.
1376 504 1417 515 ·-
1437 483 1508 530 ΛΒΤ.
1531 483 1590 529 LXV

415 663 599 745 apparebat,
622 661 765 739 allicere,
782 662 925 725 eamdem
946 679 1075 743 quoque
1094 678 1163 721 rur·
1177 657 1202 720 A
1217 658 1250 720 iu
1275 638 1410 739 primam
1434 656 1617 738 progeniem
1644 664 1776 731 tantum,
1800 654 1958 717 interdum

417 782 471 826 sus
494 762 657 844 adspectui
678 761 790 845 lloysis
809 769 1059 842 contemperare.

465 864 524 923 Ait
552 861 620 943 ipse
646 861 780 942 MoyseS,
807 860 914 922 subito
943 857 1162 921 inflammatus

415 959 684 1041 contemplatione
709 967 739 1021 et
765 976 872 1020 amore
899 957 995 1033 illius,
1020 956 1076 1037 qui
1099 956 1161 1019 sibi

417 1065 481 1119 tem
500 1058 638 1138 gloriose
658 1058 697 1119 ad
716 1076 845 1119 sensum
862 1056 1009 1139 apparuit
1027 1076 1034 1119 :
1049 1058 1163 1115 Donni-

415 1168 511 1217 uator
521 1159 659 1218 Domine
668 1160 765 1227 Deus,
777 1158 957 1216 misericors
971 1164 1001 1215 et
1015 1158 1161 1225 clemens,

412 1258 541 1333 patiens
563 1265 592 1316 et
614 1258 725 1315 multra
747 1256 977 1323 miserationis,
992 1274 1030 1313 aa
1050 1274 1160 1313 verua

416 1354 499 1417 Deus
527 1353 645 1415 dicitur
674 1353 864 1428 dominator,
889 1353 929 1414 ab
959 1360 1031 1414 actu
1061 1351 1163 1414 domi-

417 1451 536 1525 nandi3
564 1451 729 1526 Dominus,
756 1459 924 1534 potestate,
952 1459 982 1513 et
1009 1450 1160 1532 quoniam

417 1550 512 1613 babct
534 1549 715 1632 subjectos3
733 1551 825 1625 Deus,
843 1569 899 1632 per
919 1550 1061 1612 omnium
1078 1568 1162 1613 crea-

417 1649 537 1711 tionem
554 1656 584 1711 et
599 1647 881 1729 gubernationem
899 1648 1092 1723 misericors,
1110 1665 1163 1707 na-

417 1756 497 1823 tura,
522 1746 733 1828 inquantum
757 1745 785 1809 ci
809 1747 973 1829 proprium
998 1754 1046 1808 cst
1067 1745 1162 1807 misc-

1217 756 1378 837 usquein
1402 756 1589 831 secundam,
1615 754 1808 836 quandoque
1835 754 1868 816 iu
1897 762 1959 816 ter-

1218 856 1307 932 tiam,
1324 854 1497 935 aliquando
1516 853 1668 935 usquein
1687 861 1842 934 quartam,
1860 872 1960 935 quan·

1217 955 1323 1036 doque
1348 955 1382 1015 in
1408 953 1528 1015 nullam
1553 970 1561 1014 :
1588 953 1652 1015 imo
1678 952 1835 1015 interdum
1860 952 1960 1033 pessi-

1217 1054 1279 1115 mis
1305 1051 1449 1135 patribus
1477 1060 1650 1113 nascuntur
1674 1051 1856 1114 electissimi
1883 1049 1958 1126 lilii,

1218 1152 1486 1233 quemadmodum
1510 1150 1571 1232 ipsi
1590 1149 1692 1213 ilcbaz
1711 1158 1867 1212 natusest
1885 1150 1960 1212 Eze-
1976 1162 2112 1218 tiemo.

1217 1251 1317 1328 ahias,
1334 1259 1364 1313 et
1387 1249 1449 1332 ipsi
1469 1250 1570 1313 Amen
1591 1258 1719 1312 sanctus
1737 1249 1847 1312 iosias.
1866 1248 1960 1311 Varia
1973 1226 2110 1332 'imm

1218 1369 1367 1431 namque,
1389 1349 1500 1424 libera,
1522 1358 1554 1411 et
1576 1347 1863 1431 imperscrutabilia
1885 1357 1960 1410 sunt
1975 1351 2026 1399 ¹·'m

1216 1449 1338 1532 judicia
1356 1447 1600 1529 Omnipotentis.
1619 1448 1840 1510 Verumtamen
1859 1446 1961 1528 quali-

1217 1556 1266 1611 ter
1280 1546 1490 1628 intelligenda
1504 1547 1544 1607 sit
1560 1546 1621 1608 ista
1635 1546 1815 1622 auctoritas,
1827 1546 1961 1626 diligen-

1218 1655 1265 1709 ter
1276 1665 1460 1728 expressum
1477 1653 1523 1707 est
1541 1646 1573 1706 in
1590 1644 1734 1707 vicesimi
1749 1644 1960 1708 elucidatione
1987 1664 2111 1712 amu,

1217 1744 1360 1827 capituli.
1974 1731 1996 1771 ⁵·

417 1846 490 1921 reri,
519 1863 583 1908 nou
614 1853 719 1907 tamen
745 1843 898 1908 aflectum
930 1839 1204 1926 compassionisB
1262 1846 1474 1922 Festinusqrae
1496 1846 1631 1920 illapsas,
1651 1852 1805 1903 curvatus
1824 1853 1869 1903 art
1885 1863 1962 1921 pra-

417 1944 552 2019 babere;
564 1944 716 2020 clemens,
728 1944 896 2007 relaxando
911 1944 1052 2007 debitam
1068 1942 1162 2005 ultio

417 2063 510 2117 nem;
536 2052 567 2105 et
592 2042 699 2105 multae
724 2042 950 2119 miserationis,
976 2041 1162 2124 pervarias

284 2148 402 2192 'wem
417 2162 481 2206 suta
498 2142 624 2225 pietatis
639 2141 792 2215 effectum
805 2150 837 2205 et
852 2144 975 2217 verus*,
989 2142 1022 2202 in
1034 2140 1162 2203 deitatis

418 2250 540 2317 natura,
557 2260 656 2322 quum
683 2240 752 2322 ipse
777 2240 864 2302 solus
890 2240 931 2301 sit
957 2259 1051 2303 verus
1066 2240 1159 2301 Deus.

416 2340 516 2403 l'erus
532 2358 659 2421 quoque
676 2339 709 2400 in
726 2338 843 2415 verbis,
857 2338 964 2401 iidelis
980 2339 1012 2400 in
1030 2338 1163 2420 promis·

415 2440 470 2514 sis,
490 2457 583 2500 verax
598 2438 631 2499 in
648 2437 856 2514 documentis
867 2446 898 2499 et
912 2437 1017 2518 iustus
1038 2437 1071 2500 in
1088 2456 1162 2518 pra

415 2536 516 2619 ceptis
531 2556 568 2599 ae
584 2536 734 2619 praemiis
754 2539 818 2605 Qui
832 2538 970 2596 custodis
988 2538 1164 2596 misericor-

414 2638 508 2696 diam
527 2637 564 2696 in
587 2637 708 2705 mittio,
730 2634 761 2696 id
784 2642 843 2710 est,
869 2634 1002 2715 gratiam
1025 2642 1057 2697 et
1079 2635 1163 2697 dona

416 2733 642 2797 misericordiae
658 2752 809 2797 concessa
825 2732 1081 2815 parentibus,pic
1091 2752 1164 2796 cou-

416 2834 522 2896 tinuas
538 2840 569 2895 ct
584 2852 753 2896 conservas
770 2833 802 2894 in
823 2832 958 2915 posteris
978 2834 1163 2895 eorumdem

416 2952 472 3014 per
496 2932 716 3012 generationes
741 2940 773 2995 et
796 2949 948 3013 personas
968 2932 1164 3013 quampluri-

1217 1964 1279 2004 nus
1295 1945 1331 2003 in
1355 1953 1485 2013 uenata,
1502 1961 1574 2004 cum
1601 1940 1760 2024 profunda
1784 1941 1962 2005 inclinatio·

1218 2062 1269 2118 ne,
1286 2042 1338 2104 vel
1354 2040 1451 2104 totius
1467 2040 1610 2122 corporis
1625 2040 1846 2122 prostratione.
1862 2042 1901 2102 ad
1916 2042 1963 2103 di-

1217 2140 1300 2204 vinae
1316 2140 1527 2202 reverentiam
1547 2139 1732 2221 majestatis.
1745 2140 1782 2201 Et
1805 2138 1885 2203 lortc
1901 2140 1962 2203 boc

1219 2238 1295 2301 lecit
1319 2248 1489 2319 antequam
1510 2238 1683 2319 praehabita
1706 2238 1837 2321 protulit
1852 2238 1959 2315 rerba,

1217 2338 1365 2420 quamvis
1388 2346 1499 2419 postea
1523 2338 1644 2400 recitet.
1663 2342 1705 2400 Et
1720 2342 1869 2409 adorans,
1885 2341 1935 2399 ait
1949 2360 1961 2397 .·

1217 2440 1258 2499 Si
1273 2438 1386 2497 inueni
1406 2438 1553 2513 qratiam
1577 2439 1610 2497 in
1636 2447 1802 2515 corrspmtu
1819 2447 1882 2508 tuo,
1903 2441 1963 2498 Do

1217 2539 1316 2606 mine,
1329 2538 1453 2595 obsecro
1464 2546 1500 2596 ut
1506 2538 1676 2612 praeliaris
1687 2538 1860 2607 iwbiseurn,
1871 2537 1962 2617 juxta

1218 2655 1345 2697 sensum
1363 2634 1553 2716 precedenti
1578 2634 1712 2697 articulo
1732 2635 1958 2698 introductum.

1217 2738 1364 2812 Populus
1378 2737 1466 2794 enim
1481 2738 1574 2795 durae
1588 2736 1721 2795 cercida
1737 2746 1782 2794 est
1792 2756 1804 2793 .·
1820 2741 1962 2815 propter-

1218 2854 1255 2897 ea
1278 2834 1456 2896 necessaria
1475 2842 1522 2896 est
1544 2832 1636 2896 uobis
1657 2832 1872 2895 indesinenter
1891 2852 1962 2913 gra-

1219 2932 1299 2993 tiosa
1314 2932 1500 2994 adsistentia
1516 2940 1581 3008 tua,
1602 2950 1673 3013 quae
1693 2940 1800 2995 nostra
1820 2930 1962 2993 emolliat

415 3050 491 3093 mas.
504 3030 635 3093 Ponitur
647 3030 732 3093 enim
746 3029 798 3093 hie
811 3048 964 3092 numerus
976 3030 1164 3091 determina·
1181 3032 1202 3095 C
1218 3030 1324 3093 corda.
1342 3033 1385 3092 Et
1406 3032 1539 3107 airferas
1560 3033 1750 3110 iniquitates
1771 3040 1894 3091 nostras
1912 3040 1961 3090 at-

416 3139 478 3207 tus,
488 3148 546 3213 pro
561 3129 816 3207 indeterminato,
830 3128 911 3191 sieut
928 3127 960 3189 iu
977 3128 1032 3191 illo
1048 3128 1163 3191 Psalmi

283 3248 400 3301 narn.
415 3227 575 3291 versiculo
592 3244 599 3288 :
618 3226 734 3290 llemor
758 3226 818 3289 luit
840 3226 873 3288 iu
896 3226 1046 3289 saeculum
1071 3235 1164 3290 tosta-

416 3326 516 3389 menti
538 3324 599 3402 sui,
617 3324 707 3386 verbi
730 3325 814 3405 quod
838 3324 999 3387 mandavit
1022 3325 1053 3386 iu
1075 3326 1163 3388 mille

416 3423 648 3505 generationes·
677 3426 740 3493 Qut
765 3428 874 3502 artfers
903 3426 1109 3504 iniquitatem
1134 3436 1163 3486 et

416 3526 534 3584 scelera
548 3532 645 3602 atque
655 3533 795 3601 peccata.
809 3522 867 3585 Por
883 3522 1096 3604 iniquitatem,
1109 3543 1164 3606 po-

417 3628 479 3683 test
496 3619 632 3700 intelligi
647 3620 740 3702 culpa
756 3620 920 3701 originalis
934 3646 941 3697 ;
958 3640 1015 3703 per
1030 3622 1160 3699 scelera,

417 3718 564 3781 mortalia
579 3718 672 3793 vitia;
689 3738 746 3801 por
761 3728 900 3801 peccata,
913 3719 1051 3782 venialia
1067 3722 1160 3783 mala.

417 3815 528 3879 buiert
545 3834 673 3899 quoque
690 3816 889 3898 iniquitatem
908 3819 1025 3896 eordiS,
1042 3820 1163 3882 seelera

417 3914 494 3991 oris,
511 3924 639 3998 peecata
653 3915 758 3998 operis
774 3924 805 3977 et
820 3916 1013 3979 omissionis.
1032 3918 1161 3995 Rursus,

418 4034 475 4097 per
490 4014 689 4096 iniquitatem
706 4024 809 4097 potest
825 4015 961 4097 intelligi
976 4017 1070 4099 culpa
1082 4037 1164 4081 com-

418 4113 516 4174 missa
538 4113 570 4174 in
592 4113 712 4177 Deum:
735 4134 792 4195 per
815 4114 945 4190 scelera,
968 4115 1070 4197 culpae
1092 4135 1163 4197 quae

1219 3150 1278 3207 qaae
1298 3140 1443 3207 peecata,
1465 3128 1599 3206 scilicet,
1617 3138 1681 3191 tam
1702 3128 1842 3191 earnalia
1865 3146 1959 3209 quam

1219 3228 1399 3309 spiritualia
1413 3228 1501 3304 vitia,
1521 3228 1625 3290 dando
1644 3236 1675 3291 et
1697 3226 1894 3290 infundendo
1909 3246 1963 3289 ve

1219 3346 1286 3389 ram
1302 3327 1537 3404 contritionem,
1550 3327 1636 3409 piam
1653 3325 1883 3402 remissionem,
1892 3344 1962 3405 gra-

1219 3427 1332 3488 tiosam
1358 3426 1555 3500 custodiam3
1583 3446 1700 3506 nosque
1718 3427 1880 3504 possideas
1904 3443 1962 3507 pcr

1218 3527 1303 3588 dona
1318 3526 1427 3606 gratian
1443 3534 1515 3602 tuae,
1533 3544 1573 3587 ne
1588 3524 1809 3587 recidive-mus.

1258 3627 1432 3701 Respondit
1444 3628 1602 3685 Dominus
1613 3646 1624 3684 .·
1634 3627 1704 3702 Epo
1720 3626 1807 3685 inibo
1816 3634 1958 3701 partiam,

1218 3724 1250 3785 id
1266 3731 1325 3800 est,
1343 3723 1386 3785 ita
1402 3743 1453 3785 me
1470 3722 1627 3785 lecturum
1643 3722 1793 3801 testabor,
1809 3731 1840 3785 ct
1854 3722 1962 3784 amici-

1218 3822 1271 3883 tiae
1297 3820 1403 3884 ioedus
1428 3821 1593 3885 vobiscum
1619 3821 1805 3904 percutiam,
1834 3821 1959 3883 interim

1219 3920 1277 3982 tibi
1302 3919 1407 3983 dando
1428 3919 1552 3981 tabulas
1576 3919 1721 4002 scriptas,
1738 3928 1770 3982 et
1790 3918 1961 4001 pugnando

1218 4038 1276 4102 pro
1293 4018 1401 4093 vobis;
1421 4021 1605 4080 videntibus
1626 4020 1761 4090 eunetis,
1783 4018 1814 4081 id
1835 4026 1882 4082 est
1896 4037 1961 4080 om-

1218 4117 1314 4180 nibus
1337 4117 1428 4181 vobis
1450 4126 1482 4179 et
1505 4116 1664 4180 interdum
1687 4117 1781 4180 etiam
1804 4117 1894 4192 aliis;
1911 4120 1962 4196 fa-

419 4215 504 4277 liunt
520 4212 553 4275 in
568 4212 762 4294 proximum3
775 4231 831 4295 per
847 4222 1062 4295 peccataque
1079 4213 1163 4277 iiuut
1177 4216 1202 4278 D
1217 4219 1303 4277 ciam
1316 4218 1410 4294 siano
1424 4238 1495 4296 qua
1510 4238 1680 4296 nunquam
1692 4218 1763 4276 visa
1776 4226 1852 4277 sunt
1865 4236 1961 4294 suaper

419 4314 452 4375 iu
469 4332 503 4375 se
520 4311 635 4394 ipsum.
655 4313 836 4389 Nullusque
850 4315 940 4390 apud
956 4322 1054 4391 tepor
1068 4335 1099 4373 se
1114 4316 1162 4375 in-

420 4432 532 4473 nocens
547 4420 602 4481 est,
620 4408 728 4487 idest,
745 4410 874 4492 propria
891 4412 1077 4474 auctoritate
1095 4413 1162 4474 nul-

419 4511 468 4573 lus
491 4518 537 4573 est
560 4509 681 4591 absque
704 4509 808 4591 eulpa,
836 4510 911 4591 quia
932 4511 990 4572 etsi
1014 4512 1086 4591 quis
1107 4511 1163 4573 ali-

417 4610 556 4693 qualiter
576 4609 729 4672 iuuoccns
743 4615 802 4685 est,
815 4618 846 4671 ct
861 4610 899 4671 ad
916 4609 1076 4672 modicum
1093 4610 1162 4673 sine

418 4718 558 4793 peccato,
576 4725 639 4770 uon
661 4726 717 4789 per
732 4726 777 4782 se,
794 4707 847 4768 sed
865 4725 921 4788 per
937 4716 967 4769 te
982 4716 1013 4770 et
1028 4709 1162 4789 gratiam

269 4817 503 4879 insanitum
526 4806 585 4869 hoc
605 4814 663 4869 est.
680 4805 822 4885 Denique
843 4804 875 4865 iu
897 4805 1005 4867 multis
1026 4805 1163 4869 oliendi-

416 4926 487 4969 mus
512 4925 634 4982 omuoS,
661 4912 691 4967 et
717 4903 877 4965 nascimur
903 4902 934 4965 iu
962 4912 1102 4986 peccato,
1131 4915 1162 4969 ct

288 5026 401 5079 eseam,
416 5004 591 5069 erravimus
607 5002 700 5085 quasi
720 5020 794 5064 oves
816 5021 887 5082 quae
907 5002 1079 5083 perierunt.
1100 5008 1163 5073 Qui

270 5092 316 5133 ¹⁷⁶¹
416 5106 525 5165 recidis
541 5104 747 5181 iniquitatem
763 5110 897 5177 patrum
913 5103 994 5179 filiis
1013 5122 1051 5162 aa
1071 5124 1162 5181 nepo-

417 5205 511 5272 tibus,
534 5200 634 5263 idest
655 5198 733 5259 titiis
755 5197 908 5275 liliorum,
926 5201 960 5259 in
984 5203 1112 5261 tertiam
1131 5212 1161 5261 et

414 5310 566 5382 quartam
580 5300 772 5376 propeniem.
783 5297 943 5360 lutcrdum
957 5298 1043 5360 enim
1059 5317 1160 5379 usque

1219 4326 1348 4387 ternam,
1366 4317 1474 4375 necin
1490 4318 1568 4375 ullis
1579 4317 1729 4392 pentibus
1744 4337 1755 4374 .·
1772 4323 1806 4376 ut
1824 4313 1884 4377 tuit
1899 4322 1960 4377 sla-

1218 4413 1262 4476 tio
1278 4413 1354 4476 solis
1375 4423 1406 4477 et
1429 4414 1512 4476 lunae
1529 4415 1567 4475 ad
1588 4413 1772 4475 instantiam
1789 4414 1892 4491 losue,
1914 4433 1961 4476 re
1982 4420 2114 4495 teuent*

1218 4513 1369 4575 tracessio
1391 4532 1520 4595 quoquc
1543 4513 1699 4589 iordanis,
1722 4521 1754 4575 et
1774 4513 1836 4575 alia
1860 4513 1960 4576 multa
1974 4487 2039 4534 ‘¹¹¹¹'
2052 4489 2087 4526 '⁰'

1217 4630 1288 4692 quae
1304 4612 1337 4673 in
1353 4611 1436 4674 libro
1451 4613 1544 4675 Josue·
1568 4611 1709 4693 alibique
1731 4611 1898 4692 leguntur3
1923 4623 1960 4672 ut

1217 4722 1327 4771 cernat
1339 4714 1482 4787 populus
1503 4714 1561 4771 iste
1577 4714 1610 4771 in
1632 4712 1726 4788 cujus
1744 4732 1776 4770 es
1795 4714 1908 4783 erudio,
1927 4710 1959 4772 id

1217 4817 1275 4884 cst,
1294 4810 1386 4890 cujus
1406 4809 1556 4891 prelatus
1577 4829 1613 4872 ac
1634 4810 1745 4872 ductor
1764 4828 1809 4887 es,
1826 4817 1858 4872 et
1876 4809 1960 4871 inter

1217 4926 1297 4988 quos
1313 4908 1428 4990 saepius
1445 4907 1575 4986 resich,
1592 4930 1671 4986 optes
1686 4910 1820 4970 Domini
1836 4909 1960 4968 terribi-

1217 5011 1244 5065 Ie
1259 5010 1345 5085 qruod
1368 5008 1517 5084 facturus
1540 5030 1624 5078 suin,
1649 5007 1681 5068 id
1704 5014 1751 5069 est
1776 5006 1907 5089 praefata
1927 5015 1960 5069 et

1216 5102 1396 5164 consimilia
1412 5102 1601 5165 miraculosa
1616 5123 1653 5166 ac
1668 5103 1836 5166 horribilia
1850 5121 1957 5185 opera,

1216 5202 1390 5282 praesertim
1406 5202 1596 5265 adversariis
1613 5202 1738 5280 vestris,
1749 5222 1821 5284 qua
1836 5221 1892 5285 pro
1908 5222 1959 5266 re

1214 5300 1270 5362 stri
1288 5300 1523 5365 introductione
1543 5302 1577 5363 iu
1598 5310 1713 5365 terram
1734 5301 1956 5384 promissionis
