4309 6259
438 470 497 533 528
818 486 991 534 ausmano
1012 488 1043 533 m
1064 486 1133 533 ear.
1156 487 1167 531 ι
1187 486 1422 533 oauranououu.
1443 505 1485 517 -
1503 488 1576 533 aar.
1598 488 1609 531 ι

467 659 610 735 Profecti
625 669 733 721 antem
747 663 787 719 cte
798 661 913 730 Horeb,
926 658 959 721 id
974 666 1033 734 est,
1046 666 1184 721 amente
1198 658 1225 719 h
1241 657 1394 722 missione
1408 659 1475 736 Dei,
1492 659 1665 737 dummodo
1681 677 1745 723 non
1760 658 1904 737 dillidas,
1923 678 1987 722 nec

436 756 521 819 Sinai
539 758 734 835 recedentes
748 760 961 819 transivimus
972 778 1182 835 peroremum
1239 756 1362 820 obicem
1378 776 1479 839 ponas
1494 777 1551 840 per
1566 758 1645 820 alias
1658 758 1780 840 culpas.
1798 761 1876 819 Noli
1891 761 1988 819 time-

437 858 611 917 tcrribibem
626 868 656 917 et
667 860 859 927 mouturam,
870 857 902 917 id
917 864 967 919 est
975 856 1182 919 solitudinem
1239 877 1274 915 re
1289 856 1501 918 resistentiam
1522 857 1782 934 Channmeomm,
1798 878 1855 916 nec
1875 878 1987 935 quem-

436 954 528 1019 valde
558 974 714 1036 magnam.
745 954 871 1036 Legitur
901 963 1006 1017 tamen
1032 954 1065 1016 in
1095 954 1183 1015 lndia
1238 975 1337 1033 quem
1344 974 1467 1031 paneas
1476 954 1595 1016 carnali
1611 962 1643 1016 et
1658 953 1839 1016 inordinato
1853 954 1982 1017 timore.

434 1053 582 1134 majorae
595 1053 766 1117 terribilior
782 1072 906 1116 eremus
920 1072 1001 1115 esse.
1016 1056 1119 1121 Quam
1136 1055 1184 1112 oi·
1280 1056 1322 1113 ut
1336 1056 1564 1114 accessistisad
1577 1075 1628 1115 nte
1641 1075 1761 1123 omnes,
1771 1053 1804 1115 id
1817 1062 1865 1116 ast
1880 1054 1984 1135 aliqui

434 1152 595 1213 distis-in
606 1171 668 1233 qua
683 1160 775 1215 erant
790 1151 865 1215 lerae
880 1160 911 1215 et
922 1150 1074 1214 animalia
1088 1169 1183 1213 vene-
1238 1170 1277 1213 ex
1291 1159 1381 1233 parte
1396 1152 1539 1215 omnium
1556 1160 1706 1228 vestrum,
1717 1162 1813 1232 atque
1826 1155 1984 1212 urentis:

436 1258 515 1325 nata,
526 1258 560 1312 ut
575 1249 659 1313 inira
673 1250 847 1313 habebitur.
861 1251 976 1332 Deque
988 1267 1096 1312 eremo
1107 1249 1183 1311 scri·
1239 1253 1504 1311 Mittemusniros
1513 1254 1572 1331 qui
1578 1253 1778 1311 consulerent
1785 1262 1901 1311 unam
1914 1269 1986 1332 pro

307 1364 411 1413 imno.
435 1357 524 1431 ptum
540 1358 588 1412 est
609 1348 641 1411 in
656 1349 811 1412 Ieremia:
828 1348 982 1412 Dominus
999 1347 1179 1410 transduxit
1237 1347 1411 1425 missionis,
1434 1360 1465 1409 et
1486 1353 1674 1410 renuntient
1694 1349 1799 1425 nobis
1811 1369 1872 1426 per
1892 1352 1982 1428 quod

436 1465 493 1510 nos
501 1466 557 1529 per
567 1448 794 1529 desertumper
806 1456 922 1510 terram
935 1445 1179 1508 inhabitabilem
1236 1450 1300 1509 iter
1319 1452 1488 1509 debeams
1503 1452 1683 1521 aseerzdue,
1699 1458 1729 1509 et
1750 1452 1795 1509 ad
1807 1471 1887 1529 qnos
1908 1470 1983 1526 per-

433 1554 464 1608 et
489 1545 616 1623 inviam,
633 1565 690 1629 per
714 1554 829 1609 terram
854 1546 924 1607 sitis
949 1553 981 1607 et
1005 1543 1177 1624 imaginem
1231 1568 1308 1623 pere
1331 1550 1487 1608 civitates.
1515 1548 1600 1609 lstud
1625 1547 1658 1609 in
1682 1547 1827 1609 Numeris
1851 1547 1981 1629 plenius

432 1644 554 1723 mortis,
580 1664 637 1727 per
659 1654 775 1707 terram
798 1645 831 1706 in
854 1664 916 1725 qua
937 1662 1000 1707 non
1023 1641 1180 1705 habitavit
1235 1645 1454 1727 scriptumest
1474 1654 1571 1728 atque
1591 1646 1780 1728 expositum,
1798 1654 1903 1709 tamen
1920 1647 1981 1708 ibi·
2013 1663 2135 1706 annno.

433 1743 481 1807 vir
492 1762 550 1806 nec
560 1743 734 1807 ambulavit
750 1744 856 1806 bomo.
869 1742 935 1817 Quo
945 1750 1081 1818 constat,
1092 1741 1178 1822 quod
1233 1744 1306 1807 dem
1316 1744 1462 1821 babetur,
1474 1745 1558 1825 quod
1574 1744 1638 1808 Deo
1652 1744 1871 1808 committente
1885 1746 1977 1807 missi
1997 1728 2022 1767 ³‘

430 1841 568 1905 solitudo
584 1842 639 1904 illa
655 1850 722 1905 crat
738 1841 805 1905 solo
816 1841 969 1922 adspectu
980 1840 1073 1905 valde
1090 1838 1178 1901 terri·
1195 1844 1309 1905 Dsunt
1323 1843 1549 1924 exploratores.
1566 1843 1705 1924 Populus
1720 1844 1841 1925 quippe
1855 1844 1978 1925 aliqua-

431 1940 515 2002 bilis.
533 1944 599 2003 Per
622 1943 710 2002 oium
733 1944 851 2002 montis
866 1940 1063 2008 Amorrtoei,
1081 1938 1113 2000 id
1129 1946 1177 2001 est
1233 1942 1306 2004 liter
1323 1951 1469 2005 metuens
1491 1951 1523 2005 et
1547 1941 1713 2019 diflidens,
1733 1942 1877 2006 incitavit
1897 1942 1979 2025 bloy-

429 2057 485 2120 per
501 2039 561 2103 iter
571 2040 656 2121 quod
671 2039 759 2102 ducit
769 2039 809 2101 ad
826 2046 966 2101 montem
982 2037 1178 2100 Amorrhaeo
1233 2060 1289 2103 sen
1304 2050 1338 2102 ut
1353 2042 1492 2105 mitteret
1503 2041 1606 2105 viros:
1624 2060 1794 2123 superque
1808 2041 1973 2123 relloyses

429 2156 498 2200 rum
513 2162 520 2214 ;
536 2142 621 2200 sicut
636 2148 832 2217 preceperat
847 2138 1007 2199 Dominus
1022 2140 1108 2198 Deus
1123 2156 1177 2197 no
1232 2140 1393 2203 consuluit
1402 2140 1584 2216 Dominum,
1596 2139 1653 2221 qui
1665 2139 1715 2202 vel
1730 2139 1826 2221 jussit
1842 2139 1892 2203 vel
1908 2158 1979 2221 per-

427 2248 491 2298 ster
510 2240 610 2299 nobis.
631 2237 783 2319 Praecepit
802 2236 889 2299 enim
910 2244 944 2297 ut
966 2244 1177 2317 sequerentur
1232 2239 1320 2300 misit
1335 2238 1381 2301 sic
1397 2238 1482 2315 lieri,
1494 2247 1526 2302 et
1541 2239 1600 2301 hoc
1615 2238 1701 2319 justo
1713 2238 1846 2320 judicio,
1859 2238 1893 2300 in
1908 2258 1978 2321 poe·

428 2345 549 2398 motum
564 2338 778 2418 ducatumque
796 2335 901 2412 nubis,
914 2335 964 2398 vel
981 2333 1064 2398 sorte
1079 2334 1174 2397 etiam
1233 2356 1306 2399 uam
1322 2336 1433 2419 populi
1456 2337 1538 2399 male
1561 2337 1715 2413 timentis,
1733 2337 1817 2399 utin
1833 2337 1978 2400 Numeris
2008 2351 2114 2395 tesca.

429 2454 486 2517 per
500 2436 624 2519 Moysen
642 2435 726 2497 istud
741 2434 893 2516 pracepit
907 2434 1018 2498 verbo.
1230 2435 1352 2498 dictum
1372 2443 1422 2498 est
1441 2435 1579 2517 plenius.
1599 2436 1724 2512 Verum,
1742 2443 1777 2496 ut
1795 2436 1842 2497 ait
1860 2435 1979 2499 Gilber-

302 2560 413 2603 ·„m.·„,.
472 2538 639 2614 Quumquc
661 2534 845 2595 venissetis'
861 2536 898 2594 in
915 2534 1125 2602 Cadesbarne,
1142 2532 1174 2594 id
1232 2543 1293 2613 ῑιιε,
1320 2534 1462 2616 exposita
1487 2553 1689 2616 reexponere,
1711 2534 1805 2598 otiosi
1830 2544 1889 2612 est,
1912 2552 1977 2598 non

282 2636 330 2667 ''¹¹‘'
428 2642 477 2697 ost
490 2635 531 2697 ad
547 2634 651 2697 locum
667 2633 765 2697 eremi
782 2633 828 2695 sic
842 2641 1001 2695 vocatum.
1012 2632 1046 2693 ln
1063 2632 1177 2694 Nume-
1231 2633 1386 2697 studiosi:
1400 2652 1464 2695 non
1480 2652 1554 2714 ergo
1570 2633 1803 2696 immorandum
1813 2642 1862 2697 est
1877 2634 1975 2697 semel

288 2750 413 2801 uonna.
429 2732 472 2795 ris
493 2740 599 2796 autem
616 2734 764 2814 leguntur
784 2730 911 2795 venisse
932 2730 966 2792 in
987 2731 1097 2808 Gades,
1116 2729 1172 2792 ubi
1231 2732 1395 2815 expositis.
1409 2736 1577 2813 Quumque
1587 2735 1782 2795 mibisermo
1790 2736 1974 2810 placuisset.

426 2840 458 2895 et
472 2832 567 2895 llaria
582 2849 671 2895 soror
686 2831 799 2914 lloysis
815 2838 863 2893 est
878 2829 1038 2892 defuncta.
1057 2830 1106 2891 An
1128 2837 1174 2891 ta-
1230 2832 1399 2914 Postquam
1423 2831 1511 2895 enim
1526 2832 1678 2895 Dominus
1705 2831 1785 2895 dixit
1809 2840 1845 2894 ut
1869 2832 1977 2895 nuntii

425 2930 645 2993 mansitidem
657 2930 745 2993 locus
757 2929 853 2992 illeet
868 2928 928 2991 iste
943 2928 999 3009 qui
1017 2947 1102 2991 nune
1116 2928 1173 2991 Ca·
1230 2932 1442 3009 mitterentur,
1467 2940 1543 2994 tunc
1563 2930 1683 3013 placuit
1702 2932 1809 3015 lloysi.
1833 2934 1914 2995 Misi
1931 2954 1973 2992 eu

423 3030 579 3093 dasbarne
594 3038 733 3105 vocatur,
744 3027 862 3091 diversi
874 3027 1089 3091 diversimode
1104 3027 1171 3109 opi·
1191 3034 1315 3098 Cuobis
1338 3033 1508 3091 duodecim
1527 3033 1614 3091 viros
1638 3032 1697 3111 qui
1720 3033 1878 3092 dicerunt
1903 3039 1976 3112 post

424 3137 550 3206 nantur,
574 3136 609 3191 ut
631 3144 727 3209 super
750 3126 868 3189 librum
892 3126 1101 3190 Numerorum
1124 3134 1172 3190 est
1230 3129 1366 3192 reditum
1386 3146 1499 3191 suurn:
1517 3128 1669 3191 Bonaest
1691 3138 1785 3201 urra,
1802 3130 1836 3191 id
1857 3138 1907 3191 est
1930 3129 1977 3193 le-

424 3227 600 3290 inductum.
619 3228 700 3287 Diui
719 3227 805 3286 votis
821 3242 832 3286 .·
856 3228 997 3287 Venistis
1019 3229 1062 3287 ed
1084 3246 1173 3288 mon·
1228 3225 1333 3287 cuuda
1357 3232 1389 3287 et
1412 3224 1556 3306 pulchra,
1581 3245 1680 3304 quam
1704 3226 1863 3285 Dominus
1886 3228 1974 3287 Deus

425 3336 486 3387 tem
497 3327 690 3397 Ancorrttai,
703 3324 758 3406 qui
775 3323 900 3389 vicinus
916 3331 964 3387 est
980 3323 1112 3405 prelato
1128 3324 1173 3388 lo·
1228 3335 1333 3385 noster
1347 3327 1487 3385 daturus
1500 3332 1546 3383 est
1567 3325 1668 3383 nobis.
1685 3322 1749 3385 lloc
1764 3322 1859 3386 losue
1874 3332 1907 3387 et
1921 3324 1975 3387 Ca·

424 3442 472 3501 co,
492 3423 547 3505 qui
567 3422 666 3486 Gades
689 3422 882 3499 nominatur,
900 3443 994 3502 quem
1011 3425 1171 3484 Domi—nus
1229 3423 1281 3486 leb
1297 3422 1445 3486 dixerunt
1459 3420 1626 3485 exanimo.
1638 3422 1820 3485 Aliidecem
1835 3423 1976 3506 explora·

424 3526 509 3585 Deus
531 3532 636 3583 noster
655 3524 793 3583 daturus
812 3532 857 3581 est
880 3524 977 3582 nobis.
1001 3521 1092 3584 Dedit
1107 3531 1171 3585 ete·
1229 3528 1313 3584 tores
1328 3520 1424 3583 etiam
1439 3519 1595 3584 exanimo
1605 3520 1873 3583 commendabant
1883 3529 1975 3584 terra

426 3621 493 3683 nim
505 3620 655 3683 Dominus
672 3619 750 3682 liliis
761 3620 854 3683 lsrael
866 3637 998 3700 regnum
1010 3619 1115 3683 Sehon
1127 3640 1172 3684 re·
1229 3618 1426 3682 fertilitatem
1439 3644 1446 3695 3
1459 3619 1513 3682 sed
1525 3619 1692 3683 videbatur
1703 3619 1749 3682 eis
1760 3619 1971 3702 impossibile,

424 3719 750 3801 gishmorrhaeorum
765 3718 799 3780 in
810 3738 873 3800 quo
888 3736 986 3798 regno
1003 3718 1064 3781 luit
1079 3738 1171 3782 mons
1227 3719 1313 3801 quod
1330 3718 1391 3780 lilii
1406 3718 1500 3781 lsrael
1523 3717 1727 3800 acquirerent
1742 3737 1823 3795 eam,
1844 3730 1973 3801 propter

424 3818 490 3895 ille,
504 3818 614 3900 sicque
630 3836 687 3899 per
699 3826 821 3899 partem
837 3825 938 3881 totum
955 3818 1167 3899 significatur.
1227 3817 1466 3880 multitudinem
1479 3826 1510 3880 et
1521 3816 1742 3880 tortitudinem
1758 3816 1974 3882 habitatorum

425 3916 650 3980 Verumtamen
673 3934 770 3997 regna
785 3915 888 3980 Sehon
907 3926 938 3979 et
955 3916 999 3998 Dg
1017 3936 1082 3981 non
1103 3937 1171 3999 per·
1228 3916 1340 3997 ipsius,
1353 3914 1546 3997 urbiumque
1561 3915 1738 3979 munimen.
1752 3915 1873 3980 ldcireo
1888 3919 1975 3998 quod

424 4014 570 4078 tinebant
595 4015 633 4077 ad
660 4023 776 4077 terram
803 4016 1042 4097 promissionis,
1069 4036 1166 4098 quam
1226 4014 1348 4077 dietum
1374 4023 1431 4092 est,
1455 4014 1554 4089 Quam
1579 4014 1731 4077 Dominus
1754 4014 1836 4077 Deus
1863 4025 1973 4079 noster

424 4122 548 4177 constat
567 4113 691 4196 Moysen
716 4131 779 4176 non
800 4114 946 4176 intrasse.
967 4114 1104 4178 Noverat
1123 4123 1169 4177 ta·
1227 4115 1357 4177 daturus
1373 4122 1420 4177 est
1439 4112 1543 4191 nobis,
1561 4114 1611 4176 vel
1627 4133 1702 4192 non,
1720 4114 1770 4177 vel
1787 4115 1913 4179 ironice
1927 4135 1976 4179 so

425 4232 498 4276 men
514 4212 547 4274 in
563 4212 677 4294 spiritu
692 4212 822 4294 Moyses,
840 4213 925 4295 quod
943 4232 1039 4295 regna
1055 4212 1111 4275 illa
1132 4212 1211 4286 ti-1>
1229 4214 1295 4275 lum
1311 4213 1470 4276 dixerunt.

426 4310 461 4372 lii
477 4310 571 4374 lsrael
589 4318 695 4373 essent
711 4310 867 4391 adepturi.
884 4313 972 4383 Vite,
995 4320 1029 4373 tu
1050 4312 1167 4394 popule
1267 4313 1418 4375 Praeterea
1432 4311 1596 4393 quaritur,
1609 4312 1770 4393 quomodo
1788 4331 1874 4375 nune
1889 4313 1974 4377 dica-

427 4410 532 4486 lsrael‚
552 4419 671 4470 terram
690 4429 788 4487 quum
810 4411 968 4471 Dominus
988 4414 1073 4471 Deus
1096 4421 1172 4472 tuus
1229 4420 1289 4488 tur,
1302 4410 1386 4492 quod
1398 4410 1431 4471 iu
1441 4410 1640 4473 Cadesbarne
1650 4409 1734 4472 lacta
1749 4410 1970 4493 sitdispositio

427 4512 516 4571 dabit
541 4510 610 4571 tibi.
629 4508 659 4571 Si
685 4508 745 4571 hoc
770 4509 810 4571 de
834 4516 918 4570 terra
943 4509 1169 4590 promissionis
1228 4510 1288 4571 ista
1307 4510 1347 4572 de
1366 4507 1618 4591 exploratoribus
1637 4508 1846 4587 destinandis,
1869 4531 1968 4592 quum

427 4608 686 4671 ultralordanem
703 4606 763 4669 sita
779 4605 985 4685 intelligatur,
999 4626 1063 4671 non
1074 4629 1172 4691 appa·
1227 4609 1261 4670 in
1272 4608 1417 4671 Numeris
1433 4608 1586 4689 scriptum
1601 4607 1643 4669 sit
1659 4607 1840 4671 :Proiectus
1850 4618 1899 4672 est
1915 4630 1971 4693 po
1993 4631 2066 4677 uso.
2079 4639 2126 4677 ss.

427 4716 474 4771 ret
488 4700 573 4788 quod
590 4706 651 4768 lilii
667 4706 760 4769 lsrael
776 4706 939 4788 potuerint
959 4705 1046 4768 illam
1063 4708 1171 4773 videre
1227 4707 1322 4789 pulus
1333 4708 1372 4770 de
1382 4705 1546 4783 Haseroth,
1560 4705 1635 4767 lixis
1646 4706 1789 4770 tentoriis
1801 4708 1835 4769 in
1845 4710 1970 4773 deserto

426 4805 583 4889 corporali
606 4804 733 4881 intuitu,
752 4804 932 4868 exsistendo
954 4804 986 4865 in
1003 4806 1101 4869 Gades
1115 4816 1170 4869 aut
1226 4806 1358 4881 Pharan,
1385 4804 1495 4886 ibique
1524 4804 1649 4867 locutus
1678 4813 1726 4866 est
1750 4806 1903 4869 Dominus
1927 4809 1967 4870 ad

427 4906 460 4967 in
476 4914 584 4969 monte
599 4902 750 4986 praedicto
763 4920 770 4964 :
782 4922 854 4985 quae
870 4903 938 4966 loca
953 4903 1061 4966 multis
1076 4905 1171 4969 dista·
1225 4904 1367 4985 Moysen:
1379 4903 1464 4965 Mitte
1475 4902 1560 4965 viros
1572 4903 1628 4984 qui
1639 4902 1844 4966 considerent
1856 4913 1967 4968 terram

426 5003 503 5066 bant
528 5002 622 5066 dietis
642 5022 660 5065 a
682 5012 764 5065 terra
784 5002 965 5085 promissa:
989 5002 1107 5066 idcireo
1129 5006 1169 5067 de
1225 5002 1443 5066 Chamanhd
1462 5002 1521 5065 hoc
1538 5001 1738 5083 praeallegato
1762 5002 1967 5068 Numerorum

426 5102 571 5167 interiori
586 5102 705 5164 intuitu
720 5109 824 5183 potest
839 5100 966 5182 exponi.
983 5104 1126 5163 Ascende
1140 5115 1170 5165 et
1226 5102 1309 5164 libro
1336 5109 1385 5164 est
1413 5101 1485 5163 data
1510 5100 1685 5181 responsio.
1709 5100 1819 5164 Glossa
1843 5121 1967 5183 quoque

420 5206 548 5282 posside
570 5223 652 5279 eum,
678 5203 761 5263 sicut
791 5204 913 5261 locutus
937 5210 982 5261 est
1006 5203 1167 5263 Dominus
1225 5202 1284 5264 hoc
1295 5201 1364 5264 loco
1375 5220 1413 5263 ex
1427 5198 1533 5262 verbis
1545 5199 1712 5279 Augustini
1722 5199 1873 5274 declarat,
1882 5200 1962 5281 quod

424 5308 510 5369 Deus
524 5312 630 5365 noster
645 5302 796 5381 patribus
816 5301 892 5371 tuis,
909 5308 1014 5362 certus
1030 5300 1069 5363 de
1092 5319 1164 5383 pro·
1224 5299 1288 5361 lilii
1312 5299 1406 5362 lsrael
1425 5297 1475 5360 bis
1495 5306 1652 5361 venerunt
1671 5298 1705 5360 in
1729 5297 1839 5361 Gades.
1861 5299 1960 5361 Primo
