4309 6259
529 497 704 544 autumno
726 498 756 542 ur
777 497 845 542 aar.
870 495 942 542 xxiv
964 494 1197 542 nauranououu.
1221 516 1261 526 —
1280 499 1351 545 anr.
1375 500 1462 546 xxvu
1705 481 1765 544 623

216 669 256 746 ri,
278 677 315 732 ut
339 671 426 752 quod
450 669 547 732 vrllct
573 688 630 752 pro
655 669 788 751 pignore
814 667 939 730 tolleret
956 685 963 728 :
981 667 1006 728 A
1021 687 1057 731 ae
1084 670 1249 734 infernalis
1275 672 1422 749 miseria,
1438 692 1509 754 quae
1534 681 1582 736 est
1607 692 1692 736 mors
1716 692 1765 736 se-

216 767 290 830 ideo
306 787 371 830 non
383 767 513 829 intrarit
523 769 665 843 domum,
679 767 854 848 praesertim
865 785 964 846 quum
1020 769 1134 846 cunda,
1145 769 1233 850 juxta
1249 770 1328 832 illud
1344 771 1570 853 Apocalypsis:
1587 770 1764 834 Exsecratis
1778 787 1912 842 aporema

215 866 331 928 domus
347 866 601 947 uuiuscujusque
616 865 658 926 sit
673 865 867 927 tutissimum
884 883 966 926 rece
1019 873 1050 928 et
1065 868 1214 931 omnibus
1235 869 1452 945 mendacibus,
1471 888 1544 952 pars
1560 870 1688 932 illorum
1704 870 1765 934 erit

214 963 383 1044 placulum
398 965 479 1045 ejus,
498 971 627 1046 propter
643 963 728 1044 quod
752 961 919 1026 molestius
935 963 965 1025 ei
1020 965 1053 1026 in
1070 974 1181 1047 stagno
1196 969 1319 1031 ardenti
1336 962 1409 1048 igne
1424 968 1604 1046 etsulfure,
1618 971 1703 1051 quod
1717 979 1765 1032 est

214 1070 316 1125 estut
332 1063 365 1124 in
388 1081 425 1125 ea
446 1070 604 1144 gravetur.
623 1064 686 1122 Sic
711 1071 820 1122 aetem
837 1083 965 1141 pearper
1019 1084 1106 1128 mors
1121 1067 1269 1128 secunda.
1287 1067 1330 1130 De
1345 1067 1558 1147 intelligentia
1573 1068 1670 1149 hujus
1686 1088 1766 1150 prae-

214 1172 272 1232 est,
289 1182 356 1221 non
379 1163 579 1239 pernoctabit
601 1165 691 1238 eperat
713 1170 740 1220 tc
761 1163 896 1238 pignam,
911 1164 965 1221 secl
1019 1163 1114 1246 cepti,
1127 1165 1212 1227 dicta
1227 1173 1302 1226 sunt
1318 1165 1418 1227 multa
1434 1185 1531 1247 super
1546 1165 1627 1228 illud
1642 1167 1762 1229 Exodi:

213 1261 327 1320 statim
342 1263 456 1320 reddes
477 1262 509 1318 ei
532 1269 607 1320 aare
628 1262 704 1319 solis
728 1278 885 1320 occasum.
902 1258 964 1321 Cur
1018 1262 1177 1325 lnsontem
1198 1272 1230 1326 et
1248 1264 1370 1344 justum
1388 1283 1451 1327 non
1468 1263 1605 1327 occides,
1622 1265 1711 1327 Unde
1733 1273 1765 1328 el
1778 1278 1910 1323 Brodxnn.

215 1376 291 1438 ergo
313 1358 542 1441 accipiebatur,
560 1357 587 1418 si
608 1358 719 1421 eodem
742 1357 794 1420 dic
809 1365 876 1420 erat
899 1357 965 1420 red·
1020 1379 1116 1442 supra
1137 1361 1202 1442 jam
1225 1362 1377 1443 scriptum
1400 1370 1469 1424 est:
1485 1363 1608 1424 lustum
1625 1371 1657 1425 et
1672 1362 1765 1426 inno-
1779 1345 1799 1384 ⁷·

215 1457 381 1518 dendumt
396 1457 578 1538 Respondet
600 1455 807 1535 Augustinus,
824 1455 907 1518 forte
931 1465 965 1518 ut
1020 1467 1143 1522 centem
1166 1479 1229 1523 non
1253 1459 1440 1523 interficies.
1457 1461 1616 1524 Consonat
1637 1481 1765 1544 quoque

216 1555 345 1618 debitor
360 1555 406 1618 sic
425 1555 652 1617 admoneretur
674 1555 713 1616 de
738 1554 960 1636 persolvendo.
1021 1557 1095 1621 huic
1120 1558 1217 1622 verbo
1243 1558 1323 1620 illud
1347 1558 1551 1621 Ezechielis:
1575 1559 1675 1621 Filius
1700 1579 1764 1623 non
1807 1583 1887 1627 rma

60 1671 201 1724 aroana,
215 1655 303 1717 lstud
321 1664 428 1716 tamen
443 1653 541 1716 Exodi
557 1653 639 1716 liber
655 1653 781 1735 plenius
798 1653 961 1715 dilucidat.
1020 1656 1159 1737 portabit
1184 1656 1385 1737 iniquitatem
1409 1657 1519 1738 patriS,
1536 1665 1568 1720 et
1590 1666 1680 1739 pater
1700 1659 1791 1721 non¹
1792 1660 1834 1696 ¹¹¹¹¹
1842 1649 1876 1690 ²⁰·

46 1737 134 1780 Μ·
265 1756 340 1815 Nma
371 1755 501 1829 negabis
532 1756 704 1812 mercedem
735 1753 912 1828 indigentis
936 1761 965 1812 et
1021 1754 1160 1836 portabit
1182 1755 1383 1836 iniquitatem
1406 1754 1479 1816 filii.
1496 1755 1584 1818 Unde
1601 1775 1709 1818 rursus
1724 1759 1763 1820 ad

212 1853 372 1930 pauperis
393 1853 512 1928 fratris
534 1853 594 1923 tei,
615 1851 646 1912 id
671 1859 729 1927 est,
754 1850 909 1932 operariis
934 1854 1002 1916 etB
1020 1853 1215 1916 Ezechielem
1231 1853 1383 1916 Dominus
1398 1853 1497 1915 dixit:
1515 1853 1596 1928 Quid
1616 1858 1763 1936 estquod
1791 1869 1883 1914 tritt.

215 1951 423 2013 mercenariis
440 1951 503 2012 tuis
519 1950 626 2012 statim
637 1968 737 2031 quum
753 1949 913 2030 petierint,
924 1950 964 2010 da
1019 1950 1052 2012 in
1078 1960 1161 2014 terra
1185 1951 1278 2013 lsrael
1300 1951 1425 2014 vertitis
1450 1953 1634 2034 parabolam
1657 1953 1762 2030 istam,

214 2049 349 2129 dignum
375 2049 543 2130 praemium
567 2067 697 2111 suorum
723 2047 877 2110 laborum.
899 2048 963 2110 lloc
1018 2047 1171 2126 dicentes,
1194 2050 1300 2112 Patres
1325 2051 1533 2113 comederunt
1557 2070 1653 2114 uvam
1678 2071 1765 2115 acer-

45 2168 196 2214 namnr.
214 2148 360 2228 estquod
372 2147 403 2208 in
417 2145 549 2209 levitici
566 2147 648 2209 libro
665 2147 819 2228 scriptum
832 2145 963 2222 est,N0n
1020 2149 1104 2225 bam,
1131 2156 1161 2210 et
1187 2150 1298 2211 dentes
1329 2147 1472 2212 filiorum
1501 2149 1763 2232 obstupueruntl

213 2245 393 2308 morabitur
407 2264 489 2326 opus
505 2243 693 2308 mercenarii
714 2244 797 2326 apud
815 2253 845 2306 te
861 2263 962 2324 usque
1018 2245 1106 2318 Quod
1122 2254 1154 2309 et
1168 2246 1201 2308 in
1217 2245 1352 2311 Ieremia
1367 2247 1511 2310 habetur.
1797 2270 1909 2324 reama,

213 2362 320 2406 mane.
339 2346 388 2404 Ne
402 2348 516 2404 elamet
537 2353 647 2404 eontra
670 2353 697 2403 te
713 2346 756 2403 ad
772 2343 960 2403 Dominum.
1065 2340 1125 2403 Sed
1154 2340 1283 2404 obviare
1308 2340 1433 2404 videtur
1458 2343 1543 2422 quod
1570 2342 1602 2405 in
1629 2344 1762 2407 Threnis
1778 2336 1856 2385 Μ·

211 2442 268 2504 Est
289 2443 377 2506 enim
400 2461 501 2504 unum
522 2442 561 2504 de
581 2449 718 2523 quatuor
739 2439 877 2522 peccatis
897 2440 960 2502 cla·
1017 2438 1159 2520 loquitur
1175 2439 1347 2502 ieremias:
1364 2440 1470 2503 Patres
1493 2441 1594 2504 nostri
1617 2461 1763 2524 peceare
1780 2460 1909 2512 ramur,

211 2540 377 2603 mantibus
402 2549 476 2602 ante
502 2541 610 2616 Deum,
636 2539 790 2614 detinere,
814 2537 959 2616 differre,
1018 2546 1102 2615 runt,
1121 2547 1152 2601 et
1173 2557 1238 2602 non
1261 2547 1354 2613 sunt3
1371 2547 1403 2601 et
1426 2558 1483 2602 nos
1507 2539 1692 2622 iniquitates
1712 2561 1764 2608 eo

212 2638 363 2702 fraudare
379 2638 557 2701 mercedem
575 2637 804 2719 operariorum.
822 2635 901 2700 Hinc
917 2637 962 2699 di·
1018 2656 1087 2698 rum
1118 2637 1325 2719 portavimus.
1357 2638 1510 2719 Denique,
1542 2659 1599 2720 pro
1629 2641 1763 2706 crimine

42 2757 195 2806 remant.
212 2737 256 2800 cit
284 2737 420 2800 lacobus
448 2755 455 2798 :
482 2736 562 2799 Ecce
592 2754 713 2798 merces
742 2735 960 2816 operariorum
1017 2735 1133 2811 Arban,
1148 2755 1211 2798 non
1229 2737 1297 2818 ipse
1311 2737 1482 2814 dumtaxat,
1496 2739 1551 2800 sed
1567 2748 1598 2801 et
1614 2739 1676 2802 filii
1692 2741 1762 2822 ejus
1793 2757 1860 2801 reue
1871 2772 1906 2810 vu,

211 2844 405 2912 vestrorum,
422 2855 492 2917 quaa
514 2834 660 2897 fraudata
679 2842 727 2896 est
746 2853 765 2896 a
780 2834 882 2910 vobis,
899 2833 961 2896 cla·
1016 2853 1052 2896 ac
1067 2833 1146 2897 filia
1161 2835 1258 2897 occisi
1274 2835 1434 2916 leguntur,
1451 2836 1544 2898 losue
1565 2847 1674 2901 sancto
1692 2839 1762 2903 viro
1776 2821 1809 2861 ²⁴·

210 2943 291 3012 mat,
308 2945 340 2998 et
355 2935 476 2998 elamor
490 2952 600 2996 eorum
617 2933 650 2994 in
667 2952 758 2995 aures
774 2932 899 2995 Domini
916 2933 962 2995 in·
1015 2932 1157 3014 jubente,
1174 2942 1210 2996 ut
1222 2934 1317 2996 losue
1334 2933 1498 2996 insinuare
1513 2934 1650 2997 videtur.
1669 2937 1762 2999 Simi-

210 3034 313 3096 troiit.
329 3034 417 3108 Quod
433 3052 529 3114 quam
545 3050 676 3096 enorme
698 3031 749 3108 sit,
768 3039 854 3114 patet
869 3051 907 3095 ex
923 3033 996 3097 eoC
1017 3031 1089 3093 liter
1109 3031 1256 3094 iudicum
1280 3031 1392 3094 ultimo
1414 3033 1575 3110 recitatur,
1593 3036 1679 3115 quod
1703 3054 1761 3117 pro

87 3144 171 3187 Ereti·
209 3134 300 3213 quod
323 3151 380 3216 per
402 3131 658 3194 Ecclesiasticum
678 3131 883 3193 dictumest:
901 3130 959 3203 oui
1016 3140 1146 3213 peccato
1162 3130 1374 3212 quorumdam
1395 3150 1433 3192 ex
1447 3129 1561 3208 Gabaa,
1581 3131 1643 3195 filii
1666 3133 1759 3198 lsrael

41 3221 118 3257 ’Μ’
136 3209 174 3250 ²⁷·
208 3230 357 3294 effundit
377 3230 578 3311 sanguinem,
595 3229 698 3310 etqui
719 3227 863 3292 fraudem
880 3229 957 3292 facit
1016 3229 1590 3293 interfeceruntnonsolumviroset
1609 3231 1758 3312 feminas,
1790 3260 1905 3315 naeu,

208 3330 422 3406 mercenario,
444 3329 557 3392 fratres
583 3338 668 3390 sunt.
685 3327 955 3402 Quemadmodum
1015 3330 1070 3391 sed
1086 3337 1233 3392 cunctam
1254 3347 1382 3409 quoque
1402 3329 1544 3392 sobolem
1568 3331 1669 3393 tribus
1684 3333 1760 3396 Ben·
1773 3325 1807 3366 ⁴⁸·

206 3439 318 3492 autem
341 3429 466 3492 debitor
489 3427 680 3490 solutionem
701 3426 857 3490 differens
877 3427 959 3489 ultra
1013 3427 1127 3508 jamin.
1153 3428 1316 3504 Praeterea,
1343 3427 1453 3490 divina
1475 3428 1599 3509 justitia
1623 3440 1672 3492 est
1696 3431 1758 3512 lex,

206 3529 409 3592 voluntatem
424 3526 601 3601 creditoris,
621 3535 745 3589 tenetur
766 3525 814 3588 illi
835 3527 960 3589 satisfa-
1015 3545 1109 3589 causa
1130 3535 1162 3590 et
1184 3527 1292 3608 regula
1314 3525 1418 3589 omnis
1440 3526 1581 3607 justitiae,
1604 3528 1649 3591 ita
1673 3531 1759 3612 quod

203 3646 283 3692 cere
294 3646 351 3709 pro
362 3627 477 3689 damno
487 3626 572 3707 quod
583 3645 621 3688 ex
632 3625 783 3688 dilatione
793 3625 958 3688 solutionis
1015 3628 1265 3707 unumquodque
1282 3633 1368 3688 tanto
1384 3625 1501 3706 justius
1516 3635 1628 3704 exstat,
1638 3638 1759 3709 quanto

205 3727 367 3800 incurrit3
383 3725 429 3788 sic
448 3724 505 3806 qui
525 3724 722 3786 mercenario
741 3743 796 3786 seu
813 3725 958 3807 operario
1014 3725 1086 3807 plus
1100 3724 1317 3787 conformatur
1335 3723 1451 3786 divinae
1470 3723 1621 3804 justitia:
1640 3725 1705 3790 imo
1727 3738 1759 3790 et

204 3825 344 3909 pauperi
364 3824 487 3887 solvere
507 3822 619 3886 differt
635 3823 684 3885 sui
701 3823 818 3885 laboris
840 3843 960 3887 merce·
1014 3823 1169 3905 perfectio
1195 3823 1359 3885 rationalis
1382 3831 1544 3900 creature,
1567 3833 1616 3886 est
1640 3826 1758 3890 divinae

203 3927 296 4001 dem,
313 3924 397 3988 ultra
417 3921 517 4004 ipsius
534 3920 721 4003 petitionem
737 3922 897 4004 obligatur
913 3943 959 3985 sa·
1013 3923 1144 4004 justitia
1158 3921 1429 3984 assimilarilleus
1445 3929 1549 3984 autem
1566 3923 1682 4004 legitur
1698 3925 1758 3989 fre

206 4023 360 4084 tisfacere
375 4021 423 4082 illi
439 4038 497 4103 pro
512 4019 691 4082 afflictione
706 4028 737 4081 et
748 4021 957 4103 damnoque
1012 4031 1147 4103 quanter
1157 4020 1312 4084 occidisse
1322 4019 1464 4083 sobolem
1475 4019 1678 4085 innocentem
1690 4044 1757 4106 pro

202 4140 247 4185 ex
270 4119 482 4182 irrationabili
505 4119 561 4180 illa
579 4117 733 4180 dilatione
754 4118 899 4181 incurrit.
1013 4127 1083 4201 pter
1103 4118 1304 4200 iniquitatem
1326 4126 1505 4200 parentum,
1522 4127 1559 4181 ut
1581 4119 1614 4182 in
1635 4122 1757 4188 diluvio

249 4221 325 4279 Non
339 4219 526 4278 occidentur
537 4229 647 4296 patrea
659 4238 719 4295 pro
733 4221 827 4296 filiis,
846 4221 875 4282 id
894 4230 953 4297 est,
974 4223 997 4284 D
1013 4219 1092 4281 etin
1108 4217 1315 4281 subversione
1329 4216 1520 4298 PentapoliS,
1533 4219 1566 4279 in
1582 4221 1757 4301 percussio

199 4319 334 4402 judices
354 4336 418 4380 non
435 4317 665 4399 adjudicabunt
684 4317 771 4399 ipsos
787 4327 892 4400 patres
913 4321 952 4382 ad
1014 4337 1053 4380 ne
1068 4318 1164 4380 etiam
1179 4316 1464 4398 primogenitorum
1474 4317 1756 4401 Egypti,quorum

201 4416 322 4482 mortis
352 4416 545 4498 supplicium
572 4435 629 4498 pro
656 4416 796 4479 filiorum
827 4437 956 4481 suornm
1013 4416 1104 4478 multi
1120 4424 1211 4478 erant
1232 4413 1392 4476 infantuli.
1410 4414 1461 4478 Sic
1476 4424 1508 4478 et
1523 4416 1663 4481 infantes
1677 4420 1756 4484 Cha·
1794 4443 1901 4499 neum,

200 4535 351 4592 excessu,
370 4515 403 4576 in
419 4532 483 4597 quo
503 4515 569 4577 suis
592 4513 671 4576 filiis
694 4533 757 4577 non
780 4517 957 4579 eommuni—
1012 4533 1229 4577 nanaeoruma
1248 4512 1328 4575 filiis
1349 4513 1443 4575 lsrael
1466 4514 1528 4576 Deo
1550 4517 1755 4599 precipiente
1771 4507 1803 4558 ¹⁶¹
1815 4509 1847 4550 ¹⁷·

199 4623 362 4680 caverunt
383 4612 529 4690 consilio,
547 4613 676 4690 auxilio,
694 4614 797 4695 jussu,
815 4623 869 4676 aut
891 4615 954 4679 alio
1011 4614 1109 4678 occisi
1124 4620 1209 4676 sunt.
1221 4613 1362 4694 lnsuper,
1378 4612 1468 4693 juxta
1483 4614 1657 4694 praehabita
1672 4618 1754 4682 Dens

200 4713 315 4790 modo,
342 4733 399 4774 nec
423 4715 490 4790 filii
514 4713 700 4772 occidentur
721 4733 782 4791 pro
808 4716 956 4790 patribus
1011 4712 1195 4794 frequenter
1210 4719 1341 4775 testatus
1356 4720 1404 4774 est
1419 4711 1452 4773 in
1468 4711 1650 4793 Scripturis,
1667 4719 1754 4797 quod

198 4811 468 4880 suir,seeundum
479 4811 625 4873 eumdem
637 4830 767 4873 sensnm
778 4816 848 4888 med
858 4834 956 4874 unus-
1010 4811 1119 4876 visitet
1134 4810 1336 4892 iniquitatem
1351 4818 1476 4892 patrum
1493 4810 1526 4872 in
1543 4811 1630 4876 filios
1646 4812 1678 4876 in
1695 4823 1754 4879 ter·
1767 4839 1900 4892 rmus,

199 4913 344 4993 quisque
361 4930 422 4987 pro
441 4919 568 4987 peccato
588 4930 645 4969 seo
661 4912 829 4980 rrrorioter,
846 4911 877 4973 id
894 4921 952 4990 est,
1011 4910 1087 4973 tiam
1100 4919 1286 4992 etquartam
1300 4909 1684 4990 generationemltrrum,
1695 4934 1753 4997 pro
1767 4903 1901 4956 Nmbffi

198 5009 405 5092 quicumque
426 5007 527 5088 egerit
548 5008 669 5089 aliquid
691 5017 792 5072 morte
813 5009 955 5091 plecten-
1011 5018 1140 5091 peccato
1149 5009 1248 5071 David
1259 5007 1375 5071 occidit
1390 5007 1528 5089 primum
1540 5008 1646 5072 filium
1656 5032 1752 5093 quem
1781 5038 1898 5094 numu,

199 5110 285 5172 dum
310 5108 400 5188 juxta
429 5106 508 5186 legis
533 5126 712 5184 censuram,
739 5126 797 5188 pro
824 5109 954 5190 proprio
1010 5127 1047 5170 ex
1071 5108 1244 5170 Bethsabee
1268 5114 1439 5187 genuerat,
1457 5127 1515 5189 pro
1539 5109 1602 5172 alio
1623 5130 1753 5194 quoque
1770 5104 1800 5144 ¹⁴·

198 5206 403 5272 occidendus
413 5212 466 5274 ¹est
481 5204 618 5279 scelere;
631 5213 661 5266 et
678 5204 739 5267 nisi
756 5205 788 5267 in
805 5208 954 5287 praesenti
1010 5207 1081 5288 ejus
1101 5225 1242 5280 excessu,
1261 5205 1416 5286 percussit
1435 5207 1635 5288 septuaginta
1651 5209 1753 5273 millia
1779 5235 1898 5291 rarum.

199 5303 396 5389 paenituerit
410 5303 487 5380 vita,
503 5303 664 5366 occidetur
679 5310 780 5366 morte
795 5305 953 5367 aeternalis
1010 5304 1398 5380 subditorumPostremo,
1408 5305 1584 5367 secundum
1599 5306 1686 5387 leges
1698 5308 1754 5372 bu·
1768 5301 1801 5342 ¹⁵·
