4309 6259
446 507 505 570 tto

834 527 1007 573 annnnnvto
1029 527 1059 572 ttv
1081 526 1149 572 CAP.
1173 525 1193 570 x
1215 523 1350 570 tuvtvtct.
1374 543 1413 553 -
1435 525 1505 571 nav.
1529 524 1605 571 xxttt

446 698 596 775 ctionem,
613 699 852 782 adspersionem
878 708 909 762 et
934 697 1127 762 effusionem
1149 697 1409 761 si-tlbumiliter
1434 697 1639 774 immolando,
1666 696 1835 761 recolendo
1861 714 1917 760 seu
1942 714 1985 758 re

446 806 581 877 gnetur;
598 797 747 861 slmiliter
765 799 843 880 quid
859 817 916 881 per
932 799 1094 875 intestina,
1112 798 1189 879 quid

446 913 503 976 per
532 895 733 973 holocausta,
760 897 836 978 quid
865 917 922 978 per
946 896 1108 960 sacrificia
1132 915 1189 979 pro

444 1002 586 1074 peccato,
603 995 680 1076 quid
697 1014 753 1076 per
769 993 921 1078 pacificas
937 996 1067 1059 hostias.

484 1092 636 1155 Prmterea
658 1095 899 1172 advertendum,
919 1095 1004 1177 quod
1021 1095 1047 1156 si
1068 1093 1191 1157 sacrifi-

444 1190 493 1252 cia
509 1188 564 1252 illa
585 1190 816 1254 irrationalium
832 1193 1046 1273 jumentorum
1063 1193 1126 1255 [leo
1144 1193 1190 1255 sic

444 1286 634 1368 placuerunt
644 1308 682 1351 ex
698 1289 964 1367 fide,obedientia
975 1302 1007 1355 et
1020 1291 1190 1356 devotione

444 1384 665 1464 offerentium,
678 1396 773 1469 atque
788 1409 825 1452 ex
841 1391 1040 1454 orationibus
1056 1400 1088 1453 et
1103 1409 1190 1453 exer-

442 1484 528 1547 citiis
543 1486 743 1569 obsequiosis
752 1489 959 1566 sacerdotum,
968 1491 1053 1572 quod
1064 1510 1101 1553 ea
1116 1491 1190 1571 igne

443 1582 569 1645 coelitus
586 1584 658 1648 dato
675 1585 751 1649 fecit
765 1588 911 1649 consumi
928 1588 960 1650 in
977 1589 1105 1669 signum
1121 1607 1189 1651 sen-

443 1681 538 1746 sibile
572 1686 799 1767 accc-ptati0nis
829 1687 946 1750 divinae
974 1705 981 1750 :
1013 1709 1109 1770 quam
1142 1689 1189 1751 ln-

442 1782 702 1864 comparabiliter
717 1785 855 1867 amplius
870 1787 1047 1868 complacet
1062 1788 1125 1849 Deo
1142 1806 1188 1848 sa-

1244 798 1477 878 praesentando,
1488 798 1544 860 sed
1559 805 1591 858 et
1606 796 1771 879 proprium
1787 814 1902 878 corpus
1917 793 1986 858 effi-

1244 895 1361 958 caciter
1376 894 1570 974 castigando;
1583 893 1699 957 deinde
1712 894 1757 958 sio
1771 893 1943 977 purificati,
1954 912 1985 955 sc

1245 994 1331 1076 ipsos
1348 993 1486 1056 totaliter
1501 992 1640 1056 offerant
1655 992 1684 1056 ei
1700 993 1733 1055 in
1754 993 1982 1056 holocaustum.

1244 1094 1302 1156 Pro
1317 1090 1486 1155 beneficiis
1501 1111 1628 1174 quoque
1643 1090 1803 1156 concessis
1819 1091 1945 1154 laudem
1956 1099 1985 1153 et

1243 1200 1347 1273 grates
1372 1191 1490 1270 offerre
1515 1210 1578 1255 non
1603 1191 1767 1268 desinant,
1795 1190 1849 1253 sed
1874 1199 1906 1252 et
1930 1207 1985 1271 pro

1244 1287 1425 1352 obtinendis
1448 1291 1624 1372 majoribus
1645 1289 1808 1373 deprecari
1833 1308 1897 1353 non
1923 1307 1986 1351 ces-

1244 1396 1324 1450 sent.
1343 1389 1475 1471 Insuper
1496 1410 1568 1454 oum
1589 1390 1677 1453 omni
1699 1389 1820 1452 affectu
1841 1395 1933 1452 orent
1955 1396 1986 1450 et

1243 1486 1405 1550 celebrent
1425 1507 1483 1570 pro
1498 1488 1738 1564 communitate,
1756 1506 1814 1569 pro
1830 1485 1982 1569 principa,

1245 1584 1407 1666 Inprimis
1429 1605 1486 1668 pro
1507 1606 1631 1650 summo
1646 1585 1802 1649 Pontifice
1821 1594 1854 1648 et
1873 1584 1984 1648 ceteris

1243 1684 1297 1764 qui
1314 1693 1477 1765 ponuntur
1493 1685 1527 1746 in
1543 1704 1674 1749 canone.
1692 1686 1824 1768 Insuper
1843 1683 1941 1747 ceteri
1956 1692 1986 1745 ot

1242 1781 1389 1863 vulgares
1405 1784 1467 1846 fleo
1490 1783 1630 1846 fideliter
1648 1783 1790 1847 offerant
1809 1802 1883 1845 suas
1902 1781 1985 1845 obla-

442 1879 602 1943 crificium
628 1884 819 1963 evangelice
849 1885 945 1965 logis,
969 1885 1088 1948 oblatio
1115 1885 1186 1947 Filii
1206 1890 1228 1951 Β
1245 1881 1346 1944 tiones
1373 1883 1554 1964 spirituales
1580 1891 1611 1946 et
1636 1881 1826 1964 corporales,
1850 1889 1882 1945 et
1905 1879 1984 1962 grati

442 1977 509 2055 llei,
528 1979 704 2043 immolatio
719 1983 862 2064 corporis
877 1992 909 2045 et
929 1983 1094 2065 sanguinis
1117 1983 1187 2064 ejus

444 2075 637 2158 dignissimi.
655 2079 742 2152 Quod
758 2081 869 2163 utique
888 2081 1084 2145 sacrificium
1100 2101 1138 2144 ex
1153 2101 1186 2144 se

443 2173 513 2254 ipso
529 2177 660 2258 propria
675 2198 732 2240 sua
751 2178 869 2242 virtute
884 2181 948 2244 Deo
963 2180 1057 2258 Patri,
1075 2181 1140 2242 imo
1156 2187 1187 2242 ct

443 2273 501 2334 toti
516 2276 804 2357 superbeatissimae
819 2279 965 2340 Trinitati
983 2288 1030 2341 est
1045 2279 1187 2360 gratissi-

441 2389 550 2446 mum;
575 2393 644 2451 nec,
669 2385 823 2457 quantum
847 2377 979 2454 adhoc,
1004 2378 1076 2460 plus
1102 2377 1186 2441 valet

440 2469 611 2534 celebratio
637 2474 808 2537 sacerdotis
834 2474 928 2553 boni,
954 2495 1050 2557 quam
1076 2476 1183 2539 mali:

441 2567 543 2632 nihilo
554 2570 672 2649 minus,
687 2582 841 2654 quantum
852 2576 893 2636 ad
903 2576 1049 2656 quaedam
1065 2575 1186 2638 sacrifi-

439 2666 489 2729 cio
506 2668 581 2731 huic
591 2689 724 2748 annexa,
733 2671 883 2735 videlicet
893 2680 1048 2754 quantum
1064 2675 1103 2737 ad
1119 2693 1186 2737 ora·

439 2764 552 2844 tiones,
570 2768 680 2831 laudes
695 2779 727 2831 et
746 2772 899 2853 quasdam
921 2772 1182 2848 ministrationes,

439 2865 512 2945 plus
527 2867 613 2931 valet
627 2867 720 2931 fdissa
742 2870 875 2933 virtuosi
894 2871 1070 2953 presbyteri
1089 2891 1183 2952 quam

439 2962 554 3045 iniqui,
571 2974 603 3028 et
627 2985 696 3028 eam
722 2968 833 3030 audire
858 2969 1018 3031 salubrius
1043 2979 1101 3046 est,
1120 2989 1183 3032 non

1243 1980 1306 2041 sint
1322 1980 1395 2057 fleo,
1414 1982 1478 2045 imo
1493 1983 1532 2044 do
1547 1982 1672 2045 collatis
1688 1990 1751 2044 tam
1766 1979 1858 2062 grati,
1869 1989 1905 2042 ut
1920 1980 1986 2062 plu·

1242 2098 1276 2140 ra
1292 2087 1387 2162 atque
1402 2066 1523 2161 maj0ra
1539 2088 1720 2144 mereantur
1741 2079 1857 2143 sortiri.
1875 2078 1986 2153 Quem·

1241 2176 1413 2239 admodum
1433 2178 1528 2240 etiam
1555 2177 1618 2239 filii
1634 2177 1738 2240 Aaron
1762 2195 1819 2240 suo
1843 2175 1927 2258 patri
1952 2175 1984 2236 in

1241 2275 1458 2338 oblationibus
1473 2275 1666 2339 adstiterunt
1681 2284 1713 2338 et
1728 2274 1907 2338 servIerunt
1919 2298 1927 2349 3
1940 2274 1983 2336 sic

1241 2372 1350 2436 clerici
1379 2372 1549 2438 inferiores
1575 2373 1793 2457 superloribus
1815 2373 1870 2436 Dei
1895 2372 1985 2434 miul-

1241 2472 1315 2533 stris
1331 2481 1363 2535 et
1379 2473 1445 2534 suis
1461 2473 1601 2555 praelatis
1617 2473 1650 2534 in
1671 2473 1759 2536 omni
1776 2473 1860 2535 bono
1875 2489 1985 2553 coope-

1241 2571 1304 2632 rari
1335 2591 1371 2634 ac
1401 2572 1637 2635 communicare
1667 2591 1723 2635 seu
1748 2570 1881 2652 obsequi
1911 2589 1983 2633 cum

1241 2669 1363 2750 ingenti
1380 2679 1536 2734 conentur
1552 2671 1686 2748 fervore,
1705 2670 1880 2752 presertim
1895 2670 1929 2731 in
1940 2669 1985 2732 of-

1242 2768 1318 2832 ficio
1343 2769 1453 2832 Missae.
1471 2770 1559 2843 Quod
1585 2770 1612 2831 si
1635 2769 1679 2831 ita
1704 2769 1873 2850 egerimus,
1896 2771 1983 2844 tynis

1240 2888 1381 2944 opressus
1392 2891 1411 2929 α
1422 2872 1562 2930 Domino
1577 2867 1744 2932 devorabit
1759 2866 1917 2930 sacrificia
1930 2884 1983 2928 no

1241 2974 1316 3044 stra,
1340 2966 1371 3029 id
1395 2975 1452 3045 est,
1474 2966 1611 3050 Spiritus
1633 2967 1766 3028 Sanctus
1788 2985 1806 3027 a
1828 2966 1916 3027 Patre
1937 2964 1983 3025 Fi-

433 3061 586 3126 obstante
603 3065 689 3147 quod
714 3075 745 3128 et
770 3066 845 3128 mali
872 3068 1044 3131 sacerdotis
1069 3069 1181 3145 oratio,
1201 3071 1223 3134 C
1241 3064 1347 3147 lloque
1363 3067 1549 3148 procedens,
1566 3067 1668 3149 raplet
1683 3075 1716 3128 et
1730 3065 1820 3146 quasi
1835 3063 1982 3127 absorbe

436 3180 533 3242 quam
555 3162 660 3225 fundit
681 3165 713 3225 in
734 3183 870 3246 persona
885 3166 1045 3245 Ecclesia,
1063 3176 1096 3229 et
1117 3175 1184 3229 tan-

437 3279 532 3340 quam
558 3260 709 3324 officians
738 3262 819 3343 ejus,
846 3265 980 3345 ejusque
1003 3264 1105 3327 vicem
1132 3284 1184 3347 ge-

437 3377 521 3434 rens,
540 3357 720 3422 efficaciam
737 3360 875 3441 aliquam
900 3363 1059 3426 sortiatur.

476 3455 583 3537 ltaque
599 3457 632 3518 in
648 3459 747 3520 sacris
766 3460 930 3521 constituti
947 3459 1130 3540 Ordinibus,
1149 3463 1182 3524 in

436 3553 549 3636 primis
569 3555 710 3619 offerant
731 3557 819 3620 omni
840 3557 892 3620 die
913 3578 970 3640 pro
991 3560 1095 3643 culpis
1112 3580 1184 3643 pro-

436 3653 515 3735 priis
531 3655 678 3732 vitulum,
697 3655 729 3718 id
744 3665 803 3734 cst,
820 3656 935 3719 Christi
952 3659 1133 3741 passionem
1145 3679 1182 3722 ac

435 3752 584 3815 meritum
605 3754 667 3818 lleo
686 3755 768 3817 Patri
790 3773 847 3837 pro
868 3756 962 3819 venia
982 3757 1182 3840 impetranda

1240 3164 1286 3224 bit
1304 3165 1336 3225 in
1354 3184 1397 3242 se,
1408 3166 1613 3248 caritatisque
1629 3165 1722 3228 ardor
1733 3183 1770 3226 ea
1780 3163 1938 3237 incendet,
1949 3169 1982 3224 et

1239 3264 1329 3326 Pater
1353 3264 1557 3346 omnipotens
1579 3264 1675 3328 corda
1694 3261 1923 3326 celebrantium
1945 3279 1982 3322 ao

1239 3361 1446 3425 offerentium
1465 3373 1527 3426 tam
1544 3362 1738 3426 calidissime
1753 3358 1979 3434 inflammabit,

1240 3467 1368 3542 tamque
1393 3460 1622 3540 gratiosissime
1643 3458 1799 3536 visitabit,
1820 3457 1905 3540 quod
1925 3475 1982 3538 per

1239 3559 1299 3621 boc
1320 3561 1484 3623 evidenter
1503 3560 1761 3641 sensibiliterque
1779 3555 1979 3631 monstrabit,

1238 3677 1334 3738 quam
1356 3668 1484 3741 accepta
1503 3660 1568 3722 sint
1589 3660 1618 3722 ei
1635 3655 1795 3721 sacriflcia
1815 3664 1910 3737 atque
1926 3655 1982 3717 ob

1239 3757 1349 3837 soquia
1365 3766 1482 3821 nostra.

951 4183 1274 4278 ARTICULUS
1316 4187 1467 4276 XXIII

490 4461 666 4512 utttctttnvtd
688 4463 862 4510 ttvvuttntts
884 4466 1021 4512 unrtvum
1043 4466 1146 4511 uuctttt
1170 4467 1177 4512 :
1202 4465 1408 4519 nunuvvtsouu
1428 4465 1532 4509 NADAB
1554 4464 1591 4508 Et·
1611 4463 1694 4524 nutv,
1716 4463 1785 4510 FlLlf
1808 4463 1922 4524 annon,

1066 4565 1245 4610 rrtvntbvtts
1268 4565 1343 4610 SUlS.

436 4797 694 5008 PIIOSPERlS
717 4845 901 4927 frequentor
927 4844 1103 4907 miscentur
1128 4843 1219 4905 ad-l)
1238 4841 1374 4904 fuissent
1399 4842 1604 4907 vehementer
1629 4842 1774 4906 honorati
1797 4861 1816 4905 a
1835 4843 1896 4906 Deo
1922 4861 1980 4925 per

498 4965 599 5008 versa.
617 4944 735 5006 Idcirco
755 4945 789 5005 in
809 4944 861 5005 dic
877 4943 1099 5026 prosperitatis
1116 4961 1180 5005 non

434 5051 482 5106 cst
512 5043 638 5105 incaute
668 5061 772 5123 neque
798 5043 936 5103 lnaniter
959 5041 1178 5120 gloriandum,

308 5164 380 5209 secu.
391 5179 419 5215 a,
433 5143 522 5223 juxta
536 5143 621 5224 quod
638 5141 670 5202 iu
686 5140 907 5204 Ecclesiastico
923 5141 1061 5222 legitur:
1079 5141 1113 5202 ln
1129 5139 1181 5202 die

434 5240 589 5304 bonorum
615 5260 655 5303 ne
675 5241 843 5303 immemor
868 5240 912 5301 sis
938 5240 1106 5303 malorum.
1130 5239 1181 5302 Sic

433 5339 548 5402 accidit
558 5339 670 5422 primis
682 5340 897 5402 sacerdotibus
909 5339 987 5416 istis,
995 5339 1071 5420 quia
1081 5357 1180 5420 quum

1236 4942 1424 5004 descensum
1441 4941 1523 5021 ignis
1539 4940 1692 5003 divinitus
1713 4941 1789 5018 dati,
1805 4959 1914 5005 eorum
1931 4961 1980 5004 sa-

1236 5039 1361 5102 criticia
1386 5040 1584 5116 devorantis,
1610 5057 1683 5102 mox
1708 5039 1770 5121 ipsi
1795 5039 1919 5103 incaute
1943 5059 1979 5103 sc.

1237 5139 1401 5214 babentes
1419 5146 1473 5200 aut
1493 5137 1588 5201 etiam
1612 5137 1717 5201 subito
1737 5137 1867 5219 aliquali
1890 5139 1978 5200 inani

1236 5237 1338 5317 gloria
1357 5237 1444 5313 tacti,
1463 5256 1551 5299 suam
1571 5236 1715 5301 volentes
1734 5255 1839 5300 coram
1858 5236 1979 5319 populo

1228 5344 1426 5419 ‘potestatem
1448 5344 1480 5399 et
1504 5335 1724 5399 excellentiam
1749 5337 1977 5414 demonstrare,
