4309 6259
432 488 471 553 90
829 504 1003 552 nnunmrro
1025 506 1055 550 rx
1077 506 1145 551 car.
1168 505 1233 553 xxx
1253 506 1355 553 exoor.
1378 525 1418 535 -
1440 506 1510 551 xnr.
1534 506 1583 551 ux

473 679 623 762 Sequitur
637 680 677 743 de
692 679 922 762 compositione
939 686 970 741 et
985 678 1103 741 effectu
1115 679 1177 742 olei
1192 678 1403 760 b'guentarii
1416 687 1527 761 utpote
1541 678 1682 742 artifices
1697 678 1731 741 in
1746 679 1975 763 compositione

432 780 606 843 unctionis
638 784 841 859 Locrttasqae
868 790 912 839 est
941 782 1101 839 Desitiates
1134 783 1179 840 aa

432 883 575 957 Moyseo,
585 882 694 941 dicens
705 901 716 938 .·
726 883 827 940 Same
844 881 903 940 tibi
912 889 1058 939 aromata
1074 884 1178 940 electra

429 1002 583 1059 stuprare,
600 982 662 1059 vel,
680 990 714 1043 ut
735 982 789 1044 alii
811 981 940 1057 habent,
958 982 1094 1063 myrrhas
1115 982 1179 1063 pri·

430 1100 490 1143 mae
512 1089 543 1143 θῖ
568 1080 686 1158 electae,
704 1083 893 1162 quinpeatos
917 1084 1021 1153 siclos,
1046 1082 1179 1162 loquen-

430 1180 470 1243 do
495 1180 534 1243 de
558 1180 637 1243 siclo
662 1180 717 1262 qui
738 1179 853 1260 viginti
876 1180 987 1243 obolos
1010 1180 1116 1257 babet,
1139 1182 1178 1243 de

430 1299 494 1361 quo
510 1299 595 1342 nuno
612 1280 805 1342 dictumest.
823 1279 913 1343 Circa
927 1281 987 1343 hoc
1008 1280 1052 1343 ait
1068 1280 1150 1343 Beda
1168 1298 1175 1342 :

431 1380 565 1461 Smyrna
579 1378 813 1455 Graece‚Latine
830 1378 945 1441 dieitur
960 1379 1178 1461 myrrhaque

431 1485 479 1541 est
503 1477 597 1540 arbor
622 1478 655 1539 in
678 1477 792 1539 Arabia
817 1477 960 1559 quinque
984 1478 1176 1555 cubitorum,

432 1577 524 1658 cujus
549 1575 687 1657 virgulta
702 1576 819 1640 Arabes
841 1585 988 1653 exurunt,
1005 1586 1041 1639 ut
1063 1577 1178 1640 melius

432 1675 591 1759 pullulent
615 1683 710 1757 atque
741 1675 946 1739 fructificent.
973 1677 1017 1737 Ex
1041 1695 1177 1758 quorum

432 1776 528 1838 odore
559 1774 753 1838 incurabiles
783 1775 910 1839 morbos
940 1776 1175 1854 contraherent,

1219 768 1263 875 [ct
1279 780 1505 842 commixtione
1521 788 1754 860 unguentorum
1769 780 1876 862 periti,
1895 781 1976 844 faee-

1233 900 1267 943 re
1283 880 1397 942 solent.
1407 882 1450 941 Et
1466 900 1564 956 stirpes
1578 901 1619 940 ea
1633 902 1667 941 eo
1683 883 1925 942 tabernaculam
1938 892 1976 943 te

1232 981 1390 1051 stimoaii,
1403 990 1432 1039 et
1447 1000 1558 1041 aream
1575 982 1765 1050 testamenti,
1775 1001 1976 1060 mensamque

1232 1101 1306 1139 cara
1323 1082 1409 1139 casis
1426 1082 1506 1150 suis,
1530 1081 1759 1140 candelabrum
1774 1090 1803 1140 et
1823 1084 1976 1142 atterasilia

1232 1181 1312 1255 ejus,
1331 1180 1455 1238 altaria
1471 1179 1695 1254 thymiamatis
1719 1189 1748 1241 et
1769 1181 1945 1241 holocausti
1963 1200 1975 1240 :

1232 1296 1368 1359 quorum
1384 1296 1483 1338 unum
1501 1277 1562 1339 fuit
1576 1277 1677 1340 altare
1697 1277 1923 1360 thymiamatis,
1945 1288 1976 1341 et

1232 1377 1367 1439 alterum
1389 1375 1586 1449 holocausfi3
1614 1386 1643 1438 et
1665 1378 1850 1438 universam
1874 1382 1976 1455 sapei-

1235 1477 1370 1536 lectilem
1392 1497 1463 1557 qtae
1488 1480 1531 1537 ad
1552 1480 1677 1536 cattum
1701 1496 1811 1537 eorum
1821 1480 1972 1553 pertinet.

1232 1576 1276 1639 De
1291 1575 1442 1639 omnibus
1457 1575 1527 1637 istis
1542 1596 1560 1637 a
1576 1575 1715 1657 capitulo
1725 1575 1877 1639 vicesimo
1887 1576 1975 1658 quin-

1234 1684 1265 1738 to
1281 1684 1313 1738 ct
1327 1675 1454 1753 deinde,
1474 1684 1522 1738 est
1538 1675 1670 1738 dietum.
1691 1678 1976 1756 sanctificabisque

1232 1778 1342 1836 omnia
1369 1775 1440 1851 ista,
1453 1776 1668 1838 consecrando
1683 1783 1715 1837 et
1730 1775 1867 1855 aptando
1883 1794 1922 1838 ea
1936 1777 1976 1839 ad

433 1874 495 1936 nisi
517 1874 606 1937 fumo
627 1874 759 1937 storacis
779 1884 992 1938 occurrerent.
1011 1875 1072 1937 Alii
1099 1894 1178 1957 quo·
1194 1880 1217 1941 B
1233 1874 1354 1937 cultum
1383 1874 1540 1937 divinum.
1564 1873 1603 1934 Et
1632 1872 1726 1937 facile
1753 1882 1802 1935 est
1829 1892 1973 1956 pensare,

432 1993 495 2055 que
520 1973 641 2051 dicunt,
667 1974 753 2055 quod
779 1975 906 2056 myrrha
931 1983 979 2037 est
1006 1975 1179 2038 aromatica

432 2074 537 2151 arbor,
547 2073 638 2154 cujus
653 2081 741 2153 gutta
757 2092 813 2136 seu
828 2073 959 2135 lacrima
974 2073 1093 2156 duplex
1108 2083 1175 2137 est:

432 2191 496 2234 una
512 2191 568 2254 per
583 2172 713 2234 modum
734 2172 911 2234 sudationis
926 2192 1090 2249 emanans
1107 2193 1178 2254 qua

432 2270 545 2334 melior
561 2279 619 2348 est,
636 2278 667 2333 et
682 2271 786 2353 prima
801 2272 929 2353 myrrha
946 2281 1097 2347 vocatur3
1116 2273 1179 2335 alio

433 2390 489 2454 per
504 2370 631 2433 corticis
648 2370 887 2447 incisioncm‚et
905 2372 1087 2435 nominatur
1098 2392 1180 2454 myr-

432 2471 490 2533 rha
513 2471 662 2533 secunda.
680 2474 722 2531 Et
743 2474 944 2531 et'rtnamami
967 2475 1120 2544 aredium,
1145 2476 1180 2532 ta

433 2581 477 2631 est
501 2574 650 2631 (tricentos
675 2572 917 2649 quinquaqinta
942 2574 1043 2633 siclos.
1068 2572 1180 2635 Cinna·

434 2671 768 2745 momum,sccundum
783 2670 990 2745 Glossamest
1005 2672 1180 2751 virgultum

434 2768 569 2831 duorum
591 2767 781 2845 cubitorum,
801 2770 833 2830 in
850 2769 938 2832 lndia
953 2771 1003 2833 xel
1021 2771 1180 2852 AEthiopio

436 2886 580 2943 nascens,
598 2866 631 2927 in
648 2868 777 2929 modum
793 2888 913 2945 canna,
932 2869 1064 2932 subtiles
1081 2890 1117 2933 ac
1134 2890 1181 2933 re-

434 2966 567 3048 plicatos
593 2966 730 3029 calamos
756 2967 887 3043 habens,
916 2969 998 3048 nigri
1021 2969 1180 3031 cincreive

1232 1974 1318 2054 quod
1334 1991 1399 2035 non
1423 1972 1626 2053 ungebantur
1649 1992 1707 2054 per
1728 1981 1826 2035 totam
1842 1972 1976 2056 superfi-

1233 2072 1315 2135 ciem
1338 2092 1439 2149 suam,
1457 2073 1511 2135 sed
1531 2072 1632 2152 digito
1653 2072 1751 2135 tincto
1767 2072 1800 2133 in
1815 2073 1898 2149 oleo,
1922 2072 1976 2135 lie

1233 2171 1287 2234 bat
1302 2172 1335 2233 in
1351 2171 1446 2233 certis
1469 2170 1613 2253 partibus
1635 2172 1778 2252 quadam
1801 2171 1917 2235 linitio.
1935 2176 1976 2234 Et

1233 2282 1328 2332 erttat
1342 2282 1452 2331 saneta
1468 2282 1662 2339 structorem,
1681 2270 1712 2332 id
1728 2279 1776 2333 θεῖ
1794 2271 1887 2335 valdo
1907 2290 1976 2335 san-

1233 2380 1294 2447 cta,
1322 2370 1497 2451 praesertim
1520 2369 1757 2450 comparatione
1781 2389 1887 2432 rerum
1913 2389 1976 2434 uon

1233 2478 1499 2545 consecratarum,
1517 2488 1587 2551 qua
1606 2470 1638 2531 in
1658 2488 1860 2532 communem
1880 2470 1978 2533 bomi-

1235 2590 1312 2632 num
1342 2570 1476 2632 veniunt
1505 2590 1608 2632 usum.
1636 2569 1735 2631 Aliter
1759 2578 1865 2632 etitem
1901 2570 1979 2634 inte

1235 2669 1299 2731 rior
1315 2690 1387 2750 pars
1405 2669 1599 2732 tabernaculi
1617 2670 1700 2731 dicta
1715 2677 1762 2732 est
1777 2669 1891 2731 Sancta
1911 2690 1978 2733 san·

1234 2778 1369 2838 ctorum,
1395 2769 1474 2830 sicut
1497 2790 1535 2831 ex
1551 2768 1735 2851 praebebitis
1757 2776 1891 2831 constat.
1915 2774 1979 2839 Qui

1236 2871 1373 2945 tetiperr't
1399 2890 1447 2939 ea,
1473 2872 1741 2947 sanctificabitur,
1769 2867 1800 2930 id
1831 2878 1890 2943 est,
1921 2870 1976 2950 qui

1235 2968 1368 3031 idoneus
1385 2967 1481 3030 fucrit
1503 2967 1625 3048 aliquid
1647 2968 1762 3029 horum
1781 2967 1976 3049 contingere,

433 3064 559 3138 coloris,
578 3064 632 3147 qui
650 3064 752 3143 fracti,
776 3067 913 3129 reddunt
934 3067 1061 3130 risibile
1083 3068 1216 3149 spira-C
1235 3087 1272 3129 cx
1297 3067 1356 3130 boc
1385 3068 1554 3147 quamdam
1581 3066 1730 3128 sortietur
1755 3065 1979 3129 sanctificatio

433 3173 588 3227 mentum.
605 3164 707 3245 Atque
727 3175 762 3227 ut
783 3166 837 3227 alii
861 3166 979 3243 dicunt,
1000 3167 1117 3249 duplex
1133 3176 1181 3231 est

435 3264 672 3327 cinnamomum
692 3282 698 3324 ε
718 3285 829 3342 unum,
847 3268 932 3347 quod
949 3268 1027 3329 nibil
1046 3277 1100 3330 aut.
1116 3288 1180 3330 mo-

436 3363 543 3425 dicum
558 3362 655 3425 habet
670 3364 797 3439 odoris3
815 3365 900 3426 aliud
918 3367 1018 3444 magis
1034 3368 1181 3430 arornati·

435 3470 696 3542 cum‚cortexque
713 3462 781 3544 ejus
794 3464 962 3544 pretiosior
974 3466 1073 3527 fertur
1085 3487 1179 3548 quam

436 3560 570 3641 lignum,
588 3560 676 3623 Unde
696 3570 726 3623 ct
747 3571 918 3643 utrumque
934 3583 990 3645 per
1014 3584 1046 3627 se
1063 3567 1182 3647 ponde-

436 3668 533 3721 ratur.
549 3663 675 3720 Calami
689 3664 842 3722 similitm·
856 3666 1007 3724 ‹irtcettfos
1023 3668 1182 3744 qrtt'aqua·

432 3760 526 3835 piata
542 3760 643 3819 siclos.
654 3759 798 3821 Calamus
814 3768 861 3823 est
877 3761 981 3838 arbor,
995 3764 1179 3844 virgultum,

437 3876 492 3919 seu
519 3857 639 3938 species
665 3860 836 3922 aromatica
857 3861 945 3940 juxta
966 3862 1132 3938 Libanum,
1151 3872 1182 3925 et

437 3955 556 4019 honum
568 3957 671 4019 reddit
688 3959 824 4021 odotem.
837 3963 936 4021 Casia‘
952 3984 1073 4041 precipue
1090 3965 1182 4042 prtin-

319 4074 423 4129 qmqen-
437 4057 618 4135 quapiam*
634 4058 736 4117 siclos.
754 4058 843 4119 Casia
859 4066 905 4120 est
921 4059 1015 4121 arbor
1037 4062 1183 4123 aromati—

292 4142 324 4180 tos

437 4174 473 4217 ea
498 4154 620 4215 robusti
646 4155 784 4231 comicia,
812 4159 979 4239 purpureis
1007 4158 1103 4231 foliis,
1131 4162 1184 4223 ba-

1235 3187 1308 3229 ncm
1338 3186 1394 3228 scu
1424 3164 1668 3240 ordinationem,
1693 3164 1978 3246 habitudinemque

1234 3268 1274 3329 ad
1297 3268 1405 3328 ileum.
1430 3265 1486 3327 l'el
1511 3283 1622 3326 sensus
1646 3270 1703 3340 est,
1731 3264 1814 3346 quod
1841 3264 1978 3326 ministri

1234 3367 1377 3429 volentos
1401 3374 1528 3445 tangere
1550 3384 1598 3439 ea,
1616 3363 1704 3445 prius
1730 3363 1931 3426 sanctificare
1946 3383 1979 3425 se

1235 3466 1381 3527 debeant.
1395 3466 1621 3527 Verumtamen
1639 3482 1701 3525 non
1719 3463 1835 3525 licebat
1850 3463 1979 3545 quibus-

1236 3565 1311 3627 libet
1331 3574 1469 3644 tangere‚
1488 3564 1551 3625 imo
1569 3583 1626 3626 nec
1641 3582 1771 3625 cernere
1786 3582 1903 3625 arcam.

1275 3669 1386 3726 itm-on
1407 3675 1436 3724 et
1455 3666 1542 3741 filios
1560 3664 1629 3739 rjus
1646 3682 1754 3739 crapas,
1771 3661 1921 3725 videlicet
1936 3662 1980 3744 ip

1236 3785 1306 3826 sum
1327 3764 1429 3827 Aaron
1455 3764 1486 3824 in
1510 3762 1615 3844 capite
1636 3780 1693 3824 suo
1711 3782 1747 3824 ac
1765 3761 1923 3839 manibus,
1942 3762 1980 3824 fi-

1237 3863 1296 3926 lios
1312 3871 1416 3925 autem
1434 3862 1503 3941 ejus
1520 3861 1551 3921 in
1569 3860 1717 3921 manibus
1736 3867 1910 3935 tantum,ut
1925 3860 1981 3922 ali-

1236 3963 1291 4043 qui
1307 3963 1428 4023 dicunt.
1443 3960 1505 4023 Alii
1522 3978 1598 4022 vcro
1614 3959 1797 4041 opinantur,
1815 3958 1901 4038 quod
1919 3956 1979 4019 filii

1236 4064 1339 4124 Aaron
1357 4080 1420 4124 non
1437 4060 1638 4139 ungebantur
1653 4058 1712 4120 hoc
1728 4057 1799 4120 oleo
1815 4076 1907 4137 puro,
1926 4057 1980 4119 sed

1237 4163 1321 4243 quod
1343 4160 1614 4241 adspergebantur
1630 4158 1767 4240 quadam
1783 4156 1981 4219 commixtio

437 4253 516 4315 bens
542 4252 737 4315 cinnamomi
761 4255 928 4332 virtutem,
956 4258 1009 4319 scd
1037 4258 1181 4321 inferiori
1198 4262 1224 4324 D
1240 4281 1277 4323 ne
1296 4261 1378 4322 facta
1397 4261 1436 4321 tle
1452 4260 1522 4322 oleo
1539 4260 1599 4321 isto
1615 4268 1646 4321 et.
1662 4257 1818 4338 sanguine
1833 4256 1981 4318 animalis

439 4351 539 4433 gradu
564 4350 723 4432 polentiae.
755 4357 797 4412 Iu
822 4358 962 4430 peredere
985 4361 1180 4430 scriretuam'i,

437 4448 558 4531 quoin
584 4448 787 4511 tabernaculo
812 4460 842 4512 et
870 4454 987 4535 templo
1013 4455 1184 4517 utebantur

440 4547 591 4623 ministri,
619 4549 703 4629 quod
734 4551 911 4637 apontlcrc
941 4553 1063 4634 vulgari
1089 4553 1184 4615 ‹liffe-

440 4647 539 4709 rebat.
568 4652 610 4709 Et
633 4651 696 4708 olei
719 4652 758 4709 tle
783 4652 918 4718 olieetis,
944 4650 1094 4714 videlieet
1120 4654 1180 4716 olei

441 4745 608 4823 olivarum,
638 4767 701 4810 nou
732 4768 860 4826 nucum,
889 4770 991 4831 neque
1021 4772 1181 4833 raparum,

442 4866 624 4907 recasuram
647 4848 717 4920 la'n,
735 4848 794 4911 hoc
817 4858 863 4910 est
887 4850 1014 4912 sextarii
1033 4870 1039 4913 :
1058 4852 1097 4913 de
1121 4872 1184 4932 qua

325 4956 400 5001 aaa.
441 4962 590 5007 mensura
610 4944 731 5006 dictum
752 4954 797 5007 est
819 4948 1009 5027 praecedenti
1030 4949 1181 5031 capitulo.

291 5034 346 5074 xxix,
361 5024 394 5064 ld.

477 5045 651 5123 Faet'esqtte
668 5046 829 5104 relictionis
848 5050 949 5105 oleum
974 5049 1183 5120 sacristariam

438 5151 486 5206 est
501 5142 542 5205 ad
558 5142 667 5205 divina
681 5142 874 5221 ordinatum,
888 5158 1090 5223 exceptantem
1105 5170 1185 5208 coar-

437 5245 577 5321 positam
602 5262 692 5320 opere
718 5246 945 5319 arripitentam'i,
972 5244 1030 5308 boc
1056 5256 1102 5309 θεῖ
1128 5266 1185 5330 per

438 5341 582 5410 omnium
598 5342 711 5407 horum
728 5342 998 5422 commixtionem,
1015 5356 1108 5427 prout
1130 5367 1185 5409 uu-

1238 4360 1335 4421 oblati
1355 4377 1361 4420 :
1385 4360 1469 4420 unde
1495 4359 1527 4419 in
1550 4358 1749 4438 expositione
1773 4355 1981 4437 precedentis

1238 4457 1369 4539 capituli
1381 4458 1501 4518 dictum
1519 4465 1566 4519 cst
1587 4456 1724 4538 plenius,
1742 4456 1982 4531 Sanctifirabis-

1238 4579 1297 4637 que
1313 4578 1372 4625 eos,
1390 4556 1422 4617 id
1445 4564 1504 4628 est,
1523 4555 1627 4617 taliter
1648 4552 1859 4628 consecrabis,
1878 4562 1914 4612 ut
1933 4574 1982 4613 sa-

1238 4657 1377 4715 cerdotia
1393 4657 1579 4733 scalpantur
1591 4655 1683 4713 milri.
1697 4651 1890 4731 Augusfittus
1906 4669 1982 4713 vero

1238 4754 1364 4816 ridetur
1375 4752 1595 4833 sentire,qoo‹l
1613 4750 1813 4831 ungebantur
1828 4748 1979 4811 bocolco.

1238 4853 1314 4915 Nam
1339 4853 1380 4914 ait
1401 4870 1407 4913 :
1425 4852 1500 4914 tlleo
1526 4850 1581 4912 illo
1603 4868 1667 4930 quo
1691 4857 1804 4911 cuncta
1829 4855 1983 4931 peruncta

1239 4961 1323 5024 sunt,
1347 4952 1442 5013 etiam
1459 4950 1636 5012 sacerdotes
1656 4949 1867 5030 ungebantur,
1885 4954 1921 5009 ut
1936 4966 1983 5008 sa-

1239 5051 1380 5114 cerdotio
1398 5048 1616 5129 frurgerentur.

1279 5152 1378 5211 t'ta'ts
1399 5169 1521 5227 petrique
1540 5150 1644 5207 lsrael
1662 5148 1748 5206 (lires
1763 5166 1774 5204 .·
1791 5148 1859 5206 JIae
1878 5149 1984 5205 oleum

1243 5250 1403 5308 iterationis
1419 5257 1565 5305 metretum
1581 5248 1643 5305 erit
1664 5246 1757 5315 natta,
1780 5243 1812 5306 id
1833 5252 1882 5307 est
1899 5243 1985 5305 ordi·

1241 5349 1381 5410 nandum
1393 5355 1421 5408 et
1439 5346 1680 5427 expendendum
1699 5344 1731 5405 in
1747 5344 1841 5407 rebus
1851 5342 1982 5419 divinis,
