4309 6259
515 504 689 553 maumam
710 505 741 551 ru
762 504 830 551 cnr.
854 503 897 550 xx
917 502 1114 551 6666666666.
1137 524 1178 534 -
1198 506 1269 552 xnr.
1293 507 1388 553 xxxrr
1663 494 1720 557 ttt

175 676 348 757 plebuntur
370 678 433 741 nisi
456 696 512 760 per
528 677 694 743 bominum
719 675 921 756 iniquitatem
938 671 964 735 Α
979 692 1041 749 me,
1052 683 1113 738 etc.
1127 675 1170 738 Ac
1186 694 1243 757 per
1258 676 1318 739 hoc
1334 677 1524 759 intelligitur
1538 679 1663 762 Moysen
1679 679 1725 743 ita

174 773 255 837 obex
271 784 420 857 ponatur.
441 776 621 840 Secundum
641 783 700 851 est,
720 774 804 855 quod
824 772 923 853 aliqui
977 770 1106 850 dixisse,
1131 782 1281 856 tanquam
1305 776 1345 837 ad
1375 776 1532 840 incertum
1558 796 1723 859 percusse-

175 874 283 951 magni
299 883 331 937 et
346 875 447 937 sancti
464 876 609 938 doctores
634 872 783 936 catholici
800 871 922 945 dicunt,
979 870 1030 947 rit,
1044 880 1078 932 nt
1094 871 1121 933 si
1138 891 1202 935 non
1213 873 1556 955 sequeretureffectus,
1570 875 1629 939 boc
1645 895 1725 958 prae

175 970 301 1051 Moysen
312 974 352 1035 de
364 973 417 1036 llei
429 973 547 1037 virtute
558 992 614 1035 sen
631 970 773 1054 potentia
785 968 924 1035 dubitas·
979 968 1097 1033 dixisse
1113 980 1287 1052 putaretur,
1305 993 1404 1055 quum
1419 974 1464 1037 ait
1481 992 1488 1036 :
1510 974 1671 1055 Numquid
1687 994 1724 1037 ex

175 1089 208 1133 se
224 1071 283 1133 hac
301 1072 381 1135 vice.
394 1073 459 1135 lmo
473 1072 583 1134 Glossa
602 1090 640 1134 ex
657 1069 763 1133 verbis
780 1069 811 1130 B.
830 1066 923 1129 lsido
979 1077 1068 1149 petra
1084 1069 1141 1132 hac
1158 1081 1368 1152 aquam,eto.,
1380 1074 1465 1155 quod
1481 1074 1513 1135 in
1530 1074 1600 1156 ejus
1615 1074 1724 1137 animo

175 1168 201 1229 ri
217 1169 283 1232 ait:
306 1171 362 1234 llic
383 1171 503 1252 Moyses
526 1170 695 1243 Dominum
719 1166 870 1241 offendit,
892 1172 925 1227 et
978 1168 1111 1232 omnino
1133 1170 1255 1248 lateret,
1273 1170 1335 1234 nisi
1358 1172 1412 1236 llei
1435 1174 1593 1238 sententia
1616 1174 1723 1256 prodi-

175 1268 364 1348 probibetur
390 1270 560 1332 lordanem
590 1266 752 1330 transire:
776 1264 921 1327 turbatus
978 1264 1088 1329 disset.

175 1364 261 1427 cuim
287 1386 453 1431 murmure
478 1365 599 1449 populi,
625 1363 809 1429 dubitanter
834 1362 923 1441 virga
959 1432 962 1443 ,
1019 1361 1099 1424 Ecce
1119 1361 1152 1423 in
1172 1362 1222 1425 bis
1238 1364 1405 1444 Augustini
1431 1374 1462 1429 et
1486 1366 1597 1429 lsidori
1617 1366 1723 1430 verbis

177 1472 298 1545 petram
316 1466 483 1548 percussit,
508 1465 600 1547 qnasi
625 1482 688 1527 non
713 1470 820 1545 posset
841 1464 923 1525 Deus
978 1458 1124 1538 habetur,
1147 1463 1233 1542 quod
1261 1462 1380 1544 Moyses
1406 1464 1445 1527 de
1469 1464 1524 1527 Ilei
1550 1464 1667 1530 virtute
1691 1473 1724 1529 et

175 1581 291 1643 aquarn
303 1564 343 1626 de
353 1573 443 1646 petra
458 1565 601 1641 educere,
611 1564 696 1644 quod
710 1561 827 1625 fecerat
842 1569 925 1623 ante.
980 1565 1135 1637 potestate
1150 1558 1308 1623 dubitavit
1327 1581 1383 1624 seu
1402 1562 1583 1627 diffidebat.
1601 1564 1645 1627 Ex
1660 1583 1723 1627 me

177 1660 231 1722 llic
242 1661 362 1743 Moyses
372 1663 537 1727 ludoicum
550 1662 705 1744 populum
717 1660 776 1722 sub
792 1660 861 1740 lege
872 1677 925 1742 po
980 1656 1111 1719 moratis
1125 1676 1253 1739 quoque
1263 1660 1432 1741 Augustini
1444 1663 1550 1725 verbis
1565 1664 1726 1745 probatur,

177 1758 272 1821 situm
299 1759 474 1839 significat.
492 1761 570 1824 Nam
596 1761 677 1823 sicut
692 1759 810 1841 Moyses
835 1758 925 1839 virga
979 1754 1064 1835 quod
1081 1755 1199 1837 Moyses
1214 1758 1371 1839 percussit
1393 1768 1515 1841 petram
1531 1779 1604 1823 cum
1621 1761 1720 1842 virga,

178 1865 300 1938 petram
321 1858 514 1939 percutiens,
532 1858 572 1922 de
586 1857 641 1921 Dei
664 1857 781 1919 virtute
803 1855 926 1919 dubita·
940 1860 963 1922 B
979 1870 1036 1933 per
1051 1872 1147 1934 quam
1162 1862 1195 1917 et
1209 1855 1272 1917 alia
1288 1853 1365 1918 fecit
1380 1856 1544 1921 miracula.
1562 1859 1621 1922 Sed
1638 1859 1664 1921 si
1681 1859 1725 1922 ita

178 1954 248 2029 νῆις
276 1956 323 2020 sic
349 1957 487 2039 populus
513 1957 568 2020 ille
592 1956 651 2018 sub
677 1957 746 2035 lege
771 1955 843 2018 data
868 1974 925 2037 per
979 1951 1286 2029 dicamus,remanet
1305 1956 1622 2039 quantummodo
1642 1958 1724 2041 Moy-

177 2054 302 2137 Moysen
323 2057 458 2139 positus,
475 2056 637 2120 Christum
654 2056 741 2136 ligno
760 2054 864 2118 crucis
879 2052 925 2117 af·
980 2069 1028 2114 ses
1049 2051 1315 2135 omnipotentiam
1331 2056 1385 2119 llei
1409 2057 1501 2121 toties
1520 2068 1670 2140 expertus
1692 2067 1724 2123 et

178 2153 261 2231 fixit,
281 2174 340 2219 nec
355 2176 428 2219 eum
444 2174 514 2220 esse
529 2156 584 2219 Dei
601 2154 750 2218 virtutem
765 2152 924 2217 credebat.
978 2150 1156 2215 certissime
1166 2154 1410 2237 contemplatus,
1421 2166 1545 2239 poterat
1556 2159 1595 2221 de
1610 2178 1648 2222 ea
1664 2158 1723 2222 dif-

179 2253 249 2317 llaee
264 2254 412 2318 isidorus,
980 2246 1081 2311 fidere
1096 2248 1163 2314 sive
1177 2252 1350 2334 ambigere.
1367 2254 1414 2316 dd
1438 2256 1525 2337 quod
1550 2276 1588 2320 ex
1613 2257 1720 2321 verbis

50 2365 165 2417 6666.
225 2353 359 2435 lnsuper
384 2373 479 2436 super
505 2353 595 2431 illud,
620 2352 672 2415 nit
696 2353 827 2435 MoyseS,
854 2350 927 2413 Sex·
979 2347 1090 2411 lsidori
1111 2348 1245 2413 babetur
1261 2353 1437 2435 responsio,
1454 2354 1530 2436 quia
1552 2374 1590 2418 ex
1612 2356 1724 2439 populi

178 2460 271 2514 centa
286 2452 389 2515 millia
405 2452 548 2533 peditum
559 2452 669 2535 populi
685 2452 782 2533 hujus
798 2457 881 2527 sunt,
894 2458 926 2514 et
980 2448 1186 2528 perversitate
1197 2458 1401 2515 etmurmure
1417 2451 1479 2515 fuit
1495 2454 1650 2533 turbatus,
1664 2456 1725 2519 sic·

180 2560 212 2612 tn
236 2550 330 2626 dicis,
351 2550 437 2613 Dabo
459 2551 506 2613 eis
531 2570 621 2613 esum
646 2550 791 2613 carnium
816 2568 927 2612 mense
979 2565 1042 2627 que
1057 2566 1095 2609 ex
1115 2547 1296 2612 turbatione
1317 2551 1475 2632 passionis
1497 2553 1593 2634 hujus
1612 2553 1725 2618 obscu-

177 2647 329 2730 integret
352 2648 494 2731 loquitur
519 2648 714 2730 Augustinus
732 2666 739 2709 ε
757 2647 936 2724 Quaritur,
979 2653 1082 2707 ratum
1099 2643 1204 2708 fuitin
1219 2665 1256 2710 eo
1272 2647 1405 2711 rationis
1414 2650 1581 2730 judicium.
1594 2651 1725 2715 Verum-

175 2755 282 2809 utrum
304 2748 424 2829 Moyses
447 2748 562 2811 dixerit
584 2749 644 2812 boc
665 2747 857 2823 diffidendo,
883 2766 923 2809 an
980 2752 1085 2807 tamen
1108 2763 1171 2808 non
1187 2745 1324 2809 arbitror
1338 2747 1463 2829 Moysen
1485 2757 1607 2812 tantum
1625 2750 1725 2814 fuisse

172 2846 356 2927 quaerendo.
384 2846 445 2910 Sed
469 2846 495 2908 si
516 2846 736 2929 putaverimus
761 2864 834 2909 eum
860 2845 920 2909 hoc
979 2844 1151 2921 turbatum,
1163 2853 1199 2905 ut
1212 2844 1406 2909 dubitaverit
1419 2866 1460 2909 an
1477 2846 1579 2911 virtus
1589 2849 1643 2911 llci
1655 2868 1722 2912 om-

172 2945 353 3009 diffidendo
376 2946 506 3021 dixisse,
524 2964 580 3008 cur
601 2946 630 3008 ei
647 2946 707 3008 boc
732 2964 795 3008 non
812 2963 923 3027 expro-
978 2940 1153 3023 nipotcntis
1168 2949 1275 3024 posset
1295 2944 1334 3007 de
1354 2963 1429 3008 saxo
1448 2944 1565 3027 ejicere
1583 2966 1721 3029 aquam;

172 3044 279 3107 brarit
289 3044 455 3120 Dominus,
469 3042 551 3107 sicut
561 3044 600 3105 ad
616 3052 739 3125 petram
756 3044 958 3125 undeproG
978 3039 1137 3104 dubitavit
1167 3050 1271 3104 tamen
1301 3061 1341 3104 an
1372 3062 1456 3125 aqua
1483 3044 1654 3126 ejiceretur
1683 3046 1723 3109 de

173 3143 268 3207 fluxit
287 3148 391 3226 aqual
406 3143 539 3207 Videtur
559 3144 598 3205 de
615 3151 771 3225 potestate
792 3141 919 3206 Domini
978 3148 1092 3221 petra:
1114 3148 1145 3203 et
1170 3138 1231 3202 fuit
1254 3140 1437 3204 incredulus
1463 3144 1536 3220 Deo,
1558 3162 1621 3207 non
1646 3146 1723 3227 quia

174 3243 349 3307 dubitasse.
368 3245 450 3306 llens
465 3250 571 3305 autem
590 3260 654 3305 non
675 3242 714 3305 de
729 3242 836 3305 verbis
858 3249 924 3303 tan·
977 3238 1136 3302 dubitavit
1150 3259 1190 3301 an
1206 3240 1288 3302 lleus
1303 3240 1363 3303 boc
1385 3251 1501 3323 posset,
1520 3244 1575 3305 sed
1591 3244 1666 3326 quia
1682 3264 1721 3307 cx

176 3352 254 3418 tum,
269 3343 325 3405 sed
341 3343 381 3405 de
396 3340 546 3405 cordibus
561 3340 683 3421 judicat
695 3357 702 3400 :
715 3339 836 3421 alioqui
852 3358 924 3421 pos·
978 3336 1095 3399 mentis
1105 3337 1296 3415 turbatione,
1307 3339 1371 3402 Deo
1381 3340 1427 3403 sic
1437 3340 1723 3422 permittente,non

176 3450 223 3504 set
243 3442 364 3524 Moyses
379 3439 523 3504 excusari
547 3440 586 3502 de
608 3438 715 3503 verbis
731 3438 864 3520 prolatis
883 3438 922 3502 ad
977 3435 1192 3499 consideravit
1205 3437 1371 3501 actualiter
1381 3440 1646 3522 omnipotentiam
1656 3444 1724 3522 llei,

174 3550 311 3623 petram,
328 3540 391 3603 nisi
413 3548 524 3603 contra
546 3557 617 3601 cum
641 3546 724 3601 esset
745 3536 831 3599 clara
852 3556 923 3601 sen·
978 3554 1036 3597 nec
1051 3536 1091 3597 ad
1106 3555 1176 3598 eam
1197 3537 1346 3619 respexit,
1363 3539 1418 3600 sed
1438 3540 1477 3601 ad
1493 3538 1720 3605 difficultatem

175 3640 275 3703 tentia
297 3640 363 3717 liei,
386 3639 471 3720 quod
493 3636 674 3700 diffidendo
698 3634 772 3698 talia
794 3636 919 3713 dixerit,
976 3632 1113 3696 effectus
1129 3634 1162 3696 in
1178 3652 1222 3711 se,
1240 3644 1344 3725 etper
1360 3646 1538 3719 respectum
1554 3640 1595 3701 ad
1610 3659 1722 3705 causas

172 3738 333 3819 Numquid
349 3739 389 3801 de
411 3746 500 3819 petra
516 3736 587 3811 ista,
601 3743 661 3798 etc.
680 3734 800 3798 Deinde
815 3734 920 3817 sequi·
977 3733 1156 3795 naturales:
1173 3743 1204 3796 et
1225 3734 1269 3796 ita
1291 3752 1355 3798 non
1378 3736 1513 3799 credidit
1528 3737 1603 3816 Deo,
1620 3740 1723 3822 priva·

174 3848 234 3915 tur,
249 3838 287 3899 lit
301 3836 424 3900 elevata
435 3836 554 3917 Moyses
571 3852 666 3896 manu
683 3853 751 3910 sua,
764 3833 923 3915 percussit
977 3830 1041 3893 tive
1065 3832 1166 3912 magis
1191 3850 1286 3912 quam
1315 3834 1484 3912 contrarie,
1512 3845 1622 3919 utpote
1645 3839 1721 3920 quia

173 3936 261 4017 virga
277 3934 328 3997 bis
344 3933 479 3997 silicem.
497 3934 543 3996 nd
560 3933 620 3995 boc
635 3932 756 4011 virgam
773 3932 874 4009 illam,
887 3932 920 3994 in
976 3927 1085 3992 omisit
1099 3938 1204 3992 actum
1226 3929 1316 4007 fidei,
1332 3932 1371 3993 ad
1387 3951 1481 4012 quem
1504 3954 1562 4015 pro
1585 3944 1661 4000 tunc
1678 3946 1719 4001 te

173 4053 235 4115 qua
251 4041 340 4097 tanta
350 4032 505 4095 miracula
520 4030 650 4107 fecerat,
664 4030 812 4112 sumpsit,
821 4049 921 4111 eaque
976 4027 1110 4090 nebatur
1132 4027 1221 4110 juxta
1242 4028 1433 4109 exigentiam
1458 4050 1561 4097 causa
1582 4054 1619 4098 ac
1642 4043 1720 4099 tem-

175 4142 296 4214 petram
313 4131 482 4215 percussit,
498 4139 594 4211 atquc
617 4129 691 4192 inde
709 4129 810 4192 solita
825 4128 922 4192 virtu·
975 4126 1088 4210 poris;
1112 4144 1176 4189 nnn
1201 4134 1306 4191 tamen
1331 4128 1491 4193 commisit
1516 4130 1719 4198 infidelitatis

175 4231 214 4295 tis
238 4240 288 4297 est
313 4237 504 4295 consecutus
528 4227 561 4291 ef
564 4227 677 4291 fectus.
696 4228 799 4291 Verba
824 4228 921 4309 igitur
936 4228 962 4292 D
975 4235 1081 4289 actum
1095 4225 1180 4288 actui
1195 4225 1328 4307 praefato
1346 4229 1552 4293 contrarium.

173 4330 292 4412 quibus
314 4330 371 4406 ait,
394 4326 556 4410 Numquid
578 4328 617 4391 de
639 4334 729 4409 petra
750 4328 820 4403 bac,
845 4336 918 4405 etc,
1017 4329 1185 4405 Quumque
1198 4329 1346 4387 elevasset
1356 4330 1480 4405 Moyses
1494 4350 1720 4411 martumw.

174 4436 305 4509 possent
329 4427 375 4489 sic
404 4425 519 4507 accipi,
548 4432 699 4507 tanquam
728 4424 887 4490 diceretur
910 4443 917 4485 ε
974 4427 1100 4487 cutiens
1114 4425 1209 4501 cirea
1224 4427 1271 4485 bis
1286 4428 1421 4487 silicem.
1439 4427 1657 4495 Communiter
1672 4433 1721 4495 di·

174 4527 293 4609 Nempe
315 4546 354 4589 ex
375 4526 434 4588 bac
459 4534 560 4607 petra,
582 4525 756 4587 secundnm
778 4533 915 4587 vestram
975 4524 1067 4600 citur,
1079 4525 1166 4605 quod
1176 4522 1226 4587 bis
1236 4524 1398 4606 percussit
1410 4526 1486 4606 quia
1496 4526 1529 4588 in
1540 4528 1644 4609 primo
1654 4530 1720 4595 ictu

174 4624 442 4701 incredulitatem,
459 4642 542 4706 aqua
557 4623 648 4685 educi
665 4642 728 4686 non
746 4630 868 4705 potcst;
885 4632 920 4685 ut
975 4630 1065 4705 petra
1087 4640 1151 4685 uon
1173 4630 1221 4684 est
1242 4621 1350 4699 scissa,
1368 4640 1427 4685 nec
1448 4625 1572 4687 vomuit
1589 4646 1717 4709 aquam,

172 4734 278 4787 autem
293 4722 503 4805 percutiendo
519 4721 749 4797 ostenderetur,
765 4720 921 4784 divinitus
975 4731 1106 4803 propter
1119 4719 1233 4804 Moysis
1248 4720 1503 4785 incredulitatem
1523 4743 1579 4788 seu
1594 4726 1720 4791 dubita-

173 4822 245 4885 ficri
267 4821 411 4905 potuisse
430 4820 515 4901 quod
532 4818 581 4881 illi
602 4818 634 4881 in
656 4817 847 4883 infidelitate
863 4839 919 4882 sua
975 4820 1106 4885 tionem.
1123 4821 1156 4883 ln
1172 4820 1312 4882 secundo
1333 4828 1439 4883 autem
1460 4820 1525 4884 ictu
1546 4823 1650 4887 divisa
1668 4836 1718 4890 est

173 4939 236 4984 non
247 4918 431 4995 credebant,
445 4918 582 4981 maxime
591 4917 743 4999 quoniam
756 4918 845 4995 dixit,
859 4920 920 4981 Au·
973 4929 1073 5002 petra,
1087 4928 1119 4982 et
1132 4937 1248 5000 aquam
1264 4917 1408 4998 diffudit,
1422 4938 1485 4983 non
1500 4922 1585 5002 quod
1597 4923 1717 5007 Moyses

171 5018 236 5082 dite
251 5038 315 5097 me,
329 5016 494 5093 increduli,
511 5017 591 5079 Num
608 5017 647 5079 de
664 5024 753 5097 petra
768 5017 838 5094 bae,
856 5026 918 5080 etc.
974 5027 1049 5081 tunc
1071 5018 1228 5095 credebat,
1246 5018 1301 5080 sed
1323 5037 1361 5081 ex
1381 5019 1497 5101 pietate
1517 5020 1637 5100 divina,
1654 5044 1719 5106 qua

171 5118 232 5181 Sed
247 5119 330 5183 Deus
346 5116 402 5199 qui
422 5115 584 5198 inspector
598 5124 646 5179 cst
664 5115 781 5191 cordis,
801 5114 920 5180 indica·
974 5118 1055 5181 Deus
1084 5135 1177 5179 suum
1207 5117 1398 5198 promissum
1430 5117 1587 5201 implerit.
1614 5122 1719 5187 Potest

171 5216 218 5279 rit
232 5234 298 5297 quo
312 5215 421 5279 animo
436 5214 556 5295 Moyses
576 5214 620 5277 ita
638 5214 762 5277 locutus
777 5222 826 5277 est
843 5231 850 5276 :
868 5214 921 5276 nit
973 5215 1069 5279 etiam
1092 5214 1167 5292 dici,
1183 5217 1269 5297 qnod
1284 5216 1347 5280 lleo
1369 5215 1415 5278 sic
1438 5216 1646 5298 dispensante
1669 5222 1718 5284 bis

170 5314 270 5393 enim,
282 5313 438 5388 Quoniam
449 5332 514 5378 nou
524 5312 704 5377 credidistis
715 5313 917 5377 sanctificare
974 5312 1142 5397 percussit,
1159 5322 1289 5395 propter
1303 5314 1490 5397 mysterium
1504 5332 1512 5378 :
1528 5317 1606 5399 quia
1620 5328 1656 5381 ut
1671 5338 1721 5383 as·
