4309 6259
410 483 467 548 ¹86
787 509 961 557 mannano
984 509 1015 555 m
1035 509 1104 556 car.
1129 508 1181 554 vui
1202 509 1338 556 nauum.
1361 527 1401 540 -
1421 510 1491 556 aar.
1514 508 1568 556 xlx

407 687 511 741 vestes
540 680 668 743 usuales
698 680 810 744 induta
825 706 832 755 3
860 693 890 743 et
914 686 1054 744 indueus
1076 705 1150 744 eum
1165 681 1191 743 Α
1207 691 1279 745 tuor
1294 682 1435 746 materiis
1451 682 1565 746 factus.
1576 682 1702 744 Sextum
1718 681 1808 758 tiara,
1824 682 1884 746 hoc
1898 690 1950 745 est

407 779 520 838 lunico
535 781 752 856 hyacinthino
768 799 863 862 super
882 782 1022 845 balteum
1044 783 1148 860 illum,
1206 781 1301 843 mitra
1322 783 1360 844 de
1381 781 1486 863 bysso.
1507 781 1682 862 Septimum
1703 781 1821 844 lamina
1840 799 1947 858 aurea,

404 887 435 937 et
458 880 594 954 desuper
618 882 785 940 humerale
806 883 970 959 imposuit,
987 886 1073 961 quod
1093 886 1150 942 od-
1206 879 1350 962 pendens
1374 888 1448 942 ante
1475 879 1610 942 frontem
1636 878 1809 961 pontificis,
1828 879 1861 941 in
1886 899 1950 960 qua

403 977 845 1054 strirtperzsclrtpulo,uptouit
860 983 1075 1052 rationall,iu
1086 1002 1149 1061 quo
1207 995 1322 1040 nomen
1343 978 1469 1041 Domini
1492 984 1767 1056 tetragrammaton
1794 977 1948 1059 seriptum

404 1085 474 1136 erut
495 1077 652 1136 Doctrina
672 1086 702 1136 et
726 1080 859 1139 Veritus.
879 1082 993 1141 cidari
1013 1101 1148 1160 quoque,
1207 1075 1278 1137 tuit.
1297 1075 1447 1139 Octavum
1470 1074 1634 1139 feminalia
1654 1075 1739 1138 linea
1752 1077 1791 1138 ad
1807 1076 1950 1158 operien-

405 1172 437 1234 id
463 1181 511 1234 est
533 1173 638 1251 mitra,
657 1178 736 1234 tecit
757 1185 865 1254 copul.
887 1180 931 1238 Et
948 1198 1044 1255 super
1064 1200 1150 1249 cam,
1206 1175 1281 1236 dum
1298 1174 1508 1256 turpitudinis
1523 1193 1662 1252 earnem,
1680 1175 1806 1255 quando
1821 1175 1949 1237 accede·

404 1281 516 1332 contro
535 1273 688 1350 frontem,
705 1278 814 1352 posuit
834 1278 994 1336 lominum
1014 1299 1149 1339 auream
1206 1282 1253 1336 ret
1263 1273 1302 1335 ad
1319 1272 1534 1336 sanctuarium
1551 1273 1600 1336 vel
1616 1272 1725 1335 altare.
1738 1273 1782 1334 Ex
1796 1272 1847 1335 his
1862 1282 1945 1348 oete,

404 1382 619 1432 consecratum
640 1375 676 1432 iu
693 1376 960 1450 sanctificatione,
977 1375 1010 1438 id
1029 1386 1078 1438 est
1097 1376 1150 1438 de
1206 1373 1384 1464 sacerdotes
1417 1369 1586 1434 inferiores
1620 1371 1779 1434 habebant
1811 1380 1947 1452 quatuor

405 1477 547 1550 putatam
564 1468 712 1551 pontifici
729 1470 761 1532 in
778 1471 904 1552 signum
924 1474 1026 1536 sancti
1043 1472 1148 1537 officii
1204 1478 1401 1547 ornamenta,
1429 1470 1578 1532 videlicet
1603 1469 1777 1546 feminalia,
1805 1470 1944 1533 tunicam

405 1566 455 1628 sui
477 1568 517 1628 ad
540 1567 593 1630 Dei
617 1568 781 1646 honorem,
806 1571 855 1632 vel
877 1579 1094 1634 consecratam
1115 1571 1148 1634 in
1205 1568 1333 1645 lineam,
1352 1570 1490 1632 balteum
1507 1578 1538 1632 et
1555 1569 1677 1632 tiaram.

405 1665 659 1730 sanctificatione
683 1687 740 1729 sua
764 1667 950 1747 formaliter,
978 1689 1048 1752 quae
1072 1671 1148 1734 huie
1245 1668 1470 1730 Verumtamen
1493 1668 1732 1744 advertendum,
1755 1669 1839 1748 quod
1861 1667 1946 1730 tosa

405 1765 532 1828 laminas
552 1766 738 1845 debebatur,
754 1769 1023 1850 quemadmodum
1044 1771 1148 1852 ponti·
1205 1766 1287 1849 phus
1305 1774 1337 1830 et
1356 1786 1428 1829 eum
1450 1775 1629 1848 sequentes,
1647 1767 1757 1829 dieunt
1777 1765 1875 1830 fuisse
1893 1767 1945 1830 de-

404 1862 457 1928 fex
473 1873 588 1927 unctus
602 1875 652 1928 est
667 1866 700 1928 in
717 1866 866 1931 unctione
882 1868 910 1930 ei
926 1869 1044 1931 debita.
1168 1868 1189 1929 B
1203 1885 1271 1928 cem
1289 1866 1495 1929 sacerdotalia
1509 1873 1714 1940 ornamenta3
1731 1875 1762 1928 et
1777 1885 1831 1928 sex
1847 1865 1945 1928 fuisse

444 1964 629 2044 'funguntur
658 1965 709 2028 hic
734 1966 873 2029 breviter
899 1967 1088 2031 vestimenta
1117 1977 1148 2031 et
1204 1964 1352 2047 pontifici
1370 1965 1509 2048 propria,
1527 1965 1649 2030 scilicet
1664 1965 1803 2028 tunicam
1821 1965 1946 2048 hyacin-

403 2065 590 2125 ornamenta
606 2065 771 2146 pontificis
787 2085 922 2146 quorum
943 2067 1050 2148 aliqua
1069 2067 1148 2130 infe·
1204 2064 1338 2141 thinam,
1375 2065 1648 2146 superhumerale,
1684 2065 1849 2142 rationale,
1880 2064 1945 2126 bal-

404 2161 542 2224 rioribus
558 2164 775 2227 sacerdotibus
791 2174 880 2228 erant
899 2167 1092 2230 eommunia.
1111 2169 1148 2229 Et
1204 2171 1301 2240 lemn
1318 2163 1446 2224 mitram
1466 2163 1704 2245 hyacinthinam
1725 2181 1781 2226 seu
1799 2162 1944 2238 cidarim,

370 2304 377 2316 ·
404 2261 511 2324 omnia
527 2261 587 2324 ista
602 2281 698 2344 snper
712 2264 853 2327 Exodum
871 2263 990 2328 diffuse
1006 2266 1148 2346 exposita
1203 2268 1235 2324 et
1259 2280 1386 2324 auream
1411 2261 1574 2324 laminam.
1592 2262 1710 2344 Nempe
1734 2270 1769 2326 ut
1791 2262 1946 2343 losephus

269 2349 340 2386 ¹¹¹¹¹¹·
369 2370 374 2380 ·
403 2368 488 2421 sunt.
500 2359 559 2422 Sed
575 2361 650 2440 quia
665 2363 821 2444 expositio
837 2364 897 2425 ista
912 2364 952 2426 ab
968 2363 1025 2425 illa
1039 2364 1146 2427 forsan
1203 2361 1304 2438 docet,
1315 2360 1431 2443 duplex
1442 2361 1561 2424 exstitit
1572 2361 1796 2450 balteus,unus
1807 2362 1947 2424 sacerdo

402 2459 486 2540 apud
511 2460 665 2539 quosdam
690 2460 850 2542 disjuncta
873 2462 945 2539 erit,
969 2482 1040 2543 qua
1063 2463 1149 2526 dicta
1205 2468 1282 2536 tum,
1296 2459 1375 2522 alter
1390 2458 1697 2542 pontificislluplex
1711 2477 1838 2541 quoque
1855 2459 1943 2533 tiara,

403 2565 478 2618 sunt
493 2557 550 2633 ibi,
563 2567 696 2639 possunt
713 2579 797 2623 nune
812 2561 930 2642 partim
946 2561 1148 2643 breviterque
1203 2577 1267 2622 una
1283 2557 1457 2640 pontificis,
1468 2558 1531 2620 alia
1545 2558 1834 2621 sacerdotumNam
1853 2558 1947 2620 mitra

403 2656 533 2718 resumi.
546 2657 653 2738 ltaque
669 2657 702 2719 in
718 2658 822 2740 prima
836 2661 993 2737 secundae,
1004 2661 1148 2740 quaestio
1203 2659 1402 2721 sacerdotum
1420 2657 1481 2719 luit
1496 2659 1534 2721 de
1551 2659 1655 2740 bysso,
1673 2657 1768 2720 mitra
1782 2657 1946 2739 pontilicis

403 2773 444 2816 ne
459 2753 528 2830 toa,
541 2754 682 2836 loquitur
697 2757 833 2820 Thomas
851 2778 858 2822 :
875 2756 1020 2821 Pontifex
1035 2759 1148 2821 babuit
1202 2758 1242 2820 de
1258 2757 1441 2839 hyacintho,
1459 2775 1530 2838 quaa
1545 2757 1578 2819 in
1594 2757 1698 2838 eapite
1713 2754 1876 2839 pontificis
1892 2775 1948 2839 po

402 2861 473 2916 octo
494 2851 691 2917 ornamenta.
717 2855 822 2918 Primo
846 2857 932 2920 enim
958 2857 1069 2919 habuit
1093 2877 1146 2920 ve·
1203 2855 1336 2918 uebatur
1357 2874 1452 2937 supra
1472 2855 1597 2917 mitram
1618 2854 1791 2938 byssinam.

402 2958 483 3014 stem
499 2951 628 3015 lineam.
646 2953 801 3032 Secundo,
816 2955 954 3017 tunicam
971 2955 1147 3037 hyacinthi·
1240 2958 1339 3025 Tulit,
1354 2954 1415 3018 hoc
1431 2962 1489 3030 est,
1502 2953 1620 3036 Moyses
1637 2954 1769 3036 accepit,
1781 2966 1810 3016 et
1826 2957 1948 3015 unctio

402 3069 487 3127 nam,
505 3051 539 3112 in
560 3052 653 3132 eujus
675 3050 821 3116 inferiori
843 3053 1040 3117 extremitate
1062 3055 1147 3118 eirca
1164 3058 1186 3121 C
1203 3055 1254 3114 uis
1269 3058 1374 3114 oleum
1388 3073 1449 3132 quo
1467 3055 1589 3126 linivit,
1607 3053 1639 3115 id
1662 3061 1710 3116 est
1730 3053 1830 3131 unxit,
1849 3055 1948 3114 tohu-

401 3150 498 3231 pedes
518 3150 699 3230 pendebant
720 3151 948 3229 tintinnabula,
969 3160 1005 3215 ut
1026 3154 1147 3217 audire
1202 3155 1359 3212 naculum
1380 3171 1454 3211 cum
1476 3153 1567 3212 omui
1586 3154 1776 3228 supellectili
1797 3172 1870 3220 suo,
1887 3151 1946 3213 hoe

401 3258 453 3310 tur
477 3266 574 3311 sonus
600 3249 829 3328 ingredientis3
857 3251 1005 3333 malaque
1029 3252 1146 3334 punica
1202 3258 1336 3312 osteum
1354 3249 1531 3312 attinentiis
1547 3250 1614 3312 suis
1629 3259 1660 3313 ct
1674 3250 1833 3314 contentis
1849 3249 1946 3323 ineo,

402 3345 485 3409 faeta
509 3367 547 3410 ex
569 3347 739 3428 hyacintho
762 3357 793 3410 ot
814 3352 965 3432 purpura,
988 3369 1146 3432 coccoque
1203 3357 1279 3431 puta
1293 3367 1366 3410 cum
1383 3347 1467 3410 vasis
1482 3348 1549 3410 suis
1565 3357 1596 3412 et
1611 3349 1701 3411 altari
1717 3349 1943 3431 thymiamatis.

402 3445 452 3509 bis
472 3444 570 3508 tincto
593 3454 624 3508 et
647 3446 740 3528 bysso
763 3456 888 3510 retorta.
907 3448 1013 3512 Tertio
1034 3449 1147 3512 habuit
1202 3446 1426 3510 Fiebatautem
1443 3446 1551 3510 unctio
1567 3447 1679 3510 horum
1696 3465 1759 3512 non
1777 3467 1832 3529 per
1847 3456 1943 3510 totam

402 3544 673 3627 superhumerale,
690 3547 774 3627 quod
791 3546 869 3608 texit
883 3546 1033 3610 humeros
1047 3556 1079 3610 et
1094 3567 1147 3611 an·
1202 3544 1407 3628 superficiem
1434 3546 1630 3624 eorumdem,
1657 3547 1711 3610 sed
1740 3546 1775 3609 in
1801 3547 1945 3630 partibus

402 3642 550 3706 terionem
572 3644 716 3725 corporis
743 3653 863 3726 partem
890 3666 991 3728 usque
1016 3648 1055 3710 ad
1077 3647 1146 3710 oin·
1203 3645 1309 3722 certis,
1327 3645 1427 3724 digito
1454 3645 1552 3708 tincto
1579 3645 1612 3707 in
1636 3645 1718 3722 oleo,
1735 3654 1767 3708 et
1791 3665 1829 3709 ex
1849 3664 1887 3709 eo
1909 3646 1946 3708 li-

401 3742 523 3824 gulum,
549 3743 635 3824 quod
666 3743 728 3805 fuit
757 3764 795 3806 ox
824 3745 966 3826 praefatis
991 3745 1144 3809 materiis.
1204 3744 1312 3808 niente
1338 3751 1441 3825 partes
1468 3745 1663 3826 hujusmodi.
1682 3749 1849 3825 Quumque
1872 3766 1947 3806 sou-

400 3839 552 3915 Quartum
572 3840 635 3904 fuit
655 3842 808 3906 rationale
828 3863 865 3907 ex
883 3846 993 3908 eadem
1014 3844 1147 3908 materia
1202 3845 1348 3920 ctificons
1373 3846 1577 3921 adspersisset
1602 3849 1706 3904 ultore
1729 3855 1846 3922 septem
1869 3846 1948 3904 oica·-

401 3949 561 4018 eonstans‚
578 3942 664 4022 quod
687 3950 754 4005 crat
775 3945 977 4024 quadratum,
995 3952 1027 4007 et
1049 3963 1147 4026 pone
1203 3945 1259 4002 buo
1275 3960 1286 4002 :
1303 3942 1362 4005 hoc
1386 3941 1576 4021 intelligitur
1598 3944 1637 4006 de
1659 3943 1749 4006 altari
1769 3943 1947 4006 holocausti

402 4039 495 4102 batur
516 4039 549 4101 in
573 4049 700 4121 pectore
720 4059 727 4102 :
751 4042 783 4104 in
806 4060 869 4123 quo
891 4043 1037 4106 rationali
1057 4052 1148 4107 erant
1202 4041 1372 4122 quoderat
1391 4041 1424 4102 in
1445 4041 1537 4118 atrio,
1555 4042 1641 4122 quod
1659 4041 1873 4105 sanctificavit
1891 4061 1948 4104 seu

402 4138 570 4201 duodecim
600 4139 723 4221 lapides
753 4141 895 4222 pretiosi,
926 4161 982 4224 per
1012 4151 1148 4224 quatuor
1203 4140 1402 4202 consecravit
1417 4141 1456 4202 de
1472 4141 1627 4222 sanguine
1643 4140 1764 4217 hostiae,
1782 4140 1860 4202 illud
1878 4159 1950 4222 sep

401 4235 531 4300 ordines
552 4235 706 4314 distincti,
724 4238 757 4300 in
778 4238 895 4320 quibus
915 4240 1038 4322 sculpta
1057 4246 1187 4307 erantl)
1204 4238 1263 4301 ties
1286 4239 1529 4320 adspergend03
1554 4243 1652 4300 uouit
1675 4242 1762 4300 illud
1781 4237 1814 4300 in
1834 4239 1949 4320 aliqui-

403 4335 534 4398 nomina
549 4335 716 4399 duodecim
734 4336 876 4401 filiorum
891 4338 996 4410 lsrael,
1014 4340 1053 4402 ad
1069 4339 1148 4402 desi·
1204 4336 1263 4398 bus
1294 4337 1439 4419 partibus
1468 4338 1563 4400 modo
1593 4346 1752 4420 prataeto,
1777 4347 1807 4398 et
1836 4339 1947 4398 urnula

401 4435 563 4514 gnandum
589 4436 674 4517 quod
698 4435 817 4517 jugiter
841 4446 925 4500 esset
949 4457 1007 4520 pro
1036 4456 1146 4502 eorum
1203 4437 1585 4516 amorrhaeorumque
1606 4459 1680 4498 cum
1703 4426 1771 4498 basi
1791 4457 1851 4496 aua
1871 4457 1946 4496 aan—

402 4533 504 4596 salutc
520 4533 685 4597 sollicitus.
704 4535 737 4597 ln
754 4536 902 4599 rationali
918 4555 1047 4619 quoque
1062 4555 1148 4599 man·
1202 4537 1359 4612 ctifieooit
1384 4538 1449 4595 olco
1473 4535 1647 4597 unctionis.
1674 4534 1813 4609 Qualiter
1837 4533 1945 4596 omnia

402 4630 489 4694 davit
515 4631 666 4695 Dominus
689 4633 765 4715 poni
791 4634 972 4697 Doctrinam
1002 4644 1035 4698 et
1059 4635 1147 4697 Veri·
1203 4633 1263 4695 ista
1289 4641 1364 4695 sunt
1389 4633 1482 4710 facta,
1511 4633 1543 4694 in
1574 4633 1679 4696 Exodo
1708 4633 1827 4696 dietum
1849 4641 1945 4713 atque
1969 4661 2099 4706 em,

402 4739 510 4807 tatem,
537 4731 687 4812 quoniam
717 4733 862 4814 quadam
888 4734 1082 4816 pertinentia
1107 4733 1146 4796 ad
1203 4732 1381 4814 expositum
1399 4740 1457 4794 est.
1476 4736 1566 4802 Quod
1580 4735 1724 4810 [urricus
1737 4753 1834 4811 cuper
1848 4742 1945 4809 copul
1962 4725 1997 4766 ²5·

402 4829 567 4892 veritatem
582 4830 714 4911 justitia
732 4840 764 4894 et
783 4832 946 4909 doctrina,
964 4833 1147 4896 scribeban-
1203 4834 1326 4903 Aaron,
1344 4831 1403 4894 hoe
1423 4839 1481 4907 cst,
1499 4831 1620 4912 aliquid
1644 4831 1683 4895 dc
1703 4832 1773 4894 oleo
1795 4830 1851 4893 illo
1874 4828 1947 4892 fun—

402 4937 454 4990 tur
473 4929 507 4990 in
529 4929 585 4992 illo
610 4930 768 4993 rationali.
784 4931 882 4994 ludaei
904 4951 979 4995 vero
1004 4931 1148 4994 fabulan-
1203 4930 1281 4992 dens
1297 4949 1393 5012 super
1408 4937 1504 5012 caput
1519 4929 1695 5012 pontificis,
1713 4933 1809 4992 uouit
1823 4951 1896 4990 euru
1912 4928 1945 4991 in

403 5037 465 5104 tur,
482 5028 566 5108 quod
588 5027 620 5088 in
642 5027 787 5090 rationali
809 5038 876 5092 erat
896 5029 989 5112 lapis,
1011 5031 1067 5112 qui
1091 5051 1147 5113 per
1203 5028 1382 5112 prosalem,
1404 5040 1432 5089 ct
1454 5031 1648 5090 consecravit
1673 5030 1712 5091 ad
1736 5029 1945 5092 exercendum

402 5125 546 5188 diversos
560 5126 681 5190 colores
701 5127 895 5205 mutabatur,
912 5130 1087 5192 seeundum
1104 5130 1148 5192 di·
1205 5126 1390 5210 pontificale
1414 5126 1572 5190 officium.
1597 5127 1691 5190 Unxit
1716 5127 1811 5190 etiarn
1834 5146 1947 5190 manus

403 5243 495 5287 versa
509 5243 581 5304 quaa
601 5223 679 5286 filiis
697 5224 788 5287 lsrael
810 5226 971 5289 debebant
991 5227 1145 5291 accidere.
1205 5225 1317 5308 ipsius.
1345 5227 1447 5288 Filios
1468 5247 1592 5306 quoque
1613 5226 1684 5304 ejus
1705 5228 1822 5287 oblutas
1845 5247 1948 5286 conse-

402 5319 553 5395 Quintum
580 5320 642 5383 fuit
665 5321 800 5401 balteus,
824 5343 863 5386 ex
886 5325 1047 5406 predictis
1071 5345 1148 5407 qua·
1204 5327 1309 5386 oravit
1332 5323 1476 5400 Domino,
1501 5325 1688 5405 vestivitque
1714 5327 1832 5386 tunicis
1852 5326 1947 5385 tineis
