4309 6259
814 476 987 523 EMAMRATiO
1009 476 1040 521 tn'
1060 476 1131 523 CAP.
1153 475 1174 520 Χ
1194 474 1429 521 DEMTEMONOMM.
1450 492 1492 502 -
1512 474 1583 519 altr.
1606 475 1638 520 xt

1014 886 1336 975 ARTICULUS
1375 887 1437 971 XI

515 1161 706 1211 EXPLAMA'HO
728 1160 902 1207 ttrrettxtts
926 1159 1063 1205 GAPlTUbi
1085 1158 1188 1204 oactttt
1210 1158 1217 1202 Ζ
1241 1158 1272 1203 ut
1293 1157 1432 1203 amona
1453 1158 1518 1205 ibw
1538 1158 1621 1205 Dim
1642 1158 1773 1206 boninus
1795 1161 1838 1206 ΑΙ)
1861 1162 1903 1206 ME
1924 1161 1932 1205 :

925 1258 1004 1303 boux
1024 1257 1085 1302 ’ΠΒΙ
1106 1257 1186 1303 bons
1207 1256 1345 1302 ructas
1367 1257 1525 1303 txrmsxs

512 1542 673 1619 notras
705 1538 939 1615 misericordia,
974 1546 1006 1601 et
1034 1534 1236 1599 beneficiati
1290 1536 1376 1595 Filii
1393 1546 1502 1597 antem
1523 1538 1624 1597 Israel
1644 1550 1811 1600 rnooernnt
1828 1552 1936 1603 castro
1952 1564 1993 1602 ec

519 1644 573 1707 Dei
597 1642 636 1705 ad
662 1638 816 1722 populum
842 1635 947 1713 lsrael,
966 1635 1069 1697 adhuc
1094 1633 1196 1696 decia·
1252 1636 1368 1695 Berotlt
1381 1638 1528 1713 fitiorum
1542 1640 1656 1698 Jocan.
1673 1638 1758 1701 istud
1782 1658 1847 1703 uon
1874 1640 1935 1704 iuit
1950 1641 1992 1704 ia·

450 1752 560 1807 rantur
576 1742 609 1804 in
636 1740 697 1803 isto
719 1737 870 1820 capitulo.
898 1739 939 1797 In
966 1745 1104 1811 ternpore
1126 1734 1194 1803 itto,
1249 1739 1335 1794 ctum
1351 1732 1533 1796 immediate
1548 1744 1620 1815 post
1640 1736 1790 1816 prodicta
1809 1738 1850 1800 de
1870 1759 1942 1802 arca
1961 1750 1989 1803 et

449 1862 549 1926 quum
565 1840 714 1906 videlicet
730 1839 948 1919 impetrassem
965 1852 983 1895 a
1000 1833 1134 1895 Domino
1149 1851 1196 1893 re
1250 1830 1377 1906 tabuiis,
1391 1831 1456 1894 imo
1471 1850 1530 1895 nec
1546 1832 1729 1896 immediate
1744 1844 1816 1925 post
1831 1855 1988 1900 recessum

450 1941 635 2004 missionem
659 1935 853 2000 adorationis
875 1932 963 1995 aurei
986 1930 1092 2007 vituli,
1107 1933 1196 1991 dixit
1249 1947 1268 1990 a
1283 1929 1381 2006 Sinai,
1399 1932 1454 1993 sed
1471 1932 1747 2012 postcadiu.Nam
1764 1934 1939 1997 subditur:
1957 1940 1989 1997 in

403 2092 409 2102 .
451 2039 855 2103 Dorninnsadrne:Dotc
879 2035 938 2094 tibi
961 2036 1044 2092 duaa
1070 2032 1196 2091 tabutas
1250 2031 1388 2099 Morere,
1407 2032 1462 2089 nbi
1475 2034 1588 2092 Aaron
1610 2044 1756 2094 mortuns
1770 2044 1869 2095 astae
1891 2040 1991 2113 ceput-

396 2156 401 2167 ·
449 2142 594 2217 lapideas
616 2140 699 2198 sicut
724 2136 863 2213 priores,
887 2149 968 2214 quas
996 2127 1196 2211 projiciendo
1250 2138 1312 2190 tna.
1330 2131 1413 2190 Inde
1427 2143 1585 2193 venerunt
1606 2136 1643 2193 in
1666 2137 1813 2211 Gadyad.
1840 2135 1992 2199 Praeterea

450 2238 586 2319 fregisti,
617 2237 767 2314 snernrn,
795 2243 825 2294 ct
852 2234 985 2293 ascende
1014 2232 1059 2291 art
1084 2229 1194 2287 mein
1248 2226 1396 2290 diiiicilis
1410 2230 1545 2310 quaestio
1560 2230 1893 2307 nascitueruomodo
1909 2254 1991 2297 nunc

449 2346 598 2397 montem.
617 2335 702 2397 istud
733 2333 765 2395 in
796 2331 902 2393 Exodo
928 2328 1107 2410 expositum
1133 2332 1192 2387 est.
1248 2327 1371 2390 dicatur
1388 2328 1491 2392 Aaron
1512 2340 1706 2395 mortuusac
1722 2334 1866 2416 sepultus
1881 2336 1915 2397 iu
1935 2336 1992 2399 Mo

447 2433 672 2516 Porro‚primae
687 2431 757 2495 duae
773 2428 888 2493 nbutae
905 2426 1034 2489 iuerunt
1049 2423 1194 2504 angelico
1248 2445 1328 2502 sera,
1351 2446 1450 2508 quum
1474 2428 1508 2489 in
1533 2429 1677 2493 Numeris
1702 2432 1823 2512 tegatur
1846 2444 1991 2497 mortuus
2021 2449 2112 2491 otuu·

447 2532 600 2614 obsequio
616 2536 809 2614 praeparate,
819 2527 973 2590 secundos
988 2542 1063 2587 vero
1073 2523 1193 2603 Moyses
1247 2544 1284 2587 oc
1299 2526 1442 2608 sepultus
1458 2528 1491 2589 in
1507 2538 1615 2591 monte
1630 2530 1702 2593 Hor.
1716 2530 1775 2593 Sed
1791 2532 1831 2594 od
1846 2532 1908 2596 boc
1923 2534 1992 2596 diii·
2005 2513 2065 2551 Μ’

445 2630 648 2715 preparavit,
667 2629 717 2692 vel
740 2628 816 2703 suis,
835 2626 884 2689 vei
907 2624 1069 2687 artificum
1092 2621 1193 2684 mani·
1246 2633 1357 2702 genter
1372 2644 1559 2708 responsum
1575 2636 1623 2690 est
1638 2629 1671 2690 in
1691 2629 1890 2711 expositione
1915 2652 1991 2714 praL

447 2730 516 2794 bus.
541 2732 714 2809 Fractusque
739 2748 849 2789 orcam
875 2728 1029 2802 tr'pnearn,
1046 2732 1141 2805 prout
1156 2722 1190 2783 in
1209 2721 1372 2801 Battegau
1388 2722 1595 2787 Numerorum
1611 2726 1754 2807 capituti.

328 2843 332 2853 ·
446 2830 551 2893 Exodo
568 2828 713 2903 babetur,
730 2844 826 2908 quam
843 2824 946 2905 Moyse
960 2822 1094 2904 jubente
1115 2820 1191 2883 iecit
1287 2824 1333 2883 Mo
1359 2832 1497 2900 ternpore
1517 2828 1668 2901 separant
1692 2828 1813 2887 tribum
1837 2830 1931 2897 Levi,
1956 2840 1991 2889 nt

444 2928 580 2991 Bescieei
596 2951 603 3001 ;
620 2936 650 2987 et
664 2928 803 2986 scribam
823 2926 857 2983 in
875 2924 993 2983 tabulis
1010 2922 1103 2980 verba
1119 2941 1191 2999 qnae
1244 2931 1387 2995 portaret
1401 2942 1512 2982 arcam
1526 2923 1657 2999 soederis
1672 2927 1820 2995 Domini,
1841 2936 1872 2986 et
1892 2938 1991 2987 staret

442 3032 580 3108 fuerunt
597 3028 632 3087 in
648 3027 711 3095 nis,
727 3044 807 3104 qnos
829 3032 903 3083 anto
927 3019 1126 3096 consrepisti,
1145 3026 1191 3079 ut·
1243 3038 1351 3079 coram
1365 3041 1400 3080 eo
1416 3022 1453 3081 in
1468 3023 1662 3095 ministerio,
1680 3043 1718 3083 ac
1732 3025 1928 3087 benediceret
1955 3030 1988 3087 in

443 3134 516 3209 pote
545 3128 654 3189 decem
685 3129 853 3206 praecepta.
885 3120 974 3183 Circa
1003 3118 1063 3181 hoc
1089 3118 1190 3180 oritur
1243 3120 1373 3179 nomine
1392 3122 1485 3180 iltius
1505 3142 1604 3201 usque
1622 3123 1657 3182 in
1671 3134 1864 3199 presentem
1888 3128 1987 3187 dnm.

441 3226 586 3306 questio,
609 3224 696 3306 quia,
720 3221 894 3285 secundum
920 3218 1133 3299 Augustinum
1158 3224 1190 3279 et
1242 3214 1375 3291 Quidam
1391 3219 1586 3301 expositores
1602 3220 1746 3283 reierunt
1760 3222 1845 3285 istud
1856 3224 1897 3286 ad
1914 3232 1991 3287 tem-

441 3324 595 3401 Gtossam‚
622 3323 741 3405 Moyses
772 3320 910 3382 dictante
943 3317 1087 3392 Domino,
1114 3316 1190 3378 scri·
1244 3336 1303 3398 pus
1319 3327 1389 3400 post
1406 3327 1540 3381 mortem
1555 3319 1671 3396 Aaron,
1689 3329 1720 3383 et
1735 3330 1808 3402 post
1823 3341 1986 3403 egressum

442 3423 507 3506 psit
521 3421 659 3505 propriis
684 3418 832 3482 manibus
848 3418 957 3480 decem
981 3423 1139 3498 precepta
1155 3414 1188 3476 in
1244 3416 1283 3479 de
1307 3417 1528 3481 mansionibus
1549 3419 1614 3500 jam
1640 3421 1809 3501 praetactis,
1834 3422 1878 3484 ita
1902 3425 1988 3504 quod

443 3522 559 3586 tabulis
575 3521 643 3583 istis
660 3519 818 3595 secundis,
836 3536 907 3599 quae
924 3516 957 3578 in
974 3515 1086 3597 primis
1102 3513 1190 3577 tabu·
1244 3514 1363 3578 iactum
1394 3517 1436 3579 sit
1463 3518 1706 3598 quadragesimo
1730 3538 1814 3582 anuo
1840 3531 1915 3601 post
1938 3542 1989 3585 cx-

442 3624 482 3685 lis
507 3620 625 3703 scripta
651 3620 780 3683 iucruut
811 3617 915 3679 eDeo
945 3634 1001 3697 per
1026 3613 1186 3694 angelum.
1243 3614 1322 3676 itum
1342 3615 1382 3677 de
1401 3615 1544 3698 AEgypto.
1561 3616 1691 3699 Propter
1712 3616 1796 3698 quod
1824 3630 1984 3700 quarunt,

442 3722 530 3784 Unde
555 3720 587 3782 in
613 3719 718 3782 Exodo
743 3716 902 3779 babetur:
927 3713 1010 3775 Dixit
1034 3710 1189 3775 Dominus
1243 3715 1402 3795 quomodo
1416 3715 1574 3796 separatio
1590 3714 1650 3803 ista
1665 3716 1844 3779 Levitarum
1860 3718 1986 3781 dicatur

442 3822 482 3883 ad
497 3820 621 3902 Moysen
640 3815 769 3880 :Scribe
785 3814 842 3876 tibi
859 3812 956 3875 rerba
972 3811 1050 3874 haec.
1063 3811 1101 3872 Et
1116 3809 1190 3871 sub
1243 3821 1319 3875 tunc
1330 3812 1423 3890 iacta,
1433 3832 1532 3895 quum
1547 3814 1612 3894 jam
1628 3822 1702 3877 ante
1717 3814 1814 3878 iuerit
1829 3815 1925 3894 iacta,
1936 3838 1986 3880 au·

443 3920 528 3982 ditur
554 3918 599 3980 ibi
624 3936 630 3981 :
659 3916 696 3977 lit
720 3913 848 3996 scripsit
872 3911 991 3993 Moyses
1013 3910 1046 3971 in
1072 3908 1189 3970 tabulis
1205 3897 1227 3961 C
1245 3920 1274 3973 te
1291 3930 1449 3975 recessum
1465 3911 1591 3974 aSinai.
1604 3912 1693 3976 Unde
1702 3913 1783 3995 Lyra
1795 3914 1848 3976 bic
1864 3916 1984 3985 scribit.

442 4017 539 4080 verba
555 4015 684 4079 ioederis
709 4014 829 4075 decem.
856 4008 1018 4084 Quomodo
1034 4007 1187 4070 Dominus
1243 4011 1329 4092 quod
1350 4011 1544 4092 expositores
1570 4011 1669 4074 nostri
1694 4012 1909 4077 dubitationes
1931 4014 1985 4076 bas

442 4116 486 4178 ait
502 4134 597 4190 nunc,
615 4111 756 4176 Scribam
773 4111 805 4171 in
828 4108 967 4171 tabulist
985 4106 1030 4168 dd
1048 4106 1109 4169 hoc
1125 4105 1187 4167 du·
1243 4127 1355 4190 parum
1372 4118 1427 4171 aut
1451 4110 1531 4172 nihil
1547 4117 1682 4190 tangunt
1698 4131 1706 4175 :
1724 4110 1795 4174 ideo
1817 4112 1929 4175 recitat
1951 4132 1985 4175 ac

442 4214 589 4296 gostinus
606 4210 778 4293 respondit,
791 4208 876 4289 quod
892 4206 1044 4270 Dominus
1060 4204 1189 4287 scripsit
1243 4207 1388 4289 sequitur
1409 4207 1649 4290 responsionem
1674 4208 1773 4271 Rabbi
1798 4209 1983 4288 Salomonis,

443 4333 479 4377 ea
494 4309 724 4385 auctoritative,
741 4308 817 4390 quia
841 4325 878 4369 ee
904 4304 1054 4388 praecepit
1076 4303 1186 4379 scribi,
1243 4306 1378 4369 dicentis
1401 4307 1487 4387 quod
1513 4307 1587 4368 dum
1612 4306 1673 4369 iiiii
1698 4307 1792 4371 israci
1824 4308 1858 4370 in
1883 4310 1985 4391 primo

442 4412 562 4494 Moyses
578 4428 652 4473 vero
668 4406 858 4471 exsecutive.
876 4406 981 4480 Porro,
999 4424 1055 4467 cur
1077 4404 1188 4486 primm
1242 4422 1414 4484 congressu
1428 4405 1502 4467 victi
1520 4404 1657 4469 tuissent
1671 4425 1691 4468 a
1706 4426 1780 4488 rege
1794 4407 1888 4483 brad,
1902 4416 1935 4470 ut
1951 4408 1982 4469 io
1996 4430 2108 4473 retaxat.

442 4513 513 4574 duae
537 4509 663 4585 tabulae,
681 4526 760 4589 quas
785 4504 938 4569 Dominus
963 4511 1094 4567 noverat
1115 4521 1188 4565 con·
1242 4504 1388 4567 Numeris
1411 4503 1612 4580 describitur,
1638 4504 1739 4567 territi
1763 4515 1929 4587 coeperunt
1950 4506 1981 4568 in

443 4609 637 4689 iringeudas,
666 4606 795 4668 iuerunt
822 4601 977 4665 divinitus
1005 4608 1187 4682 praeparatae
1242 4605 1412 4685 AEgyptum
1427 4601 1555 4666 reverti.
1568 4602 1697 4684 Propter
1711 4604 1921 4684 quodLevitoe
1937 4606 1982 4666 in-

442 4718 537 4791 atque
552 4704 724 4787 inscripta,
737 4702 884 4765 secundae
900 4708 1004 4762 autem
1016 4717 1088 4780 qua
1098 4706 1188 4761 erent
1241 4702 1342 4766 secuti
1358 4709 1432 4763 suut
1447 4720 1511 4777 eos,
1529 4709 1560 4763 et
1575 4700 1766 4781 quibusdam
1783 4702 1910 4766 iliorum
1932 4723 1980 4767 oc-

443 4826 610 4883 mansurae‚
628 4811 718 4868 erant
739 4801 780 4865 ab
804 4799 934 4864 homine
959 4805 1141 4880 praeparatae
1156 4805 1187 4859 et
1240 4800 1328 4876 cisis,
1345 4808 1467 4863 ceteros
1492 4800 1697 4861 reduxerunt.
1723 4799 1837 4882 Sicquc
1861 4822 1981 4865 meruc-

302 4924 427 4976 numu,
442 4908 579 4989 scriptae,
592 4921 687 4985 super
702 4900 843 4964 Exodum
860 4898 980 4961 dictum
996 4904 1054 4959 est.
1071 4900 1187 4959 Panes·
1242 4906 1316 4961 runt
1331 4898 1471 4961 secundo
1485 4898 1625 4980 separari
1640 4898 1681 4960 ab
1695 4898 1777 4974 aliis,
1794 4908 1826 4961 et
1849 4900 1980 4963 Domino

296 4990 329 5039 ¹⁵·
341 4990 374 5032 ¹⁰·
442 5028 502 5089 qne
516 5028 581 5075 eas,
601 5009 710 5084 utpote
731 4999 854 5062 tabulas
877 4997 1065 5075 Deeaiogum
1086 4996 1187 5059 conti·
1240 4996 1407 5079 applicari.

294 5122 427 5175 aaaron.
443 5114 564 5182 nentes,
583 5106 619 5164 in
634 5122 723 5171 arca,
736 5100 768 5161 in
784 5117 848 5179 qua
863 5096 958 5159 etiam
975 5094 1036 5157 iuit
1052 5114 1182 5172 manna,
1200 5098 1225 5158 I)
1280 5095 1340 5158 Sed
1365 5095 1451 5157 istud
1477 5095 1602 5157 videtur
1631 5114 1701 5159 esse
1725 5094 1879 5160 coniictio
1904 5116 1979 5179 qua

441 5214 472 5270 ct
488 5204 575 5285 virga
585 5200 700 5276 Aaron,
712 5218 783 5281 quae
799 5195 922 5271 floruit,
934 5202 969 5256 ut
984 5195 1023 5257 ad
1033 5194 1181 5257 Hebraeos
1240 5195 1324 5271 dam,
1341 5212 1399 5256 uec
1414 5194 1447 5255 in
1462 5192 1635 5275 Scripturis
1655 5195 1877 5258 auctoritatem
1893 5197 1979 5259 sorti·

294 5284 426 5391 ξω
440 5303 602 5381 asseritur,
620 5308 652 5364 et
666 5298 787 5362 dictum
803 5304 850 5359 est
866 5314 961 5381 super
977 5294 1130 5357 Exodum.
1241 5302 1303 5369 tur,
1315 5310 1373 5355 nec
1387 5292 1606 5374 apparentiam
1621 5292 1722 5367 habat,
1736 5292 1801 5356 imo
1812 5294 1978 5377 Scriptura
