4309 6259
422 496 483 559 502
762 518 935 566 manuario
957 519 987 564 us
1008 519 1076 565 car.
1100 519 1198 565 xxxru
1219 520 1415 567 maeoseu.
1438 540 1479 550 —
1499 520 1570 566 aar.
1594 520 1633 565 ιιι

425 694 531 749 tamam
548 687 618 769 lege
633 688 807 764 communi,
827 688 908 752 lacta
923 696 971 751 est
992 696 1102 770 postea
1121 707 1172 751 ox·
1186 688 1211 749 Α
1225 689 1309 751 mala
1324 689 1379 752 illa
1393 689 1538 771 poeualia,
1551 689 1607 751 sod
1622 688 1854 752 cohibebantur
1867 707 1885 749 a
1898 706 1968 749 oon·

424 785 528 868 ceptio
550 806 588 850 ex
610 786 741 869 speciali
764 806 859 850 eausa
878 786 911 849 iu
931 806 1017 864 casu,
1036 794 1070 848 ut
1085 795 1172 869 patet
1226 788 1325 851 suetis
1345 788 1535 851 criminibus
1553 806 1561 850 :
1577 788 1696 871 quihus
1717 787 1842 862 deletis,
1860 804 1969 849 conse·

274 903 408 953 rocenac
424 883 457 945 in
479 884 675 963 Gabaonitis,
699 884 754 967 qui
780 904 837 967 per
862 904 950 947 suam
976 884 1172 947 humiliatio
1225 895 1311 949 crata
1335 893 1384 949 est
1409 896 1492 949 terra
1517 886 1573 949 illa
1596 886 1698 949 cultui
1723 886 1791 949 veri
1816 884 1883 948 Dei.
1909 888 1969 947 Sin

423 1002 497 1045 nem
512 984 618 1065 adepti
635 992 709 1046 sunt
725 984 863 1061 veniam,
876 992 909 1045 ut
927 991 1013 1066 petet
1028 984 1062 1045 in
1077 984 1171 1047 losue
1226 996 1333 1046 antem
1344 987 1515 1046 nolueritis
1530 985 1592 1047 ista
1608 985 1760 1067 impiere;
1776 986 1835 1064 qni
1849 1005 1972 1043 remon-

424 1080 517 1145 libro.
537 1083 741 1159 Confrt'nqite
757 1085 878 1152 titulos,
894 1082 926 1145 id
948 1090 995 1145 est
1015 1082 1107 1161 signa
1122 1102 1172 1145 so-
1224 1086 1339 1153 sert'nt,
1360 1095 1457 1145 errant
1476 1087 1561 1145 nobis
1582 1087 1678 1164 quasi
1697 1087 1783 1144 clani
1803 1086 1840 1143 in
1860 1085 1973 1151 oculis,

423 1180 532 1244 lennia
547 1189 600 1242 aut
617 1180 837 1262 nominaque
854 1182 887 1243 in
903 1182 1024 1244 honoro
1039 1182 1170 1244 deorum
1224 1193 1254 1243 et
1270 1188 1387 1244 tornea
1403 1186 1439 1243 in
1456 1185 1622 1252 lateribus,
1640 1182 1671 1244 id
1689 1191 1748 1258 est,
1765 1189 1861 1244 erunt
1883 1180 1973 1244 vobis

423 1299 553 1343 suorum
565 1287 743 1342 erexerunt.
756 1279 863 1360 Aliqui
877 1288 981 1342 tamen
994 1299 1050 1362 per
1060 1280 1170 1343 titulos
1226 1279 1466 1343 incitamentum
1487 1289 1582 1362 atque
1603 1280 1728 1344 occasio
1750 1279 1913 1343 incidendi
1929 1278 1974 1351 [ιτ

423 1378 607 1458 intelligunt
622 1396 703 1439 aras.
721 1381 865 1449 Statuas,
875 1377 906 1441 id
923 1386 971 1441 est
984 1378 1078 1453 idola,
1092 1399 1172 1437 com-
1225 1378 1547 1460 oinoragravia‚quia
1562 1380 1601 1442 ad
1618 1379 1831 1442 idololatriam
1849 1378 1974 1440 trahent

424 1479 576 1546 minuite,
593 1487 688 1556 atquo
710 1480 820 1537 omnia
841 1482 964 1537 excelsa
987 1486 1118 1547 vastate,
1138 1476 1171 1539 id
1226 1496 1283 1541 vos
1307 1497 1364 1540 sou
1385 1485 1530 1559 posteros
1551 1486 1674 1540 vestros
1699 1498 1706 1541 :
1730 1477 1842 1558 sicque
1863 1495 1974 1540 consc-

423 1583 482 1651 est,
501 1574 570 1638 loca
585 1593 711 1637 amoena
726 1582 757 1637 et
772 1575 846 1651 alta,
866 1575 898 1637 in
914 1575 1032 1657 quibus
1048 1574 1172 1637 saoriii-
1225 1585 1361 1658 quentor
1376 1576 1525 1639 incidetis
1535 1577 1721 1639 servitutem
1738 1575 1971 1657 gravissimam,

423 1682 576 1736 caverunt
592 1674 686 1736 idolis
702 1673 779 1749 suis,
799 1673 830 1735 in
848 1674 965 1755 quibus
981 1674 1075 1736 etiam
1093 1673 1171 1735 loeis
1225 1684 1257 1737 et
1276 1674 1503 1756 opprimamini
1524 1674 1565 1736 ab
1585 1674 1661 1751 iilis,
1679 1684 1709 1737 et
1730 1673 1973 1737 interficiemini

424 1779 670 1834 construxerunt
684 1772 767 1834 aedes
786 1781 882 1853 atque
902 1771 1014 1834 altaria
1029 1772 1170 1852 dejicite,
1225 1772 1606 1856 proptersceleravestra
1618 1772 1975 1842 ldeosubditurzooid·

424 1874 618 1930 enuntiantes
637 1880 756 1931 ter‘ram
777 1880 806 1931 et
825 1872 1006 1931 habitantes
1023 1872 1058 1929 in
1072 1891 1122 1940 ea,
1140 1870 1171 1931 id
1189 1877 1211 1937 B
1226 1875 1306 1953 plaid
1333 1874 1399 1931 illis
1423 1874 1530 1950 facere
1555 1874 1784 1948 moitooernm,
1810 1874 1898 1931 vobis
1920 1873 1973 1948 sa-

424 1975 482 2045 cst,
509 1987 565 2050 per
590 1969 646 2031 has
672 1986 783 2050 poenas
810 1968 904 2031 facite
929 1987 1053 2032 cessare
1078 1968 1172 2031 solita
1225 1973 1323 2040 aiom,
1340 1968 1519 2051 infligendo
1534 1970 1707 2033 vohishaec
1723 1970 1969 2053 malapoenalia‚

425 2066 547 2129 scelera
562 2067 594 2129 in
612 2077 694 2130 terra
711 2067 775 2143 illa,
788 2067 1020 2131 habitatoribus
1036 2068 1107 2148 ejus
1122 2086 1172 2130 oc·
1227 2070 1310 2132 sicut
1339 2069 1372 2130 in
1400 2068 1483 2132 libro
1512 2070 1658 2132 iudicum
1687 2068 1764 2131 satis
1794 2068 1972 2132 ostenditur
1995 2057 2115 2100 ‘'³⁵²¹²'³

1985 2126 2007 2163 et
2017 2132 2111 2173 cry-stu.

359 2206 377 2218 -
426 2163 520 2239 oisis;
542 2166 598 2248 qui
620 2185 683 2231 non
700 2166 935 2229 mundabantur
951 2167 1096 2231 absolute
1115 2186 1172 2249 per
1226 2167 1448 2248 adimpletum.
1985 2186 2006 2231 s.
2020 2186 2103 2231 mee

976 2590 1301 2679 ARTICULUS
1342 2593 1423 2677 LII

728 2867 884 2913 Expostulo
907 2867 1094 2913 SPIRITUALIS
1116 2866 1254 2912 unstruht
1276 2867 1368 2913 HUJUS
1390 2867 1542 2915 rutenstut
1562 2869 1671 2913 runnu.

499 3149 551 3213 ΟΝ
573 3150 642 3213 siue
664 3148 797 3231 mystice
822 3148 944 3212 ratione
966 3146 1086 3229 Moyses
1108 3142 1211 3228 spi-C
1230 3148 1302 3211 dom
1328 3157 1359 3211 et
1383 3151 1516 3230 gratiam
1547 3159 1621 3212 sunt
1646 3152 1820 3217 imitatores
1843 3172 1879 3217 ao
1910 3153 1973 3215 lilii

509 3249 573 3312 ritu
596 3248 709 3311 Sancto
733 3248 859 3331 plenus,
886 3255 948 3309 tam
970 3246 1120 3309 distinete
1139 3264 1177 3308 ao
1231 3248 1493 3325 Patriarcharum,
1515 3252 1574 3329 qui
1591 3253 1708 3328 eprossi
1726 3262 1803 3313 sanet
1821 3256 1974 3331 deAEyy-

430 3348 599 3429 diligenter
624 3347 794 3430 descripsit
823 3346 1006 3409 mansiones
1035 3344 1176 3408 liliorum
1228 3357 1296 3422 pto,
1312 3346 1345 3408 id
1360 3356 1408 3409 est
1424 3348 1463 3410 de
1478 3348 1665 3429 ignorantiae
1680 3350 1821 3413 tenebris
1840 3359 1871 3413 et
1889 3359 1972 3413 statu

431 3447 695 3529 lsrael,quoniam
712 3444 901 3509 israeliticus
917 3444 1056 3527 populns
1073 3442 1178 3525 ligura
1232 3445 1457 3524 damnationis,
1472 3469 1532 3526 per
1555 3460 1679 3511 turonas
1700 3472 1787 3521 suos,
1808 3451 1839 3512 id
1861 3459 1973 3513 estse

432 3546 494 3609 init
509 3546 620 3628 populi
636 3545 977 3625 christianiligressus
988 3551 1093 3605 autom
1106 3542 1179 3604 lsra-
1232 3543 1372 3605 eundum
1394 3544 1537 3609 diversos
1556 3554 1667 3624 status,
1685 3556 1716 3611 et
1735 3548 1850 3628 gradus
1868 3568 1905 3611 ac
1923 3566 1973 3611 or-

431 3645 577 3708 elitarum
601 3662 639 3705 ex
654 3643 798 3726 AEgypto,
821 3653 914 3725 typus
937 3641 999 3704 iuit
1021 3640 1179 3703 liberatio
1232 3641 1334 3703 dines.
1353 3642 1489 3706 Diversae
1510 3644 1627 3707 etenim
1651 3654 1762 3708 turmae
1782 3645 1974 3709 Christiano

433 3745 483 3807 nis
507 3743 758 3808 Christianorum
784 3762 803 3805 a
828 3742 980 3805 servitute
1005 3740 1136 3816 diaboli,
1160 3758 1179 3802 a
1233 3750 1402 3815 rum,sunt
1416 3742 1597 3823 spirituales
1612 3752 1643 3805 et
1658 3744 1834 3820 saeculares,
1852 3744 1972 3825 praelati

432 3843 508 3925 jugo
524 3841 656 3925 pcccati,
674 3850 705 3903 et
725 3840 902 3905 eductionis
923 3859 961 3901 ex
981 3838 1118 3919 caligine
1132 3837 1179 3900 vi·
1232 3846 1263 3900 et
1285 3838 1416 3917 subditi,
1435 3841 1549 3921 vulgus
1571 3851 1602 3904 et
1623 3842 1738 3917 clerus,
1760 3842 1918 3923 conjugati
1940 3851 1973 3905 et

433 3943 560 4005 tiorum.
573 3940 767 4003 Introductio
783 3958 857 4003 vero
873 3938 996 4001 israelis
1013 3938 1045 4000 in
1062 3946 1177 3999 terram
1232 3937 1593 4021 continentes,roligiosi
1609 3949 1639 4003 ct
1650 3940 1971 4023 viduae‚incipientes‚

433 4038 668 4123 promissionis,
701 4038 880 4117 designavit
911 4036 1179 4100 introductionem
1233 4034 1450 4117 proficientes,
1465 4039 1608 4120 perlecti.
1625 4042 1664 4100 In
1682 4061 1781 4100 mann
1798 4042 1929 4118 Moysis,
1939 4040 1973 4101 id

433 4138 575 4201 omnium
598 4137 772 4200 electorum
795 4136 827 4198 in
851 4136 984 4218 patriam
1008 4134 1097 4215 regni
1117 4154 1179 4198 cte
1233 4143 1280 4197 ost
1296 4135 1413 4199 virtute
1433 4145 1464 4198 et
1484 4137 1642 4219 mysteriis
1663 4137 1789 4215 Christi,
1805 4150 1835 4199 et
1849 4142 1971 4210 Aaron,

433 4237 533 4300 iestis.
557 4236 662 4311 Porro,
687 4253 874 4317 progressus
898 4234 1101 4297 Hebraeorum
1121 4252 1178 4315 per
1233 4235 1293 4297 hoc
1308 4243 1356 4297 cst
1370 4234 1559 4298 vicariorum
1576 4236 1688 4318 ipsius,
1699 4255 1835 4318 quornm
1851 4237 1973 4319 primus

431 4332 806 4413 desertum,signilicavit
821 4331 1109 4414 peregrinationem
1125 4350 1178 4393 no
1194 4331 1264 4394 Det
1279 4332 1434 4395 maximus
1455 4332 1516 4395 luit
1536 4334 1766 4398 sacratissimus
1781 4335 1900 4411 Petrus,
1916 4355 1974 4417 per

430 4442 527 4497 stram
551 4433 582 4495 in
608 4432 724 4495 saeculo
746 4432 817 4509 isto,
836 4440 868 4495 et
888 4431 1086 4514 spiritualem
1110 4449 1179 4513 pro·
1232 4450 1327 4511 quem
1354 4440 1425 4512 post
1448 4431 1563 4494 Christi
1588 4433 1806 4496 ascensionem
1830 4432 1974 4496 christia-

430 4535 560 4610 leetum,
588 4550 653 4614 quo
683 4532 747 4594 itur
776 4532 815 4595 ad
846 4550 979 4613 regnum
1010 4530 1174 4593 ooelorum.
1232 4549 1273 4591 na
1295 4530 1408 4611 religio
1431 4530 1595 4611 potissimo
1617 4530 1793 4594 invaluisse
1813 4542 1970 4595 censetur.

428 4633 605 4695 Mansioues
625 4632 754 4694 domum
776 4630 918 4705 illorum,
941 4628 1177 4712 praesignabant
1233 4632 1318 4697 Quos
1342 4630 1510 4705 asumpsit
1535 4632 1672 4706 Moyses,
1693 4628 1725 4691 id
1750 4638 1809 4706 est,
1829 4630 1974 4693 Christus

427 4730 648 4794 inherentiam
665 4738 696 4793 ot
712 4730 852 4811 quietem
874 4728 1022 4791 fidelium
1039 4728 1072 4789 in
1089 4747 1176 4789 exse·
1231 4745 1288 4808 per
1303 4725 1521 4805 Evangelistas
1535 4734 1631 4807 atque
1646 4727 1814 4808 Apostolos
1830 4727 1907 4791 iecit
1922 4728 1974 4791 de

426 4829 609 4895 cutionihus
625 4846 900 4910 quarumcumque
914 4827 1079 4902 virtutum,
1098 4845 1175 4909 prae
1231 4824 1326 4887 scribi
1336 4826 1453 4901 3jooto
1469 4835 1647 4886 castrorum
1663 4830 1741 4897 loca,
1751 4826 1783 4889 id
1798 4834 1846 4889 est
1860 4845 1973 4889 secun-

426 4928 535 4993 sortim
553 4928 585 4990 in
602 4926 926 5008 contemplationibus
943 4944 979 4988 ac
995 4925 1175 4988 dilectioni·
1230 4924 1305 4985 dum
1317 4921 1972 5007 protectusvirtutum,christianorumque

426 5029 486 5091 hus
502 5027 696 5103 divinorum,
714 5034 785 5108 post
806 5025 929 5089 labores
951 5024 1172 5088 exercitiorum
1228 5022 1392 5103 agminum
1413 5046 1420 5095 3
1447 5044 1518 5101 (μαι
1541 5025 1675 5083 Domini
1694 5025 1842 5100 jussione
1868 5035 1972 5085 ottran-

427 5127 594 5191 houorum.
1228 5123 1304 5181 bont
1319 5142 1330 5179 .·
1347 5120 1424 5200 quia
1441 5121 1616 5183 secundum
1637 5128 1779 5183 tenorem
1797 5132 1969 5203 praeopto

465 5226 572 5308 ltaque
587 5224 633 5287 ait
645 5241 652 5286 :
666 5227 725 5285 Hae
739 5234 815 5285 sunt
830 5224 1010 5284 mansiones
1024 5224 1171 5300 filioram
1227 5237 1297 5280 rum
1319 5218 1384 5293 Dei,
1403 5219 1531 5280 student
1553 5217 1722 5300 prolicere,
1741 5227 1969 5301 transeuntque
1984 5276 2096 5319 mum

425 5330 540 5394 Israel,
556 5324 616 5388 hoc
631 5331 679 5385 est
694 5320 969 5397 christifidelium,
987 5320 1042 5401 qui
1060 5338 1118 5401 per
1135 5319 1171 5381 ii·
1224 5317 1264 5379 de
1287 5317 1403 5380 virtute
1426 5335 1489 5379 uua
1512 5316 1545 5379 in
1566 5317 1672 5393 aliam,
1696 5326 1791 5398 prout
1814 5318 1968 5380 Dominus
1984 5308 2024 5380 ι’
2098 5312 2103 5317 ’
