4309 6259
438 499 498 562 658
742 517 915 565 anxnnnrro
937 517 966 563 nv
989 519 1056 564 car.
1080 518 1166 564 xxxn
1187 517 1420 565 neurenosonn.
1443 539 1483 548 -
1503 519 1574 565 xnr.
1597 517 1680 565 mv

439 709 590 752 numerus
610 690 781 753 electorum
808 689 840 750 in
865 707 1001 770 superna
1026 687 1179 750 felicitate
1196 685 1366 750 Amadum
1390 688 1423 750 in
1443 689 1553 752 Glossa
1573 688 1718 764 babetur,
1736 686 1843 769 aquila
1865 685 1981 748 videns

439 788 602 851 locandus.
619 789 791 862 Postremo,
809 787 983 849 secundum
1000 786 1182 866 Magistrum
1238 785 1342 867 pullos
1359 804 1432 849 suos
1448 787 1656 868 plumescere,
1668 787 1763 849 vertit
1778 804 1832 848 eos
1845 785 1885 846 ad
1901 782 1982 845 solis

438 887 471 948 iu
488 885 641 963 historiis,
661 885 782 948 Hebraei
800 885 845 946 sic
861 885 970 964 legunt
988 905 994 948 :
1013 871 1183 947 Constituit
1237 885 1461 966 splendorem:
1479 895 1511 948 et
1525 905 1579 948 eos
1594 903 1674 966 quos
1689 885 1775 949 videt
1790 883 1888 945 solem
1906 883 1983 943 irre-

439 984 591 1047 Dominus
608 985 760 1048 terminos
783 984 985 1066 populorum,
1004 983 1058 1046 sed
1076 983 1183 1045 termi-
1239 985 1403 1046 verberata
1422 985 1490 1047 acic
1514 985 1643 1060 intueri,
1660 983 1779 1056 nutrit3
1804 1000 1884 1062 quos
1904 997 1983 1042 vero

440 1102 497 1146 nos
519 1083 659 1147 liliorum
677 1082 770 1146 lsrael
790 1083 954 1146 constituit
969 1083 1059 1163 juxta
1076 1102 1184 1144 nume
1237 1083 1394 1164 conspicit
1415 1083 1519 1145 visum
1535 1083 1716 1157 deflectere,
1733 1081 1824 1163 quasi
1846 1081 1984 1158 degene

440 1203 508 1245 rum
526 1201 532 1245 :
551 1183 642 1264 quasi
659 1183 777 1250 dicant,
795 1181 940 1244 lsraelem
965 1191 1116 1262 tanquam
1133 1201 1183 1244 ca-
1239 1198 1288 1241 res
1312 1181 1441 1242 descrit.
1468 1180 1634 1261 Quumque
1659 1179 1763 1261 pullos
1788 1179 1982 1260 approbatos

439 1301 508 1344 rum
535 1281 686 1344 Dominus
713 1281 902 1356 numeravit,
926 1280 1006 1342 alios
1032 1289 1182 1361 tanquam
1239 1278 1436 1359 plumescere
1456 1279 1582 1355 viderit,
1600 1279 1715 1341 excitat
1736 1297 1790 1340 eos
1811 1278 1850 1339 ad
1870 1277 1982 1339 volan-

439 1379 518 1442 vilcs
534 1399 667 1443 numero
684 1398 748 1442 non
764 1378 920 1441 distinxit.
1237 1378 1324 1449 dum,
1337 1378 1397 1440 alis
1413 1377 1478 1439 suis
1498 1396 1552 1440 eos
1568 1377 1796 1460 percutiendo;
1813 1376 1912 1438 lassos
1928 1395 1982 1439 ve

478 1481 562 1540 I'urs
583 1489 690 1539 autem
711 1480 844 1538 Domini
865 1483 1003 1554 populum
1024 1479 1105 1555 rjais
1123 1477 1182 1540 hoc
1238 1495 1272 1538 ro
1287 1484 1320 1538 cl
1335 1477 1533 1551 deficientem,
1551 1476 1610 1538 olis
1626 1483 1791 1538 sustentat.
1807 1477 1981 1552 Eipandtr

438 1586 496 1652 cst,
523 1577 643 1639 electus
667 1585 698 1639 et
726 1577 831 1638 tidelis
857 1576 995 1657 populus
1021 1575 1084 1638 tuit
1109 1595 1182 1657 pars
1236 1581 1453 1645 olosericae!
1468 1579 1642 1652 assurnpsit
1660 1597 1745 1646 cum,
1762 1585 1857 1654 atque
1871 1585 1981 1652 portu·

439 1676 492 1737 llci
511 1695 518 1740 :
536 1676 621 1757 quod
642 1695 699 1757 pro
725 1685 865 1757 tempore
889 1675 943 1737 illo
965 1675 1121 1757 accipitur
1144 1676 1182 1736 dc
1241 1677 1285 1734 rit
1301 1678 1333 1735 in
1351 1677 1494 1736 itineris
1507 1677 1598 1734 suis:
1614 1674 1690 1754 qnia
1703 1675 1778 1736 dum
1801 1673 1889 1755 cupit
1904 1691 1981 1735 suos

437 1775 558 1857 populo
572 1775 762 1850 ludaeorum,
775 1793 870 1854 quem
887 1774 968 1835 Deus
984 1773 1045 1836 sibi
1061 1793 1183 1836 assum·
1237 1771 1410 1836 transferre
1426 1772 1532 1855 pullos
1547 1773 1587 1834 ad
1609 1773 1706 1835 alium
1730 1771 1846 1844 locum,
1862 1770 1981 1851 accipit

438 1874 502 1955 psit
526 1892 562 1935 ac
587 1873 756 1950 dedicavit,
770 1873 883 1935 coleris
904 1873 942 1934 ad
968 1871 1218 1935 idololatriamB
1238 1872 1323 1954 ipsos
1339 1891 1435 1952 super
1451 1871 1618 1932 humerum
1640 1891 1744 1943 suum,
1762 1878 1792 1933 et
1814 1870 1861 1936 sic
1875 1869 1980 1932 deiert

437 1971 671 2034 corruentibus
696 1971 766 2033 ldeo
790 1971 936 2033 subditur
954 1991 961 2034 :
978 1974 1072 2032 Jacob
1092 1973 1183 2047 srmi-
1236 1971 1374 2045 cosdcm,
1403 1969 1495 2050 quasi
1525 1989 1588 2032 non
1610 1979 1754 2032 metuens
1780 1989 1799 2031 a
1822 1968 1980 2050 superiori

436 2075 529 2130 culus
548 2072 736 2130 hereditatis
760 2072 842 2147 ejus,
865 2069 896 2132 id
923 2078 982 2148 est,
1009 2070 1182 2132 Israelitica
1238 2077 1325 2150 parte
1340 2069 1517 2150 periculum
1535 2078 1683 2151 tanquam
1700 2067 1850 2132 omnibus
1864 2067 1979 2130 avibus

437 2168 527 2249 plebs
543 2178 612 2232 orta
627 2189 665 2232 cx
674 2168 780 2244 Jacob,
795 2166 854 2230 luit
870 2169 1060 2232 hereditaria
1077 2169 1181 2251 portio
1235 2167 1331 2230 altius
1346 2168 1479 2241 volans;
1496 2167 1550 2228 sed
1566 2187 1585 2228 a
1600 2176 1689 2249 parte
1704 2166 1860 2243 interiori,
1879 2187 1919 2229 ne
1933 2168 1982 2247 ja·

437 2267 502 2342 Dei,
515 2286 570 2330 seu
587 2267 758 2349 peculiaris
769 2275 801 2328 et
816 2266 1025 2330 hereditarius
1041 2268 1180 2349 populus
1235 2267 1307 2329 cula
1322 2266 1519 2341 emittantur,
1537 2274 1647 2328 contra
1661 2285 1798 2347 quorum
1814 2265 1977 2329 lesionem

435 2366 679 2447 cjus‚quantum
696 2367 735 2428 ad
747 2366 863 2428 clectos
879 2365 982 2446 plebis
998 2366 1181 2450 illiusque
1218 2365 1365 2446 exponit
1386 2383 1419 2426 se
1436 2364 1537 2446 ipsam
1560 2383 1617 2446 pro
1639 2383 1770 2428 suorum
1791 2363 1980 2428 defensione

436 2463 521 2526 niam
538 2473 628 2526 crant
643 2464 784 2546 adoptivi
803 2464 864 2526 lilii
877 2465 941 2527 llci.
960 2469 1091 2526 Invenit
1105 2489 1179 2527 eum
1235 2463 1407 2545 pullorum.
1426 2462 1533 2544 ltaque
1547 2482 1644 2544 quam
1663 2463 1832 2543 diligenter
1847 2472 1878 2525 ct
1893 2482 1980 2526 ame

435 2565 470 2622 in
493 2573 579 2624 terra
599 2565 735 2632 deserta,
751 2563 811 2624 hoc
836 2572 895 2639 est,
919 2565 999 2626 llous
1026 2564 1178 2646 populum
1235 2580 1306 2624 rose
1328 2580 1362 2623 se
1383 2561 1491 2642 aquila
1512 2561 1607 2623 habet
1621 2562 1660 2624 ad
1683 2581 1757 2624 suos
1779 2561 1895 2642 pullos,
1914 2571 1978 2623 tam

434 2661 531 2722 istum
548 2661 580 2723 in
598 2661 770 2724 solitudine
782 2661 964 2724 visitavitet
981 2664 1178 2744 reperit‚rron
1234 2659 1405 2739 diligenter
1420 2669 1621 2736 clamorosa,
1638 2659 1703 2723 imo
1722 2660 1822 2722 multo
1837 2660 1977 2742 amplius

433 2779 451 2821 a
471 2779 556 2835 casu,
575 2759 630 2822 sed
646 2760 686 2822 ab
708 2759 883 2823 idololatris
900 2761 1053 2843 rllgyptiis
1073 2781 1178 2842 segre·
1233 2759 1315 2820 licus
1331 2777 1365 2821 se
1380 2758 1493 2820 habuit
1513 2759 1553 2820 ad
1577 2757 1662 2821 lilios
1677 2758 1783 2834 lsrael,
1800 2759 1977 2822 admonens

432 2859 529 2938 gavit,
548 2866 582 2920 ut
597 2877 668 2920 cum
686 2858 719 2918 in
735 2876 842 2920 cremo
858 2858 920 2920 sibi
943 2859 1060 2922 arctius
1077 2880 1114 2923 ac
1131 2859 1178 2923 la·
1234 2875 1287 2919 cos
1303 2856 1341 2918 ad
1358 2856 1557 2937 spiritualem
1575 2855 1765 2938 proiectum,
1781 2858 1820 2919 ad
1835 2866 1979 2920 mntem-

432 2957 591 3019 miliarius
605 2957 781 3039 applicaret
796 2976 853 3039 pcr
869 2957 947 3037 legis
959 2959 1174 3036 donationem,
1233 2954 1384 3036 piationis
1405 2954 1558 3032 volutum,
1576 2964 1608 3018 et
1630 2974 1726 3036 super
1747 2955 1833 3037 ipsos
1858 2956 1977 3019 nubem

433 3074 468 3119 ac
485 3055 556 3118 aliis
577 3055 700 3130 modis3
719 3059 755 3116 ia
778 3060 841 3116 loco
865 3060 1008 3118 horroris
1030 3069 1059 3118 rt
1080 3059 1213 3123 omtrcC
1233 3071 1321 3114 suam
1337 3053 1532 3129 extendens3
1549 3053 1608 3115 alis
1622 3072 1749 3134 quoque
1769 3073 1834 3117 sura
1850 3055 1978 3137 pietatis

432 3156 620 3215 solitudinis
645 3176 656 3212 .·
682 3155 832 3235 quoniam
859 3174 984 3218 eremus
1012 3157 1066 3218 illa
1094 3157 1177 3221 inter
1232 3170 1268 3214 ac
1285 3151 1539 3232 potestatissuae
1553 3152 1760 3234 providentiae
1775 3153 1975 3231 escariotis,

433 3253 600 3335 AEgyptum
626 3261 657 3314 et
681 3253 829 3316 Chanaan
854 3254 924 3330 sita,
945 3252 1005 3316 luit
1030 3256 1099 3318 solo
1123 3259 1177 3319 ad·
1233 3252 1319 3332 ipsos
1334 3250 1520 3326 defendens,
1538 3270 1593 3314 eos
1608 3251 1710 3333 pieac
1725 3261 1856 3334 paterne
1871 3261 1978 3334 porta-

433 3359 543 3432 spectu
561 3351 712 3414 terribilis
728 3360 824 3433 atque
840 3354 1045 3434 praegrandis,
1065 3355 1098 3416 in
1114 3376 1178 3438 qua
1233 3350 1288 3426 vit,
1302 3349 1601 3431 sicutsupralcrtur
1614 3368 1620 3412 :
1633 3350 1811 3414 Portavitte
1822 3351 1976 3414 [lominus
1992 3373 2120 3417 nen..,a.

314 3461 319 3473 ·
432 3451 481 3529 (ut
502 3450 622 3513 dictum
644 3459 690 3512 est
715 3453 825 3532 supra)
840 3460 907 3513 erat
929 3452 1034 3534 dipsas
1060 3464 1092 3517 et
1114 3475 1179 3518 scr·
1233 3448 1315 3510 Deus
1338 3457 1422 3524 tuus,
1440 3448 1522 3511 sicut
1542 3457 1667 3532 portare
1690 3449 1770 3512 solet
1791 3450 1886 3514 homo
1902 3470 1977 3532 par·

434 3565 512 3629 pens
529 3547 609 3610 llatu
625 3550 773 3611 adurens.
787 3552 1177 3623 Circumrtnatieom,·hoc
1233 3546 1342 3609 vulum
1360 3545 1465 3609 lilium
1481 3567 1586 3609 suum.

433 3655 491 3722 est,
510 3647 662 3729 populum
679 3647 771 3710 lsrael
790 3647 870 3709 Deus
885 3667 941 3730 per
957 3650 1045 3712 varia
1060 3652 1177 3715 deserti
1274 3649 1431 3706 Dominus
1451 3650 1537 3706 solus
1555 3649 1710 3724 duoeejtts
1723 3649 1791 3723 suit
1806 3669 1818 3708 ·'
1833 3649 1893 3711 hoc
1916 3658 1976 3724 est,

434 3744 502 3808 loca
518 3745 592 3808 hinc
608 3745 1005 3820 indededuxit3etdocuit
1021 3750 1176 3831 populum
1233 3744 1320 3806 Solus
1345 3764 1438 3807 Vetus
1463 3745 1546 3806 Deus
1570 3764 1626 3826 pet
1654 3746 1802 3825 angelum
1827 3766 1920 3809 suum
1944 3757 1978 3810 el

434 3843 524 3905 illum
541 3862 598 3925 per
617 3844 741 3925 Moysen
758 3853 789 3906 et
804 3845 883 3908 alios
899 3845 1060 3925 adjutores
1077 3849 1178 3931 ipsius
1234 3842 1362 3918 nubem,
1380 3851 1475 3923 alque
1490 3862 1547 3924 pet
1562 3842 1686 3925 MOysen
1703 3853 1733 3906 el
1748 3844 1852 3908 Aaron
1867 3847 1978 3909 eduxit

434 3942 466 4004 in
492 3941 645 4023 regimine
670 3942 792 4024 populi,
817 3952 848 4005 et
873 3963 929 4025 per
952 3944 1178 4026 inspirationes
1234 3941 1388 4023 populum
1404 3942 1498 4003 lsrael
1513 3942 1553 4004 de
1568 3942 1818 4026 tllgyptqetper
1833 3963 1978 4008 eremum

432 4042 603 4122 angelicas,
614 4061 671 4124 per
687 4061 837 4124 prospera
852 4061 979 4124 quoque
990 4045 1175 4120 etadvcrsa‚
1233 4040 1342 4114 duxit;
1359 4051 1389 4100 et
1409 4061 1474 4101 non
1495 4052 1565 4130 erat
1579 4063 1653 4102 cum
1673 4063 1707 4102 eo
1722 4047 1800 4104 deus
1819 4047 1949 4106 atterius
1968 4069 1980 4106 .·

432 4150 463 4204 et
479 4160 535 4223 per
551 4140 808 4222 supernaturales
823 4140 979 4216 eflectus3
996 4154 1026 4202 er
1041 4146 1178 4203 custodi·
1233 4138 1264 4200 id
1281 4147 1339 4216 est,
1357 4140 1496 4220 populus
1512 4139 1571 4202 iste
1587 4141 1619 4201 in
1635 4141 1688 4202 via
1702 4142 1884 4204 solitudinis
1900 4145 1980 4208 alic-

432 4242 480 4300 vit
495 4242 590 4320 quasi
605 4244 771 4317 pupillam
786 4243 872 4300 cccli
886 4243 951 4313 sui,
969 4241 1076 4318 idest,
1095 4243 1176 4306 Deus
1192 4239 1216 4300 D
1233 4255 1291 4300 nos
1313 4256 1375 4300 non
1392 4237 1492 4300 coluit
1513 4239 1601 4314 deos,
1618 4240 1764 4320 quamvis
1782 4242 1914 4322 quidam
1936 4247 1977 4307 ad

431 4338 638 4402 israeliticum
666 4339 819 4421 populum
845 4360 917 4402 cum
947 4341 1078 4421 speciali
1105 4343 1178 4404 dili·
1232 4336 1391 4399 modicum
1410 4345 1534 4419 tempus
1549 4339 1690 4400 venerati
1702 4339 1767 4400 sint
1780 4359 1914 4404 aureum
1931 4344 1979 4405 vi-

430 4438 537 4516 gentia
552 4438 735 4514 custodivit,
752 4438 877 4514 direxit,
896 4440 1043 4520 protexit.
1053 4441 1129 4504 Nam
1146 4452 1177 4506 et
1232 4436 1345 4497 lulum·
1364 4435 1442 4498 Hinc
1464 4435 1496 4496 in
1520 4435 1601 4499 libro
1622 4436 1829 4501 Numerorum
1850 4440 1976 4504 Balaam

432 4535 532 4599 nubes
548 4537 594 4599 cis
608 4545 719 4600 contra
734 4537 810 4600 solis
829 4546 940 4600 estum
958 4539 1172 4618 obumbravit,
1230 4534 1330 4596 dixit:
1348 4534 1415 4597 Non
1431 4542 1480 4596 est
1496 4534 1617 4597 idolum
1634 4535 1666 4597 in
1681 4536 1787 4613 Jacob,
1807 4557 1866 4601 nec
1879 4560 1976 4622 augu-
1987 4563 2113 4605 amm.

430 4636 644 4718 ducatumque
661 4636 805 4718 prebuit.
817 4636 864 4698 nb
880 4636 1062 4700 infidelium
1080 4640 1174 4703 ctiam
1231 4633 1313 4695 rium
1337 4633 1370 4694 in
1392 4633 1484 4695 lsrael
1499 4658 1507 4707 3
1524 4634 1677 4696 DOmissus
1698 4635 1779 4698 Deus
1804 4639 1876 4718 ejus
1898 4660 1971 4704 cum
1988 4627 2058 4667 ²¹³³·

431 4733 671 4816 impugnatione
686 4735 804 4816 cripuit
819 4754 892 4798 eos:
911 4736 1057 4817 sicutque
1073 4739 1176 4820 pupil-
1230 4752 1268 4796 eo
1283 4741 1341 4808 est,
1354 4741 1384 4794 ct
1396 4731 1526 4812 claugor
1541 4732 1682 4796 victoriae
1692 4734 1775 4814 regis
1786 4735 1819 4796 in
1835 4737 1894 4801 illo
1905 4750 1970 4813 est3

430 4832 462 4894 la
476 4834 603 4896 oculum
621 4853 684 4914 prro
700 4832 812 4895 ceteris
835 4832 988 4895 membris
1004 4835 1175 4914 diligenter
1229 4831 1382 4893 domiuus
1392 4830 1473 4893 lleus
1489 4830 1597 4892 eduxit
1612 4851 1685 4894 eum
1700 4833 1740 4894 de
1754 4833 1899 4917 AEgypto.
1913 4839 1972 4900 Sed

431 4931 578 5013 protegit,
596 4931 642 4992 sic
657 4931 810 5012 populum
833 4930 924 4992 illurn
946 4952 1011 5014 prm
1031 4934 1103 4996 aliis
1119 4936 1175 4998 llo
1229 4930 1280 4991 his
1295 4929 1390 5010 objici
1413 4936 1525 5010 potest,
1542 4930 1628 5010 quod
1644 4949 1700 5012 per
1715 4931 1810 4994 Amos
1831 4935 1973 5016 loquitur

430 5028 537 5091 minus
553 5027 731 5109 specialiter
747 5028 948 5108 gubernavit,
961 5039 992 5092 et
1008 5031 1174 5096 adivrrsis
1230 5029 1311 5090 Deus
1324 5046 1330 5089 :
1345 5027 1503 5108 Numquid
1515 5028 1650 5091 hostiam
1665 5038 1696 5091 et
1711 5031 1907 5096 sacrificium
1918 5035 1972 5098 ob
1990 5052 2108 5099 sumas

430 5121 635 5204 praeservavit
649 5121 809 5202 periculis.
1228 5127 1347 5189 tulistis
1363 5126 1441 5187 mihi
1458 5127 1491 5187 in
1506 5127 1630 5190 deserto
1641 5130 1850 5210 quadraginta
1865 5135 1967 5211 annis,
1983 5114 2019 5155 ff·

470 5222 564 5282 Sicut
588 5223 700 5299 aquila
721 5241 899 5298 provocans
923 5226 967 5282 ari
996 5228 1174 5286 volandum
1228 5226 1341 5288 domus
1363 5225 1480 5287 lsrael?
1495 5226 1533 5287 El
1555 5227 1704 5308 portastis
1730 5229 1969 5295 tabernaculum

424 5322 533 5398 pullos·
547 5339 630 5389 suos,
641 5329 671 5379 ct
684 5339 780 5396 srrpcr
794 5341 843 5380 eos
860 5321 1174 5395 volitansouemad·
1228 5323 1348 5386 ttotoen
1365 5323 1430 5403 regi
1446 5332 1562 5402 vestro,
1579 5333 1611 5387 et
1626 5325 1797 5408 imaginem
1813 5329 1969 5394 idolorum
