4309 6259
441 490 500 554 lli
761 510 934 559 manuario
954 512 986 557 ra
1006 512 1075 558 car.
1098 510 1164 558 xxn
1183 512 1379 557 maenus.
1401 530 1443 543 -
1463 512 1534 558 aar.
1556 511 1663 557 xxxvu

441 679 546 762 puteis
572 680 642 743 istis
667 681 773 745 reficit
795 682 948 745 Dominus
973 702 1062 746 suam
1085 684 1186 746 inees-
1200 682 1224 745 A
1240 691 1319 759 stus,
1336 683 1392 764 qui
1414 702 1488 746 suos
1504 682 1592 745 misit
1608 682 1776 746 bellatores
1790 690 1823 744 et
1837 681 1978 762 explora·

442 786 548 841 sauter
563 779 748 857 Ecclesiam,
766 780 792 843 si
814 790 918 845 tamen
940 780 1035 845 luerit
1055 801 1186 863 cougre-
1240 791 1324 845 torcs
1349 783 1388 845 ad
1410 782 1574 844 universas
1595 780 1707 843 mundi
1728 781 1921 863 provincias,
1937 780 1978 842 vi-

440 886 524 957 gata,
543 879 602 941 boc
617 888 665 941 est
682 878 747 943 lide
761 888 793 943 et
808 880 977 945 devotione
993 882 1107 944 uuita..
1241 880 1355 943 delicet
1371 889 1496 943 sanctos
1512 880 1689 963 Apostolos,
1699 888 1731 942 et
1745 898 1855 943 corum
1870 897 1978 960 coope

474 980 608 1055 Scopuli
620 982 810 1040 torrentium
822 982 1064 1041 inamaricant.
1072 980 1186 1062 Soopu·
1239 988 1360 1042 ratores
1373 988 1405 1042 et
1420 997 1624 1053 successores
1632 987 1666 1040 ut
1681 978 1845 1041 auferrent
1855 977 1977 1039 diabolo

442 1073 464 1135 li
481 1084 555 1136 suut
571 1095 645 1138 saxa
660 1077 1053 1159 eminentiaquaealonge
1063 1090 1186 1160 queunt
1240 1078 1343 1160 spolia
1366 1079 1447 1160 ejus,
1474 1087 1507 1142 et
1534 1096 1632 1158 regna
1656 1076 1766 1139 mundi
1791 1076 1977 1155 evangelice

441 1172 542 1235 videri
561 1192 568 1235 ε
588 1194 645 1256 per
669 1194 740 1256 quae
767 1176 902 1256 intelligi
928 1187 1062 1259 possunt
1086 1178 1187 1242 eccle·
1240 1176 1414 1238 subderent
1429 1176 1513 1256 legi3
1530 1176 1639 1258 sicque
1661 1174 1871 1238 saluberrime
1891 1192 1978 1255 eope

441 1272 560 1335 siastici
582 1272 641 1335 viri
664 1273 696 1334 in
718 1273 907 1337 sublimibus
927 1274 1047 1339 ciliciis
1071 1277 1186 1340 consti·
1241 1282 1311 1337 rent
1333 1275 1490 1351 homines,
1507 1284 1539 1337 ct
1558 1293 1612 1337 eos
1631 1276 1670 1337 ad
1687 1273 1850 1337 vivificam
1874 1272 1978 1335 morti-

443 1371 513 1446 tuti,
530 1370 615 1433 acuti
632 1380 662 1434 et
678 1373 822 1450 vigorosi,
839 1374 895 1455 qui
918 1376 1186 1456 superexteudun-
1241 1371 1424 1435 ficationem
1450 1375 1670 1456 perducerent.
1692 1373 1751 1436 Sed
1776 1380 1979 1435 occurrerunt

443 1478 493 1531 tur
520 1470 724 1547 torrentibus,
752 1470 784 1532 id
809 1481 856 1535 est
885 1473 1185 1553 congregationibus
1240 1492 1276 1534 ac
1300 1473 1485 1536 restiterunt
1509 1472 1666 1535 ministris
1687 1471 1802 1535 Christi
1825 1472 1929 1535 Sebon
1950 1480 1979 1533 ct

441 1568 551 1629 multis
570 1576 601 1631 et
621 1568 756 1649 magnis,
776 1569 974 1651 praesidendo
996 1572 1137 1634 eisdem:
1154 1581 1187 1635 et
1240 1569 1295 1650 Og,
1313 1570 1373 1634 hoc
1395 1579 1444 1633 est
1465 1570 1687 1653 superbissimi
1709 1570 1871 1653 principes
1888 1577 1920 1631 et
1940 1578 1978 1650 ty·

441 1666 803 1748 inclinantur‚quonium
814 1678 933 1749 quanto
945 1670 1089 1751 majores
1098 1679 1185 1735 taum
1241 1668 1333 1731 ranni
1343 1688 1416 1731 cum
1432 1669 1499 1731 suis
1514 1669 1716 1746 satellitibus
1726 1668 1781 1750 qui
1797 1667 1977 1731 memoriam

441 1766 513 1847 plus
529 1765 561 1827 in
579 1766 703 1829 eunctis
719 1766 890 1830 humiliant
905 1786 950 1845 se,
964 1778 995 1832 et
1011 1770 1186 1851 unicuique
1241 1768 1381 1829 nominis
1406 1768 1585 1844 christiani,
1612 1776 1644 1831 et
1672 1767 1839 1831 universos
1866 1766 1977 1829 Christi

441 1863 640 1927 subditorum
661 1866 752 1947 juxta
771 1865 859 1928 illius
878 1867 1084 1949 capacitatem
1108 1868 1186 1931 indi·
1204 1870 1226 1931 B
1241 1865 1404 1930 ministros
1426 1867 1533 1931 delere
1555 1866 1659 1930 conati
1685 1874 1770 1929 suut.
1788 1865 1848 1927 Sed
1874 1864 1978 1927 miseri

441 1964 645 2045 gentiamque
667 1973 826 2045 coaptant.
844 1964 1114 2037 Quemadmodum
1132 1986 1186 2029 au·
1240 1965 1436 2043 deiecerunt,
1453 1966 1530 2047 quia
1551 1985 1608 2028 nee
1628 1964 1792 2047 sapientia
1811 1962 1979 2045 discipulo

383 2084 386 2091 ·
443 2069 504 2123 lem
522 2082 612 2143 aquae
633 2061 740 2124 multae
760 2062 1186 2145 pepulimulti,itatorren-
1240 2084 1310 2126 rum
1326 2064 1454 2141 Christi,
1474 2084 1531 2127 uec
1555 2063 1705 2146 potentias
1725 2062 1979 2139 Salvatoris,uec

322 2165 327 2177 ’
442 2169 488 2223 tes
504 2170 578 2222 sunt
594 2160 1186 2242 hominumcongregationes.Torrens
1240 2162 1452 2244 divulgationi
1477 2162 1640 2242 Evangelii
1665 2170 1838 2245 potuerunt
1862 2161 1980 2224 resiste

442 2267 547 2322 tamen
572 2261 764 2341 quandoque
793 2259 938 2341 designat
968 2261 1185 2325 tribulationis
1240 2282 1274 2324 rc
1292 2280 1299 2323 :
1320 2262 1385 2324 imo
1405 2262 1549 2325 etmulti
1569 2281 1679 2325 eorum
1699 2262 1739 2323 ad
1761 2260 1858 2323 iidem
1879 2261 1980 2323 calbo

442 2358 692 2422 exuberantiam.
1240 2359 1334 2423 licam
1364 2369 1439 2423 suut
1467 2360 1634 2435 couversi3
1666 2357 1763 2422 ceteri
1792 2359 1980 2422 aeternaliter

481 2456 652 2534 Postremo,
670 2477 727 2540 pcr
746 2458 870 2541 Moysen
890 2457 1079 2539 intelligitur
1098 2460 1185 2523 Chri·
1239 2460 1414 2543 perierunt.

933 2888 1258 2974 ARTICULUS
1296 2889 1499 2974 XXXVII

473 3164 628 3210 Expostulo
650 3163 823 3209 tl‘ttnnatls
844 3164 981 3211 cantium
1004 3164 1133 3209 vicuslltt
1155 3164 1282 3208 securint
1305 3164 1312 3208 :
1338 3163 1446 3208 vinens
1468 3162 1570 3208 aunan
1591 3163 1688 3207 eatae
1709 3164 1805 3209 attius
1827 3165 1953 3210 saanon.

513 3443 590 3507 UOT
607 3452 638 3507 et
659 3444 809 3525 qualibus
834 3444 936 3507 modis
959 3443 1121 3507 obviatum
1147 3443 1189 3504 sit
1205 3442 1227 3505 C
1243 3451 1334 3505 erant
1356 3442 1533 3506 consiliarii
1555 3444 1644 3526 ejus:
1661 3448 1715 3507 Ita
1729 3446 1845 3505 delebit
1864 3448 1918 3506 bic
1932 3465 1983 3522 pe

445 3442 602 3641 Ofiliis
618 3543 765 3619 lsrael,et
780 3562 875 3624 quam
891 3543 1029 3623 gratiose
1044 3561 1080 3605 ac
1097 3542 1189 3604 mira·
1243 3546 1342 3620 putus
1361 3544 1555 3621 canticaque·
1574 3545 1611 3603 ia
1630 3547 1748 3604 nostris
1766 3546 1888 3622 finiatis
1907 3566 1984 3604 com-

443 3642 551 3706 culose
567 3643 667 3723 egerit
682 3644 764 3706 Deus
779 3662 851 3706 cum
868 3642 967 3719 eis‚et
983 3651 1186 3725 proptereos,
1244 3652 1426 3713 morantur,
1445 3647 1600 3721 quoraodo
1619 3647 1697 3704 solet
1716 3644 1768 3703 bos
1787 3645 1899 3703 derbes
1918 3664 1985 3703 car-

444 3761 529 3804 nunc
546 3741 707 3803 recitatur.
727 3744 843 3802 l'idcos
858 3751 977 3813 autera,
997 3741 1027 3802 id
1049 3749 1098 3802 est
1120 3758 1190 3821 per·
1239 3760 1317 3818 pere
1332 3762 1431 3820 usque
1445 3745 1489 3801 ad
1503 3744 1639 3813 retices,
1658 3740 1690 3802 id
1705 3750 1764 3818 est,
1781 3742 1909 3823 penitus
1929 3760 1983 3804 nos

444 3842 567 3925 cipicus
583 3850 614 3904 et
630 3841 937 3923 intelligens,Batac
951 3844 1043 3919 filios
1054 3844 1189 3918 Septor,
1244 3838 1367 3901 occidet
1383 3839 1465 3902 sicut
1485 3839 1543 3903 bos
1558 3841 1689 3902 devorat
1708 3840 1862 3919 gramina.
1879 3838 1985 3903 Consi·

443 3944 555 4001 omnia
579 3962 651 4020 quae
673 3943 794 4017 fecerat
817 3944 920 4000 Lsracl
942 3942 1139 4009 Autorrlaau,
1158 3939 1189 4000 id
1244 3937 1369 4000 dotavit
1388 3937 1495 4019 itaque
1516 3957 1550 4000 se
1569 3956 1633 4001 non
1656 3956 1749 4021 posse
1771 3957 1828 4020 per
1848 3957 1937 4000 arma
1955 3948 1985 3999 et

445 4037 628 4101 estduobus
643 4037 784 4119 praelatis
795 4037 1048 4099 Amorrhaeorum
1062 4036 1190 4114 regibus
1244 4035 1329 4099 bolla
1355 4035 1505 4099 israelitis
1532 4037 1690 4113 resistere,
1717 4037 1868 4119 quoniam
1898 4056 1985 4117 reges

446 4146 478 4199 et
493 4136 589 4199 etiam
606 4136 671 4215 regi
687 4136 768 4197 brad
783 4146 831 4211 ;ct
846 4138 931 4214 quod
949 4137 1191 4211 pertimuissent
1245 4134 1316 4216 ipso
1327 4135 1531 4217 potentiores,
1542 4136 1643 4197 victos
1658 4154 1728 4199 esse
1743 4136 1891 4216 cognovit
1906 4136 1946 4197 ab
1956 4136 1986 4197 il·

444 4258 532 4306 eum,
540 4234 690 4297 videlieet
706 4233 859 4316 populum
876 4234 980 4309 lsrael,
992 4235 1191 4301 Moabitoe,et
1246 4232 1292 4295 lis.
1301 4236 1372 4311 Ipse
1382 4244 1490 4294 autem
1499 4244 1569 4295 erat
1579 4255 1681 4294 recreo
1693 4244 1829 4311 tempore
1840 4238 1876 4293 in
1888 4237 1985 4295 Moab.

446 4336 603 4411 inoptatum
619 4334 688 4410 ejtes
698 4334 786 4409 serre
799 4353 863 4392 uon
875 4341 1020 4408 possent:
1030 4348 1094 4393 non
1105 4329 1191 4411 quod
1244 4332 1311 4394 lam
1327 4332 1447 4394 dictum
1465 4342 1524 4407 esi,
1541 4333 1625 4413 quod
1647 4352 1701 4396 rex
1721 4333 1781 4395 islo
1801 4332 1882 4394 vidit
1903 4332 1987 4413 quod

447 4432 583 4515 populus
614 4431 707 4493 lsrael
741 4429 976 4511 impugnaverit
1007 4428 1189 4504 Moabitas3
1245 4429 1388 4493 Moabitae
1413 4430 1648 4512 pertimuerunt
1673 4430 1761 4493 lilios
1785 4430 1892 4507 lsrael,
1918 4431 1988 4493 idco

447 4532 502 4595 sed
524 4530 611 4613 quod
633 4528 774 4593 Moabitae
797 4528 1081 4591 consideraverunt
1104 4527 1192 4589 lilios
1247 4528 1403 4591 allocutus
1422 4538 1470 4591 est
1491 4528 1629 4609 majores
1650 4538 1727 4591 natu
1746 4529 1880 4600 ldadian,
1898 4529 1988 4610 quasi

447 4629 540 4693 lsrael
559 4638 646 4692 tauto
661 4629 716 4692 Dei
738 4627 786 4689 sui
807 4626 966 4709 adjutorio
986 4645 1056 4689 esse
1076 4625 1192 4689 suliul-
1206 4628 1231 4689 Ι)
1247 4626 1388 4690 Moabitae
1412 4626 1532 4689 luerint
1553 4627 1650 4689 alieni
1671 4627 1711 4690 ab
1732 4646 1769 4690 eo
1789 4636 1821 4689 ot
1837 4647 1856 4690 a
1870 4628 1989 4709 populo

449 4738 507 4805 tos,
521 4728 607 4810 quod
623 4726 684 4810 ipsi
700 4725 842 4800 Moabitae
858 4744 922 4787 non
938 4725 1082 4787 valerent
1096 4726 1193 4787 lsrae
1247 4724 1334 4805 ejus:
1347 4726 1508 4805 quomodo
1523 4744 1600 4805 ergo
1615 4744 1700 4788 nuno
1716 4724 1938 4806 dicitur,quod
1953 4744 1989 4787 eo

448 4827 515 4890 litis
541 4828 700 4901 resistcre,
723 4826 749 4887 si
775 4824 1003 4887 invaderentur
1027 4823 1067 4885 ab
1091 4823 1190 4905 ipsis:
1249 4830 1390 4903 tempore
1404 4822 1474 4904 ipse
1488 4822 1609 4885 exstitit
1624 4842 1679 4886 rex
1695 4822 1727 4884 in
1743 4821 1853 4886 lloabl
1868 4823 1915 4885 nd
1931 4824 1989 4885 hoo

449 4934 579 5008 propter
604 4925 700 5006 quod,
724 4944 763 4987 ne
789 4923 1024 4996 invaderentur,
1045 4922 1194 5003 permise-
1247 4920 1443 4983 credibiliter
1463 4922 1592 5003 quidam
1617 4922 1820 5004 respondent,
1837 4921 1923 5002 quod
1938 4921 1991 4983 Ba·

451 5032 525 5086 runt
540 5023 627 5086 lilios
643 5023 736 5086 lsrael
754 5022 799 5084 ire
816 5040 871 5103 per
888 5020 1039 5083 terminos
1056 5039 1141 5095 suoS,
1160 5029 1194 5082 ut
1248 5019 1296 5082 lac
1322 5018 1382 5082 iste
1407 5018 1468 5081 luit
1489 5020 1618 5083 natione
1639 5019 1817 5095 bladienita,
1835 5028 1867 5082 ot
1889 5019 1922 5080 in
1945 5019 1990 5081 cis

301 5144 434 5193 bertana.
450 5122 484 5185 in
499 5121 743 5185 Deuteronomio
763 5120 918 5193 habetur,
935 5121 1024 5180 dicit
1038 5122 1082 5179 ud
1096 5120 1195 5196 trajo·
1249 5118 1321 5199 plus
1343 5116 1527 5181 considebat
1541 5144 1549 5194 3
1561 5138 1637 5182 non
1661 5126 1766 5181 autem
1792 5116 1855 5180 fuit
1879 5137 1934 5181 rex
1959 5118 1989 5178 iu

450 5242 500 5282 res
525 5231 606 5281 actu
631 5222 782 5292 Medion,
800 5218 859 5280 boc
884 5226 932 5279 est
956 5218 997 5279 ad
1022 5216 1195 5280 nobiliores
1250 5216 1338 5279 lloab
1354 5236 1392 5278 err
1405 5216 1603 5297 genealogia,
1620 5217 1676 5278 sed
1691 5217 1741 5279 vel
1756 5217 1828 5297 jure
1843 5214 1990 5292 belli,vel

451 5318 703 5396 lladianitarum,
729 5336 866 5400 quorum
894 5336 947 5379 rex
977 5315 1046 5391 luit,
1074 5324 1106 5378 et
1133 5315 1195 5397 ipsi
1250 5333 1288 5377 err
1303 5322 1479 5396 spontanea
1494 5314 1691 5396 subjectione
1700 5312 1992 5395 Moabitarumquo
