4309 6259
535 520 709 566 unannnrro
731 521 761 565 nv
783 519 850 564 cnr.
874 517 906 563 xr
927 518 1123 565 nuunnonuu.
1146 539 1187 550 —
1207 520 1278 567 aar.
1301 519 1356 566 xrx
1657 503 1714 566 381

168 691 211 754 do
228 699 303 753 sunt
318 692 424 769 eorde,
442 691 496 774 qui
513 690 690 773 purificant
706 712 778 755 suas
794 692 919 756 animas
933 687 959 749 A
974 706 1011 750 co
1026 691 1112 770 qnod
1122 690 1238 772 Joseph
1254 691 1425 771 revelante,
1435 702 1717 774 praecognoveruut
1755 720 1810 764 002.
1821 735 1862 772 m,

41 800 140 853 1661-
166 809 187 851 6
214 800 355 872 peccato,
384 790 465 852 sieut
491 809 554 853 non
580 790 702 853 habitat
727 792 760 852 in
786 810 918 872 corpore
975 787 1174 850 sterilitatem
1194 798 1316 871 septem
1334 787 1500 854 annorum.
1518 793 1661 873 Denique
1682 793 1716 854 16
1730 785 1799 826 Μ·

60 897 67 911 ·
167 887 300 951 subdito
318 887 467 969 pcccatis.
486 888 920 965 Peccantesautem,contri-
974 892 1060 946 textu
1086 884 1256 948 manifeste
1280 887 1424 965 habetur,
1448 890 1716 969 quemadmodum

166 995 293 1049 stamus
319 987 473 1070 Spiritum
499 988 649 1050 Sanctum
673 1015 679 1065 ;
707 989 788 1052 hene
813 997 920 1050 autem
974 983 1056 1045 Deus
1071 984 1152 1045 dixit
1166 986 1206 1046 ad
1221 985 1346 1068 Moysen
1361 986 1531 1050 :Auferam
1546 989 1586 1051 (16
1602 988 1716 1071 spiritu

166 1095 314 1166 agentes,
337 1087 480 1168 requiem
503 1085 532 1148 ci
556 1106 717 1169 paramus,
734 1087 823 1160 Quod
845 1105 920 1166 ergo
976 1089 1029 1145 tuo
1044 1089 1076 1144 et
1091 1083 1173 1146 dabo
1188 1084 1263 1146 illis.
1276 1085 1314 1146 Et
1330 1105 1459 1148 rursus:
1478 1088 1646 1151 Descendit
1660 1089 1719 1151 Do-

167 1183 215 1244 ait
230 1184 272 1244 dc
288 1183 491 1266 septuaginta
506 1185 713 1266 presbyteris,
726 1185 758 1245 id
774 1192 822 1247 cst
838 1184 921 1247 seni·
976 1180 1083 1243 minus
1104 1201 1161 1262 per
1177 1183 1306 1260 nubem,
1324 1193 1356 1246 ct
1376 1185 1499 1248 locutus
1514 1195 1562 1248 est
1577 1189 1616 1249 ad
1632 1207 1717 1263 eum,

169 1279 333 1362 bus‚quia
348 1282 485 1363 Spiritus
501 1282 660 1364 requievit
677 1283 710 1343 16
726 1283 783 1359 eis,
795 1283 920 1345 laudem
976 1288 1053 1359 puta
1074 1282 1113 1342 ad
1135 1281 1271 1363 Moysen,
1289 1282 1439 1346 auferens
1462 1285 1500 1347 de
1525 1285 1640 1367 spiritu
1662 1287 1719 1367 qui

169 1379 247 1442 vitae
267 1399 379 1442 corum
395 1388 427 1442 61
442 1380 576 1443 virtutes
597 1380 754 1462 exposuit.
771 1381 842 1443 Hac
857 1380 921 1444 Ori·
976 1385 1044 1440 erat
1063 1377 1097 1439 in
1117 1379 1230 1460 Moyse,
1248 1388 1279 1442 ct
1298 1381 1378 1442 dans
1398 1383 1598 1464 septuaginta
1618 1385 1717 1460 viris;

169 1496 271 1556 geues
297 1487 328 1540 et
352 1478 473 1542 Glossa.
496 1478 616 1561 ltaque,
639 1481 712 1542 dato
737 1480 822 1560 quod
848 1488 922 1542 ante
978 1495 1041 1538 non
1061 1486 1168 1540 autem
1184 1479 1312 1555 dicitur,
1329 1482 1414 1561 quod
1434 1481 1553 1563 Moyses
1570 1481 1717 1567 [dederit]

170 1577 257 1639 hanc
278 1577 415 1659 Spiritus
436 1578 641 1640 donationem
662 1577 798 1640 fuissent
820 1578 853 1640 in
874 1599 922 1642 ea·
977 1576 1016 1638 de
1041 1576 1155 1657 spiritu
1181 1596 1238 1639 suo
1264 1579 1463 1659 septuaginta
1483 1580 1572 1643 viris.
1589 1581 1720 1664 Moxque

170 1673 268 1736 ritate
291 1682 323 1736 61
343 1675 455 1753 gratia,
480 1683 587 1738 tamen
612 1675 645 1737 in
668 1675 729 1738 ista
750 1676 921 1740 donatione
977 1675 1202 1755 subjungitur:
1216 1675 1382 1758 Quumque
1398 1677 1608 1758 requievisset
1623 1680 1656 1742 in
1673 1682 1720 1744 eis

169 1774 277 1853 gratia
296 1781 422 1854 gratum
443 1773 564 1837 faciens
582 1783 614 1837 et
630 1775 764 1836 virtutes
786 1775 922 1838 fuissent
978 1771 1126 1853 Spiritus,
1149 1774 1431 1855 prophetaverunt.
1454 1777 1493 1839 Et
1519 1777 1572 1840 illa
1598 1780 1722 1861 requie-

171 1872 205 1932 16
223 1873 272 1934 616
287 1880 398 1936 auctae.
416 1873 561 1955 Amplius
577 1872 773 1955 expositores
793 1874 923 1936 catholi-
938 1873 961 1934 B
978 1871 1099 1932 scentia
1121 1871 1257 1954 Spiritus
1279 1873 1385 1936 Sancti
1408 1874 1440 1936 in
1463 1875 1554 1957 ipsis,
1573 1897 1636 1941 uon
1660 1879 1721 1942 fuit

170 1969 201 2032 ei
224 1971 439 2034 communiter
463 1973 586 2049 dicunt,
603 1973 688 2052 quod
711 1973 784 2034 data
806 1981 853 2035 est
876 1992 923 2034 sc·
977 1987 1015 2030 ex
1036 1969 1149 2051 Moysis
1172 1969 1399 2034 informatione
1421 1981 1476 2034 aut
1497 1973 1720 2056 impressione,

171 2068 323 2132 niorihus
346 2069 411 2130 illis
434 2069 626 2133 illuminatio
647 2071 686 2132 ad
707 2070 849 2151 regimen
871 2089 924 2152 po
978 2068 1032 2129 scd
1048 2086 1086 2130 cx
1101 2068 1156 2130 Dei
1173 2069 1355 2132 donatione.

170 2167 256 2249 puli,
275 2168 361 2249 quod
380 2168 419 2230 ad
440 2168 643 2250 prudentiam
664 2169 814 2251 pertinet,
832 2178 863 2231 et
883 2171 922 2231 ad
1016 2165 1721 2255 166116166666111611111Ρ661666111161666

172 2265 439 2330 informationem
463 2267 495 2329 in
519 2268 598 2347 lege,
621 2268 707 2348 quod
729 2276 777 2330 est
799 2269 924 2350 sapien·
978 2263 1162 2327 immediate
1177 2285 1195 2326 a
1210 2266 1272 2328 Deo
1288 2267 1448 2348 accepisse
1464 2267 1571 2332 lumen
1587 2272 1724 2353 prophe-

172 2365 227 2428 116
248 2373 350 2428 actus.
978 2361 1159 2438 ticum,non
1171 2365 1511 2447 coneordatpraadictis
1523 2369 1724 2453 exB.Diony-

215 2464 338 2527 Deinde
353 2466 438 2545 quod
453 2464 568 2526 Paulus
589 2463 649 2527 isle
664 2465 821 2546 adjungit,
838 2467 924 2547 quod
979 2459 1026 2523 sio
1042 2469 1073 2524 ct
1089 2461 1120 2523 S.
1133 2461 1252 2524 Thema
1271 2462 1421 2541 inductis,
1440 2463 1504 2528 imo
1521 2485 1579 2529 nce
1595 2467 1721 2532 litterae.

174 2562 373 2626 illuminatio
399 2563 585 2645 prophetica
607 2565 801 2646 quandoque
823 2565 925 2646 tangit
978 2558 1203 2641 Apparitioncs
1219 2560 1349 2638 etenim,
1366 2562 1587 2643 allocutiones,
1605 2569 1724 2630 revela-

174 2670 303 2724 mcntes
312 2662 541 2744 Prophetarum
557 2661 773 2725 mediantibus
787 2664 922 2744 angelis,
979 2657 1147 2739 tionesque
1172 2659 1227 2722 llei
1254 2658 1345 2722 factat
1370 2661 1477 2742 Moysi,
1495 2682 1552 2744 per
1574 2666 1722 2746 angelum

173 2760 269 2841 quasi
285 2761 479 2841 quandoque
497 2768 603 2842 tangat
619 2779 683 2824 non
700 2780 757 2842 per
777 2761 926 2825 interme·
980 2775 1035 2819 seu
1050 2757 1180 2837 angelos
1196 2766 1322 2820 sanctos
1338 2757 1430 2822 faeta
1446 2769 1520 2822 sunt
1535 2762 1577 2838 ei,
1595 2782 1660 2826 non
1676 2785 1725 2828 so

173 2859 245 2920 dios
268 2858 412 2939 angelos,
431 2858 513 2920 sicot
535 2867 566 2920 61
590 2866 700 2940 postea
725 2859 842 2938 innuit,
861 2879 924 2922 non
980 2854 1047 2917 lum
1063 2855 1097 2917 in
1112 2855 1203 2932 rubo,
1216 2857 1270 2919 sed
1286 2857 1381 2919 ctiam
1398 2858 1430 2918 in
1447 2859 1590 2941 AEgypto,
1604 2872 1725 2926 monte·

171 2967 222 3020 cst
247 2967 323 3039 apte
349 2957 515 3019 inductum
534 2975 541 3019 :
565 2957 642 3038 quia
667 2966 702 3019 ut
725 2958 862 3021 Thomas
887 2979 925 3022 ex
981 2973 1042 3035 que
1058 2954 1143 3017 Sinai
1159 2963 1191 3016 et
1206 2955 1377 3036 deinceps:
1395 2959 1479 3038 quod
1497 2966 1529 3021 et
1545 2959 1578 3020 in
1593 2960 1724 3023 Actibus

173 3057 282 3119 vcrhis
294 3055 399 3119 divini
409 3055 551 3139 Dionysii
569 3057 796 3138 prohat,atque
809 3056 842 3119 in
855 3058 960 3138 plu-C
980 3053 1201 3134 Apostolorum
1220 3053 1254 3114 B.
1272 3053 1450 3134 Stephanus
1472 3065 1674 3136 protestatur,
1692 3067 1868 3128 6116616.

170 3155 263 3218 rihus
280 3155 360 3218 locis
377 3155 479 3230 docet,
498 3154 710 3217 revelationes
728 3155 922 3237 propheticae
979 3151 1010 3215 S.
1030 3151 1226 3230 Augustinus
1250 3152 1400 3230 declarat,
1425 3153 1569 3233 Magister
1593 3175 1724 3238 quoque

171 3253 402 3317 universaliter
417 3271 474 3334 per
489 3253 618 3332 angelos
639 3262 765 3316 sanctos
786 3262 860 3315 sunt
881 3253 925 3316 fa·
980 3251 1213 3314 Sententiarum
1229 3250 1311 3314 lihro
1327 3253 1466 3316 seeundo
1482 3254 1642 3334 disseruit,
1657 3256 1724 3321 imo

171 3361 241 3428 ctae,
253 3352 431 3414 secundum
444 3352 530 3432 quod
546 3352 624 3413 ordo
639 3351 791 3431 angelicae
807 3352 925 3415 hierar·
979 3368 1017 3412 ex
1037 3348 1141 3411 littera
1161 3348 1222 3411 ista
1237 3349 1427 3413 ostenditur.
1444 3351 1512 3414 Non
1534 3353 1622 3415 enim
1642 3356 1724 3418 Deos

171 3451 254 3513 chiae
270 3451 311 3512 ad
328 3450 512 3526 humanam,
530 3457 561 3512 et
581 3450 750 3530 utriusque
770 3451 809 3512 ad
826 3451 923 3513 Deum
980 3447 1163 3509 immediate
1187 3447 1219 3508 in
1245 3448 1375 3530 propria
1399 3467 1535 3530 persona
1560 3452 1726 3515 descendit

172 3547 379 3622 hahet.Quod
395 3547 471 3610 item
483 3547 631 3610 Albertus
648 3547 925 3612 1111161611111666-
980 3545 1013 3607 16
1031 3545 1126 3623 nube,
1144 3553 1174 3608 et
1189 3545 1344 3609 allocutus
1361 3555 1409 3609 est
1423 3546 1561 3629 Moysen.

172 3647 355 3729 quaevis‚et
370 3665 466 3728 super
482 3646 657 3708 secundum
674 3645 923 3724 Sententiarum,
1020 3644 1169 3725 Sequitur
1187 3662 1194 3704 ε
1211 3647 1336 3722 Populo
1361 3666 1485 3725 quoque
1509 3651 1594 3708 dices
1610 3671 1621 3709 .·
1644 3653 1726 3712 San-

173 3755 206 3808 et
226 3763 325 3827 super
346 3744 519 3826 Prophetas
541 3744 659 3808 sentire
681 3753 839 3821 censetur,
857 3745 927 3807 alii·
979 3745 1186 3822 ctifieamini,
1203 3744 1262 3806 hoo
1282 3751 1340 3820 est,
1357 3744 1469 3807 devote
1484 3745 1646 3828 disponite
1669 3768 1726 3813 vos

174 3865 239 3926 que
255 3843 483 3907 communiter.
981 3843 1020 3904 ad
1036 3841 1273 3923 suscipiendum
1289 3849 1450 3922 gratanter
1461 3841 1601 3907 futuram
1614 3855 1645 3908 ct
1655 3866 1728 3911 eon·

215 3942 307 4017 Quod
330 3960 406 4005 vcro
431 3949 663 4022 consequenter
688 3942 801 4004 asserit
826 3941 926 4005 Rahhi
981 3941 1122 4022 cupitam
1138 3941 1282 4003 earnium
1298 3938 1505 4004 refectionem
1520 3966 1527 4017 3
1545 3964 1616 4005 cras
1631 3965 1728 4006 come-

174 4043 304 4119 Paulus,
323 4041 409 4121 qnod
433 4040 514 4102 sicut
537 4039 655 4121 Moyses
677 4039 801 4122 accepit
822 4040 927 4121 primo
980 4042 1199 4100 (1616661661.
1217 4041 1386 4116 [16666116
1401 4040 1555 4103 Dominus
1570 4042 1651 4105 Deus
1673 4066 1729 4106 66
1837 4058 1839 4061 ·

175 4140 313 4220 gratiam
331 4137 537 4221 prophetitoa
551 4137 613 4200 heo
629 4157 686 4219 per
701 4138 868 4218 angelum
883 4139 927 4202 sio
981 4139 1054 4196 diei
1078 4158 1131 4196 cos
1155 4139 1287 4196 dicere:
1309 4140 1387 4206 Quis
1412 4140 1503 4200 debit
1528 4143 1619 4201 nobis
1643 4163 1728 4203 66666
1842 4208 1845 4214 ,

176 4237 383 4320 septuaginta
398 4256 417 4299 a
433 4237 495 4299 lleo
511 4235 928 4318 perMoysen,qucmadmo
943 4238 1133 4300 hearnium
1153 4241 1168 4295 l
1192 4235 1300 4316 ltaque
1329 4235 1589 4316 sanctificamini,
1616 4250 1652 4300 61
1674 4243 1727 4302 det

175 4338 254 4399 dum
275 4337 374 4400 etiam
395 4335 471 4397 luna
492 4335 590 4397 sumit
606 4334 709 4397 166616
725 4355 848 4402 666166
864 4337 926 4400 1160
982 4335 1068 4394 cobis
1087 4335 1248 4394 Dominus
1269 4354 1381 4395 661666
1402 4345 1433 4395 et
1452 4340 1647 4399 comedatis:
1662 4359 1726 4399 666

174 4455 233 4517 per
249 4435 351 4498 solem
366 4451 372 4494 ἰ
387 4433 432 4495 611
449 4451 578 4514 prorsus
595 4431 702 4495 valere
718 4442 924 4512 monstratur,
982 4454 1046 4494 uno
1061 4434 1115 4493 (lie
1131 4442 1270 4503 tantum,
1287 4454 1344 4493 nec
1358 4435 1493 4506 duobus,
1505 4440 1556 4495 661
1569 4437 1725 4516 quinque,

175 4543 207 4597 61
234 4533 336 4596 textui
362 4531 551 4596 contrariari
577 4531 730 4613 probatur
748 4549 754 4593 :
775 4533 926 4612 quoniam
982 4541 1040 4592 aut
1055 4535 1175 4601 decem,
1190 4534 1244 4590 sed
1259 4551 1316 4591 nac
1331 4533 1451 4607 viginti
1465 4535 1597 4611 quidem
1612 4534 1725 4596 diebus

176 4633 287 4697 lumen
300 4631 525 4715 propheticum
538 4630 651 4712 Moysis
667 4630 766 4692 menti
782 4629 926 4694 infusum
983 4637 1116 4705 tantum,
1133 4632 1188 4689 sed
1207 4650 1307 4707 usque
1321 4633 1365 4690 ad
1379 4651 1518 4691 ocensem
1535 4633 1676 4704 dierum,
1694 4631 1726 4694 id

176 4740 273 4815 atque
288 4731 463 4807 inhaerens,
475 4747 536 4791 non
553 4728 656 4810 potuit
671 4729 795 4810 operari
811 4739 866 4791 ant
883 4729 929 4792 in·
983 4736 1031 4789 est
1055 4746 1112 4808 per
1136 4727 1295 4808 integrum
1321 4747 1464 4790 mensem
1485 4752 1492 4802 ;
1514 4732 1612 4789 donee
1635 4742 1728 4792 66661

178 4832 281 4895 116616
298 4831 333 4892 16
350 4836 473 4892 mentes
490 4847 545 4889 scu
560 4827 684 4889 animas
704 4827 852 4906 aliorum,
866 4827 928 4890 nisi
978 4846 1039 4904 per
1054 4847 1147 4886 nares
1162 4836 1295 4895 vestras,
1309 4826 1369 4889 hoe
1390 4834 1448 4903 cst,
1466 4828 1505 4890 ad
1529 4836 1652 4891 tantum
1677 4847 1729 4893 vo

178 4951 236 5013 per
254 4928 415 4994 exteriora
437 4925 534 4989 verba
556 4934 610 4987 aut
632 4925 723 5006 signa
745 4925 795 4989 vel
818 4945 926 5007 opera.
983 4923 1098 4986 mitum
1112 4923 1300 5000 deveniatis,
1318 4933 1352 4986 ut
1367 4932 1397 4986 ct
1414 4944 1505 4988 nares
1521 4935 1633 4990 vestrae
1653 4928 1728 4990 inde

179 5030 223 5090 Ex
239 5028 295 5091 tali
312 5034 419 5089 autem
437 5023 647 5086 instructione
657 5032 711 5085 aut
726 5022 927 5100 revelatione,
985 5023 1155 5099 foedentur,
1172 5034 1201 5083 et
1223 5033 1369 5083 vertatur
1389 5027 1426 5084 in
1447 5046 1614 5098 nauseam,
1632 5026 1729 5090 idest

179 5147 243 5208 qua
263 5145 350 5189 unns
374 5123 471 5186 homo
496 5121 588 5184 alteri
611 5121 718 5183 futura
736 5129 791 5184 aut
811 5131 931 5186 secreta
985 5121 1018 5183 in
1035 5119 1198 5182 fastidium
1210 5139 1216 5181 :
1230 5121 1456 5185 delectationes
1472 5142 1609 5205 namque
1630 5125 1730 5187 sensi-

180 5227 313 5300 revelat,
330 5222 415 5285 alius
435 5239 499 5284 non
521 5219 561 5282 fit
581 5220 755 5302 propheta:
774 5220 857 5282 sicut
872 5240 931 5284 666
985 5219 1076 5296 111166,
1099 5237 1155 5299 per
1174 5219 1350 5282 satietatem
1367 5219 1401 5281 in
1418 5220 1583 5284 fastidium
1598 5231 1727 5286 vertun-

180 5325 301 5388 l‘harao
317 5331 349 5386 ct
365 5321 436 5403 ejus
452 5318 590 5381 ministri
608 5319 737 5381 luomnt
752 5319 927 5400 prophetae,
984 5327 1055 5392 tur,
1071 5337 1105 5377 eo
1121 5321 1206 5397 quod
1220 5320 1405 5396 repuleritis
1416 5323 1605 5392 Dominum,
1616 5323 1674 5400 qui
1690 5324 1726 5383 16
