4309 6259
547 532 721 578 unaunarro
743 534 773 578 m
795 534 863 579 aar.
888 533 909 578 u
930 531 1164 578 nnurunououn.
1187 552 1227 561 —
1247 533 1318 578 aar.
1342 532 1376 577 111
1671 515 1731 579 533

185 701 383 783 iniquitates.
400 702 463 767 Nec
480 702 644 785 quispiam
665 704 749 767 dicat
767 722 773 766 :
791 704 863 768 Odit
881 724 932 768 me
947 705 973 766 Α
987 722 1055 767 ram
1081 704 1318 782 discretionem,
1335 722 1406 785 que
1431 701 1566 766 dulciter
1591 711 1732 765 mentem

184 800 349 877 Dominus,
368 802 474 878 idest,
492 801 647 885 reprobus
668 822 738 865 sum
758 812 789 865 et
809 805 933 885 presci-
987 804 1155 883 refrigerat
1170 814 1202 867 et
1217 804 1386 867 obumbrat
1400 811 1511 866 contra
1526 802 1733 865 indiscretum

184 906 246 973 tuS,
264 907 296 961 ct
312 898 430 960 salvari
447 918 510 961 non
528 900 629 965 valeo.
647 900 834 981 acquiescat
854 920 932 983 quo·
987 902 1157 980 fervorem,
1175 912 1285 965 contra
1307 902 1492 984 passionum
1517 900 1734 982 vitiorumque

182 1016 246 1078 que
261 998 486 1078 unusquisque
503 998 723 1079 superioribus
734 1007 765 1061 et
775 1009 932 1083 correpto

182 1094 271 1157 ribus
296 1096 363 1157 suis
387 1096 420 1157 in
444 1097 532 1158 omni
553 1097 674 1159 salubri
697 1099 849 1173 materia3
873 1120 931 1162 nec

183 1194 215 1255 in
238 1202 382 1257 montem
405 1196 564 1278 superbie
584 1197 804 1274 ascendamus,
829 1216 932 1279 noque

182 1294 220 1355 ad
237 1301 381 1355 montem
399 1295 609 1374 presidentia
629 1294 701 1375 quis
721 1297 873 1379 adspiret,
892 1317 931 1361 ne

182 1393 366 1455 demonum
383 1392 504 1455 incidat
520 1411 642 1456 manus.
650 1394 876 1459 Verumtamen
891 1398 931 1459 ad

182 1499 326 1554 montem
342 1490 550 1574 perfeetionis
566 1493 747 1575 pertingere
763 1494 928 1571 enitamur,

183 1597 213 1652 et
231 1588 368 1669 vestigia
382 1588 512 1667 Christi,
525 1589 580 1672 qui
591 1598 638 1652 est
654 1610 745 1654 mons
762 1592 929 1670 montium,

184 1686 362 1763 imitemur,
380 1696 477 1769 atque
492 1688 532 1750 ad
547 1696 688 1752 montem
706 1690 931 1772 triumphantis

183 1785 336 1849 Ecclesie
356 1785 567 1867 adspiromus.
589 1786 809 1869 Rogemusque
830 1788 932 1851 Domi-

987 1010 1100 1065 estum
1118 1020 1125 1063 :
1144 1002 1254 1085 sicque
1268 1003 1331 1064 Deo
1347 1002 1478 1064 ductore
1493 1000 1545 1063 via
1560 1000 1647 1080 regia
1663 1018 1733 1080 gra-

987 1101 1123 1177 diamur,
1142 1121 1200 1164 nec
1222 1101 1255 1162 in
1278 1100 1439 1181 prosperis
1461 1098 1600 1161 inaniter
1620 1097 1733 1177 glorie·

986 1218 1069 1275 mur,
1096 1207 1149 1261 aut
1176 1199 1209 1259 in
1235 1207 1359 1262 tumore
1383 1197 1520 1278 alicujus
1544 1195 1731 1275 arrogantie

987 1298 1187 1374 seducamur,
1206 1306 1259 1359 aut
1282 1315 1338 1377 per
1360 1295 1619 1358 indiscretionem
1642 1295 1732 1358 cada-

987 1417 1069 1471 mus,
1088 1416 1146 1460 nec
1169 1397 1203 1459 in
1224 1396 1367 1460 adversis
1389 1395 1576 1476 dejiciamur
1595 1413 1653 1476 per
1673 1395 1732 1456 im·
1818 1442 1821 1448 .

987 1495 1173 1577 patientiam
1189 1503 1243 1557 aut
1258 1513 1409 1557 errorem.

1026 1593 1188 1657 Postremo
1203 1593 1382 1669 vitandum,
1399 1610 1440 1655 ne
1459 1591 1532 1672 quis
1552 1599 1663 1654 contra
1677 1590 1732 1653 de

987 1692 1122 1755 ctrinam
1157 1691 1339 1774 Scripture,
1375 1698 1430 1752 aut
1458 1697 1568 1753 contra
1601 1707 1730 1751 suorum

987 1790 1109 1852 monita
1130 1789 1343 1871 prelatorum,
1362 1796 1476 1869 sponte
1495 1806 1529 1850 se
1548 1787 1672 1867 ingerat
1691 1788 1731 1849 ad

183 1904 273 1959 num,
292 1892 328 1946 ut
344 1884 377 1945 in
395 1894 486 1949 nocte
501 1885 574 1947 vite
592 1886 768 1967 presentis,
786 1887 818 1948 id
835 1888 930 1950 estin
948 1892 971 1953 B
987 1888 1096 1971 prelia
1112 1888 1334 1963 tentationum,
1351 1887 1526 1948 instructus
1541 1884 1639 1947 armis
1660 1904 1731 1967 pro

183 1982 272 2046 omni
299 1983 491 2046 adversitate
516 1991 547 2046 et
573 1985 755 2061 tentatione,
783 1985 929 2049 inomni

184 2081 368 2163 ignorantia
393 2090 425 2145 et
449 2102 567 2161 errore,
585 2084 733 2165 dignetur
755 2085 847 2149 nobis
870 2085 930 2147 iter

183 2182 308 2258 salutiS,
326 2180 435 2245 lumen
450 2182 606 2259 veritatis
623 2184 824 2266 splendorem
840 2185 931 2265 justi-

184 2280 236 2343 tie
251 2280 473 2343 demonstrare
488 2301 545 2364 per
561 2282 644 2361 ignis
661 2284 853 2360 columnam,
871 2283 931 2346 hoc

182 2388 231 2442 est
255 2398 314 2461 per
337 2379 473 2462 Spiritus
491 2381 597 2443 Sancti
620 2382 752 2463 gratiam
776 2402 812 2445 ac
833 2382 932 2445 virtu-

182 2486 247 2540 tem
274 2496 281 2539 :
304 2478 374 2559 ipse
396 2478 518 2561 quippe
543 2488 591 2542 est
616 2480 699 2560 ignis
725 2481 862 2544 innocue
885 2500 934 2543 ar-

183 2578 275 2653 dens,
303 2584 433 2658 peccata
457 2596 659 2656 consumens,
687 2581 782 2643 corda
808 2580 932 2642 inllam-

184 2696 288 2752 mans,
306 2683 339 2738 et
360 2678 636 2758 superessentialis
656 2679 805 2754 dilectio,
824 2680 857 2740 in
880 2679 932 2741 dir

183 2794 272 2851 vero,
286 2775 318 2837 id
335 2783 384 2837 est
400 2775 433 2836 in
449 2776 537 2839 omni
554 2778 763 2860 prosperitate
779 2787 810 2841 et
830 2777 932 2860 proie-

184 2882 249 2949 ctu,
266 2892 325 2955 per
340 2873 523 2937 columnam
540 2873 646 2953 nubis,
663 2876 723 2939 hoo
744 2884 792 2939 est
808 2894 865 2957 per
879 2895 932 2939 ve-

986 1989 1063 2071 prie
1079 1986 1348 2070 presumptionis,
1366 1995 1398 2048 et
1419 1984 1587 2048 conlidens
1607 1984 1730 2047 viribus

987 2089 1052 2151 suis
1071 2106 1077 2149 :
1095 2086 1171 2168 quia
1191 2086 1217 2147 si
1241 2084 1364 2161 lecerit,
1381 2085 1421 2146 ab
1446 2083 1620 2146 immundis
1641 2084 1731 2165 spiri·

986 2185 1073 2249 tibus
1090 2184 1243 2248 facillimo
1262 2183 1407 2261 elidetur,
1431 2182 1513 2246 siout
1531 2182 1636 2245 solent
1655 2200 1730 2265 apes

987 2284 1146 2368 prosterni
1166 2291 1320 2365 :propter
1341 2283 1426 2363 quod
1448 2280 1646 2363 imperfectis
1666 2298 1730 2343 non

987 2383 1116 2465 expedit
1140 2382 1331 2444 tentationes
1350 2388 1469 2461 optare.
1493 2379 1549 2454 Qui
1570 2388 1676 2442 autem
1697 2380 1731 2440 in

987 2481 1076 2544 omni
1099 2480 1291 2556 humilitate,
1310 2480 1451 2555 caritate,
1467 2478 1661 2541 discretione
1678 2478 1732 2541 he

988 2600 1028 2643 ne
1059 2578 1184 2641 fundati
1211 2587 1286 2641 sunt
1316 2586 1347 2640 et
1376 2576 1488 2639 armati
1519 2575 1553 2636 in
1584 2576 1728 2654 Domino,

988 2680 1032 2741 ita
1052 2686 1087 2740 ut
1104 2678 1209 2741 dicere
1234 2685 1363 2758 queant,
1384 2675 1558 2755 Persequar
1583 2674 1731 2739 inimicos
1746 2692 1876 2742 ranan.

988 2796 1087 2853 meos,
1104 2785 1178 2853 cto,
1197 2782 1330 2857 possunt
1349 2791 1403 2836 eos
1424 2773 1493 2835 sinc
1518 2772 1660 2855 periculo
1684 2772 1732 2835 al-

987 2876 1116 2939 luctare.

747 3300 1072 3387 ARTIGULUS
1109 3301 1178 3386 ΙΙΙ

337 3575 495 3621 uxrostrlo
517 3576 654 3621 carrrutl
676 3576 802 3621 secono!
824 3576 830 3619 :
855 3575 1059 3631 rnoracrtotttt
1081 3576 1152 3621 thou
1172 3576 1303 3621 vltttllttts
1324 3575 1355 3619 ΙΝ
1376 3574 1585 3621 SOblTUDlNEll.

185 3858 191 3864 “
248 3853 518 3928 ROSEQUITUR
542 3853 661 3935 Moyses
687 3853 866 3917 inchoatam
891 3854 976 3917 hi-t}
995 3866 1143 3933 ternpore.
1160 3854 1218 3916 Per
1233 3860 1373 3916 montem
1390 3852 1458 3916 Scir
1473 3852 1664 3934 intelligitur
1679 3861 1739 3916 ter-

258 3953 404 4029 storiam,
415 3951 596 4034 specialiter
607 3970 693 4015 nunc
708 3952 902 4029 describens
920 3973 939 4014 a

187 4072 323 4135 quarum
342 4051 487 4130 gentium
509 4051 750 4133 impugnatione
770 4052 939 4134 prohibue-

186 4152 227 4214 rit
242 4150 398 4214 llominus
415 4148 501 4212 lilios
518 4150 622 4213 lsrael.
635 4152 838 4229 Profectiqne
849 4153 936 4222 inde,

187 4259 264 4332 puta
280 4250 319 4311 dc
335 4248 857 4325 Cadesharne,secundo,videlicot
867 4256 938 4331 post

187 4347 487 4410 determinationem
515 4346 633 4433 divine
660 4347 826 4409 sententie
851 4348 937 4428 quod

187 4465 243 4527 per
267 4444 482 4526 quadraginta
502 4463 602 4507 annos
624 4444 657 4505 in
678 4445 851 4507 solitudine
873 4463 937 4506 ma-

190 4562 350 4618 herema,
369 4544 517 4603 venimus
539 4545 576 4603 in
598 4545 820 4615 solitudinem,
836 4542 868 4604 id
890 4550 938 4605 est

189 4642 221 4704 in
244 4648 368 4724 partem
392 4641 562 4721 quamdam
584 4640 681 4701 totius
700 4641 816 4703 deserti
838 4640 936 4717 itlius,

189 4741 274 4821 quod
291 4738 462 4801 adiversis
477 4737 621 4820 partibus
637 4738 715 4815 suis,
727 4747 759 4801 et
774 4758 792 4800 a
806 4739 940 4802 circum·

188 4836 369 4917 jacentibus
385 4836 476 4913 locis,
493 4844 590 4917 atque
604 4856 623 4899 a
639 4836 829 4917 quibusdam
845 4856 941 4899 even-

993 3953 1138 4016 ritorium
1173 3952 1332 4028 ldumee,
1365 3951 1416 4014 vel
1447 3951 1564 4032 aliquis
1593 3951 1738 4015 eminens

993 4071 1086 4116 mons
1102 4051 1136 4113 in
1151 4071 1198 4114 ea.

1032 4153 1190 4230 Dicitque
1205 4152 1364 4211 Dominus
1385 4154 1430 4210 ad
1449 4170 1499 4210 me
1514 4170 1525 4210 .·
1540 4152 1669 4225 Sufficit
1689 4170 1738 4209 co·

992 4253 1039 4311 his
1061 4251 1212 4309 circuisse
1233 4258 1373 4308 montem
1394 4249 1504 4320 istum,
1526 4247 1558 4309 id
1578 4256 1637 4324 est,
1659 4246 1737 4308 satis

991 4348 1048 4411 diu
1063 4346 1096 4408 in
1112 4364 1189 4428 gyro
1204 4346 1322 4408 montis
1333 4346 1425 4408 istius
1441 4345 1737 4407 deambulastis.hl-

992 4445 1135 4528 loquitur
1150 4452 1255 4507 autem
1270 4444 1423 4506 Dominus
1439 4444 1563 4526 hloysen
1579 4444 1612 4504 in
1629 4460 1737 4525 perso-

993 4564 1033 4606 na
1049 4544 1145 4607 totius
1161 4541 1272 4624 populi
1287 4541 1349 4604 sihi
1364 4542 1537 4619 commissi,
1550 4550 1582 4605 et
1597 4541 1642 4605 sic
1657 4542 1737 4623 bloy-

993 4662 1043 4705 ses
1073 4641 1171 4704 verba
1200 4639 1254 4703 llei
1286 4640 1395 4703 retulit
1423 4638 1520 4722 plebi.
1552 4643 1601 4701 Ite
1624 4650 1737 4701 contra

992 4742 1189 4821 aquilonem,
1207 4739 1240 4800 id
1262 4746 1310 4801 cst
1331 4758 1442 4802 versus
1466 4738 1590 4821 plagam
1613 4747 1739 4821 septen-

994 4838 1174 4901 trionalem.
1193 4838 1225 4899 ln
1241 4837 1377 4900 ldumea
1391 4845 1496 4900 autem
1518 4844 1566 4899 est
1584 4836 1677 4899 valde
1695 4837 1741 4898 in-

191 4935 274 4999 tibus
292 4936 420 4999 diversa
437 4936 567 4997 nomina
582 4936 688 5013 hahet,
706 4958 777 5015 que
791 4938 882 4997 ducit
897 4939 941 4997 cci
995 4947 1107 5000 tensus
1136 4936 1222 4999 calor
1246 4936 1323 4998 solis
1354 4944 1495 5017 tempore
1524 4935 1670 5011 aestivali,
1697 4936 1742 4997 ita

191 5056 278 5096 lirare
294 5037 457 5106 Rubrum,
475 5034 508 5095 id
525 5044 573 5097 est
594 5035 632 5096 ad
653 5034 793 5115 aliquem
814 5035 883 5115 ojus
900 5034 941 5096 si·
956 5033 980 5093 D
996 5036 1082 5117 quod
1098 5035 1292 5097 habitatores
1307 5042 1400 5096 terre
1416 5034 1503 5096 illius
1518 5034 1558 5097 de
1577 5034 1629 5096 die
1643 5034 1742 5103 latere

191 5154 265 5195 num
286 5152 293 5197 :
313 5132 479 5195 redierunt
495 5132 580 5194 onim
596 5134 636 5196 ad
652 5134 796 5213 quedam
818 5133 887 5196 loca
908 5133 940 5194 in
996 5140 1232 5197 consueverunt
1251 5132 1284 5193 in
1305 5132 1522 5195 subterraneis
1540 5132 1674 5209 edibus,
1695 5150 1743 5194 se·

191 5231 309 5313 quibus
325 5239 401 5294 ante
419 5230 568 5303 luerunt;
585 5234 669 5291 sicut
689 5233 818 5292 dz'nrrat
833 5233 943 5293 Derai·
997 5232 1136 5295 cundum
1153 5230 1390 5311 Hieronymum.
1403 5234 1446 5292 m
1457 5234 1578 5310 popule
1588 5232 1742 5307 precipe,

192 5352 264 5393 nus.
289 5333 334 5393 Et
354 5332 569 5391 circuivimus
592 5340 730 5390 montem
753 5332 827 5390 Scir
850 5334 942 5407 longo
996 5332 1105 5389 dicens
1121 5348 1133 5392 .·
1152 5330 1344 5389 Transiditia
1356 5348 1416 5407 per
1432 5330 1583 5388 termines
1597 5329 1742 5405 fratrum
