4309 6259
576 556 751 604 meamne
772 557 803 602 m
824 556 893 602 cur.
916 555 1116 605 v11usrmcr.
1138 577 1178 589 —
1198 561 1269 608 nur.
1293 561 1357 608 xvn
1677 542 1732 608 181

184 728 315 811 adipem
338 748 415 793 vero
436 729 493 812 qui
515 728 638 792 solebat
657 726 781 803 ollerri,
799 745 864 790 non
886 726 1092 806 constans,
1120 732 1325 814 superposuit
1349 751 1462 795 manus
1488 751 1561 796 suas
1586 733 1733 796 manibus

182 829 332 907 medunt,
351 829 406 891 sed
422 828 543 891 habent
562 827 595 889 in
612 827 717 892 varios
739 846 816 890 usus
837 825 937 888 instar
991 825 1169 906 offerentis,
1188 837 1222 891 ut
1245 830 1291 894 sic
1312 840 1401 894 actus
1424 831 1479 894 ille
1501 831 1593 895 lieret
1606 833 1670 896 Deo
1685 852 1733 894 ac-

182 927 291 1010 adipis
307 927 481 991 morticini.
500 928 570 989 Hac
587 927 643 988 ibi.
661 926 741 988 Hinc
761 925 933 988 subditur:
990 926 1122 1008 ceptior.
1152 932 1319 1009 Quumque
1349 933 1440 991 ambo
1464 934 1570 993 obluta
1596 934 1732 992 Domino

182 1028 327 1104 Adr'pem
351 1028 519 1087 cadaveris
541 1026 721 1095 morticini,
744 1031 855 1105 utpote
880 1041 936 1104 per
989 1029 1234 1098 consecraverit,
1261 1027 1294 1089 id
1324 1036 1385 1105 est,
1413 1029 1613 1111 deputaverit
1641 1028 1733 1110 quasi

182 1133 218 1187 'se
235 1124 368 1202 mortui,
385 1126 500 1202 atejus
520 1125 678 1184 animatis
697 1126 783 1203 quod
801 1144 823 1182 a
837 1125 936 1181 bestia
990 1123 1172 1203 specialiter
1196 1124 1224 1186 ei
1247 1124 1426 1203 oilerenda,
1446 1130 1549 1188 tradet
1564 1129 1731 1198 sacerdoti,

181 1233 318 1300 captum
333 1234 389 1295 est,
407 1223 439 1284 id
459 1231 507 1284 est
523 1220 712 1283 dilaniatum
729 1221 796 1284 sive
813 1238 936 1302 perem-
990 1228 1025 1281 ut
1040 1221 1179 1302 propriis
1197 1222 1344 1286 manibus
1361 1224 1504 1287 immolet
1520 1243 1573 1301 ea;
1590 1227 1649 1303 qui
1659 1229 1734 1286 odo-

182 1329 289 1403 ptum,
300 1322 456 1381 babebitis
472 1324 508 1380 iu
525 1341 603 1381 usus
617 1321 736 1390 uarios,
746 1319 778 1380 id
794 1326 852 1394 est,
871 1326 936 1380 nte·
990 1322 1076 1391 iabit,
1090 1320 1123 1382 id
1139 1329 1188 1383 cst
1203 1321 1363 1399 incendet,
1376 1327 1505 1402 adipem
1520 1343 1615 1401 super
1631 1329 1735 1385 altare

182 1418 269 1479 mini
294 1419 335 1480 ad
358 1418 494 1494 diversa,
520 1417 671 1480 videlicet
694 1417 734 1478 ad
760 1415 935 1478 fovendum
989 1417 1166 1480 holocausti
1197 1418 1231 1481 in
1256 1421 1348 1483 atrio.
1374 1425 1602 1484 Postumuium
1627 1433 1734 1484 autem

181 1517 294 1579 lumen
312 1516 460 1593 lucerna,
473 1517 512 1578 ad
526 1515 693 1578 unctiones
708 1514 890 1590 exteriores,
903 1522 935 1575 et
988 1517 1051 1577 erit
1066 1520 1180 1578 Aaron
1197 1528 1226 1578 et
1243 1522 1390 1596 fitiorum
1405 1521 1486 1598 ejus,
1508 1520 1548 1582 ad
1570 1520 1735 1583 comeden-

180 1614 379 1678 consimilia.
392 1615 477 1676 Talis
488 1613 607 1677 etenim
622 1614 720 1696 adeps
736 1631 795 1675 nec
810 1611 933 1675 comedi
989 1615 1076 1677 dum.
1086 1619 1208 1677 Armus
1219 1637 1341 1697 quoquc
1350 1621 1462 1679 deuter
1471 1622 1510 1678 de
1521 1622 1735 1698 pacificorum

180 1712 723 1796 poterat,nequeoilerri,quamvis
740 1711 854 1774 fuisset
869 1711 935 1772 ani·
989 1715 1102 1774 bestiis
1120 1719 1203 1775 cedei
1226 1717 1263 1776 iu
1281 1717 1451 1794 primitias
1470 1720 1641 1778 sacerdotis
1657 1715 1735 1780 eise-

180 1811 279 1874 malis
300 1812 413 1874 mundi
436 1819 468 1874 et
490 1809 702 1873 immolaticii.
722 1813 761 1872 Si
776 1813 851 1890 quis
865 1811 935 1869 acti·
989 1811 1100 1889 rentis,
1126 1812 1226 1876 idest
1252 1822 1401 1895 tanquam
1428 1815 1624 1897 precipuum
1649 1815 1734 1897 quod

177 1931 257 1989 pern
273 1913 334 1990 qui
342 1912 454 1988 offerri
463 1912 551 1970 debet
561 1912 599 1969 in
609 1911 776 1969 inermum
786 1909 932 1980 Domini,
949 1912 972 1973 B
989 1911 1115 1973 dabitur
1139 1911 1169 1973 ei
1194 1912 1232 1974 ad
1258 1931 1351 1974 usum
1379 1921 1411 1975 et
1431 1932 1520 1976 esum
1540 1913 1652 1997 ipsius.
1672 1917 1736 1984 Qui

182 2010 215 2072 id
239 2017 290 2072 est
312 2010 352 2071 ad
368 2009 423 2076 Ilei
444 2008 600 2072 bonorem
622 2007 654 2068 in
677 2006 769 2069 altari
786 2005 932 2083 cremari,
989 2012 1140 2071 obtulerit
1159 2014 1352 2089 sceptrinum
1374 2023 1403 2072 et
1428 2016 1568 2091 adipem,
1588 2016 1735 2091 filiorum

180 2110 371 2177 comederat,
383 2108 504 2186 peribit
517 2109 557 2167 ate
567 2109 689 2184 populo
703 2126 771 2166 suo.
988 2112 1113 2180 Aaron,
1126 2109 1157 2171 id
1169 2117 1218 2172 est
1234 2111 1380 2174 sacerdos
1392 2131 1429 2174 ex
1446 2111 1546 2193 stirpe
1555 2120 1586 2174 et
1602 2130 1735 2176 numero

222 2207 433 2284 Sanpuiuem
443 2225 567 2286 qaaoque
582 2203 935 2266 omnisanimatisuon
989 2215 1188 2288 posterorum
1211 2208 1311 2290 ipsius
1327 2207 1442 2286 Aaron,
1460 2209 1515 2291 qui
1538 2210 1632 2273 modo
1657 2230 1735 2292 prae-

180 2307 319 2366 sumetis
339 2307 374 2364 in
395 2305 475 2377 aba,
499 2314 566 2364 iam
587 2306 628 2363 de
647 2303 762 2362 auibus
777 2321 876 2379 quam
896 2302 935 2359 de
989 2313 1072 2369 tacte
1095 2306 1247 2370 obtulerit
1268 2307 1395 2389 adipem
1419 2317 1450 2370 et
1471 2308 1661 2388 sanguinem
1684 2329 1735 2391 pe-

180 2405 363 2480 pecoribus,
390 2401 422 2463 id
447 2410 506 2478 est,
534 2401 655 2462 nullius
679 2398 840 2474 animalis,
867 2397 935 2461 sive
989 2401 1073 2464 coris
1098 2402 1267 2480 immolati,
1285 2407 1410 2464 babebit
1432 2426 1562 2465 armum
1581 2409 1734 2466 deutrum

181 2500 377 2580 gressibilis
394 2501 463 2564 sive
482 2499 623 2563 volatilis
643 2497 831 2578 sanguinem
853 2515 936 2558 com·
989 2503 1025 2560 iu
1037 2503 1187 2578 portione
1201 2523 1261 2562 sua
1277 2519 1289 2562 .·
1301 2507 1524 2580 pectusculum
1534 2506 1621 2564 cuim
1636 2507 1734 2565 clevu-

181 2599 299 2663 edetis.
321 2603 434 2663 Omnis
453 2600 567 2660 anima
588 2619 660 2679 quae
679 2599 781 2658 ederit
802 2596 935 2671 sanpui-
990 2601 1099 2670 tionis,
1117 2600 1203 2680 quod
1219 2600 1341 2663 scilicet
1357 2601 1503 2664 sacerdos
1520 2600 1646 2665 levabat
1661 2621 1733 2664 cum

180 2700 446 2778 nem,peribitde
458 2699 590 2777 populis
604 2696 737 2758 suislix
752 2693 935 2756 hocdicunt
989 2697 1137 2759 manibus
1162 2698 1311 2780 ejusqui
1335 2698 1462 2761 tenebat
1487 2699 1614 2781 adipem
1639 2708 1734 2781 atque

181 2798 318 2879 quidam
334 2796 467 2872 Hebraei,
485 2796 569 2877 quod
590 2795 720 2875 sanguis
740 2795 934 2855 locustarum
989 2795 1209 2877 pectusculum
1225 2795 1336 2859 hostia
1348 2797 1515 2873 suae,sicut
1529 2797 1732 2879 jamdictum

180 2907 213 2960 et
231 2895 372 2978 piscium
388 2914 452 2958 non
469 2895 511 2956 sit
526 2894 573 2957 eis
589 2893 781 2976 prohibitus.
798 2893 860 2954 ista
871 2892 935 2954 duo
988 2902 1047 2970 est,
1064 2902 1094 2953 et
1110 2915 1241 2955 armum
1255 2897 1479 2972 separationis,
1498 2894 1529 2956 id
1545 2903 1593 2958 est
1608 2915 1733 2958 armum

181 3002 345 3078 praecepta
357 3013 430 3056 cum
446 2992 625 3057 rationibus
637 2992 702 3055 suis
719 2991 752 3053 in
764 2990 935 3072 expositio-
989 2993 1145 3068 dextrum,
1166 2991 1219 3072 qui
1236 2991 1438 3055 dividebatur
1454 2993 1493 3055 de
1513 3010 1646 3075 corpore
1668 2995 1733 3056 ani-

181 3114 224 3158 ue
250 3093 339 3156 tertii
365 3092 498 3174 capituli
529 3099 605 3154 suut
634 3097 777 3153 tractata.
804 3090 847 3152 lle
874 3089 934 3151 hoc
949 3095 971 3157 C
988 3091 1081 3152 malis
1097 3089 1251 3167 oblati,ut
1266 3091 1393 3152 daretur
1407 3091 1563 3154 sacerdoti
1579 3091 1612 3153 in
1629 3111 1730 3168 esum,

180 3193 341 3274 Iosephus
358 3191 401 3253 ait
420 3208 427 3251 :
444 3190 577 3253 Omnem
594 3209 684 3252 esum
702 3187 867 3269 sauguinis
887 3187 934 3250 eis
990 3191 1053 3251 tuti
1077 3211 1098 3250 o
1121 3191 1202 3267 filiis
1225 3192 1328 3251 Iunci
1346 3193 1384 3250 de
1404 3191 1517 3250 bestiis
1537 3210 1648 3251 eorum
1673 3212 1734 3268 pa·

182 3290 363 3374 prohibuit,
389 3288 466 3371 quia
495 3287 636 3350 animam
667 3295 699 3350 et
724 3286 874 3368 spiritum
899 3285 933 3347 in
987 3289 1100 3365 cistris,
1128 3286 1161 3350 id
1186 3296 1245 3364 cst,
1267 3286 1387 3350 auferri
1414 3286 1488 3350 inde
1518 3287 1680 3371 praecipio,
1701 3297 1733 3350 et

181 3388 342 3469 sanguiue
357 3405 428 3451 esse
442 3387 561 3468 Moyses
578 3385 702 3468 putavit
712 3403 719 3446 :
731 3385 764 3446 in
781 3402 845 3466 quo
861 3402 934 3447 esus
989 3386 1161 3468 praecipere
1176 3393 1250 3448 ante
1266 3385 1403 3462 decrevi,
1415 3387 1533 3466 (cetera
1548 3404 1624 3449 vero
1639 3386 1673 3448 in
1688 3385 1733 3449 ol·

181 3486 336 3550 sullocati
353 3493 478 3548 tautum
494 3483 687 3564 intelligitur
703 3482 935 3564 prohiberila·
989 3483 1161 3547 ferentium
1178 3502 1273 3546 usum
1290 3485 1471 3564 venerunt),
1484 3494 1513 3545 ei
1529 3487 1607 3545 deaii
1620 3487 1732 3545 Aaron

181 3586 307 3648 meniu
326 3592 450 3647 tantum
467 3581 633 3665 prohibuit
648 3600 738 3644 esum
754 3581 931 3661 sanguinis,
986 3585 1145 3644 sacerdoti
1168 3593 1197 3643 et
1221 3585 1304 3660 filiis
1328 3584 1399 3661 ejus
1426 3581 1649 3645 sacerdotibus
1668 3587 1732 3659 iepe

180 3684 382 3766 quodetiam
405 3702 496 3747 avem
518 3681 569 3745 vel
594 3681 694 3744 leram
716 3680 863 3762 aucupio,
881 3699 934 3743 ve
983 3692 1152 3760 perpetua,
1160 3680 1192 3743 id
1208 3689 1256 3744 est
1270 3681 1413 3762 jussione
1424 3681 1733 3758 duratura,abomni

182 3784 357 3846 nationeve
379 3789 518 3863 captam,
534 3779 637 3844 voluit
657 3779 781 3841 comedi
804 3777 876 3841 luso
898 3779 932 3839 in
982 3785 1102 3858 populo
1118 3784 1221 3841 Israel
1236 3797 1293 3861 per
1311 3797 1405 3842 omne
1421 3787 1547 3860 tempus
1563 3778 1667 3842 cultus
1682 3797 1733 3840 vc-

180 3894 301 3946 terram
330 3879 487 3962 sanguine
509 3887 542 3941 et
565 3886 687 3960 operto.
706 3877 932 3940 Verumtamen
987 3878 1063 3941 teris
1079 3877 1283 3942 Testamenti.

181 3981 281 4046 verba
302 3979 371 4042 bac
386 3977 515 4060 losephi
538 3985 613 4039 sunt
634 3977 687 4058 pic
711 3975 930 4057 intelligenda.
1026 3977 1264 4058 consequenter
1280 3974 1320 4037 lit
1336 3973 1555 4057 recapitulatio
1571 3975 1733 4057 predicto

122 4131 126 4136 .
180 4081 250 4143 Nou
266 4076 356 4141 enim
372 4077 492 4158 Moyses
515 4093 648 4138 erronee
663 4073 723 4137 hoc
745 4073 880 4155 putavit,
898 4083 934 4137 ut
988 4095 1058 4137 rum
1078 4076 1112 4137 in
1134 4075 1269 4138 diversis
1290 4073 1451 4156 capitulis.
1469 4077 1546 4135 Hac
1562 4076 1732 4135 eiunctio

182 4178 269 4241 inira
291 4177 428 4251 dicetur,
447 4192 505 4236 nec
527 4192 565 4236 ex
582 4191 627 4249 sc,
644 4173 699 4234 sed
716 4173 779 4235 Deo
801 4171 933 4252 jubente
987 4178 1101 4235 Aaron
1129 4184 1159 4234 et
1182 4176 1330 4251 fitiorum
1353 4173 1434 4250 ejus.
1460 4171 1518 4233 Per
1547 4173 1731 4235 unctionem
1764 4181 1767 4186 '

181 4294 274 4339 esum
290 4273 458 4357 prohibuit
473 4270 649 4353 sauguinis.
948 4273 1118 4353 liquidam
1140 4270 1325 4352 intelligunt
1346 4269 1542 4333 oblationem
1561 4289 1568 4332 :
1588 4271 1672 4352 quod
1688 4270 1733 4334 vi«

223 4379 482 4453 Locutuaqueest
497 4373 658 4432 Dominus
673 4370 934 4447 adMoyseu,di-
987 4373 1079 4433 detur
1104 4378 1299 4432 extraneum.
1323 4368 1441 4432 ldcirco
1467 4373 1523 4449 per
1547 4368 1731 4432 unctionem

180 4495 255 4536 oens
275 4475 450 4550 :Loquere
470 4471 552 4547 filiis
573 4473 689 4540 Israel,
712 4471 821 4528 diceus
836 4487 848 4528 .·
870 4470 933 4537 Qui
987 4477 1092 4551 potest
1107 4467 1243 4546 intelligi
1260 4466 1400 4549 provisio
1416 4485 1472 4528 seu
1493 4466 1639 4529 delinitio
1659 4468 1730 4545 ista,

181 4576 276 4651 offert
301 4572 470 4631 victimam
491 4569 707 4644 pacificorum
726 4569 876 4638 Domino,
900 4566 932 4628 id
987 4586 1048 4650 qua
1063 4567 1215 4630 Dominus
1233 4574 1295 4627 tam
1314 4564 1452 4644 benigne
1472 4564 1612 4646 providit
1631 4584 1733 4628 sacer-

182 4680 232 4734 cst
253 4669 382 4744 bovem,
400 4684 494 4730 ovem
518 4675 574 4728 aut
598 4683 738 4747 capram,
760 4668 872 4744 offerat
890 4668 933 4726 si·
987 4666 1115 4730 dotibus
1131 4664 1196 4728 suis
1213 4665 1252 4728 de
1268 4663 1455 4727 necessariis
1475 4681 1483 4725 ι
1505 4682 1561 4745 per
1576 4664 1663 4745 quod
1680 4665 1733 4728 de·

182 4774 254 4831 mut
269 4779 300 4828 et
314 4767 528 4842 sacrificium,
546 4765 641 4824 idest
659 4765 835 4824 libamenta
850 4765 932 4841 ejus,
988 4763 1095 4827 linivit
1115 4772 1146 4826 et
1168 4763 1304 4825 dulciter
1326 4761 1417 4824 unxit
1438 4763 1530 4824 corda
1552 4779 1673 4825 eorum.
1689 4769 1732 4826 Iu

182 4869 244 4931 hoc
259 4874 320 4942 cst,
343 4881 469 4945 eaque
488 4880 562 4924 cum
584 4861 640 4923 tali
662 4859 793 4922 animali
814 4861 934 4943 pariter
986 4864 1183 4925 caerimoniis
1198 4863 1343 4932 Domini,
1360 4861 1393 4922 id
1408 4870 1457 4923 est
1472 4861 1505 4923 in
1520 4861 1732 4924 observantiis

183 4967 289 5030 solent
312 4961 438 5039 oilcrri,
453 4969 490 5022 ut
512 4968 587 5022 suut
608 4958 701 5041 panis
722 4966 754 5021 ct
775 4958 880 5021 oleum
903 4959 932 5021 ei
987 4960 1220 5023 sacrificiorum
1254 4958 1403 5038 legalium
1437 4959 1477 5020 ad
1505 4958 1733 5022 cerimonialia

182 5063 399 5137 miscendum,
413 5078 470 5123 seu
485 5059 593 5141 potius
608 5058 742 5120 mixtum
759 5066 814 5118 aut
829 5076 934 5140 super·
988 5057 1216 5141 pertinentium
1231 5082 1239 5133 ;
1256 5059 1310 5117 die
1324 5077 1387 5136 quo
1401 5058 1515 5118 obtulit
1530 5077 1580 5116 eos
1595 5061 1730 5135 Moyses,

184 5164 291 5225 litum.
313 5161 443 5223 Teuebit
465 5157 609 5221 oliereus
623 5156 764 5234 vulgaris
782 5159 934 5216 manibus
988 5157 1021 5219 id
1036 5164 1085 5219 est
1100 5154 1303 5236 praesentavit
1317 5173 1372 5217 seu
1387 5161 1578 5236 praesentare
1594 5155 1733 5218 instituit

184 5265 316 5339 adipem
332 5260 456 5329 nostia,
474 5257 506 5318 id
531 5263 580 5318 est
604 5255 753 5317 animalis
777 5254 889 5333 oblati,
905 5265 935 5316 et
988 5254 1098 5319 divino
1114 5252 1309 5334 conspectui,
1322 5261 1358 5312 ut
1372 5253 1547 5312 sacerdotio
1560 5253 1733 5330 suaperen-

183 5361 408 5438 peetusouium
434 5355 515 5437 ejus.
543 5353 695 5417 Sacerdos
725 5372 855 5435 quoque
881 5354 936 5416 ad·
990 5365 1056 5425 tur,
1073 5363 1103 5413 et
1123 5371 1194 5431 quar
1210 5352 1362 5428 praecepit
1377 5352 1537 5410 Dominus
1552 5352 1598 5410 eis
1616 5354 1694 5412 dari
1712 5373 1732 5412 a
