4309 6259
372 485 383 502 ’
417 496 478 560 tbi

768 512 942 559 nummulo
962 513 993 558 IN
1013 512 1084 558 GAI’·
1108 512 1163 558 XIX'
1181 511 1320 558 uuvtrlot.
1341 530 1382 540 -
1403 511 1474 560 ART-
1498 511 1615 557 xxxvttl

305 701 379 746 nostr.
422 687 514 748 docet
531 703 538 748 :
555 685 614 748 Ubi
640 693 714 746 sunt
739 703 842 760 sanes,
868 702 933 746 non
959 683 1096 746 multum
1121 682 1166 746 lo
1181 682 1206 744 Α
1220 681 1381 764 judicatis
1399 682 1448 744 vel
1468 681 1501 748 in
1522 682 1591 745 loro
1611 681 1755 763 judiciali
1775 681 1856 744 alios
1877 700 1962 743 accu-

274 781 339 817 xun,
350 770 383 809 rt.

300 902 407 950 Thraex,

276 969 308 1010 tt.

285 1033 340 1086 Sap.
347 1042 368 1077 u,
376 1028 408 1068 lo.

422 785 545 867 quaris.
560 784 639 847 llinc
660 785 700 847 de
720 783 877 865 improbis
899 781 999 845 lectur
1022 782 1055 843 in
1071 783 1167 846 Thre

424 884 474 945 nis
502 902 509 946 ε
535 883 643 946 Facies
668 901 779 945 senum
809 901 874 944 non
898 881 1105 944 erubuerunt.
1134 881 1166 942 ln

424 982 507 1045 libro
522 981 691 1064 Sapientia
706 999 833 1062 quoque
848 980 940 1062 impii
955 980 1086 1042 dicunt:
1100 979 1166 1041 Non

425 1099 590 1143 vereamur
605 1097 701 1141 canos
721 1078 862 1142 veterani
886 1077 978 1139 multi
1001 1076 1166 1158 temporis.

423 1181 467 1240 Et
484 1181 559 1239 time
574 1180 753 1238 Dominum
767 1180 873 1238 Deum
889 1187 993 1237 tuum.

463 1279 531 1354 Epo
541 1279 712 1338 Dominus.
724 1278 765 1337 Si
780 1276 976 1336 habitaverit
990 1279 1116 1335 advena
1133 1277 1168 1334 in

425 1386 511 1436 terra
529 1385 647 1444 oestro,
662 1386 692 1436 ct
713 1385 855 1435 moratus
874 1375 977 1450 fucrit
998 1375 1083 1434 inter
1104 1393 1167 1442 cos,

424 1493 490 1533 non
504 1475 701 1550 caprobretis
715 1475 746 1532 ei
761 1491 773 1533 .·
789 1472 849 1534 hoc
864 1481 923 1549 est,
940 1471 1102 1534 deiectum
1119 1471 1168 1534 vel

1222 782 1321 843 sando
1343 781 1548 857 mendaciter,
1566 782 1616 843 val
1640 789 1757 844 contra*
1773 799 1827 844 oos
1848 779 1963 860 injuste

1222 879 1437 955 testificando,
1455 888 1509 942 aut
1524 887 1609 943 certe
1625 879 1812 942 innocentes
1832 896 1895 940 non
1915 897 1963 939 ex·

1222 981 1363 1042 cusando
1378 987 1410 1041 et
1425 979 1589 1061 eripiendo
1605 997 1778 1060 proposse,
1790 977 1963 1059 pracsertim

1223 1078 1249 1139 si
1271 1077 1399 1140 illorum
1417 1077 1631 1140 innocentiam
1652 1077 1788 1158 possetis
1804 1076 1963 1158 probarer

1223 1179 1259 1237 in
1280 1181 1393 1252 ripato
1405 1198 1416 1236 .·
1432 1176 1569 1238 sumitur
1584 1176 1693 1256 regula
1706 1173 1759 1237 hic
1776 1193 1833 1255 pro
1850 1173 1967 1235 instru-

1224 1283 1331 1338 mento
1354 1275 1559 1338 mensurandi
1581 1293 1628 1352 ca,
1646 1293 1716 1356 quat
1735 1272 1895 1336 linealiter
1914 1281 1966 1334 aut

1224 1393 1281 1456 pcr
1298 1374 1428 1454 planum
1444 1382 1668 1436 mensurantur
1687 1389 1694 1433 :
1718 1371 1751 1434 in
1766 1389 1829 1452 quo
1850 1369 1968 1432 instru-

1224 1481 1331 1534 mento
1342 1473 1496 1535 servanda
1507 1481 1555 1534 ost
1570 1471 1736 1546 rectitudo,
1749 1488 1788 1532 ne
1803 1469 1967 1551 proximus

425 1571 579 1654 inopiam,
602 1570 822 1652 expulsionem
844 1571 912 1633 siva
931 1571 1077 1633 exsilium
1100 1571 1170 1650 ejus
1224 1569 1471 1642 damnificatum
1499 1573 1535 1630 in
1554 1573 1694 1649 pondere
1711 1591 1722 1628 .·
1739 1587 1795 1650 per
1809 1569 1895 1648 quod
1918 1587 1968 1632 ac·

425 1688 489 1733 non
510 1668 670 1751 objiciatis
690 1669 719 1732 ei
743 1668 908 1743 malevolo,
927 1668 991 1731 imo
1014 1678 1169 1750 quantum
1224 1669 1342 1750 cipitur
1358 1668 1509 1749 cognitio,
1526 1678 1680 1749 quantum
1696 1667 1773 1748 quid
1790 1666 1969 1740 valeat,aut

426 1766 499 1828 lieri
516 1774 631 1849 potest,
653 1767 741 1829 salva
755 1767 881 1847 justitia
902 1766 1043 1848 piceum
1061 1776 1171 1829 tracto·
1225 1775 1379 1848 quantum
1401 1766 1492 1830 altori
1514 1766 1628 1829 debeat
1647 1767 1686 1828 de
1706 1784 1739 1828 re
1759 1783 1816 1828 sua
1835 1772 1890 1826 aut
1904 1783 1969 1826 em-

426 1865 467 1927 tis
480 1888 487 1940 3
502 1869 558 1925 sed
571 1867 614 1926 sit
626 1868 711 1926 inter
726 1867 885 1944 coequari
897 1865 1106 1940 indigeamid
1123 1873 1207 1934 cslB
1226 1874 1299 1950 pla3
1317 1867 1353 1926 in
1375 1885 1551 1928 ntcnsura:
1568 1883 1734 1946 perquam
1751 1863 1873 1945 liquida
1894 1883 1970 1924 ven-

425 1963 517 2044 quasi
534 1971 626 2025 natus
642 1972 674 2025 ct
689 1962 769 2026 ciris
790 1963 823 2024 in
846 1971 928 2025 terra
943 1971 1059 2037 vostra,
1076 1973 1106 2024 et
1121 1965 1171 2024 di·
1225 1965 1344 2026 duntur
1359 1973 1412 2026 aut
1427 1964 1526 2039 arida,
1539 1973 1573 2024 ut
1591 1963 1694 2025 blada.
1707 1962 1786 2024 Hinc
1802 1961 1966 2024 subditur:

426 2064 532 2138 ligetis
541 2083 616 2122 eum
625 2064 721 2140 quasi
731 2064 939 2139 oosrnetipsos‚
947 2062 1095 2142 quamvis
1107 2081 1171 2124 non
1226 2067 1355 2125 Statura
1363 2067 1469 2138 justa,
1486 2073 1515 2123 ct
1530 2084 1624 2142 coquo
1641 2065 1707 2122 sint
1723 2064 1870 2139 pondero
1886 2085 1900 2132 ;
1913 2062 1970 2138 jao

425 2159 599 2241 equaliter.
616 2160 692 2222 Nam
714 2178 804 2222 amor
822 2161 862 2222 ad
882 2160 993 2237 alium,
1011 2161 1113 2223 oritur
1133 2180 1171 2224 cx
1224 2173 1292 2223 stus
1303 2164 1621 2241 meditationisque
1631 2162 1855 2222 sextarius-ut
1866 2159 1914 2221 sic
1925 2159 1969 2220 in-

425 2259 586 2321 amoread
602 2277 637 2320 so
652 2257 768 2340 ipsum.
786 2257 949 2338 Spirituali
965 2267 1070 2321 autem
1086 2278 1172 2323 amo
1227 2269 1273 2323 tar
1292 2261 1441 2323 concives
1460 2279 1497 2323 ac
1520 2260 1660 2341 reliquos
1681 2259 1820 2322 medium
1836 2258 1967 2339 justitiae

426 2375 461 2418 rc
481 2357 636 2418 amandus
658 2365 707 2418 cst
728 2357 835 2419 omnis
858 2357 1021 2438 proximus
1041 2367 1171 2440 propter
1226 2359 1422 2434 observetur,
1448 2357 1599 2440 nullaque
1622 2358 1709 2422 iraus
1730 2356 1965 2430 committatur;

425 2456 765 2518 Deum.Fttistisenim
775 2465 805 2515 et
820 2476 873 2515 vos
882 2460 1016 2517 attactam
1031 2459 1068 2517 irc
1085 2468 1171 2517 torro
1226 2458 1280 2520 sod
1296 2458 1382 2538 quod
1395 2455 1455 2519 sibl
1466 2456 1603 2538 quisque
1617 2456 1688 2519 lieri
1699 2455 1798 2537 eupit,
1808 2463 1862 2518 aut
1875 2455 1968 2518 vellet

425 2555 574 2630 AEyypti.
592 2553 664 2615 ldco
686 2551 768 2615 sicut
786 2553 876 2615 vobis
901 2553 1018 2616 iactum
1041 2563 1100 2630 est,
1117 2564 1171 2616 aut
1227 2554 1408 2618 rationabili
1420 2555 1592 2630 voluntate,
1602 2553 1697 2618 iaciat
1707 2553 1967 2635 cetaris‚etquod
1983 2571 2087 2613 raanan

427 2649 499 2712 iiori
520 2649 697 2714 aiiectastis
717 2652 758 2714 ab
779 2651 938 2732 indigenis
960 2653 1047 2732 regni
1069 2652 1167 2729 illius,
1226 2654 1286 2715 sibi
1305 2653 1376 2716 lieri
1392 2653 1470 2728 odit,
1479 2652 1599 2716 nemini
1615 2653 1834 2718 saciatlustus
1850 2651 1967 2714 atenim
1994 2670 2077 2715 rm

426 2748 473 2810 sic
486 2746 665 2812 iacitoaliis
680 2749 812 2813 advenis
827 2749 861 2811 in
873 2759 977 2814 vestra
993 2760 1086 2828 terra,
1096 2771 1172 2833 pras-
1226 2751 1429 2828 llominusct
1442 2751 1582 2831 justitias
1598 2751 1714 2832 diligit,
1725 2769 1863 2831 suosque
1877 2750 1969 2812 mini-

425 2845 535 2908 sartim
557 2847 633 2928 quia
653 2866 691 2910 ex
714 2848 843 2929 propria
865 2849 1059 2929 experientia
1082 2849 1170 2912 scitis
1226 2850 1386 2914 strosvult
1402 2849 1538 2913 invicem
1554 2868 1623 2912 csse
1640 2849 1751 2912 fideles
1766 2868 1803 2912 ac
1817 2849 1970 2929 justos,et

425 2944 550 3008 animos
565 2946 771 3022 advenarum,
786 2966 882 3027 quam
899 2947 1036 3010 iacilitcr
1051 2948 1172 3012 desola-
1226 2948 1400 3030 unicuique
1424 2947 1513 3011 reddi
1534 2949 1619 3029 quod
1640 2947 1670 3010 ei
1689 2947 1833 3016 debatur,
1851 2946 1969 3008 virtuto

426 3043 449 3104 ti
465 3050 497 3105 ct
518 3044 738 3124 pusillanimes
755 3045 846 3123 liant,
864 3046 941 3108 dum
955 3046 996 3108 ab
1011 3047 1172 3126 indigenis
1190 3049 1211 3113 C
1226 3047 1452 3110 misericordie
1482 3047 1579 3110 salva.
1608 3050 1675 3123 Epo
1700 3047 1859 3106 Dornr'nns
1884 3049 1969 3107 Deris

426 3141 504 3206 duro
520 3149 704 3222 tractantur.
1227 3157 1337 3217 voster,
1363 3149 1421 3225 qni
1445 3148 1547 3206 recturi
1573 3166 1624 3205 cos
1648 3147 1688 3206 de
1713 3155 1797 3205 torro
1818 3147 1965 3221 ⁴rb'qypti.

466 3242 536 3316 Epo
553 3241 712 3301 Dominus
729 3245 817 3303 Deus
833 3253 943 3303 cosm.
961 3246 1069 3306 Nolite
1088 3247 1173 3323 socc-
1228 3247 1388 3306 Custodiae
1403 3246 1513 3304 ornatio
1526 3253 1686 3322 praecepto
1702 3265 1782 3314 ntea,
1795 3253 1824 3303 et
1841 3246 1969 3304 unicor-

426 3358 461 3397 re
482 3338 636 3418 iniquum
652 3341 783 3418 aliquid
803 3342 839 3400 iu
851 3342 994 3415 judicic,
1011 3359 1075 3422 quo
1092 3342 1171 3405 alios
1225 3345 1416 3421 sejudicio,
1432 3351 1462 3402 ct
1477 3344 1576 3420 facite
1590 3363 1638 3402 co.
1661 3345 1726 3418 lt’po
1743 3343 1914 3405 Dominus.
1964 3399 1967 3406 .

905 3767 1229 3854 ARTICULUS
1262 3769 1492 3853 XXXVIII

501 4041 540 4085 ut:
563 4040 812 4086 Sl’lllITUXLl'l'A'l’E
833 4042 927 4087 nutus
948 4041 1124 4086 uouluuclul
1145 4041 1282 4087 cnrlrutt
1303 4043 1339 4088 ET
1361 4043 1533 4096 oolousuau
1556 4043 1660 4088 VERBIS
1683 4043 1773 4088 uacat
1798 4043 1899 4089 PAULI.

489 4321 656 4382 OCUTUS
669 4329 714 4380 est
730 4322 888 4382 Dominus
903 4325 946 4382 ad
961 4324 1104 4399 Moysua,
1121 4324 1171 4382 di·
1187 4323 1211 4384 b
1227 4321 1397 4404 Scriptnris
1422 4340 1486 4385 non
1514 4321 1615 4384 solum
1636 4281 1829 4397 hominibus,
1856 4321 1912 4383 sed
1938 4330 1971 4384 et

497 4437 569 4477 ceres
583 4439 595 4478 :
611 4421 753 4498 loquere
777 4423 822 4480 od
845 4440 971 4480 omnem
994 4430 1110 4482 ctutum
1134 4426 1171 4498 fi-

426 4516 547 4581 tiorum
571 4518 675 4576 Israel
699 4537 710 4576 :
735 4520 851 4578 Sancti
874 4528 984 4590 estote,
1010 4521 1090 4598 quia
1115 4539 1170 4596 epo

424 4623 555 4674 sanctus
568 4635 651 4685 curn,
659 4618 819 4676 Dominus
830 4619 915 4676 Deus
927 4626 1036 4677 voster.
1045 4617 1112 4679 Non
1124 4635 1171 4680 so-

426 4709 466 4771 lis
482 4710 709 4789 sacerdotibus,
723 4731 780 4776 neo
796 4713 872 4777 solis
885 4713 1003 4776 Scribis
1019 4723 1051 4776 et
1065 4714 1170 4776 Pbari·

425 4807 507 4884 scis,
525 4809 581 4870 scd
603 4808 752 4873 universo
775 4810 946 4874 Israelitico
969 4811 1088 4893 populo
1109 4812 1181 4874 ista·

424 4914 499 4974 sunt
520 4906 618 4987 jussa,
635 4916 670 4968 ut
692 4908 793 4970 sancti
816 4909 881 4971 sint
898 4929 905 4973 :
923 4918 1044 4992 quanto
1066 4911 1168 4991 magis

425 5003 550 5084 plebem
571 5023 698 5071 omnem
720 5006 911 5086 evangelica
932 5008 1011 5088 legis
1029 5009 1096 5086 (cui
1118 5011 1166 5072 lex

423 5101 610 5184 spiritualia,
628 5112 660 5166 ct
682 5112 745 5166 tota
766 5104 875 5167 divina
895 5114 989 5186 atque
1011 5105 1164 5188 perlecta,

421 5201 558 5282 desuper
582 5208 631 5264 est
654 5202 783 5281 collata)
808 5213 949 5266 sanctam
981 5224 1051 5267 csse
1074 5224 1166 5286 opor·

420 5302 489 5362 teti
505 5298 632 5376 Verum,
654 5309 689 5361 ut
711 5299 756 5362 ait
773 5301 935 5381 Origenes,
954 5303 1105 5366 sanctitas
1131 5303 1163 5366 in

1227 4420 1341 4494 brutis,
1358 4421 1423 4483 imo
1447 4429 1479 4482 ct
1503 4419 1687 4482 inanimatis
1710 4419 1815 4496 rebus,
1833 4427 1868 4481 ut
1895 4429 1971 4483 tcm-

1227 4519 1291 4600 plo,
1315 4519 1417 4596 altari,
1443 4519 1527 4582 vasis
1552 4517 1746 4584 tabernaculi
1771 4526 1804 4580 ct
1828 4517 1969 4580 vestibus

1225 4618 1330 4679 cultus
1352 4615 1466 4694 divini,
1479 4616 1669 4680 adscribitur
1687 4634 1694 4678 ε
1713 4617 1745 4678 iu
1768 4615 1887 4698 quibus
1914 4616 1969 4678 illa

1225 4715 1375 4778 dicuntur
1401 4724 1520 4792 sancta,
1537 4735 1607 4797 quae
1633 4715 1742 4778 divino
1767 4723 1840 4776 sunt
1866 4715 1967 4778 cultui

1224 4813 1415 4896 mancipata,
1434 4833 1491 4876 nec
1507 4813 1579 4876 aliis
1594 4821 1728 4896 possunt
1743 4807 1853 4877 usibus
1868 4813 1969 4894 appli-

1224 4911 1300 4974 cari.
1319 4911 1370 4974 Sic
1385 4921 1417 4973 et
1439 4911 1585 4974 homines
1601 4911 1715 4974 merito
1736 4911 1836 4974 sancti
1855 4911 1968 4974 dicun-

1224 5019 1285 5085 tur,
1303 5009 1359 5089 qui
1376 5017 1441 5072 toto
1457 5010 1552 5072 corde
1567 5009 1729 5072 adhaerent
1744 5009 1817 5084 Deo,
1831 5017 1861 5070 ct
1878 5027 1966 5072 sacro

1222 5109 1291 5190 ojus
1302 5107 1458 5188 obsequio
1474 5127 1546 5170 cum
1563 5107 1650 5170 omni
1667 5125 1760 5188 posse
1776 5124 1833 5168 suo
1850 5106 1963 5169 into-nti

1222 5214 1306 5280 sunt,
1325 5214 1454 5287 atquea
1476 5205 1583 5286 pravis
1606 5213 1638 5268 et
1659 5205 1840 5267 carnalibus
1862 5205 1965 5272 homi-

1221 5304 1316 5366 nibus
1341 5312 1538 5385 separantur,
1566 5303 1625 5366 etsi
1655 5321 1718 5370 non
1744 5304 1828 5379 loco,
1856 5311 1964 5370 tamen
