4309 6259
510 505 684 552 enxnnnrro
706 506 735 551 nr
757 505 826 551 aar.
849 503 901 548 xrr
922 501 1118 550 naxenanux.
1141 521 1181 532 —
1202 502 1273 548 xer.
1298 503 1371 548 xxrr
1652 480 1710 551 397

208 681 378 757 Quumque
392 683 547 739 clamaret
561 679 667 738 omnis
684 679 859 738 multitado
875 693 913 736 ex
928 673 952 735 h
967 672 1078 754 pepuli
1103 672 1165 734 sihi
1195 673 1368 751 commissi,
1394 682 1479 738 totus
1504 677 1586 741 miro
1615 679 1710 742 modo
1761 743 1767 752 ,

167 774 370 856 impatientia
393 783 425 838 et
448 774 555 838 lurore
577 783 687 838 contra
707 773 803 836 Caleb
818 781 850 834 et
864 771 914 834 le
968 789 1150 845 succensus
1175 772 1271 834 verba
1294 773 1489 855 praescindit,
1516 785 1548 838 et
1572 777 1605 838 in
1630 777 1712 842 alle

167 892 235 950 sue,
248 884 278 934 et
290 876 456 950 tapr‘rtr'bns
467 877 559 934 veltet
569 893 619 933 eos
629 875 828 951 opprimere:
839 869 914 950 quia
968 877 1054 931 etum
1080 870 1271 952 prorumpit,
1298 881 1329 934 et
1358 872 1449 953 quasi
1478 893 1614 956 arguens
1638 897 1711 940 cum

167 990 205 1032 ex
221 971 423 1035 vehementia
438 970 624 1053 passionum
641 989 781 1045 suarum,
794 968 914 1030 nullam
969 967 1114 1045 Domino,
1127 969 1315 1050 deprecatur
1330 989 1388 1051 pro
1404 974 1533 1054 populo.
1547 974 1713 1058 Sumitque

167 1078 358 1151 receperunt
378 1068 639 1132 informationem
656 1076 711 1130 aut
725 1065 916 1130 exhortatio
969 1075 1191 1144 argumentum
1212 1086 1250 1130 ex
1271 1068 1339 1131 zelo
1354 1069 1456 1133 divini
1477 1071 1619 1150 honoris,
1637 1077 1713 1156 quia

167 1186 253 1228 nem.
281 1167 415 1241 Quidam
437 1175 554 1243 autern,
576 1185 633 1248 per
654 1186 714 1236 aas,
732 1163 916 1242 intelligunt
971 1183 1035 1228 non
1065 1165 1173 1228 decuit
1205 1166 1292 1248 pium
1324 1168 1493 1232 Dominum
1524 1172 1569 1235 sie
1601 1174 1712 1238 ulcisci

168 1283 231 1327 non
263 1265 368 1328 solum
392 1266 486 1328 lusae
516 1272 548 1326 et
576 1263 682 1340 Calah,
710 1263 766 1325 sed
790 1262 915 1343 Moysen
971 1281 1058 1325 suam
1083 1262 1245 1344 injuriam,
1262 1265 1415 1347 quoniam
1436 1267 1496 1332 hoc
1512 1272 1659 1336 cessisset
1679 1274 1713 1336 in

167 1380 298 1444 quaque
320 1362 489 1425 etheron.
512 1362 575 1424 Hoc
597 1369 702 1423 tamen
724 1360 829 1422 littera
851 1377 915 1421 non
971 1360 1139 1442 suiipsius
1161 1362 1437 1428 inhonorationem
1454 1376 1550 1449 atque
1569 1370 1715 1453 blasphe

168 1461 297 1523 ridetur
319 1462 526 1544 praetendere.
545 1461 711 1538 Apparuit
728 1460 837 1536 ptoria
858 1462 918 1519 Do
973 1460 1082 1521 miam.
1100 1461 1208 1541 ltaque
1223 1462 1278 1538 ait,
1296 1463 1335 1525 Ut
1353 1464 1494 1542 audiant,
1513 1477 1586 1546 etc,
1605 1469 1712 1550 idest,

168 1563 255 1620 mini
269 1581 367 1638 super
378 1569 494 1620 tectum
508 1560 652 1637 fractorio,
663 1559 787 1618 eunctis
808 1559 918 1616 viden·
971 1576 1012 1619 an
1029 1557 1100 1620 ideo
1115 1557 1165 1621 ris
1180 1560 1334 1640 populum
1350 1568 1440 1624 tuum
1454 1565 1666 1648 exstinguere,
1680 1578 1715 1632 ul

169 1663 255 1720 tibus
275 1661 359 1738 filiis
373 1663 486 1730 Israel,
506 1658 537 1720 id
559 1667 618 1732 est,
636 1656 745 1720 divina
768 1656 916 1736 majestas
971 1655 1249 1738 audieulAEgyptii
1261 1668 1291 1718 et
1303 1661 1496 1721 habitatores
1512 1673 1604 1727 aare
1618 1670 1715 1746 trajam

168 1777 226 1839 per
248 1777 342 1820 suum
367 1757 533 1834 ellectum,
545 1765 622 1838 puta
644 1774 702 1837 per
718 1753 846 1831 nubem,
864 1755 918 1817 de
972 1753 1065 1816 nobis
1081 1773 1100 1816 a
1116 1755 1331 1836 tepromissae,
1350 1760 1646 1842 utpoteChenanaei,
1657 1772 1716 1847 qni

168 1856 297 1919 scandit
322 1875 420 1937 super
440 1863 558 1918 tectum
585 1851 793 1929 tabernaculi,
809 1859 918 1935 parate
933 1856 956 1916 B
972 1853 1151 1914 aurticrnnt
1161 1857 1247 1932 quart
1263 1864 1308 1926 tn,
1321 1859 1468 1929 Domine,
1478 1863 1514 1920 in
1526 1869 1645 1940 popolo
1656 1867 1716 1927 tato

169 1973 245 2016 suos
257 1953 442 2029 defendere,
455 1951 635 2034 impiosque
652 1951 777 2032 punire,
791 1969 870 2031 quos
887 1957 919 2012 et
971 1953 1028 2020 sis,
1044 1958 1195 2031 tanquam
1212 1952 1393 2032 specialiter
1409 1955 1489 2018 Deus
1509 1977 1546 2021 ac
1561 1970 1663 2026 rector
1679 1984 1715 2027 ae

168 2060 247 2115 tune
263 2071 321 2114 sua
338 2051 489 2134 repressit
503 2051 632 2113 virtute.
649 2052 692 2111 Et
706 2050 795 2108 (linit
810 2049 920 2109 Dami—
973 2048 1086 2111 ductor
1109 2049 1220 2130 populi
1242 2050 1349 2132 hujus,
1367 2063 1397 2113 et
1411 2057 1496 2132 faeie
1515 2061 1658 2121 videaris
1673 2066 1717 2123 art

167 2173 233 2212 nas
247 2155 294 2211 ud
309 2154 443 2228 Moysen
459 2171 470 2210 :
494 2152 658 2228 Usqueqna
673 2150 817 2208 detrahet
835 2148 919 2208 mibi
972 2149 1093 2224 faciem
1117 2166 1135 2208 a
1160 2148 1303 2210 vicariali
1329 2160 1449 2215 rectore
1473 2173 1510 2217 ac
1537 2157 1717 2239 legislatore

165 2253 310 2327 populas
335 2251 427 2309 ista?
453 2247 485 2309 id
515 2254 575 2322 est,
602 2245 755 2326 quamdiu
786 2245 919 2308 reddent
974 2246 1084 2326 populi
1102 2245 1368 2327 hujus,videlicct
1382 2269 1400 2311 a
1416 2271 1487 2314 me:
1501 2255 1717 2333 vel‚llidearis

170 2347 251 2409 mihi
269 2346 353 2409 mala
365 2364 423 2428 pre
439 2344 584 2420 bonis,et
600 2343 683 2405 male
698 2343 870 2424 loquentur
880 2344 919 2405 de
976 2343 1056 2406 laoie
1071 2344 1112 2406 ad
1129 2343 1254 2422 faciem,
1268 2346 1299 2407 id
1314 2355 1372 2425 est,
1386 2349 1550 2415 evidenter
1565 2375 1719 2439 appareas

169 2465 233 2522 me,
251 2444 404 2508 videlicet
420 2462 457 2506 ea
471 2461 543 2524 quae
559 2440 827 2522 promissionibus
839 2439 920 2503 meis
975 2441 1044 2504 istis
1060 2442 1244 2505 hominihus
1260 2463 1317 2525 per
1327 2447 1495 2526 praeclaros
1510 2450 1647 2516 allectus
1661 2458 1719 2519 mi-

169 2543 437 2606 contrarianturt
459 2539 629 2603 Detrahere
650 2547 768 2615 autem,
793 2537 921 2620 proprie
976 2541 1183 2622 raculosaque
1198 2559 1294 2623 opera
1306 2566 1314 2617 ;
1325 2549 1412 2624 qnod
1424 2551 1578 2611 accideris
1594 2563 1719 2618 tantam

169 2651 230 2718 est,
254 2641 374 2703 malum
397 2638 485 2720 loqui
501 2639 541 2701 de
556 2637 619 2700 alie
635 2637 669 2698 in
685 2637 754 2718 ejus
776 2635 922 2699 absentia
975 2641 1233 2712 multitudinem,
1248 2652 1278 2702 et
1293 2645 1416 2714 dicant,
1434 2648 1509 2707 Nan
1529 2661 1657 2727 poterat
1670 2656 1720 2715 in·

170 2750 201 2802 et
228 2758 267 2802 eo
293 2757 358 2801 non
385 2737 545 2799 audiente.
563 2736 645 2798 Deus
670 2744 777 2798 autem
802 2734 921 2816 ubique
977 2740 1141 2800 traducere
1156 2743 1316 2816 papulam
1338 2743 1437 2803 istum
1457 2747 1493 2806 in
1517 2757 1636 2810 terram
1657 2773 1718 2829 pra

170 2848 219 2902 est
237 2855 391 2921 praesens,
415 2844 447 2898 et
469 2835 620 2897 universa
643 2833 806 2914 cognoscit
824 2851 831 2895 :
849 2833 921 2898 ideo
976 2857 1040 2917 qna
1053 2838 1242 2914 juraverat,
1259 2837 1291 2899 id
1314 2846 1373 2916 est,
1390 2841 1429 2903 de
1452 2862 1516 2923 qna
1535 2865 1608 2908 curn
1632 2850 1720 2930 jura-

172 2955 268 3001 neme
285 2943 390 3018 potest
410 2934 439 2997 ei
455 2933 585 3015 proprie
600 2931 743 3013 obloqui,
761 2931 822 2994 nisi
839 2932 921 2996 lorte
977 2943 1085 2998 mento
1110 2935 1268 3016 promisit,
1281 2938 1368 3017 quod
1392 2938 1481 3002 daret
1505 2961 1573 3006 eam
1600 2950 1719 3030 popule

172 3046 237 3098 tam
256 3032 365 3097 iatuus
381 3033 434 3110 sit,
452 3041 487 3093 ut
508 3030 643 3094 aestimet
657 3031 755 3093 Deum
778 3049 842 3094 non
858 3035 958 3098 om-(l
978 3033 1053 3095 istit
1068 3031 1162 3105 Quasi
1179 3032 1273 3111 dicat,
1286 3035 1370 3098 lstud
1387 3038 1512 3103 cederet
1528 3041 1561 3103 in
1578 3053 1639 3108 tuae
1655 3067 1721 3111 ma-

173 3136 228 3197 nia
244 3133 403 3209 seire,aut
419 3149 483 3195 non
499 3149 569 3192 εεεε
585 3136 773 3210 presentem
790 3129 919 3210 ubique.
976 3131 1100 3211 jestatis
1116 3129 1358 3212 blasphemiam,
1374 3141 1405 3196 et
1420 3136 1538 3217 periret
1554 3138 1645 3206 lamae
1661 3154 1721 3209 tua

173 3238 347 3311 erausqae
370 3250 437 3290 nan
458 3231 587 3289 eradent
613 3229 698 3288 mihi
719 3229 753 3288 in
776 3231 923 3289 omnibus
978 3227 1168 3290 sublimitas.
1186 3231 1311 3290 Idcirco
1327 3236 1443 3294 occidit
1457 3257 1507 3296 eoa
1522 3239 1559 3298 in
1574 3244 1722 3305 solitudi-

170 3333 277 3410 ,ἐμῇς
299 3349 371 3410 qua,
390 3329 455 3408 fem·
477 3347 586 3387 coram
610 3328 689 3386 ets?
710 3324 801 3407 quasi
826 3327 922 3404 dieat,
978 3347 1028 3388 ne.
1047 3329 1278 3404 Magnificatur
1298 3351 1371 3407 erpo
1392 3333 1552 3408 fortitudo
1574 3342 1721 3415 Domini,

172 3427 410 3492 lnexcusahiles
427 3433 502 3488 sunt
521 3423 688 3487 excaecatio
704 3424 925 3486 incredulitas·
979 3425 1012 3487 id
1027 3433 1087 3501 est,
1099 3425 1332 3507 omnipotentia
1346 3437 1400 3490 tua
1416 3449 1449 3492 se
1465 3431 1567 3513 ipsam
1582 3438 1722 3504 declaret

172 3547 237 3608 quc
253 3543 378 3590 eorum.
397 3526 530 3586 Feriam
548 3524 653 3599 igitar
671 3543 721 3582 aas
737 3524 923 3599 pestilentia
979 3542 1035 3605 per
1050 3522 1224 3603 magnilica
1239 3543 1347 3606 opera,
1365 3527 1528 3610 implendo
1550 3534 1583 3596 in
1599 3539 1719 3619 populo

172 3637 270 3706 atque
285 3621 559 3684 consumamfloc
575 3620 728 3682 Dominus
745 3619 824 3682 dixit
839 3639 925 3684 com-
979 3620 1040 3685 isto
1060 3641 1132 3702 qna
1157 3622 1343 3703 promisisti.
1369 3625 1458 3690 Unde
1481 3631 1686 3714 subjungitur
1712 3657 1719 3702 :

174 3722 358 3799 minatoria,
375 3729 407 3784 et
429 3740 486 3803 per
509 3728 687 3800 respectum
709 3719 748 3781 ad
765 3719 925 3800 proximas
978 3722 1061 3782 stent
1079 3722 1220 3797 jurasti,
1235 3723 1357 3792 dicens,
1380 3722 1412 3785 id
1438 3735 1496 3804 est,
1520 3748 1592 3791 eum
1619 3735 1722 3797 vocali

173 3841 288 3886 causas
309 3838 316 3882 :
334 3820 411 3902 quia
433 3819 608 3882 secundum
631 3825 759 3900 peccata
781 3837 838 3880 sua
861 3826 924 3880 tam
980 3817 1207 3900 protestatione
1221 3818 1421 3899 Patriarchis,
1442 3824 1575 3891 Abrahae
1589 3831 1722 3910 seilicet,

174 3921 299 4004 gravia,
317 3918 524 3981 merebantur
549 3916 655 3978 statim
681 3916 794 3978 occidi.
816 3921 855 3978 Te
870 3938 926 3977 aa
980 3918 1075 3993 lsaac,
1093 3925 1125 3979 et
1138 3917 1234 3979 Jacob
1247 3917 1373 3998 jurasti,
1390 3923 1475 4001 quod
1492 3932 1607 3988 terram
1629 3929 1722 3994 istam

175 4031 240 4080 rem
255 4020 381 4096 faciam
396 4017 583 4094 principem
602 4035 699 4092 cuper
709 4025 838 4092 pentem
860 4035 926 4076 ma·
980 4033 1089 4078 eorum
1105 4015 1242 4096 posteris
1257 4017 1359 4079 dares.

170 4138 289 4196 ynam,
312 4125 342 4176 οι
367 4116 536 4192 fortiorem
561 4134 659 4193 qaam
684 4115 750 4174 trae
773 4123 818 4173 cst
833 4135 845 4174 .·
866 4113 925 4177 hoc
1021 4113 1140 4176 Deinde
1162 4114 1367 4178 continuatur
1391 4120 1492 4183 oratio
1512 4122 1645 4206 Moysis:
1664 4133 1723 4190 Do

174 4225 236 4292 est,
256 4215 323 4278 noli
345 4213 470 4290 timere,
488 4229 633 4275 necares
655 4230 713 4293 pro
736 4212 817 4288 istis,
833 4211 924 4293 qnasi
940 4217 965 4280 D
982 4215 1091 4273 minas
1106 4216 1247 4291 patiens,
1273 4213 1305 4276 id
1327 4224 1386 4292 est,
1404 4225 1439 4279 ta
1462 4218 1542 4283 Deus
1566 4225 1723 4291 exsistens

174 4314 355 4378 amissurus
379 4310 597 4392 prelationem
623 4310 649 4372 si
672 4310 723 4371 isti
749 4309 926 4392 percutian-
980 4311 1125 4374 omnium
1135 4311 1299 4390 Dominus,
1311 4321 1343 4377 et
1356 4314 1581 4396 longanimiter
1596 4335 1725 4406 praesto

176 4423 242 4489 tur,
266 4411 341 4493 quia
366 4409 481 4490 majori
505 4417 537 4472 et
562 4407 686 4471 fortiori
712 4407 798 4491 plebi
824 4408 927 4490 praeli-
981 4409 1056 4471 laris
1072 4410 1327 4474 emendationem
1344 4415 1598 4496 peccantium,ct
1614 4429 1725 4488 matta

174 4513 262 4575 ciam
279 4507 399 4586 te,istis
414 4505 636 4580 occisis.0uod
653 4506 806 4568 Dominus
821 4506 926 4588 potuit
980 4511 1220 4581 misericordie,
1238 4507 1270 4570 id
1290 4518 1339 4573 est
1352 4511 1501 4594 copiosus
1520 4515 1554 4578 in
1571 4520 1724 4586 miseren-

175 4607 402 4690 multipliciter
418 4605 594 4687 adimplere
612 4622 619 4667 :
639 4614 759 4668 namet
782 4613 925 4687 posteros
980 4608 1041 4682 do;
1058 4610 1210 4685 auferens
1232 4609 1440 4688 int‘qnitatem
1465 4619 1667 4682 commissam
1689 4623 1724 4685 in

175 4711 295 4772 horum
320 4704 425 4788 potuit
449 4704 513 4767 cito
537 4703 629 4767 valde
654 4703 879 4786 multiplicare,
895 4713 926 4768 et
980 4715 1022 4783 te,
1048 4717 1078 4767 ct
1101 4710 1219 4767 scelera
1242 4725 1315 4788 qum
1339 4706 1424 4772 liunt
1453 4711 1486 4774 in
1513 4719 1719 4798 proximum;

175 4810 306 4890 Moysen
324 4803 370 4867 eis
386 4801 565 4885 preficere.
980 4809 1172 4884 nullumque
1187 4807 1361 4866 innoxium
1372 4811 1648 4892 derelinquens,id
1661 4830 1720 4900 est,

221 4907 263 4968 Et
284 4905 332 4963 ait
353 4904 490 4978 Moyses,
510 4899 566 4981 qui
587 4918 651 4963 non
672 4898 834 4981 querebat
854 4921 927 4983 pro·
981 4904 1036 4985 qui
1052 4902 1176 4964 nullum
1193 4912 1357 4985 peccatum
1373 4907 1492 4971 deseris
1512 4911 1719 5001 impunitum,

177 5005 287 5090 prium
311 5001 466 5063 honorem
488 5007 541 5060 aut
566 4998 790 5080 principatum,
807 5003 851 5060 ad
866 5004 927 5061 Do·
982 5002 1031 5066 vel
1049 5000 1173 5063 nullum
1190 5001 1350 5065 hominem
1361 5007 1509 5070 concedis
1524 5013 1722 5084 omninoscu

177 5107 310 5165 minum
321 5121 332 5159 :
349 5101 388 5162 Ut
403 5099 544 5158 audiant
558 5098 723 5173 AEpyptit,
734 5099 773 5156 rte
788 5117 926 5175 quaram
981 5100 1121 5164 totaliter
1142 5099 1345 5164 innocentem
1368 5121 1448 5182 esse,
1465 5107 1541 5188 quia
1557 5110 1590 5173 in
1611 5118 1722 5182 multis
1736 5132 1869 5186 amenta.

177 5203 286 5264 mertia
314 5197 460 5258 adunasti
485 5199 646 5274 papulam
672 5196 781 5256 istam.
808 5195 927 5278 lloyses
981 5193 1178 5259 ostendimus
1199 5211 1321 5272 omncs,
1339 5215 1397 5260 nee
1419 5199 1459 5261 ab
1481 5203 1628 5283 originali
1651 5229 1725 5291 pec·

177 5309 291 5364 sancta
312 5295 445 5360 caritate
466 5301 498 5356 et
519 5311 626 5356 amore
648 5293 723 5356 boni
746 5293 926 5356 communis
980 5301 1051 5357 cato
1074 5298 1123 5354 est
1147 5291 1315 5373 quisquam
1338 5293 1511 5375 immunis3
1526 5307 1585 5381 qai
1607 5309 1721 5372 visitas
