4309 6259
576 515 750 563 manuario
771 516 802 561 nv
823 516 890 561 cnr.
914 516 1013 563 xxxin
1034 517 1135 564 axona.
1158 538 1198 549 -
1218 520 1289 566 aar.
1313 520 1383 566 lxiv
1453 529 1456 533 ·
1692 503 1750 568 llll

200 691 251 743 tur
273 684 314 746 de
337 684 407 749 loeo
430 687 568 767 quodam
589 686 645 769 qui
667 694 735 750 erat
757 685 887 763 ibidem,
910 688 949 751 de
964 684 991 747 Α
1005 695 1171 770 temperat.
1184 690 1240 754 Per
1257 690 1490 773 inspectionem
1506 710 1582 755 vero
1597 691 1749 774 posterio

198 799 262 861 quo
283 782 490 865 subjungitur
509 804 515 849 :
535 797 565 847 et
580 789 679 847 stabis
693 806 793 864 snpra
805 796 946 863 petram.
1004 804 1074 848 rum
1086 805 1142 849 seu
1154 787 1373 851 similitudinis
1384 790 1748 871 ejusalergo,signatum

197 879 412 962 Corporaliter
429 883 513 946 enim
530 884 619 947 stetit
633 884 729 967 paulo
746 892 817 967 post
828 884 945 966 Moyses
1003 893 1061 961 est,
1079 885 1164 966 quod
1185 887 1283 949 Deum
1305 888 1337 949 in
1360 888 1419 950 hac
1437 888 1502 951 vita
1522 907 1586 951 non
1610 888 1672 950 nisi
1685 888 1748 949 'ob-

197 997 294 1061 supra
320 989 444 1063 petram
470 982 569 1045 illam.
599 988 769 1063 dirutaque
796 986 947 1044 transibit
1003 1002 1094 1045 scure
1109 992 1141 1047 et
1161 984 1357 1066 imperfecte,
1380 1006 1415 1048 ac
1439 1005 1495 1068 per
1517 1005 1591 1049 suos
1611 985 1747 1049 allectus

192 1081 303 1153 gloria
319 1101 400 1152 mcc,
419 1070 515 1143 idest
535 1082 712 1145 similitude
732 1082 870 1161 gloriosa
891 1101 946 1143 scu
1002 1080 1270 1145 similitudinesve
1286 1092 1405 1146 creatas
1426 1103 1617 1165 cognoscere
1637 1104 1749 1167 possu-

196 1176 292 1253 clara,
311 1198 362 1241 me
377 1179 550 1243 visibiliter
568 1190 808 1263 representans
823 1201 945 1258 ponam
1002 1199 1083 1241 mus.
1102 1181 1162 1243 llas
1178 1202 1289 1244 causas
1304 1191 1336 1245 et
1356 1184 1496 1246 rationes
1516 1183 1691 1266 corporalis
1712 1184 1748 1244 il-

197 1285 226 1334 ιε’
248 1278 283 1335 in
308 1278 474 1353 foramine
491 1289 593 1357 patrm
615 1279 713 1355 iltius,
737 1298 809 1360 quae
834 1278 946 1340 habuit
1002 1278 1063 1341 lius
1084 1281 1295 1362 apparitionis
1317 1281 1436 1364 Moyses
1459 1282 1626 1344 intellexit.
1642 1282 1747 1344 Potuit

195 1392 345 1454 magnam
362 1395 542 1455 cavernam,
559 1386 590 1440 et
607 1378 640 1439 in
656 1397 692 1441 ea
708 1378 877 1441 collocavit
891 1378 946 1441 De
1000 1384 1106 1439 aulem
1123 1398 1202 1455 csse,
1221 1381 1305 1460 quod
1326 1381 1458 1458 angelus
1477 1381 1534 1462 qui
1555 1380 1587 1441 in
1610 1399 1745 1462 persona

194 1472 304 1534 minus
322 1474 460 1556 Moysen,
479 1496 519 1539 ne
541 1476 808 1558 perstringeretur
830 1484 861 1539 ct
885 1485 946 1539 ler—
1000 1476 1054 1538 Dei
1077 1478 1222 1558 quotidie
1245 1477 1433 1560 loquebatur
1456 1499 1528 1542 eum
1550 1480 1665 1560 Moyse,
1683 1481 1745 1542 Deo

194 1580 320 1634 reretur
336 1573 433 1635 ulmis
453 1574 598 1637 claritate
613 1574 835 1637 similitudinis
856 1574 943 1637 illius
998 1575 1131 1655 jubente
1152 1576 1362 1659 assumpserit
1384 1577 1629 1640 similitudinem
1652 1578 1746 1640 solito

194 1670 398 1750 magniliem3
422 1684 452 1734 et
463 1684 631 1751 protegam
651 1677 784 1735 dertare
801 1694 870 1733 mea
889 1678 944 1733 de
999 1674 1249 1755 splendidiorem
1270 1684 1302 1738 et
1320 1675 1539 1755 gloriosiorem
1561 1677 1601 1738 ad
1622 1675 1744 1755 horam,

191 1780 441 1845 pertranseam,
460 1772 566 1849 idest,
589 1773 750 1835 dexteram
767 1792 870 1834 meam
888 1790 944 1853 po·
998 1772 1108 1853 sicque
1132 1772 1164 1834 in
1189 1793 1227 1835 ea
1252 1793 1358 1836 coram
1383 1774 1487 1856 Moyse
1511 1774 1744 1856 pertransierit,

193 1885 269 1928 nam
295 1866 380 1931 inter
404 1870 515 1933 oeulos
542 1879 612 1933 tuos
638 1879 668 1933 et
700 1870 783 1933 iuter
808 1869 941 1949 gloriam
959 1870 982 1931 B
998 1871 1196 1951 majestatem
1213 1872 1279 1948 liei,
1298 1880 1331 1934 ut
1352 1873 1473 1935 dietum
1496 1881 1555 1951 est,
1574 1891 1746 1955 represen-

191 1964 282 2027 illam
299 1986 351 2029 me
362 1977 618 2049 praesentantem,
628 1969 779 2050 quoniam
795 1968 943 2049 splende
1000 1970 1105 2032 tando.

191 2084 260 2127 rem
286 2064 400 2129 formae
427 2067 515 2129 illius
539 2067 623 2131 serre
645 2086 708 2131 non
731 2085 852 2149 posses.
870 2067 941 2130 ldeo
1036 2067 1199 2145 Praeterea,
1218 2068 1303 2131 circa
1322 2068 1498 2150 praehablta
1518 2070 1617 2132 multa
1633 2070 1745 2133 scribit

191 2164 322 2227 dextera
338 2184 408 2228 mea
423 2165 627 2228 obumbrabit
645 2166 713 2243 tibi,
733 2167 834 2229 donec
851 2166 882 2227 in
900 2166 941 2227 si·
996 2165 1096 2227 llabbi
1121 2166 1247 2243 Paulus,
1275 2187 1347 2248 quaa
1375 2166 1516 2231 breviter
1543 2168 1744 2231 discutienda

190 2262 377 2327 militudine
392 2264 448 2327 illa
465 2272 681 2346 pertranseam
693 2284 799 2328 coram
811 2273 842 2326 et
857 2265 941 2327 ultra
995 2272 1174 2327 censentur.
1192 2266 1244 2327 hit
1261 2284 1336 2346 crgo
1353 2266 1386 2326 in
1402 2265 1528 2347 primis,
1546 2267 1631 2347 quod
1646 2265 1744 2348 Moysi

190 2369 232 2423 te.
249 2366 436 2441 lbltamquc
453 2384 587 2423 manum
603 2384 717 2434 vereare,
731 2362 762 2424 id
778 2370 836 2439 est,
855 2370 941 2443 post·
995 2370 1068 2424 aute
1084 2382 1176 2425 suum
1191 2364 1352 2444 Jejunium
1369 2381 1433 2426 nou
1450 2364 1512 2426 luit
1523 2366 1741 2441 commissum,

188 2478 286 2541 quam
304 2459 461 2524 transiero
477 2480 584 2523 coram
601 2468 641 2537 le,
660 2461 818 2524 retraham
835 2462 941 2523 dexte·
995 2468 1029 2521 ut
1040 2462 1169 2523 duceret
1181 2460 1268 2524 lilios
1279 2462 1444 2538 lsrael,sed
1455 2471 1490 2524 ut
1500 2463 1668 2526 duceretur
1679 2471 1743 2524 tam

189 2578 257 2619 ram
273 2578 390 2637 meam,
405 2568 439 2621 ut
450 2559 571 2637 videas,
585 2562 747 2621 etcidebr's
758 2562 938 2638 posteriora
994 2557 1112 2641 Moyses
1132 2579 1228 2640 quam
1249 2560 1388 2643 populus
1409 2580 1466 2643 per
1487 2561 1635 2642 angelum
1654 2585 1661 2636 ;
1685 2561 1741 2623 sed

188 2678 273 2728 anea,
293 2658 327 2719 id
350 2667 444 2735 esta
471 2666 557 2739 tergo
580 2659 705 2722 videbis
731 2678 791 2722 me.
809 2661 939 2720 blaciam
993 2665 1064 2737 pest
1079 2657 1239 2738 jejunium
1255 2660 1336 2740 ejus,
1350 2668 1382 2722 et
1396 2660 1459 2721 alia
1476 2679 1560 2723 nuuc
1575 2659 1738 2741 praedicta,

187 2766 298 2817 autem
323 2778 430 2818 meam
451 2759 559 2817 videre
580 2778 645 2817 non
664 2760 797 2834 poteria,
821 2757 852 2818 id
878 2765 936 2833 est,
993 2756 1112 2817 (lictum
1129 2763 1177 2819 cst
1192 2758 1455 2835 ei:l'ade,eldue
1472 2758 1625 2840 populum
1641 2758 1738 2819 istum

186 2854 368 2918 claritatem
395 2854 617 2918 similitudinis
643 2875 721 2919 meae
746 2875 797 2919 me
823 2874 937 2938 reprae-
991 2872 1055 2934 quo
1077 2855 1202 2917 locutus
1225 2875 1307 2918 sum.
1325 2856 1410 2918 lstud
1425 2843 1550 2919 videtur
1570 2857 1737 2938 pueriliter

186 2954 346 3016 sententis
361 2974 380 3016 a
396 2962 486 3035 parte
501 2962 585 3031 ante,
604 2954 780 3036 praesertim
798 2955 830 3015 in
847 2954 937 3017 vultu
991 2953 1124 3030 dictum,
1142 2974 1240 3035 quum
1264 2954 1305 3016 sit
1327 2955 1479 3037 scriptum
1503 2975 1598 3037 supra
1617 2974 1623 3017 :
1643 2955 1733 3032 Veni,
1768 2980 1882 3032 namn,

185 3052 397 3132 ejus,intueri
415 3072 478 3115 non
490 3052 611 3116 valebis
627 3053 847 3135 corporalibus
863 3052 972 3117 ocu-C
991 3051 1115 3114 mittam
1132 3061 1162 3115 te
1177 3054 1217 3115 ad
1232 3053 1437 3130 Pharaonem,
1455 3061 1491 3115 ut
1505 3055 1621 3117 educas
1637 3073 1736 3137 popu·
1750 3045 1783 3087 ¹⁰·

186 3148 239 3228 lis,
259 3149 302 3213 ob
317 3170 383 3214 suae
398 3151 632 3215 vehementiam
648 3151 887 3215 luminositatis,
992 3150 1057 3212 lum
1081 3170 1186 3213 meum
1210 3151 1297 3215 lilios
1314 3152 1408 3216 lsrael
1429 3154 1468 3216 de
1487 3154 1620 3236 AEgypto
1638 3172 1645 3215 :
1664 3172 1735 3234 qua

228 3249 290 3312 lsta
313 3249 373 3311 luit
392 3251 567 3333 corporalis
587 3260 683 3332 atque
705 3250 868 3313 sensibilis
889 3270 936 3314 re
993 3249 1121 3312 luerunt
1136 3250 1295 3314 verbaDei
1311 3252 1351 3313 ad
1366 3253 1491 3334 Moysen
1507 3251 1591 3315 cirea
1606 3252 1732 3329 rubum,

183 3349 391 3431 presentatio
414 3349 480 3425 Ilei,
499 3348 531 3410 in
547 3368 610 3431 qua
626 3350 767 3413 ostendit
790 3368 823 3411 se
839 3348 936 3431 Moysi
990 3348 1045 3409 diu
1061 3356 1135 3411 ante
1150 3349 1218 3429 ejus
1231 3349 1565 3431 jejunium.Similiter
1580 3350 1734 3432 seriptum

182 3448 218 3509 in
248 3448 350 3512 lorma
374 3448 495 3510 visibili
522 3457 554 3511 et
581 3448 731 3526 humana,
759 3450 934 3512 secundum
991 3454 1038 3509 est
1060 3447 1124 3510 alio
1147 3448 1216 3511 loco
1235 3465 1242 3509 :
1260 3448 1313 3509 lsti
1337 3455 1410 3511 sunt
1425 3448 1529 3513 Aaron
1550 3458 1582 3511 et
1602 3450 1733 3532 Moyses,
1749 3475 1878 3527 naamon,

182 3546 334 3611 llebraaos
360 3556 392 3610 et
417 3548 535 3610 multos
560 3548 749 3611 Catholieos.
778 3549 839 3624 Et,
854 3547 938 3610 sicut
990 3544 1108 3625 quibus
1138 3547 1290 3627 praecepit
1315 3547 1478 3624 Dominus,
1506 3556 1540 3608 ut
1564 3548 1736 3611 educerent

181 3646 324 3725 videtur,
343 3655 411 3709 erat
426 3647 558 3725 angelus
573 3647 703 3728 quidam
721 3647 753 3709 in
770 3647 934 3727 hujusmo-
992 3642 1078 3706 lilios
1094 3643 1199 3705 lsrael.
1218 3643 1361 3706 Secundo
1381 3644 1426 3705 ait
1443 3665 1450 3707 :
1469 3644 1638 3727 Postquam
1654 3647 1735 3728 Moy-

181 3745 217 3807 di
243 3744 351 3827 specie
373 3752 537 3827 assumpta
564 3744 598 3807 iu
621 3746 675 3808 Dei
697 3764 844 3827 persona,
868 3762 936 3827 per·
991 3759 1040 3803 ses
1056 3741 1186 3822 majoris
1200 3740 1407 3823 perfeetionis
1425 3742 1562 3806 allectus
1578 3752 1637 3822 est,
1650 3763 1736 3807 com-

182 3844 346 3907 lransiens
368 3850 400 3907 et
424 3861 593 3925 apparens,
619 3844 663 3906 ita
688 3845 773 3925 quod
796 3844 878 3907 Deus
899 3844 933 3904 in
990 3840 1107 3901 missus
1122 3848 1170 3903 est
1185 3840 1245 3902 sibi
1266 3840 1356 3922 quasi
1377 3840 1580 3921 singulariter
1598 3844 1731 3905 ducatus

181 3942 399 4005 similitudine
415 3942 471 4005 illa
492 3942 541 4003 sui
564 3943 832 4025 representative,
856 3942 935 4005 dicit
991 3938 1113 4020 populi.
1133 3939 1179 4000 hd
1202 3940 1286 4019 quod
1312 3940 1394 4015 dieo,
1418 3940 1504 4021 quod
1529 3948 1593 4002 tam
1614 3941 1734 4023 Moyses

180 4061 219 4105 se
247 4042 437 4124 apparuisse
461 4061 497 4104 ae
528 4041 749 4123 pertransisse,
778 4061 931 4123 suamque
990 4056 1086 4118 quam
1106 4037 1242 4119 populus
1258 4038 1352 4100 lsrael
1372 4046 1436 4101 tam
1457 4039 1538 4102 bene
1553 4039 1641 4101 ducti
1656 4047 1735 4101 sunt

179 4141 347 4203 dexteram
363 4140 448 4203 inter
463 4158 496 4203 se
512 4147 544 4203 et
557 4140 667 4202 oculos
682 4139 795 4222 Moysis
811 4140 935 4222 posuis·
989 4155 1046 4219 per
1061 4136 1179 4199 nubem
1193 4145 1225 4199 et
1243 4137 1404 4218 angelum,
1423 4147 1591 4219 postquam
1612 4139 1731 4221 Moyses

180 4258 229 4302 se.
246 4238 336 4312 Quod
358 4247 465 4301 autem
482 4239 563 4301 Deus
585 4257 642 4319 per
663 4238 812 4319 angelum
836 4238 871 4319 iu⁴
893 4238 933 4299 si·
949 4234 1145 4315 Djejunavit
1159 4244 1191 4296 et
1205 4243 1310 4299 cetera
1324 4236 1389 4317 jam
1405 4236 1536 4317 prelata
1552 4237 1685 4320 peregit,
1698 4246 1734 4299 ut

178 4336 367 4401 militudine
383 4337 523 4399 humana
538 4336 764 4419 apparuit,hoc
775 4336 930 4417 designat,
988 4342 1072 4411 ante,
1082 4333 1164 4396 sicut
1174 4343 1406 4416 cousequenter
1417 4335 1450 4397 in
1467 4335 1557 4398 libris
1568 4339 1638 4418 ejus
1648 4356 1737 4419 aper-

178 4436 269 4517 quod
280 4436 364 4498 licus
380 4434 414 4498 in
425 4454 482 4497 sua
497 4454 634 4517 persona
644 4443 692 4498 est
707 4434 931 4498 intellectualis
990 4432 1112 4495 tissime
1133 4432 1294 4495 recitatur.
1316 4434 1380 4497 lmo
1404 4452 1462 4497 nec
1484 4435 1603 4516 Moyses
1623 4436 1733 4499 eduxit

178 4543 316 4598 naturae.
340 4534 398 4597 Per
422 4534 676 4616 copiosissimam
701 4552 776 4598 vere
801 4542 832 4597 et
854 4533 930 4596 visi·
989 4530 1075 4594 lilios
1086 4531 1180 4593 lsrael
1196 4531 1235 4593 de
1249 4540 1358 4594 monte
1369 4532 1455 4594 Sinai
1471 4533 1511 4595 ad
1528 4541 1644 4595 terram
1659 4551 1732 4615 pro-

177 4632 282 4695 bilem
304 4632 394 4695 illam
416 4641 448 4695 et
472 4632 659 4695 sensibilem
681 4632 872 4707 claritatem,
898 4630 933 4692 li·
988 4629 1161 4706 missionis,
1179 4646 1346 4711 quousque
1368 4630 1469 4693 nubes
1489 4631 1670 4693 elevabatur
1692 4630 1732 4693 de
1745 4657 1878 4709 Numam,

175 4732 356 4811 gurabatur
380 4729 511 4793 inlinita
535 4737 567 4793 et
594 4729 930 4812 incomprehensibilis
988 4727 1192 4791 tabernaculo
1215 4727 1355 4805 loederis,
1371 4736 1403 4791 et
1424 4730 1522 4811 coepit
1543 4748 1597 4792 eos
1617 4748 1732 4812 prace-

176 4829 307 4912 puritas
323 4827 440 4891 divina
455 4828 602 4892 essentia
617 4829 651 4890 in
667 4848 701 4892 se
716 4830 796 4911 ipsa.
813 4829 871 4892 Per
887 4828 934 4891 in·
988 4827 1062 4890 dere
1082 4827 1195 4907 angelo
1214 4845 1284 4889 eam
1304 4836 1463 4905 movente,
1481 4837 1515 4890 ut
1536 4828 1569 4889 iu
1584 4828 1730 4891 Numeris

177 4926 427 5010 terpositionem
442 4936 550 4991 autem
564 4927 711 5004 dexteras,
729 4927 933 4991 imbecillitas
988 4926 1143 5007 scriptum
1158 4934 1217 4988 est.

176 5026 302 5090 mentis
327 5025 474 5089 humanae
498 5027 538 5088 ad
565 5026 768 5090 intuitionem
797 5025 931 5089 increati
1028 5024 1133 5087 Tertio
1148 5024 1226 5087 dicit
1238 5044 1334 5107 super
1344 5026 1440 5089 verba
1455 5025 1521 5104 illa,
1534 5023 1642 5091 Facies
1657 5046 1729 5089 mea

177 5125 317 5188 luminis
339 5124 407 5201 liei,
423 5124 477 5205 pia
497 5142 625 5206 quoque
645 5124 932 5189 condescendentia
987 5125 1145 5206 precedet
1163 5132 1217 5188 te:
1235 5124 1316 5187 lleus
1333 5114 1459 5189 volebat
1475 5126 1630 5189 deducam
1648 5125 1729 5208 Moy-

175 5234 212 5289 et
237 5222 493 5305 contemperatio
515 5221 761 5305 Omnipotentis,
785 5243 849 5305 qua
876 5223 933 5287 hu·
989 5242 1045 5287 sen
1066 5223 1186 5306 absque
1200 5223 1307 5305 aliquo
1326 5223 1443 5288 medio.
1460 5224 1556 5305 Cujus
1573 5225 1663 5288 verbi
1679 5244 1729 5287 er-

173 5341 286 5388 mauae
300 5320 469 5403 capacitati
489 5321 726 5399 condescendit,
745 5341 843 5404 seque
859 5342 934 5386 con·
990 5332 1043 5386 ror
1062 5322 1128 5404 jam
1149 5331 1246 5405 patet,
1268 5324 1344 5403 quia
1366 5342 1422 5404 per
1443 5324 1593 5404 angelum
1615 5324 1732 5387 deinde
