4309 6259
456 482 515 549 tao
815 499 988 548 annaanrro
1010 497 1041 545 m
1062 497 1131 547 aar.
1154 464 1223 545 x'xu
1239 497 1436 546 narranaam.
1457 516 1497 531 »-
1517 498 1588 544 aar.
1612 496 1718 544 xxxru

454 674 537 737 riose
553 674 722 757 prolatum.
736 673 795 736 Sed
808 682 842 735 ut
857 680 975 735 tactum
986 678 1045 746 est,
1058 670 1120 731 boc
1135 686 1199 731 nou
1214 669 1240 730 Α
1253 670 1386 731 adverso
1406 670 1542 731 Balaam.
1565 673 1733 748 Qartmae
1752 670 1883 729 adiisset
1899 670 1991 727 asino

452 770 579 834 videtur
591 773 688 835 textui
700 789 885 836 consonare.
900 770 930 831 Si
948 768 1034 830 enim
1046 767 1200 830 Dominus
1252 778 1390 828 stantem
1409 772 1574 845 uegetam,
1588 769 1703 827 cecidit
1721 770 1780 826 sat
1797 768 1934 843 pedibus
1951 785 1990 824 se-

453 870 574 934 ironice
591 871 735 945 dixisset,
753 870 838 932 Vade
858 887 931 931 cum
951 867 1009 943 eiS,
1028 884 1093 928 non
1114 864 1200 927 addi·
1252 870 1369 938 dentis,
1386 885 1424 928 ex
1445 866 1667 929 debilitatione
1686 885 1782 947 quam
1802 865 1935 928 incurrit
1956 883 1990 925 cr

452 968 558 1045 disset,
572 968 616 1031 lta
631 971 805 1045 dumtaxat,
817 974 852 1029 ut
867 966 953 1047 quod
969 964 1028 1026 tibi
1045 981 1200 1046 praecepe·
1255 964 1368 1027 timore
1387 965 1504 1045 angeli,
1521 974 1554 1027 et
1575 964 1761 1027 verberibus
1782 984 1819 1026 ac
1839 963 1990 1025 tractatio

454 1085 500 1144 ro,
529 1065 638 1130 iacias
656 1067 695 1128 Et
721 1067 820 1128 iratus
846 1073 894 1128 est
919 1065 1026 1137 Deus3
1052 1064 1200 1141 stetitque
1256 1062 1349 1124 nibus
1360 1063 1491 1126 Balaam
1503 1066 1568 1133 Qui
1575 1067 1680 1125 iratas
1690 1061 1990 1143 vehementiusque

453 1170 588 1242 angelus
603 1168 748 1237 Domini,
766 1173 873 1227 eustos
888 1162 1067 1225 lsraelitica
1083 1160 1198 1243 plebis,
1254 1169 1322 1222 erat
1337 1181 1387 1224 res
1403 1162 1538 1224 multum
1551 1163 1689 1239 insolita,
1700 1171 1733 1224 et
1741 1161 1908 1224 videbatur
1921 1179 1990 1241 qua·

454 1266 490 1323 in
511 1267 567 1325 via
587 1275 697 1325 eontra
715 1268 854 1326 Balaam
874 1264 933 1343 qai
955 1263 1115 1321 insidebat
1139 1261 1201 1319 asi-
1254 1258 1281 1320 si
1305 1261 1444 1323 amentia
1463 1261 1569 1324 obtusi
1590 1260 1738 1342 jumenti,
1754 1262 1890 1321 cadebat
1909 1261 1989 1335 fuste

455 1384 531 1435 are,·
549 1372 578 1423 et
596 1367 677 1423 daos
693 1382 821 1440 pueros,
840 1361 871 1423 id
892 1369 940 1422 est
959 1358 1124 1422 ministros
1148 1355 1198 1420 vel
1256 1360 1358 1418 latera
1370 1361 1451 1436 ejas.

455 1458 543 1524 tilios
568 1460 635 1523 sive
660 1460 847 1541 discipulos
864 1460 996 1519 babebat
1019 1478 1136 1516 secura.
1155 1454 1200 1515 lix
1296 1461 1497 1538 Aperuitqae
1507 1462 1665 1519 Dominus
1679 1478 1712 1518 os
1726 1460 1839 1527 uana,
1849 1467 1879 1517 et
1892 1460 1988 1517 locreta

453 1559 514 1621 hoc
530 1559 667 1637 elicitur,
684 1560 769 1640 quod
794 1557 940 1638 quamvis
960 1556 1057 1637 coepit
1077 1556 1137 1616 iter
1151 1573 1201 1615 ar·
1253 1565 1298 1615 est
1309 1573 1320 1615 :
1341 1556 1372 1619 id
1388 1566 1447 1633 est,
1463 1558 1546 1620 Bous
1566 1576 1622 1639 per
1638 1556 1778 1635 linguam
1792 1564 1826 1619 et
1844 1574 1879 1617 os
1898 1556 1989 1617 asina

453 1657 558 1739 ripere
575 1677 647 1720 cum
664 1656 786 1718 nuntiis
803 1655 896 1735 regis,
915 1653 1070 1717 tamenin
1087 1652 1139 1715 via
1155 1651 1200 1714 le-
1254 1651 1379 1716 loeutus
1393 1663 1442 1717 est
1456 1655 1657 1731 miraculose,
1670 1673 1733 1717 non
1744 1654 1926 1717 immediate
1938 1673 1990 1735 per

454 1753 498 1815 cit
514 1753 586 1817 illos
609 1753 799 1835 precedere,
819 1749 901 1814 forte
921 1760 956 1813 ut
975 1750 1100 1813 acutius
1115 1747 1202 1829 cogi·
1253 1770 1298 1828 sa,
1323 1752 1378 1815 sed
1400 1772 1457 1835 per
1481 1753 1694 1816 ministerium
1718 1752 1824 1833 angeli
1848 1753 1988 1833 alicujus,

455 1860 536 1915 taret
558 1852 598 1914 de
628 1850 832 1916 consulendis
856 1859 951 1931 atque
979 1848 1121 1929 agendis,
1148 1845 1237 1910 velB
1254 1850 1308 1930 qui
1324 1850 1465 1929 linguam
1481 1851 1579 1914 asina
1599 1852 1699 1915 movit
1713 1860 1746 1913 et
1761 1852 1852 1914 llerit
1872 1852 1911 1913 ad
1927 1870 1990 1913 rer·

454 1952 530 2033 quia
555 1950 695 2033 speravit
720 1951 804 2030 quod
830 1949 892 2011 sibi
923 1948 955 2010 in
981 1948 1033 2011 via
1062 1965 1199 2028 nequam
1253 1947 1293 2010 ba
1309 1947 1485 2026 formanda,
1497 1951 1765 2031 quemadmodum
1779 1950 1925 2013 diabolus
1938 1968 1990 2031 per

455 2050 586 2131 spiritus
601 2058 777 2132 appareret.
1253 2067 1288 2111 os
1310 2049 1467 2129 serpentis
1486 2049 1641 2113 allocutus
1662 2057 1710 2112 est
1725 2049 1835 2126 Evam,
1853 2049 1917 2112 imo
1938 2067 1990 2129 per
2002 2066 2108 2110 oanis.

496 2150 632 2238 Cernens
647 2148 742 2208 asina
763 2150 915 2223 angelum
933 2154 1070 2205 stantem
1086 2146 1121 2203 ia
1144 2145 1199 2203 via
1254 2146 1338 2210 idola
1362 2148 1604 2229 gentiumque
1630 2167 1688 2211 nec
1709 2166 1745 2211 os
1771 2168 1829 2211 nec
1854 2148 1988 2230 linguam

453 2250 623 2324 evaginato
640 2248 764 2323 piatio.
782 2244 919 2324 Angelus
942 2243 997 2305 ille
1012 2243 1045 2303 in
1068 2258 1200 2323 corpore
1254 2256 1373 2309 vereat
1389 2246 1517 2328 proprie
1533 2246 1661 2323 babent,
1677 2249 1838 2311 deamones
1857 2248 1932 2309 daut
1946 2266 1991 2309 re·

454 2354 617 2428 assumpto
631 2353 664 2407 et
679 2345 712 2405 in
728 2344 868 2405 humana
885 2342 1058 2425 apparebat
1075 2340 1197 2419 efligie.
1254 2364 1381 2427 sponsa.
1402 2344 1440 2405 Et
1465 2345 1590 2408 videtur
1614 2344 1763 2425 Origenes
1787 2346 1991 2428 sellamque

455 2446 515 2509 Sed
536 2446 618 2507 sicut
633 2444 744 2507 Beatus
768 2442 887 2505 habeus
908 2461 1022 2524 corpus
1038 2440 1200 2520 gloriiica-
1255 2444 1286 2504 in
1301 2444 1410 2506 Glossa
1430 2443 1575 2521 babetur,
1591 2445 1677 2525 quod
1699 2444 1831 2525 angelus
1852 2445 1912 2507 iste
1933 2444 1991 2507 fuit

457 2553 535 2620 tum,
562 2544 622 2605 sibi
649 2542 744 2624 plene
773 2541 924 2604 obediens
950 2550 981 2605 et
1006 2540 1197 2622 subjectum,
1253 2543 1309 2624 qui
1324 2542 1472 2625 praesidet
1491 2542 1609 2624 speciei
1631 2543 1775 2605 asininae.
1791 2543 1992 2617 Quemadmo

455 2642 596 2707 ostendit
611 2660 644 2705 se
656 2642 722 2716 uni,
736 2641 811 2703 dum
823 2640 900 2717 vult,
914 2647 945 2703 et
961 2658 1024 2702 nou
1040 2639 1143 2715 alteri,
1157 2639 1200 2699 ita
1253 2641 1329 2703 dum
1344 2641 1431 2703 enim
1441 2640 1579 2723 quilibet
1589 2642 1756 2704 bominum
1768 2642 1864 2704 babet
1879 2642 1992 2724 specia-

456 2750 487 2804 at
502 2740 608 2822 angeli
625 2740 658 2804 in
674 2739 845 2821 assumptis
856 2745 1045 2820 apparentes
1061 2736 1200 2819 corpori·
1253 2739 1315 2801 lem
1330 2739 1479 2819 angelum
1496 2740 1545 2801 sui
1562 2741 1736 2816 custodem,
1756 2741 1800 2803 ita
1821 2742 1991 2803 secuudum

456 2840 535 2902 bus:
549 2838 658 2921 sicque
673 2856 788 2919 corpus
804 2837 886 2899 illud
894 2835 999 2917 angeli
1017 2834 1200 2897 immutavit
1253 2836 1398 2918 Origenis
1408 2838 1630 2915 intentionem,
1642 2838 1864 2919 qualibetalia
1874 2838 1992 2921 species

455 2938 683 3015 daumasiae,
701 2946 732 3001 ct
748 2956 811 3000 nou
828 2936 932 2998 visum
947 2935 1084 3011 Balaam,
1103 2942 1138 2995 ut
1153 2934 1200 3015 ip·
1254 2936 1484 3017 specialissima
1511 2956 1616 3000 rerum
1642 2937 1737 3000 babet
1760 2940 1908 3019 angelum
1934 2938 1992 3000 sibi

455 3057 489 3101 so
501 3038 627 3119 perhoc
637 3036 733 3119 paulo
744 3044 815 3118 post
826 3054 914 3097 suam
926 3034 1144 3108 vitiositatem,
1154 3032 1196 3093 in·
1215 3038 1237 3100 C
1255 3035 1477 3115 praesidentem
1488 3049 1524 3099 ac
1535 3036 1776 3117 gubernantem.
1788 3036 1993 3119 Aitequidem

455 3136 702 3218 sipientiamque
718 3135 905 3196 adverteret.
918 3134 997 3195 Hinc
1013 3132 1056 3194 ait
1067 3131 1196 3195 Glossa:
1253 3133 1424 3214 Origenes:
1441 3133 1526 3217 Opus
1548 3143 1596 3198 est
1618 3136 1737 3197 mundo
1755 3135 1852 3198 etiam
1874 3136 1993 3217 augelis

455 3236 560 3316 llagus
570 3234 658 3297 videt
668 3234 838 3309 demones,
851 3232 940 3294 asina
950 3229 1099 3313 angelum
1113 3248 1120 3291 ε
1134 3248 1198 3292 ιιοιι
1253 3232 1308 3313 qui
1324 3241 1399 3295 sunt
1419 3252 1515 3315 super
1529 3234 1648 3295 bestias
1668 3242 1699 3295 et
1721 3242 1862 3315 praesunt
1876 3235 1994 3296 auima-

455 3334 540 3415 quod
561 3332 631 3414 ipsa
647 3330 689 3393 sit
709 3331 805 3410 digua
823 3329 971 3408 angelum
992 3329 1121 3404 intueri,
1139 3328 1200 3391 sic·
1253 3332 1332 3394 lium
1358 3332 1528 3407 nativitati,
1553 3332 1821 3414 incrementisque
1842 3332 1993 3413 virgulto

455 3441 491 3494 ut
506 3450 563 3493 nec
579 3429 678 3511 loqui,
697 3430 752 3491 sed
768 3437 802 3490 ut
821 3428 945 3491 Balaam
967 3426 1197 3493 confutaretur.
1253 3450 1324 3493 rum
1350 3440 1381 3493 et
1401 3430 1651 3513 plantationibus
1670 3440 1858 3494 ceterorum.
1876 3434 1918 3495 Be
1936 3433 1996 3495 boc

456 3533 583 3593 Avertit
597 3550 629 3589 se
643 3532 683 3589 tte
697 3527 949 3597 itinere‚timens
966 3526 1079 3603 occidi,
1091 3535 1120 3586 et
1132 3529 1199 3587 ibet
1254 3529 1366 3592 scribit
1390 3528 1525 3590 Tbomas
1555 3528 1588 3590 in
1619 3528 1722 3610 prima
1746 3538 1836 3610 parte
1864 3550 1993 3593 summae

450 3650 510 3708 per
534 3648 661 3707 aarum.
682 3630 784 3695 Quam
809 3647 910 3706 qaam
934 3612 1113 3685 verberaret
1137 3628 1200 3686 Ba·
1254 3648 1329 3704 suae,
1342 3627 1516 3709 quastione
1534 3627 1592 3689 tlt
1605 3645 1612 3689 :
1625 3626 1732 3689 Virtus
1748 3627 1882 3691 inferior
1896 3638 1995 3692 mate·

455 3734 595 3798 tacitast
611 3731 704 3787 veltet
719 3729 762 3787 ad
777 3727 924 3785 semitam
940 3728 1102 3793 rediscere,
1112 3725 1199 3784 stetit
1254 3726 1342 3788 rialis
1366 3746 1403 3789 ac
1428 3725 1639 3807 particularis,
1656 3745 1675 3788 a
1697 3726 1814 3789 virtute
1839 3728 1992 3809 superiori

455 3830 589 3904 attactas
611 3828 647 3885 ia
668 3826 839 3901 atramitis,
857 3822 889 3884 id
909 3831 957 3884 ast
978 3821 1199 3885 coarctationi·
1253 3825 1427 3888 universali
1442 3832 1474 3887 et
1494 3823 1694 3886 immateriali
1710 3825 1949 3888 administratur
1963 3834 1995 3887 et

455 3926 515 3987 bus
535 3943 591 3987 seu
615 3922 711 3986 arctis
736 3921 917 3997 itineribus,
934 3924 1077 3981 datarum
1098 3941 1200 3981 mace
1253 3923 1384 4003 regitur,
1397 3922 1506 4004 sicque
1521 3922 1875 4003 corporaliaetterrena
1888 3924 1928 3986 ab
1940 3943 1996 3985 an·

455 4026 598 4091 riarum,
613 4023 729 4101 quibas
748 4022 850 4081 viatere
865 4020 1088 4095 cingebantur,
1105 4027 1135 4080 ct
1158 4017 1198 4079 ab
1252 4022 1332 4103 galis
1346 4022 1574 4102 gubernantur.
1586 4019 1672 4082 Plato
1687 4029 1792 4082 autem
1808 4022 1918 4102 posuit
1931 4040 1995 4085 ona

455 4121 593 4185 invicem
609 4117 906 4198 distinguebantur,
924 4125 956 4179 et
975 4118 1013 4179 ad
1030 4116 1196 4180 introitum
1253 4121 1306 4183 nia
1321 4117 1636 4183 sensibiliaalormis
1646 4120 1801 4200 separatis
1812 4119 1994 4183 immediate

454 4220 575 4283 semitae
605 4218 691 4279 illius
721 4216 845 4279 Balaam
876 4217 1042 4278 reduxerat
1072 4216 1196 4277 asinam
1213 4220 1237 4280 B
1252 4218 1424 4302 prolluere,
1441 4218 1496 4280 sed
1518 4218 1663 4280 doctores
1684 4218 1831 4281 catholici
1854 4229 1993 4300 ponunt,

453 4337 542 4380 suam
559 4318 598 4379 de
613 4334 699 4397 agro.
720 4318 818 4383 Quem
834 4316 946 4374 videas
961 4317 1068 4383 asina,
1076 4315 1197 4390 jainata
1252 4318 1387 4380 diversis
1403 4316 1498 4378 rebus
1508 4314 1670 4397 corporeis
1680 4315 1823 4377 diversas
1832 4336 1903 4380 esse
1917 4336 1995 4400 pra

452 4440 484 4478 sc
504 4418 638 4495 parieti,
664 4414 696 4476 id
721 4422 768 4479 est
793 4412 937 4476 maceria
962 4412 1056 4475 unius
1083 4412 1195 4489 vineta,
1253 4416 1371 4497 positas
1382 4413 1563 4497 spirituales
1573 4414 1773 4476 substantias
1784 4414 1994 4479 Dieitctenim

454 4516 631 4596 elongando
653 4532 687 4577 se
710 4532 767 4595 pro
790 4530 882 4594 posse
900 4512 941 4573 ab
963 4512 1074 4591 angelo
1096 4521 1199 4574 stante
1252 4513 1446 4594 Augustinus
1462 4512 1543 4576 libro
1553 4511 1718 4592 Octoginta
1734 4511 1832 4574 trium
1847 4514 1995 4594 questio-

453 4618 543 4698 juxta
559 4613 728 4677 maceriam
743 4612 840 4673 aliam
854 4635 860 4684 ;
873 4622 902 4671 et
918 4613 1046 4672 attrivit
1060 4615 1199 4673 sedentis
1253 4630 1350 4675 num:
1368 4613 1570 4693 Unaquaeque
1586 4610 1708 4692 species
1731 4610 1870 4674 visibilis
1884 4611 1917 4673 in
1933 4612 1992 4675 boc

450 4719 575 4793 pedam,
594 4712 637 4775 ita
652 4712 738 4793 quod
753 4730 836 4772 unus
853 4729 908 4790 pes
923 4709 1048 4771 Balaam
1065 4711 1201 4791 compri-
1253 4712 1383 4786 mundo,
1399 4708 1495 4771 babet
1519 4709 1696 4790 angelicam
1718 4717 1910 4790 potestatem
1932 4710 1993 4772 sibi

454 4813 600 4875 mebatur
622 4810 705 4872 iuter
725 4828 840 4890 corpus
866 4808 963 4870 asina
988 4815 1019 4869 et
1043 4807 1197 4889 parietem
1252 4808 1471 4891 praepositam3
1487 4817 1583 4889 atque
1598 4816 1633 4869 ut
1642 4807 1755 4870 asserit
1770 4808 1991 4882 Damasoenus,

454 4912 566 4975 vinea.
579 4912 621 4971 At
637 4912 693 4969 ille
707 4910 827 4967 iterata
849 4908 1120 4967 verberabateam
1139 4907 1199 4969 asi·
1252 4908 1374 4989 primus
1399 4907 1454 4969 ille
1473 4914 1617 4989 apostata
1637 4906 1780 4985 angelus,
1805 4905 1869 4968 iuit
1892 4926 1930 4969 ex
1949 4906 1995 4969 eia

454 5030 549 5085 nam;
565 5020 594 5069 et
614 5009 718 5067 nitito
741 5008 851 5066 artinas
871 5010 1005 5082 attactas
1029 5009 1072 5065 aa
1093 5010 1197 5066 laetam
1252 5006 1417 5088 spiritibus
1432 5005 1487 5086 qui
1503 5003 1573 5069 orbi
1590 5004 1732 5067 terrestri
1751 5013 1842 5066 erant
1857 5006 1992 5087 praelati.

452 5118 626 5185 captatam
643 5108 812 5177 transiens,
831 5106 887 5165 abi
903 5124 959 5163 aaa
975 5106 1018 5163 od
1032 5107 1197 5164 dexteram
1291 5105 1399 5185 ltaque
1415 5103 1519 5165 locuta
1534 5111 1601 5165 est:
1616 5104 1703 5171 Quid
1720 5104 1785 5179 feei
1799 5104 1860 5162 tibi
1872 5105 1888 5162 i
1902 5102 1992 5183 quasi

452 5228 509 5269 aec
523 5210 567 5267 ad
587 5206 757 5265 sinistram
774 5212 900 5281 poterat
914 5204 1046 5262 deviare
1068 5210 1197 5283 propter
1251 5202 1346 5279 dicat,
1364 5202 1515 5283 iujuriam
1537 5200 1614 5263 iacis
1629 5200 1720 5275 mibi,
1737 5200 1814 5281 quia
1833 5218 1898 5263 nou
1916 5199 1997 5263 iore·

452 5304 677 5369 arctitudiuem
701 5300 773 5377 loci,
790 5303 902 5360 obvias
923 5302 1020 5372 stetit,
1039 5299 1069 5362 id
1091 5309 1139 5362 est
1159 5320 1197 5363 ex
1252 5300 1314 5364 leci
1335 5300 1392 5362 tibi
1414 5318 1517 5382 neque
1539 5299 1678 5381 peccavi.
1697 5301 1763 5359 (tar
1777 5300 1922 5376 pereatis
1947 5319 1996 5359 me
