4309 6259
546 514 722 561 sunaaano
744 516 774 561 ur
796 515 863 561 aar.
887 514 920 560 rx
940 514 1175 561 naurraonouu.
1197 536 1237 545 —
1257 517 1329 563 aar.
1352 516 1373 561 r
1671 497 1732 560 bdll

225 683 451 747 Verumtamen
467 686 706 763 advertendum,
724 686 800 768 quia
818 687 868 767 (ut
887 704 932 747 re-
949 684 973 745 Α
988 685 1112 764 diebus,
1130 688 1213 749 sicut
1228 687 1261 748 in
1278 687 1383 749 Exodo
1405 686 1505 748 fertur
1527 686 1570 748 ibi
1588 695 1651 748 tam
1675 686 1730 748 diu
1752 704 1818 749 aaa
1817 719 1879 756 111111

182 779 246 843 fort
262 781 356 865 Lyra)
375 783 497 847 Hebraei
514 784 760 866 dicuntMoysen
777 784 809 845 in
825 791 933 846 monte
988 784 1154 861 mansisse,
1172 786 1300 867 quando
1318 785 1436 868 primas
1451 792 1519 847 erat
1534 785 1658 847 tabulas
1681 804 1733 847 ac-
1747 771 1787 873 ἐξ
1802 782 1875 819 ¹¹¹''·

181 880 272 943 Sinai
299 880 413 945 iecisse
438 891 502 945 tres
523 883 791 965 quadragesimas,
816 882 931 958 idest,
989 891 1159 964 cepturus;
1184 893 1215 947 et
1240 884 1396 946 similiter·
1413 883 1446 945 in
1471 884 1581 947 codem
1605 875 1733 965 quando

181 987 232 1041 ter
246 980 410 1061 jejunasse
425 982 635 1063 quadraginta
651 982 776 1058 dicbus
789 982 831 1043 ita
846 982 932 1063 quod
990 980 1114 1043 tabulas
1130 983 1284 1044 secundas
1298 981 1431 1064 accepit.

182 1079 267 1140 nihil
298 1079 483 1143 relectionis
514 1081 652 1162 sumpsit
682 1081 715 1142 in
745 1081 803 1143 eia.
830 1080 934 1142 Prima
1027 1080 1177 1154 Quamvis
1201 1090 1306 1143 autem
1331 1080 1410 1163 Lyra
1436 1099 1500 1143 non
1522 1082 1658 1142 multum
1683 1100 1736 1163 ap

57 1222 65 1284 ἑ
112 1206 165 1243 μιν,
185 1176 258 1254 luit,
273 1179 406 1259 quando
421 1180 564 1241 ascendit
580 1180 613 1241 in
637 1188 777 1243 montem
800 1188 835 1242 ut
855 1178 935 1241 acci·
991 1180 1104 1260 probet
1118 1200 1214 1241 unam
1231 1180 1343 1241 harum
1359 1180 1550 1261 opinionum
1570 1199 1635 1262 prae
1659 1179 1732 1256 alia,

68 1286 73 1295 '
184 1285 275 1358 peret
295 1278 416 1357 primas
432 1277 566 1355 tabulas,
591 1296 670 1359 quas
695 1278 864 1358 confregit.
882 1278 935 1340 Se
991 1278 1093 1341 nihilo
1108 1280 1216 1340 minus
1240 1278 1327 1353 dicit,
1347 1279 1432 1359 quod
1453 1278 1609 1341 motivum
1625 1278 1735 1341 Catho

181 1376 300 1452 cunda,
322 1378 452 1457 quando
477 1386 548 1458 pcst
574 1376 815 1440 fabricationem
841 1375 933 1439 vituli
991 1376 1125 1439 licorum
1150 1377 1283 1439 assumit
1308 1376 1435 1452 falsum,
1467 1377 1596 1458 quando
1625 1377 1735 1439 dicunt

181 1474 328 1536 ascendit
349 1474 382 1536 in
398 1484 539 1538 montem
565 1476 604 1537 ad
629 1475 864 1557 impetrandum
890 1493 935 1537 re
989 1477 1073 1557 quod
1089 1496 1107 1538 a
1123 1476 1226 1557 primo
1241 1494 1373 1538 ascensu
1388 1475 1502 1557 Moysis
1516 1476 1555 1537 ad
1579 1475 1736 1557 accipien-

176 1572 372 1636 ‘missionem
398 1574 485 1636 illius
508 1574 639 1656 peccati.
666 1575 780 1651 Tertia,
807 1574 935 1654 quando
991 1575 1066 1636 dnm
1085 1574 1208 1637 tabulas
1233 1575 1397 1657 primas,a
1419 1592 1484 1655 quo
1504 1573 1618 1656 incipit
1633 1575 1735 1657 prima

176 1672 339 1733 llominus
354 1672 498 1754 placatus
514 1672 846 1755 orationibusMoysiS‚
856 1672 935 1734 dixit
990 1674 1202 1755 quadragena,
1220 1673 1375 1755 usquead
1392 1672 1476 1736 diem
1491 1672 1733 1755 expiationisin

75 1787 165 1837 rnna,
182 1770 212 1832 ei
232 1788 239 1833 :
258 1771 396 1834 Praecide
418 1772 496 1833 duas
522 1771 644 1859 tabulas
669 1772 810 1853 lapideas
836 1771 935 1833 instar
985 1791 1053 1853 quo
1083 1772 1247 1835 descendit
1276 1771 1396 1853 Moyses
1426 1771 1581 1834 secundas
1612 1772 1735 1833 tabulas

58 1878 62 1887 '
183 1868 342 1951 priorum,
360 1871 628 1951 quemadmodum
650 1871 682 1931 in
698 1871 806 1933 Exodo
830 1889 936 1932 narra·
952 1866 975 1925 B
989 1878 1130 1952 portans,
1155 1889 1218 1933 non
1241 1870 1450 1933 inveniuntur
1476 1878 1539 1932 tres
1563 1872 1737 1951 quadrage-

179 1976 247 2030 'tur.
264 1968 325 2031 Ubi
346 1976 377 2031 et
402 1969 519 2031 dicitur
537 1989 544 2032 :
562 1970 633 2031 Fuit
649 1968 693 2031 ibi
710 1988 782 2032 cum
799 1968 932 2033 Domino
989 1987 1047 2031 nm.
1066 1968 1103 2030 Et
1117 1968 1178 2032 hoc
1189 1968 1337 2051 reprobat
1353 1969 1443 2050 Lyra.
1461 1966 1613 2042 Quocirca
1635 1968 1735 2031 scien-

173 2067 396 2148 ·quadraginta
422 2068 490 2131 dies
514 2076 545 2131 at
568 2068 778 2150 quadraginta
803 2076 932 2143 noctes;
989 2068 1076 2143 dum,
1094 2069 1179 2149 quod
1196 2067 1377 2149 reprobatio
1394 2086 1451 2129 sua
1467 2067 1610 2148 procedit
1626 2087 1735 2131 secun-

181 2184 301 2247 panem
318 2185 382 2229 non
398 2167 547 2243 comedit,
566 2177 597 2230 et
616 2186 731 2249 aquam
758 2185 822 2230 nou
838 2166 930 2229 bibit.
988 2167 1063 2228 dum
1079 2165 1264 2248 opinionem
1280 2185 1380 2241 suam,
1398 2185 1461 2247 qua
1478 2173 1563 2228 tenet
1578 2166 1663 2246 quod
1679 2184 1736 2247 per

177 2284 180 2293 ¹
223 2265 284 2328 Sed
300 2266 422 2328 dictum
438 2266 498 2329 hoc
514 2266 714 2329 Hebraeorum
728 2284 791 2329 non
808 2266 934 2328 videtur
988 2266 1128 2347 primum
1144 2284 1299 2342 mensem,
1316 2265 1409 2346 cujus
1429 2265 1668 2346 quintodecimo
1683 2265 1735 2329 die

178 2382 306 2441 rerum,
324 2364 476 2445 quoniam
491 2363 589 2445 (sicut
605 2365 774 2445 probatum
795 2366 857 2445 est)
873 2365 932 2427 ista
987 2364 1048 2426 filii
1066 2365 1160 2427 lsrael
1185 2364 1330 2427 exierunt
1354 2364 1535 2446 AEgyptum‚
1554 2364 1735 2445 intelligena

178 2463 353 2544 prostratio
368 2471 399 2525 et
415 2462 516 2526 oratio
531 2462 656 2545 Moysis,
666 2482 740 2544 quae
757 2464 789 2524 in
806 2464 867 2526 isto
884 2482 932 2526 ca·
986 2464 1046 2525 dus
1071 2464 1113 2525 sit
1133 2464 1271 2525 Martius.
1299 2464 1448 2526 Doctores
1473 2470 1580 2525 autem
1604 2462 1735 2526 catholi-

179 2560 285 2641 pitulo
311 2561 442 2643 ponitur
468 2561 590 2637 ultima,
618 2580 713 2643 quam
740 2562 861 2625 Hebraei
889 2562 933 2624 di·
985 2562 1026 2639 ci,
1045 2580 1082 2625 co
1098 2562 1199 2641 magis
1214 2561 1403 2638 authentici,
1415 2580 1471 2644 per
1488 2580 1629 2624 mensem
1640 2562 1733 2625 illum

177 2670 258 2723 cunt
276 2659 377 2723 luisse
403 2660 528 2723 tertiam
551 2660 826 2741 quadragesimam
848 2660 929 2742 ejus,
986 2660 1172 2741 intelligunt
1188 2660 1328 2743 Aprilem
1355 2678 1362 2721 ε
1385 2660 1456 2724 ideo
1477 2661 1532 2723 illa
1553 2661 1733 2743 reprobatio

182 2759 245 2821 luit
271 2778 329 2841 pro
359 2758 583 2841 impetratione
609 2759 806 2821 remissionis
834 2759 932 2822 idolo
986 2778 1050 2823 nou
1068 2768 1116 2823 est
1134 2758 1237 2823 fortis,
1256 2759 1357 2841 Super
1373 2759 1515 2841 Erodum
1531 2778 1659 2841 quoque
1681 2760 1734 2822 de-
1749 2781 1878 2833 inaura.

181 2858 284 2920 latriae
307 2857 444 2939 populi:
472 2865 504 2919 et
526 2857 580 2919 illa
603 2855 663 2919 luit
689 2858 932 2939 quadragesima
985 2858 1113 2933 claravi
1133 2859 1218 2940 quod
1231 2857 1377 2938 Magister
1394 2857 1427 2918 in
1444 2857 1585 2921 historiis
1613 2859 1651 2919 de
1674 2858 1732 2921 hac

180 2956 296 3038 Moysis
320 2956 469 3032 secunda,
488 2956 570 3018 sicut
595 2956 714 3019 dictum
740 2964 798 3019 est.
817 2956 931 3038 Sicque
985 2976 1019 3019 re
1034 2959 1157 3020 doctius
1173 2977 1209 3019 ac
1225 2955 1396 3019 resolutius
1406 2955 1518 3018 scribit
1533 2975 1628 3037 quam
1640 2957 1731 3038 Lyra,

180 3056 311 3119 videtur
327 3054 427 3117 luisse
443 3055 552 3117 eadem
569 3055 773 3135 quadragena
798 3055 929 3132 dicrum,
946 3056 967 3120 C
984 3065 1081 3137 atque
1102 3074 1140 3118 ex
1164 3054 1271 3119 verbis
1295 3053 1433 3134 Magistri
1458 3062 1490 3116 et
1513 3053 1607 3117 dictis
1632 3054 1732 3117 Rabbi

180 3156 214 3217 in
239 3174 305 3237 qua
330 3154 449 3237 Moyses
475 3155 663 3236 deprecatus
687 3163 735 3217 est
760 3154 929 3218 Dominum
984 3153 1071 3217 Pauli
1084 3154 1129 3216 ibi
1145 3152 1285 3216 inductis
1300 3152 1432 3215 evidens
1447 3152 1599 3234 estquod
1610 3152 1731 3217 llebraei

177 3272 239 3337 pro
255 3253 444 3317 remissione
461 3253 548 3315 illius
564 3252 727 3330 facinoris,
740 3261 771 3316 ct
787 3273 844 3336 pro
860 3273 930 3317 exa·
985 3272 1055 3316 raro
1086 3251 1246 3334 incipiunt
1280 3251 1419 3333 primum
1450 3270 1593 3314 mensem
1623 3270 1729 3329 suum,

178 3354 303 3416 ratione
329 3372 385 3414 seu
412 3351 621 3434 inscriptione
647 3352 859 3415 secundarum
887 3360 931 3414 ta·
984 3370 1081 3433 quem
1097 3350 1264 3413 nominant
1278 3350 1385 3426 Miser,
1395 3359 1580 3431 computare
1595 3370 1613 3413 a
1628 3350 1732 3433 primo

179 3452 329 3515 bularum
348 3468 355 3512 ε
375 3459 407 3513 et
422 3450 506 3513 istud
524 3458 633 3513 tenent
652 3451 864 3514 communiter
879 3451 931 3514 do
985 3452 1036 3513 dic
1051 3451 1151 3513 Martii
1169 3451 1281 3527 nostri,
1299 3450 1452 3531 quoniam
1468 3451 1530 3533 ipsi
1545 3460 1732 3533 computant

176 3560 285 3615 utores
301 3549 461 3627 catholici,
479 3568 662 3631 quanquam
674 3548 816 3611 Andreas
835 3569 932 3631 super
984 3568 1112 3612 meuses
1136 3549 1311 3611 secundum
1337 3548 1541 3612 lunationes:
1568 3557 1600 3612 et
1626 3558 1731 3612 tamen

181 3650 371 3723 berbicum,
399 3657 550 3729 sequatur
574 3655 756 3730 praetactam
788 3648 932 3711 Hebraeo
985 3648 1074 3729 Lyra,
1094 3648 1292 3729 reprobando
1315 3646 1482 3729 praelatum
1498 3646 1731 3711 Catholicorum

182 3768 254 3811 rum
270 3747 468 3830 opinionem.
482 3746 624 3829 Denique
640 3746 673 3808 in
690 3746 795 3809 Exodo
811 3765 874 3810 non
894 3746 930 3808 lit
985 3746 1153 3823 motivum,
1171 3745 1217 3808 sic
1241 3752 1402 3827 computat
1426 3746 1564 3827 primum
1587 3766 1731 3809 mensem

182 3848 305 3911 mentio
320 3846 384 3909 nisi
409 3848 448 3909 de
472 3846 597 3909 duabus
620 3844 733 3927 Moysis
759 3846 932 3926 quadrage
984 3846 1186 3909 Hebraeorum
1201 3844 1294 3926 quasi
1309 3845 1433 3928 integer
1448 3845 1545 3907 luerit
1559 3854 1633 3908 ante
1648 3846 1732 3909 inco

182 3947 254 4021 nis3
272 3955 304 4010 et
318 3945 464 4027 quamvis
480 3944 514 4007 in
529 3945 636 4008 Exodo
661 3943 784 4025 legatur
808 3943 928 4026 Moyses
984 3944 1126 4026 ptionem
1143 3944 1244 4007 nostri
1268 3943 1386 4025 hprilis
1404 3960 1411 4005 :
1429 3944 1513 4024 quod
1535 3962 1634 4025 quum
1660 3964 1731 4008 raro

180 4047 365 4109 ascendisse
375 4045 409 4107 in
420 4053 562 4108 montem
573 4063 631 4127 pro
642 4044 841 4125 impetranda
854 4063 930 4125 prae-
957 4043 1156 4129 contingat,
1184 4041 1382 4124 probabilius
1411 4051 1576 4124 reputatur
1602 4062 1659 4106 nec
1684 4044 1730 4107 sic

180 4146 260 4208 dicti
276 4144 407 4209 sceleris
422 4144 527 4220 venia,
538 4162 601 4207 non
616 4151 723 4205 tamon
739 4142 855 4222 legitur
871 4142 927 4221 ibi,
985 4141 1085 4205 luisse
1099 4142 1227 4223 quando
1242 4140 1361 4221 egressi
1386 4149 1462 4203 sunt
1487 4140 1550 4203 lilii
1575 4142 1668 4205 lsrael
1691 4144 1731 4207 de

180 4246 268 4327 quod
290 4252 365 4306 tunc
390 4244 508 4306 mansit
533 4243 566 4305 iu
592 4250 700 4305 monte
723 4241 931 4323 quadraginta
945 4241 970 4304 D
985 4240 1129 4323 AEgypto.
