4309 6259
446 490 505 552 {62

852 505 1025 552 ExnnuaTto
1046 507 1076 550 ΙΝ
1098 506 1166 552 CAP.
1191 506 1220 550 lv
1242 504 1378 550 bertrici.
1400 525 1440 534 -
1461 505 1532 550 All'l'.
1557 505 1588 550 xl

486 678 638 741 Praeterea
653 677 738 741 circa
757 676 842 738 dicta
861 677 900 739 de
921 673 1083 738 sacrificio
1099 693 1190 756 syna-
1206 675 1229 736 ll
1246 674 1396 750 secundo,
1414 693 1453 736 au
1479 674 1519 737 sit
1540 695 1635 737 causa
1655 674 1798 756 pcccati;
1822 675 1926 752 tertio,
1950 695 1987 736 an

445 794 534 858 gogae
554 797 612 859 pro
632 784 773 859 peccato,
791 775 825 836 in
846 774 1041 837 Scholastica
1055 772 1190 834 habetur

445 874 640 938 historiazln
651 874 774 938 duobus
786 874 838 936 hie
849 873 994 935 innuitur
1005 871 1191 934 differentia

446 973 530 1036 inter
554 984 684 1057 peecata
708 972 880 1037 sacerdotis
906 981 937 1035 ct
962 971 1072 1054 pepuli
1091 988 1098 1031 :
1116 969 1191 1051 quia

445 1073 592 1136 sacerdos
607 1093 671 1136 non
687 1073 804 1135 dicitur
819 1091 951 1155 peccare
966 1090 1023 1154 per
1042 1071 1191 1151 ignoran-

446 1172 534 1250 tiam,
553 1191 617 1236 non
640 1173 726 1236 enim
749 1172 824 1235 licet
845 1173 874 1234 ei
896 1171 1041 1250 ignorare
1061 1169 1192 1231 manda-

446 1280 513 1334 tum
541 1272 614 1347 llci3
636 1272 764 1349 iterum,
786 1271 863 1353 quia
888 1289 952 1332 non
977 1269 1094 1351 legitur
1119 1267 1191 1350 quis

445 1389 535 1434 orare
551 1390 609 1453 pro
625 1371 796 1434 sacerdote.
804 1370 1040 1445 Verumtamen,
1050 1368 1191 1450 primum

446 1470 580 1531 istorum
598 1488 661 1533 non
678 1470 805 1533 videtur
820 1468 919 1532 textui
934 1486 1122 1544 consonum,
1133 1485 1191 1528 nee

446 1566 618 1650 praedictis,
636 1587 735 1649 quum
753 1568 785 1629 in
802 1567 930 1631 exordio
946 1567 1043 1648 hujus
1058 1563 1190 1647 capituli

446 1666 567 1729 dictum
588 1666 654 1728 sit:
677 1666 792 1729 Anima
812 1687 910 1748 quum
931 1665 1111 1748 peccaverit
1136 1681 1192 1746 per

446 1765 681 1846 ignorantiam3
702 1765 733 1828 Si
755 1767 901 1830 sacerdos
921 1765 977 1847 qui
995 1773 1043 1828 est
1063 1771 1190 1836 unctus,

1246 781 1404 854 apcceato
1415 782 1541 837 excuse!
1554 798 1561 848 3
1574 781 1699 855 quarto,
1708 792 1748 836 an
1761 773 1919 836 diminuat
1928 773 1989 836 cul·

1247 891 1331 953 pam.
1345 872 1416 935 llaec
1436 881 1572 954 quatuor
1588 874 1700 954 quaerit
1721 873 1856 936 Thomas
1878 871 1911 934 in
1928 871 1990 954 pri·

1247 990 1299 1032 ma
1319 972 1476 1048 secunda,
1494 973 1671 1054 quastione
1692 972 1741 1049 tu,
1764 981 1794 1036 et
1812 971 1989 1034 virtualiter

1248 1070 1470 1151 responsiones
1486 1072 1556 1152 ejus
1573 1079 1753 1153 tangentur.
1766 1071 1989 1134 -Diccndum

1248 1187 1322 1250 ergo
1340 1171 1379 1231 ad
1396 1169 1546 1250 primum,
1564 1171 1648 1251 quod
1666 1170 1840 1234 nescientia
1858 1178 1890 1232 et
1907 1169 1991 1250 igno

1249 1269 1350 1330 rantia
1376 1268 1532 1332 dillerunt
1553 1270 1587 1330 in
1613 1269 1683 1347 boc,
1706 1270 1791 1351 quod
1817 1269 1991 1333 nescientia

1247 1377 1294 1429 est
1310 1367 1445 1450 simplex
1461 1369 1594 1448 negatio,
1609 1387 1664 1430 seu
1682 1368 1823 1432 carentia
1838 1368 1988 1432 scientia.

1247 1467 1376 1548 Propter
1401 1468 1485 1547 quod
1511 1477 1598 1530 sexto
1623 1467 1852 1531 Ecclesiastico
1873 1467 1991 1530 hierar-

1248 1565 1327 1627 chiae
1343 1566 1494 1648 capitulo,
1512 1566 1642 1628 divinus
1661 1567 1829 1648 Dionysius
1851 1566 1991 1630 nescien-

1248 1665 1324 1726 tiam
1342 1665 1432 1746 ponit
1448 1665 1480 1726 in
1496 1665 1734 1745 angelis.Porro
1751 1665 1931 1746 ignorantia
1945 1672 1991 1728 est

1248 1763 1384 1844 privatio
1401 1763 1541 1826 scientiae
1560 1773 1646 1841 tunc,
1669 1765 1745 1826 dum
1768 1764 1841 1845 quis
1867 1772 1990 1827 tenetur

446 1865 646 1946 peccaverit3
669 1883 733 1945 quo
753 1873 888 1942 constat,
911 1862 1061 1946 quodibi
1084 1862 1193 1943 loqua-
1209 1864 1232 1925 Β
1248 1871 1279 1925 θῖ
1305 1871 1408 1945 potest
1434 1862 1557 1943 aliquid
1588 1863 1679 1926 seire.
1706 1863 1776 1926 Alia
1800 1862 1885 1926 enim
1919 1871 1992 1925 sunt

446 1971 498 2024 tur
522 1964 562 2025 de
587 1964 749 2027 sacerdote
774 1982 831 2045 per
855 1962 1067 2045 ignorantiam
1094 1959 1193 2023 delin-

446 2070 575 2144 quente.
599 2063 742 2144 Denique
767 2062 847 2125 nulli
869 2062 944 2125 licet
963 2061 1113 2123 mandata
1137 2058 1192 2121 Dei

447 2159 580 2239 nescire,
609 2169 640 2225 et
669 2171 776 2226 tamen
806 2162 899 2224 multi
925 2169 1111 2224 asseruntur
1137 2177 1193 2240 per

446 2260 659 2340 ignorantiam
682 2279 825 2343 peecare.
848 2261 905 2322 Per
924 2258 1093 2322 teremiam
1115 2275 1193 2338 que-

317 2379 429 2433 ter.n,a;
446 2377 509 2441 quc
523 2360 676 2423 Dominus
692 2367 885 2442 protestatur
900 2377 907 2421 ε
925 2358 1109 2422 Sacerdotes
1127 2376 1190 2419 non

297 2450 387 2498 Μ·
445 2458 605 2535 dixerunt,
632 2458 691 2520 Ubi
722 2467 770 2520 θεῖ
798 2458 984 2521 Dominus?
1012 2456 1153 2537 Itemque
1182 2472 1188 2517 :

444 2556 600 2640 Propheta
629 2566 660 2620 et
690 2558 836 2620 sacerdos
865 2556 1014 2619 abierunt
1043 2555 1076 2616 in
1104 2554 1189 2617 viam

311 2671 430 2724 reatu.
445 2675 540 2737 quam
552 2656 784 2736 ignoraverunt
797 2655 898 2736 Atque
913 2673 970 2737 per
980 2654 1092 2716 isaiam
1107 2671 1113 2714 :
1127 2653 1189 2735 lpsi

445 2764 587 2837 pastores
609 2755 836 2836 ignoraverunt
861 2752 1118 2834 intelligentiam.
1143 2752 1188 2815 Ad

445 2855 621 2917 secundnm
649 2854 731 2931 dico,
758 2855 844 2935 quod
873 2854 1020 2916 sacerdos
1048 2871 1106 2935 pro
1132 2870 1190 2914 suo

444 2963 574 3035 peceato
595 2953 749 3030 atterens,
771 2972 829 3036 pro
851 2953 981 3035 propria
1004 2952 1099 3033 eulpa
1121 2970 1190 3012 ora-

1247 1980 1318 2042 qua
1341 1962 1562 2043 unusquisque
1585 1961 1666 2025 seire
1690 1971 1824 2038 tenetur,
1843 1962 1991 2026 videlicet

1248 2059 1317 2123 sine
1333 2060 1449 2141 quibus
1465 2080 1611 2124 exercerc
1632 2061 1716 2124 bona
1739 2061 1845 2123 debita
1867 2061 1988 2142 nequit,

1248 2168 1282 2220 ut
1302 2167 1376 2221 sunt
1397 2159 1523 2222 articuli
1542 2159 1631 2236 fidei,
1654 2169 1811 2242 praecepta
1826 2160 1881 2222 Dei
1897 2169 1992 2242 atque

1247 2258 1407 2335 Ecclesia,
1436 2267 1466 2320 et
1496 2278 1568 2340 qua
1597 2259 1758 2341 pertinent
1786 2260 1825 2322 ad
1855 2258 1992 2340 alicujus

1248 2365 1364 2420 statum
1386 2358 1453 2421 sire
1469 2356 1616 2420 ollicium
1634 2375 1642 2419 ε
1661 2376 1796 2439 quorum
1813 2358 1992 2439 ignorantia

1246 2465 1295 2519 est
1309 2465 1474 2538 peceatum
1487 2455 1679 2519 omissionis.
1691 2457 1870 2538 Ignorantia
1885 2465 1990 2520 antem

1246 2573 1356 2618 eorum
1379 2574 1450 2635 qua
1474 2554 1547 2636 quis
1574 2574 1638 2618 non
1661 2564 1785 2618 tenetur
1810 2555 1901 2632 scire,
1927 2574 1991 2619 non

1246 2661 1294 2716 cst
1316 2661 1491 2734 peccatum.
1509 2653 1689 2733 Ignorantia
1710 2672 1837 2736 quoque
1857 2654 1992 2716 invinci-

1246 2750 1321 2813 bilis
1343 2771 1407 2814 non
1432 2760 1481 2815 est
1505 2753 1620 2834 culpa;
1643 2754 1697 2816 scd
1719 2753 1899 2834 ignorantia
1922 2753 1991 2816 vin-

1245 2851 1352 2913 cibilis
1368 2851 1527 2913 interdum
1548 2860 1597 2914 cst
1617 2861 1793 2934 peccatum,
1817 2850 1989 2932 aliquando

1246 2968 1322 3026 non,
1341 2949 1423 3012 sicut
1443 2950 1508 3030 jam
1532 2949 1726 3012 declaratum
1750 2959 1808 3012 est.
1826 2985 1866 2994 -
1880 2950 1926 3012 Ad
1944 2969 1990 3012 se

445 3053 490 3116 vit
509 3052 543 3114 in
568 3051 735 3117 ollcrendo
760 3071 818 3134 pro
842 3052 891 3114 sui
917 3051 1018 3133 ipsius
1041 3051 1137 3132 eulpa
1159 3051 1226 3114 ctC
1246 3049 1384 3111 cundum
1402 3049 1621 3130 respondetur,
1644 3049 1729 3129 quod
1748 3048 1928 3128 ignorantia
1943 3057 1990 3111 est

443 3170 548 3214 veura.

483 3243 615 3326 lnsuper
631 3243 664 3304 in
679 3243 789 3306 eadem
806 3242 907 3305 lertur
921 3242 1070 3319 Historia,
1094 3250 1125 3304 ct
1139 3242 1190 3305 Jo-

444 3343 562 3426 sephus
578 3341 675 3405 relcrt
694 3343 754 3406 boc
772 3360 778 3404 :
796 3341 958 3404 Generalis
980 3342 1089 3423 regula
1109 3349 1187 3418 erat,

443 3441 520 3523 quia
531 3442 671 3522 decujus
687 3440 843 3522 sanguine
859 3440 1054 3503 inlercbatur
1070 3439 1104 3501 in
1121 3459 1189 3502 san-

444 3541 612 3617 ctuarium,
623 3539 704 3601 nihil
719 3559 758 3603 ex
772 3558 810 3603 θο
827 3538 917 3602 licuit
932 3556 1097 3601 remanere
1110 3563 1117 3614 ;
1131 3556 1188 3600 ncc

443 3640 565 3721 aliquid
580 3659 619 3704 ex
634 3658 671 3702 eo
687 3659 782 3722 super
796 3639 896 3701 altare
912 3637 1109 3714 adolebatur,
1127 3637 1189 3698 nisi

442 3739 540 3821 adeps
556 3758 628 3801 cum
649 3738 780 3801 renibus
795 3746 891 3818 atquc
907 3735 1093 3799 renunculis
1109 3735 1187 3797 suis.

443 3837 476 3900 ln
502 3838 597 3900 modo
621 3838 717 3901 ctiam
742 3836 913 3914 ollcrcndi,
936 3845 968 3898 ct
988 3855 1121 3898 numero
1144 3855 1189 3897 sa-

443 3938 605 3998 cerdotum
622 3935 840 4011 offerentium,
854 3934 1039 3998 differentia
1055 3942 1132 3996 erat.
1146 3934 1189 3996 lle

443 4034 592 4096 carnibus
608 4035 694 4097 enim
710 4034 886 4097 holocausti
902 4033 1049 4097 salutaris
1065 4031 1189 4094 fiebant

445 4151 559 4195 norem
575 4141 691 4215 partcS,
705 4151 784 4214 quas
800 4151 895 4213 super
910 4132 1009 4193 altare
1025 4131 1188 4213 ponebant

1245 3167 1340 3210 causa
1360 3147 1481 3229 peccati
1502 3166 1558 3229 per
1578 3146 1735 3224 accidens
1754 3147 1834 3210 sicut
1855 3146 1989 3210 remotio

1245 3246 1445 3328 prohibentis
1469 3255 1515 3308 est
1536 3266 1631 3309 causa
1650 3247 1735 3328 quod
1754 3264 1851 3327 grave
1872 3245 1958 3308 eadit
1979 3262 1987 3307 :

1245 3345 1379 3408 scicntia
1394 3365 1532 3427 namque
1549 3345 1581 3407 in
1597 3354 1753 3427 quantum
1769 3345 1878 3425 dirigit
1895 3344 1989 3408 ratio-

1245 3463 1329 3521 nem,
1353 3444 1501 3526 prohibet
1524 3463 1579 3508 seu
1601 3444 1736 3526 impedit
1757 3443 1896 3526 culpam.
1921 3443 1986 3507 Non

1245 3549 1350 3606 tamen
1366 3542 1517 3623 qualibet
1538 3542 1716 3623 ignorantia
1736 3551 1783 3606 est
1803 3562 1896 3606 causa
1917 3561 1988 3624 pcc-

1244 3641 1317 3718 cati,
1336 3643 1390 3704 sed
1407 3642 1462 3703 illa
1477 3661 1548 3724 quas
1563 3651 1610 3704 cst
1626 3641 1762 3723 privatio
1778 3641 1918 3704 scientia
1933 3642 1987 3702 im·

1245 3740 1402 3822 pediculis
1419 3748 1449 3803 et
1464 3739 1639 3803 aulerentis
1650 3748 1756 3802 actum
1768 3740 1900 3823 peccati.
1910 3739 1986 3802 llam

1244 3839 1344 3919 aliqui
1356 3837 1756 3920 peccantignorantes,qui
1767 3847 1799 3901 et
1809 3846 1983 3920 peccarent,

1244 3938 1391 4019 quamvis
1407 3939 1571 4001 veritatem
1587 3937 1985 4019 cognoscerent,quoniam

1244 4135 1496 4216 perpessionem
1512 4143 1566 4197 aut
1581 4143 1699 4197 certam
1715 4133 1881 4197 malitiam.
1891 4135 1986 4198 -ld

444 4249 558 4293 norem
588 4232 777 4306 sacerdotes,
805 4229 942 4311 quilibet
967 4249 1077 4304 suam3
1105 4249 1188 4292 unus
1204 4232 1228 4294 D
1244 4235 1372 4296 tertium
1389 4235 1608 4316 respondetur,
1625 4235 1710 4316 quod
1732 4234 1911 4315 ignorantia
1932 4253 1987 4296 sua

444 4349 530 4407 vcro,
545 4339 653 4412 utpote
673 4330 751 4393 alter
773 4329 899 4393 abillis
924 4349 1049 4405 novem,
1072 4329 1188 4392 obtulit

444 4428 539 4490 simul
564 4437 700 4510 quatuor
720 4438 826 4511 partes
848 4429 970 4506 hostiae,
995 4428 1117 4491 scilicet
1138 4449 1188 4491 ca·

444 4536 512 4609 put,
534 4528 641 4609 pedes,
659 4528 748 4610 jccur
769 4537 801 4591 ct
823 4528 975 4590 intestina
996 4528 1089 4609 aquis
1112 4527 1185 4590 lota.

443 4627 510 4688 lluo
531 4646 660 4709 quoquc
682 4627 872 4703 sacerdotes,
896 4627 950 4688 alii
973 4647 992 4689 a
1014 4627 1186 4709 praedictis,

442 4725 630 4806 sanguinem
644 4724 838 4803 offerebant,
854 4726 899 4787 ita
919 4724 1003 4806 quod
1023 4734 1113 4787 crant
1133 4745 1188 4807 pa-

442 4822 518 4885 riter
544 4822 588 4884 ibi
614 4824 781 4887 duodecim
813 4824 1003 4886 sacerdotes.
1031 4823 1126 4886 Porro
1153 4823 1186 4884 in

441 4921 601 4986 sacrificio
632 4943 690 5006 pro
720 4931 861 5005 peccato,
889 4921 1074 4986 sulliciebat
1103 4941 1187 4984 unus

440 5024 586 5086 sacerdos
602 5024 640 5086 ad
657 5023 848 5086 haecomnia
865 5022 1020 5087 iacienda.

476 5121 630 5185 Praeterea
640 5123 679 5185 ad
690 5122 857 5184 clariorem
869 5122 1025 5186 dictorum
1036 5142 1072 5185 ac
1084 5123 1186 5186 dicen-

437 5223 550 5286 dorum
567 5221 824 5302 intelligentiam,
845 5230 983 5303 quatuor
998 5223 1098 5304 quari
1114 5241 1186 5304 pos-

438 5330 512 5385 sunt
530 5339 537 5383 ε
554 5321 671 5397 Primo,
683 5339 724 5384 an
740 5320 920 5403 ignorantia
936 5320 976 5383 sit
992 5331 1159 5404 peccatum
1175 5347 1182 5400 ;

1243 4333 1436 4416 proprietate
1461 4344 1570 4397 causat
1595 4334 1857 4398 involuntarium.
1884 4333 1985 4409 Quum

1243 4434 1340 4513 igitur
1355 4433 1571 4498 voluntarium
1593 4434 1634 4496 sit
1654 4435 1693 4497 dc
1714 4435 1836 4497 ratione
1852 4435 1984 4516 peceati,

1244 4532 1422 4613 ignorantia
1434 4533 1607 4596 secundum
1624 4531 1768 4595 sehabet
1784 4541 1846 4594 uta
1857 4539 1985 4613 peccate

1242 4639 1380 4694 (incuset.
1390 4631 1569 4713 Aliquando
1586 4640 1689 4694 brnen
1707 4650 1771 4694 non
1787 4631 1983 4708 excusabas}

1242 4729 1318 4810 quia
1338 4729 1407 4811 ipsa
1430 4729 1610 4809 ignorantia
1631 4739 1679 4793 est
1700 4729 1820 4792 directe
1842 4730 1986 4793 volunta·

1242 4828 1299 4904 ria,
1322 4836 1356 4889 ut
1377 4829 1452 4890 dum
1475 4828 1549 4909 quis
1570 4847 1633 4891 non
1655 4828 1723 4892 vult
1741 4828 1862 4910 aliquid
1883 4828 1983 4902 seirc;

1242 4927 1292 4988 rel
1309 4926 1474 5004 indirecte,
1486 4926 1568 4990 sicut
1583 4928 1658 4989 dum
1676 4927 1748 5008 quis
1763 4935 1893 5009 propter
1907 4926 1985 4990 alias

1241 5026 1465 5107 occupationes
1482 5025 1615 5106 negligit
1625 5025 1747 5088 discere
1760 5044 1830 5106 qua
1846 5025 1928 5088 scire
1944 5033 1987 5088 te-

1242 5132 1345 5186 netur.
1368 5124 1475 5204 ltaque
1499 5123 1679 5202 ignorantia
1698 5123 1830 5186 omnino
1852 5123 1986 5188 invinci-

1240 5222 1327 5300 bilis,
1344 5231 1397 5284 aut
1414 5223 1543 5304 penitus
1559 5221 1784 5299 involuntaria,
1802 5231 1856 5284 aut
1876 5239 1985 5286 eorum

1240 5339 1311 5403 quaa
1322 5322 1417 5385 bomo
1429 5341 1492 5386 non
1504 5330 1629 5386 tenetur
1644 5339 1702 5384 nae
1712 5319 1806 5385 debet
1821 5339 1986 5402 cognosce·
