4309 6259
585 530 760 577 manuario
780 531 811 576 rx
832 531 900 577 car.
924 530 967 576 xx
987 530 1089 577 axoni.
1111 550 1152 560 -
1172 531 1243 577 aar.
1265 530 1305 577 xx.
1694 513 1715 576 a

164 698 250 761 ditur
271 708 380 763 autem
402 720 524 764 merces
546 720 602 764 scu
621 702 702 765 ratio
722 702 819 785 hujus
840 721 914 785 pree
930 700 956 763 Α
971 702 1140 785 percutias.
1162 704 1250 767 t'nde
1272 724 1329 787 per
1348 705 1408 767 boc
1428 713 1620 787 praeceptum
1643 724 1715 788 pro

165 799 260 880 capti,
288 809 324 860 ut
348 802 393 859 sis
418 804 581 877 tonpaecus
603 822 700 881 super
723 813 855 873 terram,
882 801 914 863 id
972 802 1100 864 hibetur
1116 821 1211 865 omne
1227 802 1260 864 in
1275 821 1444 886 personam
1464 802 1600 885 proximi
1617 822 1714 867 nocu-

165 905 212 960 est
236 896 294 959 diu
320 917 358 961 ac
385 916 539 980 prospere
561 898 650 963 vivas
673 900 706 961 in
728 908 823 963 terra.
847 900 915 963 Non
971 909 1126 979 mentum,
1140 911 1253 983 praeter
1268 901 1349 984 juris
1365 887 1510 965 ordinem
1530 902 1714 982 irrogatum,

165 996 249 1077 quod
270 996 357 1059 istud
378 997 421 1059 sit
442 996 552 1075 finale,
575 998 816 1081 principaleque
837 1018 915 1081 prae-
971 1019 1070 1081 quum
1095 1001 1155 1063 boc
1171 1000 1212 1062 sit
1232 1009 1343 1063 contra
1366 1000 1530 1064 caritatem
1554 1009 1650 1083 atque
1668 1002 1718 1083 ju-

166 1094 265 1157 mium
292 1094 528 1160 observationis
550 1097 646 1179 hujus
671 1098 835 1181 precepti,
861 1098 915 1161 sed
972 1098 1104 1161 stitiam.
1129 1099 1167 1160 Et
1190 1098 1272 1162 sicut
1288 1107 1412 1162 vetatur
1432 1098 1504 1161 talis
1526 1098 1655 1176 occisio,
1675 1100 1719 1162 ita

165 1193 546 1275 aliquantularetributio
562 1205 647 1258 recte
662 1198 915 1279 correspondens
973 1196 1129 1279 implicite
1151 1197 1335 1280 praecipitur
1353 1196 1500 1260 ordinata
1519 1197 1593 1260 vita
1613 1197 1719 1279 proxi-

144 1292 269 1356 ·cidem
288 1312 295 1354 :
314 1294 469 1376 quoniam
485 1313 558 1357 eum
579 1295 635 1377 qui
658 1295 765 1359 debite
782 1297 917 1360 honorat
972 1314 1098 1359 morum
1118 1294 1264 1359 defensio
1284 1303 1338 1357 aut
1364 1295 1575 1373 conservatio,
1592 1295 1662 1359 loco
1687 1304 1718 1358 et

167 1392 326 1474 principia
347 1412 413 1455 suae
433 1393 517 1469 vitae,
536 1402 612 1476 puta
633 1404 793 1477 parentes,
810 1394 917 1459 decuit
972 1402 1117 1477 tempore
1131 1402 1312 1477 opportuno
1324 1412 1382 1476 pro
1397 1394 1594 1476 posse.lstud
1611 1402 1716 1457 tamen

165 1490 199 1552 in
219 1491 291 1573 ipsa
310 1510 368 1553 sua
388 1492 455 1554 vita
474 1493 717 1575 prosperitatem
740 1502 772 1556 ct
793 1494 916 1557 diutur-
972 1492 1718 1575 praeceptumsicutetceteraquinquesequen·

167 1588 298 1652 nitatem
325 1590 445 1669 sortiri,
469 1592 739 1673 quemadmodum
764 1612 837 1656 eum
859 1592 914 1675 qui
971 1592 1026 1668 tia,
1044 1590 1175 1673 respicit
1197 1590 1388 1673 proximum,
1406 1598 1563 1673 quantum
1580 1592 1618 1654 ad
1640 1590 1716 1654 mali

167 1688 242 1750 facit
262 1688 529 1768 misericordiam,
550 1690 641 1754 decet
663 1691 915 1756 misericordiam
971 1690 1188 1753 evitationem.

166 1788 332 1869 consequi.
350 1789 433 1851 Deus
449 1796 556 1853 autem
573 1790 645 1853 rudi
661 1791 782 1873 populo
797 1792 915 1855 veteris
1011 1792 1141 1855 Sextum
1157 1799 1351 1874 preceptum
1366 1800 1415 1855 est
1432 1809 1440 1853 :
1458 1794 1532 1856 Noc
1548 1794 1718 1855 mactate-

167 1888 360 1951 Tcstamenti
388 1889 598 1971 temporalem
623 1890 772 1972 promisit
796 1910 915 1955 merce-
934 1892 1028 1953 Bria.
1055 1891 1113 1953 Per
1138 1891 1224 1971 quod
1248 1890 1353 1972 primo
1378 1898 1410 1952 ct
1434 1890 1572 1953 maxime
1597 1891 1718 1953 adulte-

167 1988 248 2065 dem,
273 1994 310 2049 ut
331 1987 383 2050 vel
407 1987 453 2049 sic
475 1988 514 2049 ad
537 1988 752 2052 obediendum
774 1990 916 2053 allicere-
972 1989 1190 2067 rium,deinde
1205 1988 1310 2052 omnis
1326 1988 1515 2070 illegitimus
1530 1988 1718 2071 prohibetur

167 2094 234 2160 tur;
254 2093 360 2148 tamen
382 2085 443 2148 sub
460 2085 516 2149 illa
532 2088 679 2151 mercede
698 2088 917 2151 subintellexit
971 2088 1174 2152 concubitus.
1197 2086 1373 2169 Septimum
1396 2096 1468 2150 est:
1491 2090 1566 2149 Noc
1587 2091 1718 2169 furtum

167 2192 317 2248 aeternam
333 2204 370 2247 ac
387 2184 599 2267 spiritualem,
609 2206 680 2268 quae
696 2187 763 2250 sola
778 2196 826 2249 est
841 2206 917 2269 prae
971 2190 1084 2265 facies.
1101 2187 1159 2249 Per
1173 2186 1260 2268 quod
1282 2186 1386 2269 primo
1401 2193 1433 2249 et
1453 2184 1618 2249 evidenter
1637 2187 1720 2249 inhi-

168 2284 267 2346 mium
282 2283 480 2365 condignum
496 2292 626 2347 actuum
642 2284 868 2363 virtuosorum,
879 2304 917 2349 ex
973 2285 1066 2349 betur
1082 2285 1200 2348 ablatio
1225 2284 1271 2348 rei
1297 2284 1410 2347 alienae
1434 2284 1568 2362 occulta,
1586 2285 1719 2348 domino

166 2382 297 2445 caritate
313 2382 369 2445 Dei
389 2381 601 2461 manantium,
619 2383 685 2447 imo
700 2392 732 2446 et
747 2404 785 2446 ex
800 2384 916 2447 actuali
972 2385 1018 2448 rei
1035 2383 1156 2459 invito;
1180 2383 1296 2446 deinde
1314 2382 1512 2465 rapinaque
1530 2381 1571 2445 fit
1588 2390 1716 2466 aperte3

167 2480 309 2544 motione
325 2480 465 2563 Spiritus
481 2480 598 2545 Sancti.
609 2482 697 2545 Unde
713 2483 798 2565 quod
813 2482 918 2561 ait,Ut
971 2481 1077 2547 omnis
1093 2500 1221 2565 quoque
1237 2482 1357 2564 injusta
1373 2480 1526 2559 detentio,
1544 2480 1674 2559 ablatio,
1686 2489 1719 2544 et

166 2579 209 2641 sis
233 2578 399 2661 longaevus
424 2589 661 2662 superterram
687 2603 785 2661 quam
804 2585 916 2643 mcci·
973 2580 1177 2645 deterioratio
1193 2579 1238 2643 rei
1254 2579 1397 2642 alterius.
1414 2579 1531 2644 Contra
1544 2581 1631 2662 quod
1646 2600 1719 2663 pec·

167 2682 325 2741 nnsDecs
337 2689 413 2739 tutas
429 2682 520 2740 dabit
536 2678 676 2752 tibi,rite
692 2680 862 2762 exponitur
878 2681 916 2743 dc
972 2688 1057 2757 cant,
1076 2678 1132 2761 qui
1153 2679 1262 2742 debita
1285 2697 1347 2742 non
1375 2678 1587 2761 persolvunt:
1605 2679 1661 2760 qui
1686 2689 1718 2742 et

167 2776 298 2857 regione
320 2778 461 2840 coelestis
484 2778 605 2860 patriae.
630 2779 674 2841 lle
696 2798 760 2861 qua
783 2778 885 2842 fertur
908 2796 914 2841 :
972 2779 1155 2859 obligantur
1180 2776 1391 2841 creditoribus
1413 2778 1454 2840 ad
1478 2795 1717 2860 recompensam

46 2894 154 2943 ranno.
167 2876 265 2938 Credo
282 2875 393 2939 videre
407 2874 491 2939 bona
507 2877 634 2939 Domini
655 2876 688 2939 in
709 2885 793 2939 terra
808 2877 918 2940 viven-
973 2896 1031 2961 pro
1047 2878 1175 2953 damno,
1193 2876 1278 2957 quod
1301 2874 1349 2937 illi
1365 2894 1404 2938 ex
1423 2874 1650 2956 persolutionis
1671 2877 1719 2939 di-

45 2992 154 3043 xeram.
170 2974 258 3037 tium.
271 2974 415 3056 itemque
433 2992 441 3035 :
460 2975 545 3038 Beati
562 2976 667 3053 mites,
685 2976 838 3058 quoniam
854 2976 916 3058 ipsi
973 2975 1092 3039 latione
1108 2975 1286 3051 incurrunt,
1304 2973 1331 3035 si
1346 2981 1452 3037 tamen
1469 2972 1718 3056 persolutionem

169 3072 379 3155 possidebunt
395 3081 530 3136 terram:
545 3074 578 3137 in
591 3093 655 3156 qua
670 3074 748 3157 justi
762 3082 837 3137 sunt
852 3075 955 3139 lon-G
972 3074 1102 3137 interim
1132 3072 1269 3154 exigant.
1296 3070 1449 3135 Octavum
1477 3091 1485 3135 t
1513 3074 1587 3133 Non
1614 3076 1719 3152 loque-

168 3172 259 3251 gaevi,
281 3170 359 3253 quia
382 3171 416 3233 in
439 3180 595 3235 aetornum
618 3172 729 3235 vivent
751 3172 785 3234 in
811 3193 858 3236 ca.
880 3173 917 3235 Et
972 3177 1019 3235 ris
1040 3182 1153 3235 corttrc
1167 3173 1360 3249 proximum
1381 3180 1475 3232 tuum
1493 3172 1618 3250 falsum
1636 3174 1718 3233 testi-

168 3269 316 3352 quamvis
338 3270 492 3352 praedicta
514 3272 689 3334 secundum
715 3290 916 3335 communem
972 3274 1132 3343 moniam,
1154 3285 1214 3333 nec
1237 3270 1270 3331 in
1291 3267 1425 3351 judicio,
1449 3287 1507 3332 nec
1529 3277 1616 3331 extra
1636 3269 1718 3351 judi·

169 3370 270 3449 legem
297 3369 342 3432 ita
367 3388 402 3432 se
427 3368 573 3447 babeant,
597 3370 790 3451 quandoque
812 3379 916 3434 tamen
972 3372 1056 3436 cium
1083 3390 1090 3434 :
1117 3388 1174 3452 per
1198 3368 1285 3452 quod
1310 3367 1416 3431 omnis
1441 3366 1522 3430 falsa
1544 3366 1715 3445 accusatio,

167 3468 325 3549 contingit
345 3468 472 3531 occulto
487 3468 543 3531 Dei
562 3468 695 3551 judicio,
714 3469 799 3550 quod
819 3469 918 3532 hono
973 3468 1172 3545 diffamatio,
1198 3466 1368 3544 detractio,
1395 3474 1490 3547 atque
1515 3465 1717 3529 mendacium

168 3576 287 3630 ratores
299 3574 469 3648 parentum
485 3566 592 3630 brevis
607 3574 639 3629 et
652 3586 838 3631 arumnosas
853 3567 918 3629 sint
972 3568 1194 3653 prohibentur.

167 3665 252 3743 rita,
270 3663 515 3727 inhonorateres
532 3683 607 3729 vero
623 3684 745 3742 eorum,
767 3665 917 3745 longaeva
1013 3670 1087 3731 Noc
1113 3666 1314 3744 concupisces
1338 3667 1470 3724 domum
1490 3665 1639 3741 procimi
1655 3666 1714 3725 tat.

167 3782 203 3826 ac
219 3782 394 3846 prosperae.
403 3762 491 3837 Quod
504 3764 587 3827 Deus
603 3763 649 3827 sic
664 3765 791 3827 ordinat
806 3766 844 3827 ad
856 3784 919 3827 ma·
972 3766 1043 3829 Haec
1053 3766 1117 3827 duo
1129 3762 1243 3826 ultima
1258 3769 1427 3844 praccepta,
1437 3759 1650 3824 inordinatam
1665 3780 1718 3844 ap

165 3864 269 3942 jerem
292 3860 514 3925 obedientium
538 3859 737 3939 felicitatem,
761 3871 857 3945 atque
879 3863 918 3925 ad
973 3864 1161 3948 petitionem
1178 3871 1378 3924 terrenorum
1395 3859 1600 3941 restinguunt
1614 3879 1650 3923 ac
1665 3880 1718 3924 ve-

168 3961 349 4041 graviorem
382 3959 637 4024 inobedientium
667 3961 915 4025 damnationem.
974 3962 1098 4026 tant.Et
1114 3978 1199 4024 nono
1215 3959 1276 4022 isto
1286 3965 1445 4041 praecepto
1461 3957 1624 4020 inhibetur
1635 3958 1718 4023 inor-

167 4058 225 4121 l'el
247 4078 285 4123 ex
309 4058 383 4121 aliis
406 4058 526 4121 abditis
549 4060 653 4122 causis
675 4059 708 4121 id
730 4060 856 4123 accidit.
972 4063 1082 4125 dinata
1097 4058 1252 4142 appetitio
1265 4057 1311 4121 rei
1327 4056 1428 4134 utilis,
1440 4055 1650 4136 intelligendo
1663 4075 1720 4139 per

207 4158 373 4235 Praeterea,
393 4165 465 4239 post
486 4165 644 4240 praecepta
666 4159 706 4220 ad
721 4158 776 4222 Dei
795 4159 918 4221 cultum
973 4162 1116 4237 domum,
1143 4157 1300 4239 quidquid
1326 4156 1366 4219 ad
1397 4154 1631 4238 possessionem
1661 4176 1717 4219 seu

167 4256 359 4339 spectantia,
376 4264 462 4319 recte
478 4256 608 4337 ponitur
629 4255 812 4319 immediate
832 4257 916 4319 istud
933 4266 957 4328 D
972 4257 1171 4341 opulentiam
1191 4256 1331 4338 pertinet
1355 4252 1564 4336 corporalem.
1590 4254 1716 4319 Decimo

167 4356 206 4417 de
223 4354 436 4419 honoratione
451 4355 717 4437 parentum,quia
731 4363 803 4438 post
818 4356 918 4419 Deum
972 4364 1078 4422 autem
1094 4362 1253 4438 praecepto
1263 4361 1388 4417 vetatur
1398 4352 1658 4434 concupiscentia
1670 4354 1715 4417 rei

167 4463 244 4516 sunt
269 4453 432 4537 praecipue
457 4453 586 4516 amandi
611 4473 648 4517 ac
673 4454 862 4517 honorandi.
880 4455 918 4517 Et
973 4452 1184 4529 delectabilis,
1209 4460 1319 4534 utpote
1341 4450 1488 4533 conjugis
1512 4449 1660 4533 proximi,
1684 4461 1717 4515 et

167 4553 253 4616 sicut
268 4572 287 4615 a
302 4552 366 4615 Deo
382 4551 555 4633 suscipitur
571 4551 688 4629 anima,
706 4553 751 4615 ita
772 4571 919 4634 aparen-
972 4554 1077 4620 omnis
1104 4552 1232 4617 feminae
1262 4570 1326 4615 non
1353 4551 1532 4630 conjunctae
1561 4549 1713 4632 legitime,

168 4651 256 4714 tibus
271 4650 475 4715 contrahitur
490 4668 584 4725 caro;
608 4659 639 4713 et
655 4651 717 4733 ipsi
732 4659 805 4733 post
819 4651 917 4715 Deum
972 4673 1072 4739 quum
1098 4651 1213 4715 dicitur
1241 4668 1248 4713 :
1276 4652 1341 4713 Nec
1363 4650 1559 4710 desiderabis
1582 4671 1716 4712 uxorem

167 4758 244 4813 sunt
265 4769 365 4814 causa
386 4748 548 4831 praecipua
568 4749 687 4813 sobolis
709 4770 784 4814 suae.
806 4750 919 4824 Quem·
972 4757 1053 4833 ejas.
1077 4752 1173 4815 Porro
1193 4750 1279 4831 quod
1302 4747 1459 4826 subditur,
1482 4749 1556 4811 Non
1575 4768 1714 4822 servum,

166 4850 343 4913 admodum
359 4849 457 4911 etiam
478 4848 561 4911 Deus
583 4855 632 4911 est
651 4868 746 4911 causa
760 4849 916 4928 omnium,
973 4874 1038 4914 noa
1060 4852 1229 4921 ancillam,
1253 4868 1319 4908 noc
1342 4849 1462 4916 bovem,
1486 4866 1551 4907 non
1573 4849 1717 4919 minum,

166 4947 213 5010 sic
230 4947 294 5030 ipsi
311 4946 451 5028 propriae
466 4945 576 5028 prolis.
972 4971 1030 5011 nec
1051 4950 1162 5010 omnia
1184 4968 1256 5028 quoe
1275 4948 1368 5006 iltius
1389 4955 1478 5013 sant,
1499 4951 1605 5025 potest
1625 4946 1718 5027 quasi

206 5044 361 5128 Sequitur
378 5044 528 5126 quintum
547 5054 741 5128 preceptum
758 5066 765 5110 :
784 5050 858 5109 Noc
873 5069 920 5108 oc·
974 5068 1030 5133 per
1046 5046 1305 5129 supplementum
1321 5042 1434 5105 referri
1449 5043 1488 5103 ad
1506 5060 1626 5105 nonum
1641 5062 1720 5125 pra-

164 5149 253 5208 ctdes
276 5167 288 5205 .·
312 5144 345 5208 id
370 5153 436 5223 est,
465 5144 616 5227 praecipio
643 5144 701 5207 tibi
731 5154 767 5207 ut
793 5146 917 5208 nullum
975 5155 1114 5230 ceptum,
1131 5145 1175 5207 ita
1190 5142 1275 5224 quod
1295 5142 1356 5205 ista
1376 5139 1587 5224 prohibentur
1603 5140 1721 5223 injuste

166 5244 334 5309 hominem
359 5243 491 5327 injuste,
514 5263 571 5307 seu
593 5244 718 5325 privata
739 5251 771 5306 et
790 5245 921 5327 propria
975 5245 1083 5328 appeti
1103 5244 1142 5306 ad
1159 5240 1388 5326 possidendum
1406 5248 1438 5303 et
1454 5240 1608 5302 utendum
1623 5240 1669 5303 eis
1686 5240 1719 5302 in

166 5343 360 5409 auctoritate
379 5342 519 5419 occidas,
537 5342 601 5407 imo
618 5360 676 5406 nec
692 5341 798 5420 ladas,
816 5362 920 5425 neque
976 5341 1106 5427 proprio
1126 5340 1291 5423 obsequio,
1309 5339 1396 5422 quod
1414 5346 1464 5402 est
1485 5337 1606 5402 bonum
1627 5338 1716 5400 utile.
