4309 6259
578 532 752 582 nmmnxno
773 531 804 580 ur
825 533 893 582 err.
918 535 949 581 nr
970 532 1107 582 tsvrrru.
1131 556 1171 566 -
1191 531 1261 584 rm.
1285 533 1350 584 xxu
1679 513 1737 582 tut

183 701 291 766 cundo
307 699 559 768 Machabraorum
576 703 659 768 libro
676 712 832 768 narratur.
847 705 976 774 Quodb
992 705 1128 784 suae,cu‘r
1143 714 1229 770 tanto
1241 707 1312 790 plus
1329 726 1362 770 se
1379 715 1460 771 totos
1472 706 1736 781 humiliaverunt,

183 823 288 881 prtum
312 805 468 866 vidissent
488 807 603 874 turbe,
618 804 741 868 scilieet
764 804 865 866 tribus
885 806 937 867 ad·
985 813 1111 887 ,quanto
1133 805 1202 887 ipse
1225 805 1396 886 gratiosius
1421 813 1452 868 et
1474 803 1653 866 mirabilius
1674 803 1739 883 egit

184 909 320 980 stantes,
333 922 405 984 que
421 902 554 967 fuerunt
568 923 633 966 una
648 903 755 966 totalis
770 904 862 966 turba
877 904 937 965 sub
991 921 1063 965 cum
1082 903 1138 965 eis.
1670 953 1672 960 .

185 1001 336 1084 principe
352 1021 410 1066 suo
427 1002 581 1084 generali,
598 1002 749 1066 videlicet
764 1003 887 1084 lloyse;
906 1010 938 1065 et
1031 1001 1191 1064 Postremo
1208 1001 1402 1084 Augustinus
1423 1000 1663 1084 improbatam,
1680 999 1736 1081 qui

185 1097 264 1162 item
288 1099 421 1165 fuerunt
446 1101 554 1184 plures
578 1101 678 1164 turbae
698 1101 860 1184 partiales,
877 1100 936 1163 sub
991 1099 1235 1162 dicunttantum
1247 1100 1390 1182 quinque
1400 1099 1551 1162 animalia
1562 1098 1736 1180 sumptaad

183 1199 383 1279 specialibus
394 1200 461 1262 suis
475 1199 639 1281 judicibus
649 1219 686 1262 ac
700 1200 854 1274 tribunis,
867 1204 937 1260 lau-
991 1197 1206 1276 offerendum,
1225 1198 1394 1262 affirmans
1409 1218 1480 1262 cum
1498 1197 1563 1260 illis
1578 1197 1733 1279 quinque,

181 1301 349 1360 ducemne
361 1301 553 1369 Dominum,
564 1299 716 1382 quoniam
733 1299 837 1362 bonus
854 1298 886 1361 in
903 1317 937 1361 sc
990 1306 1153 1378 sumptum
1169 1317 1287 1378 agnum
1303 1297 1488 1360 anniculum
1505 1297 1537 1358 in
1553 1296 1738 1378 holocarpo-

182 1404 215 1458 et
232 1396 309 1479 pius
319 1397 406 1460 circa
416 1398 557 1462 cultores
567 1417 653 1476 suos,
663 1398 718 1480 qui
731 1407 793 1460 tam
805 1396 937 1477 dignan—
991 1394 1063 1471 sim,
1082 1397 1168 1476 quod
1188 1396 1415 1478 interpretatur
1435 1394 1653 1457 holocaustum
1672 1393 1737 1454 fru-

184 1504 235 1557 tcr
251 1496 318 1577 egit
333 1516 407 1560 cum
423 1496 481 1574 eis,
497 1508 625 1558 ruentes
640 1500 678 1558 tn
692 1499 793 1576 socies
806 1517 894 1566 suus,
904 1495 935 1558 id
990 1502 1149 1571 ctuosum,
1173 1503 1284 1577 utpote
1305 1495 1390 1576 quod
1413 1495 1493 1557 Deus
1513 1493 1621 1574 aliquo
1644 1491 1736 1573 signo

182 1603 233 1658 cst
246 1595 281 1657 in
294 1603 411 1658 terram
423 1615 457 1660 se
468 1595 634 1659 humiliter
645 1602 881 1679 prosternentes
896 1594 935 1656 ad
991 1593 1136 1656 sensibili
1153 1592 1214 1656 sibi
1226 1601 1351 1675 gratum
1367 1611 1435 1656 esse
1451 1591 1650 1656 monstravit.
1663 1591 1738 1654 For-

182 1695 401 1758 reverentiam
426 1694 672 1779 OmnipotentiS,
699 1715 738 1758 ex
759 1692 937 1758 considera·
991 1711 1047 1754 san
1064 1701 1170 1755 tamen
1181 1709 1365 1775 peragnum
1382 1688 1647 1770 illum,intolligit
1661 1708 1737 1772 prae-

182 1794 275 1859 tione
290 1802 323 1858 et
338 1794 458 1858 intuitu
474 1793 651 1875 majestatis
665 1802 697 1858 et
709 1793 936 1858 misericordie
991 1790 1091 1854 fatum
1107 1792 1182 1872 juge
1198 1788 1392 1854 sacrificium
1409 1789 1613 1852 matutinum.

717 2223 1040 2314 ARTICULUS
1083 2225 1210 2313 xxss

503 2501 543 2546 DE
570 2501 739 2548 srtnlruntt
765 2501 897 2547 musnfitt
922 2502 1059 2547 ceptrum
1084 2502 1156 2548 nont
1182 2501 1420 2550 lnruttluanrtn.

247 2785 361 2845 ACTO
380 2792 489 2844 cuent
508 2793 617 2844 octavo
636 2785 703 2852 elie,
720 2792 781 2846 ete.
799 2783 857 2845 Per
873 2783 934 2846 hoc
953 2781 1056 2849 Bsius
1071 2787 1136 2850 ait:
1153 2787 1252 2852 Grave
1268 2787 1479 2866 est,D0mine,
1492 2789 1576 2869 quod
1590 2787 1632 2852 ‘ad
1648 2795 1733 2852 tuam

172 2919 176 2925 -
255 2882 344 2963 quod
370 2879 491 2963 Moyses
516 2881 650 2962 expletis
675 2890 796 2963 septem
821 2881 934 2944 diebus
990 2905 1132 2949 mensam
1154 2887 1273 2950 mundo
1294 2887 1389 2949 eorde
1414 2895 1445 2950 et
1470 2887 1617 2950 manibus
1643 2889 1734 2952 inno-

172 2979 438 3044 ·eonsecratfonis
465 2979 631 3061 pontificis
655 2999 692 3042 ac
717 2981 932 3056 sacerdotum,
989 2985 1135 3048 centibus
1152 3004 1215 3049 non
1232 2983 1397 3059 venimus3
1416 2986 1470 3048 sed
1485 2985 1614 3065 gravius
1630 2994 1688 3064 est,
1706 2986 1733 3048 si

172 3097 257 3142 mox
268 3078 323 3142 die
334 3079 490 3160 sequenti,
503 3079 566 3140 Deo
575 3078 714 3159 jubente,
725 3077 850 3141 vocarit
861 3097 935 3160 pon·
989 3085 1065 3146 dum
1081 3091 1210 3166 peccata
1225 3083 1408 3161 metuimus,
1424 3083 1520 3146 ctiam
1537 3083 1733 3147 sacrificium

182 3176 307 3242 tificom
328 3187 360 3241 et
382 3178 561 3242 sacerdotes
583 3176 671 3239 filios
691 3177 771 3258 ejus,
792 3177 935 3259 precipi-
989 3201 1053 3244 non
1076 3182 1250 3245 reddimus.
1267 3181 1369 3256 Quum
1392 3181 1489 3262 igitur
1513 3181 1653 3265 primum
1678 3182 1734 3246 ho-

176 3284 299 3356 ·ens,ut
314 3277 423 3340 statim
439 3277 478 3338 ad
495 3294 625 3339 suorum
639 3275 875 3338 exsecutionem
889 3275 935 3338 of·
988 3300 1059 3341 rum
1086 3280 1218 3344 mortale
1244 3280 1296 3357 sit,
1313 3298 1387 3360 ergo
1413 3289 1444 3344 et
1469 3281 1655 3344 secundum.
1672 3281 1733 3344 Vo-

181 3375 337 3440 ficiorum
350 3377 570 3458 procederent,
581 3375 675 3437 datur
691 3374 934 3456 intelligi,qu0d
989 3387 1167 3442 rumtamcn
1196 3399 1296 3460 quum
1326 3388 1519 3462 preceptum
1550 3379 1732 3442 celebrandi

180 3475 328 3557 episcopi
344 3481 441 3556 atque
452 3473 630 3557 presbyteri
641 3473 833 3553 evangelice
843 3472 931 3553 legis,
988 3477 1030 3538 sit
1044 3475 1288 3553 affirmativum,
1305 3477 1426 3558 obligat
1442 3497 1578 3560 semper,
1596 3479 1650 3540 scd
1668 3497 1731 3540 non

180 3583 336 3638 tenentur
350 3581 509 3656 potestate
524 3573 679 3636 etordinc
694 3572 757 3635 sibi
773 3572 933 3635 concessis
987 3576 1027 3637 ad
1053 3594 1189 3658 semper.
1211 3576 1299 3638 Unde
1324 3583 1356 3638 et
1380 3575 1464 3638 circa
1489 3576 1549 3638 boc
1574 3577 1733 3640 examinet

180 3673 229 3736 uti
245 3681 278 3736 et
293 3671 426 3754 exsequi
442 3691 500 3734 sua
515 3669 629 3735 officia
646 3670 679 3732 in
696 3670 887 3733 celebrando
902 3679 934 3732 et
987 3674 1124 3756 quisque
1139 3674 1367 3736 conscientiam
1379 3693 1479 3750 suam,
1493 3681 1524 3737 et
1537 3675 1626 3755 juxta
1642 3693 1731 3737 suam

179 3772 256 3834 eliis
279 3771 407 3835 actibus
431 3772 471 3834 ad
497 3790 578 3854 quos
594 3770 777 3850 obligantur
797 3789 835 3832 ex
859 3788 935 3832 con·
988 3772 1199 3848 vocationem,
1218 3771 1462 3854 professionem,
1480 3791 1536 3836 seu
1552 3775 1730 3855 occupatio

180 3871 364 3935 secretione
384 3878 439 3932 aut
461 3868 673 3952 professione.
695 3868 775 3932 Hinc
797 3868 933 3930 Thomas
988 3889 1062 3932 nem
1077 3871 1267 3953 opportunis
1289 3871 1413 3932 studeat
1433 3871 1630 3953 temporibus
1650 3871 1732 3935 cefe-

178 3989 280 4060 super
305 3977 457 4052 quartum
482 3967 731 4046 Sententiarum,
757 3964 970 4030 distinctioC
987 3969 1099 4043 brare3
1118 3968 1182 4032 imo
1202 3977 1233 4030 et
1249 3967 1353 4030 taliter
1373 3969 1566 4046 conversari,
1583 3971 1668 4050 quod
1691 3972 1728 4032 ad

180 4089 222 4132 ne
238 4069 290 4147 l3,
309 4069 357 4131 sic
372 4067 485 4130 scribit
503 4085 510 4129 :
527 4067 629 4141 Quum
650 4067 734 4129 dicat
750 4066 929 4147 Gregorius,
987 4076 1110 4130 tantum
1126 4087 1206 4150 opus
1222 4068 1263 4129 sit
1278 4067 1404 4148 dignus,
1422 4077 1577 4150 quantum
1593 4069 1731 4133 humana

180 4169 263 4230 llum
283 4175 439 4232 crescunt
464 4167 557 4243 dona,
581 4165 720 4228 rationes
745 4165 840 4228 ctiam
865 4184 933 4227 cro·
985 4166 1063 4228 sinit
1079 4167 1245 4248 fragilitas.

179 4268 277 4329 scunt
292 4267 463 4343 donorum,
475 4274 507 4328 et
521 4265 678 4328 sacerdoti
696 4266 769 4327 data
784 4264 826 4326 sit
841 4263 932 4327 nobi·
1026 4269 1184 4346 Dixitque
1205 4271 1248 4327 cd
1263 4271 1372 4328 Aaron
1391 4289 1402 4327 .·
1424 4270 1505 4346 Tolle
1525 4271 1565 4328 de
1584 4279 1729 4330 armento

180 4366 308 4428 lissima
323 4373 552 4448 potestas,reus
569 4363 771 4445 negligentiae
786 4363 854 4440 erit,
869 4363 930 4424 nisi
986 4367 1126 4426 citatum
1145 4387 1206 4444 pro
1224 4377 1362 4442 peccato,
1379 4375 1440 4429 otc.
1457 4365 1728 4440 Quemadmodum

180 4485 220 4527 ea
243 4473 355 4527 utatur
374 4464 415 4526 ad
434 4463 489 4526 Dei
511 4462 666 4526 honorem
681 4469 714 4524 et
737 4481 826 4524 suum
848 4461 933 4524 salu·
986 4463 1146 4541 litteralis,
1164 4465 1207 4526 ita
1227 4473 1258 4527 et
1283 4465 1460 4546 spiritualis
1480 4465 1576 4547 hujus
1597 4465 1728 4548 capituli

180 4571 261 4641 tem,
278 4562 414 4626 aliorum
431 4561 719 4643 quoquevivorum
735 4580 772 4623 ac
792 4569 932 4623 mortuo-
986 4579 1099 4624 sensus
1129 4579 1166 4622 cx
1191 4579 1275 4642 sepe
1299 4560 1483 4643 praehabitis
1510 4582 1567 4644 pro
1592 4563 1728 4625 maxima

54 4676 163 4732 trees,
178 4682 268 4738 rum,
288 4662 380 4742 juxta
402 4660 483 4721 illud
508 4659 621 4741 prime
644 4659 737 4736 Petri,
760 4658 932 4740 Unusquis·
986 4667 1073 4740 patet
1095 4667 1183 4740 parte
1201 4677 1208 4720 :
1227 4677 1342 4741 nempe
1363 4659 1501 4740 qualiter
1517 4680 1575 4741 per
1595 4660 1729 4722 oblatio-

45 4743 73 4781 ω·
178 4780 246 4842 que
267 4759 351 4822 sicut
375 4757 498 4840 accepit
522 4757 668 4837 gratiam,
685 4756 718 4819 in
742 4758 929 4820 alterutrum
986 4776 1059 4819 nem
1086 4757 1178 4819 vituli
1205 4776 1262 4839 pro
1287 4765 1427 4839 peccato,
1457 4756 1653 4838 intelligatur
1677 4757 1726 4821 vel

178 4859 273 4922 illam
296 4857 585 4920 administrantes:
608 4856 670 4918 nisi
694 4854 777 4919 forte
798 4856 871 4937 quis
893 4876 931 4919 ex
984 4856 1139 4934 Christus,
1156 4856 1205 4918 vel
1226 4855 1364 4919 salubris
1384 4854 1590 4919 mortificatio
1607 4859 1728 4940 proprii

177 4956 337 5020 familiari
360 4955 498 5038 Spiritus
520 4954 626 5017 Sancti
650 4954 803 5017 instinctu
826 4955 931 5017 dimit·
984 4955 1139 5036 corporis,
1164 4975 1220 5018 seu
1244 4953 1426 5018 bestialium
1452 4953 1632 5020 interfectio
1659 4977 1729 5038 pas-

171 5065 235 5134 ·tat,
256 5055 342 5119 sicut
362 5053 480 5136 legitur
502 5054 542 5116 de
557 5053 695 5135 quodam
715 5062 825 5116 saneto
841 5054 930 5116 Patro
985 5053 1112 5116 sionum
1127 5072 1163 5115 ac
1179 5061 1334 5130 motuum,
1353 5054 1569 5117 introductum
1590 5055 1727 5117 ubertim

174 5155 212 5217 in
227 5154 314 5218 viris
334 5154 472 5228 Petrum,
490 5151 546 5234 qui
563 5151 741 5228 ordinatus,
766 5171 929 5233 nunquam
946 5153 1143 5222 Drccordor.
1161 5152 1292 5233 lnsuper
1308 5152 1427 5215 dictum
1444 5160 1502 5228 est,
1516 5153 1653 5233 qualiter
1668 5153 1728 5216 ista

174 5264 292 5337 postea
307 5251 493 5316 celebrarit.
511 5251 620 5332 ltaque
639 5250 695 5331 qui
715 5249 861 5313 ordinem
876 5251 932 5313 ha·
986 5258 1049 5312 tam
1064 5269 1083 5311 a
1099 5249 1316 5312 sacerdotibus
1332 5269 1427 5330 quam
1447 5249 1487 5313 ab
1504 5250 1577 5313 aliis
1593 5250 1728 5314 debeant

174 5353 245 5432 bet,
262 5351 399 5434 exsequi
411 5369 485 5414 eum
505 5357 643 5414 tenetur.
660 5348 738 5411 Nam
754 5356 786 5411 et
799 5347 931 5413 Ambro-
986 5346 1145 5411 immolari
1164 5371 1170 5422 ;
1193 5347 1269 5429 quid
1294 5347 1370 5410 item
1398 5367 1454 5432 per
1481 5349 1644 5430 sanguinis
1666 5349 1728 5412 tin-
