4309 6259
456 484 515 545 tm
623 459 630 471 ⁸
781 498 1096 545 turmariorum.
1120 497 1512 544 xvrrrnaurnnouonu.-
1531 499 1603 545 aar.
1626 498 1680 545 m

449 681 608 749 pravatus
618 692 630 731 .·
645 670 730 751 qued
746 676 850 752 potest
865 669 1012 749 intelligi,
1026 677 1091 730 tam
1106 669 1145 731 de
1161 686 1199 730 eo
1215 668 1241 729 A
1255 668 1341 748 qued
1362 667 1576 732 infallibiliter
1597 669 1683 732 cadit
1697 669 1730 730 in
1747 666 1949 750 providentia
1962 686 1999 729 ac

451 767 508 849 qui
528 767 699 849 aliquando
722 764 784 829 luit
805 785 899 829 verns
922 765 1077 849 propheta
1097 772 1128 827 et
1143 764 1199 826 bo·
1255 767 1455 848 prescientia
1465 768 1531 843 llei,
1544 774 1576 830 et
1592 776 1741 849 tanquam
1757 765 1999 849 praesentialiter

454 867 588 942 nus,sed
600 874 743 949 ternpore
754 866 944 947 procedente
955 864 1127 927 subversus
1138 871 1196 940 cst,
1255 866 1351 928 alteo
1371 866 1587 948 conspicitur:
1604 874 1636 929 et
1651 866 1711 927 ista
1732 864 1901 947 prophetia
1921 882 2000 927 sem·

454 972 485 1025 et
500 964 599 1047 priori
614 964 715 1043 gratia
726 964 890 1046 spoliatus,
905 962 1000 1041 lingit
1015 962 1077 1024 sibi
1093 962 1198 1024 adhuc
1255 982 1312 1045 per
1335 963 1495 1045 impletur.
1513 964 1583 1027 Alia
1607 972 1655 1027 est
1679 963 1846 1045 prophetia
1870 962 1999 1025 commi-

453 1065 563 1127 adessc
579 1063 711 1146 gratiam
736 1062 954 1145 prophetalem
970 1060 1129 1124 desiderio
1145 1080 1199 1123 va·
1255 1061 1404 1139 nationis,
1426 1082 1490 1143 qna
1511 1062 1634 1144 aliquid
1656 1063 1814 1126 revelatur
1834 1061 1998 1143 Propheta

453 1182 501 1227 nae
530 1164 640 1244 glorian
671 1170 725 1225 aut
756 1162 914 1226 honoris:
939 1161 1011 1224 idco
1036 1160 1195 1237 subditur,
1253 1161 1429 1222 secundum
1451 1161 1597 1223 ordinem
1613 1180 1705 1223 suum
1724 1161 1766 1223 ad
1781 1179 1894 1223 causas
1916 1178 1998 1222 crea-

454 1265 590 1323 volttert't
616 1264 706 1343 loqui
730 1263 766 1322 in
790 1263 920 1321 nomine
945 1280 1023 1330 mee,
1047 1280 1119 1337 quae
1142 1278 1197 1335 epo
1254 1265 1312 1335 las,
1329 1259 1535 1336 voluntariam
1553 1279 1590 1322 ac
1614 1260 1794 1342 proximas:
1823 1259 1996 1322 secundum

452 1382 517 1423 uon
536 1364 676 1441 precepi
702 1362 763 1431 itti,
782 1370 818 1421 ut
838 1362 969 1429 diceret,
993 1358 1023 1421 id
1044 1367 1103 1436 est,
1122 1377 1198 1440 pra·
1253 1375 1387 1438 quarum
1398 1358 1641 1440 dispositionem
1649 1378 1686 1421 ae
1696 1358 1840 1421 ordinem
1852 1358 1997 1439 taleqnid

453 1459 624 1541 sumpserit
637 1458 724 1540 loqui
740 1457 832 1539 quasi
856 1456 1030 1539 inspiratus
1045 1464 1076 1519 et
1090 1457 1197 1537 jussus
1253 1466 1301 1518 est
1324 1456 1488 1531 iuturum3
1508 1466 1614 1521 tamen
1636 1457 1787 1539 quoniam
1809 1476 1915 1520 causa
1937 1458 1997 1519 illa

453 1576 547 1621 ame.
565 1557 669 1620 Potest
690 1574 817 1639 quoque
840 1554 977 1636 intelligi
994 1556 1033 1617 de
1048 1554 1112 1617 alio
1128 1572 1198 1636 pro
1253 1555 1424 1618 mutabiles
1446 1564 1531 1633 sunt,
1549 1564 1653 1638 potest
1668 1574 1731 1618 non
1752 1554 1893 1619 evenire.
1910 1555 1997 1617 Undc

453 1655 557 1737 pheta,
575 1655 631 1737 qui
651 1673 816 1736 nunquam
840 1652 901 1715 luit
916 1673 1009 1715 verus
1029 1652 1195 1735 propbeta,
1253 1661 1284 1716 et
1300 1653 1373 1716 talis
1388 1654 1556 1737 prophetia
1572 1653 1708 1734 intelligi
1727 1655 1821 1715 datur
1835 1672 1910 1717 curn
1925 1673 1997 1717 con-

452 1763 483 1817 et
505 1763 610 1817 tamen
632 1761 817 1832 arroganter
840 1751 901 1813 sibi
921 1751 1055 1813 assumit
1081 1769 1196 1813 nomen
1253 1752 1375 1816 ditione
1395 1752 1562 1835 implicita,
1579 1760 1689 1835 utpote
1710 1752 1772 1813 nisi
1795 1752 1943 1815 homines
1964 1772 1997 1814 se

341 1885 435 1914 aava..
451 1852 662 1933 ciliciumque
678 1851 850 1933 prophetae,
863 1849 967 1931 qualis
984 1848 1044 1911 luit
1059 1847 1197 1911 Ananias
1216 1850 1434 1925 Bemendent‚
1452 1870 1508 1913 seu
1523 1870 1626 1913 causac
1642 1849 1778 1913 eftectus
1792 1851 1996 1932 prenuntiati

452 1952 606 2033 propheta
630 1951 669 2013 de
693 1949 838 2025 Gabaon,
865 1949 906 2011 de
934 1966 998 2029 quo
1023 1947 1139 2027 legitur
1164 1946 1197 2008 in
1254 1956 1426 2013 mutentur.
1443 1950 1668 2013 Verumtamen
1691 1950 1757 2012 veri
1780 1949 1944 2032 Propheta
1964 1950 1997 2011 in

449 2049 608 2123 teremia3
632 2048 738 2111 Achab
762 2066 891 2129 quoque
917 2053 948 2108 et
973 2045 1131 2121 Sedecias,
1158 2046 1198 2108 de
1254 2047 1429 2130 prophetiis
1444 2048 1511 2110 suis
1526 2048 1780 2111 comminatoriis
1803 2049 1998 2130 quandoque

451 2147 568 2229 quibus
589 2147 623 2207 in
643 2147 753 2208 eodem
774 2144 902 2207 dicitur.
921 2148 989 2205 Aut
1008 2164 1049 2202 ee·
1068 2144 1198 2204 nornine
1254 2165 1318 2209 non
1334 2132 1517 2228 exprimunt
1533 2146 1629 2209 talem
1644 2146 1872 2209 conditionem.
1889 2146 1998 2209 Postea

451 2248 633 2307 ettenorum
648 2249 781 2305 deorum
794 2264 804 2303 :
820 2244 879 2306 hoc
895 2250 954 2319 est,
966 2242 993 2303 si
1009 2242 1083 2323 quis
1097 2248 1198 2303 atten·
1254 2254 1371 2322 tameat,
1389 2244 1438 2308 vel
1462 2245 1558 2307 etiam
1580 2252 1666 2321 ante,
1688 2263 1727 2306 ex
1746 2245 1856 2307 divina
1878 2244 1999 2309 revela-

452 2343 565 2409 taverit
580 2341 747 2409 vaticinari
766 2342 798 2403 in
819 2341 949 2405 nomine
965 2340 1123 2404 idolorum
1143 2348 1198 2402 aut
1255 2342 1350 2419 tione,
1374 2343 1591 2407 conditionem
1617 2343 1712 2405 talem
1737 2350 1944 2422 cognoscunt,
1966 2351 1999 2405 et

451 2441 605 2505 falsorum
626 2443 770 2517 deorum,
789 2448 938 2521 tanquam
963 2438 1065 2501 cultor
1080 2446 1113 2501 et
1128 2456 1197 2519 pro
1252 2460 1322 2504 eam
1337 2442 1509 2524 aliquande
1524 2451 1634 2524 postea
1649 2440 1866 2517 manifestant,
1884 2462 1998 2505 secun·

451 2539 547 2623 pheta
563 2540 701 2617 illorum,
715 2538 797 2602 sicut
815 2538 1036 2618 tertiollegum
1048 2537 1198 2618 leguntur
1252 2541 1329 2602 dum
1349 2541 1434 2621 quod
1449 2541 1531 2603 Deus
1551 2539 1705 2603 revelavit
1726 2540 1842 2602 sanctis
1858 2540 1946 2603 lsaite
1965 2548 1997 2603 et
2017 2564 2125 2618 ranan

452 2638 551 2702 luisse
578 2638 740 2721 prophetae
765 2638 835 2699 Baal
856 2661 864 2713 3
888 2638 1109 2715 interficiatur
1132 2643 1198 2697 tan-
1251 2640 1349 2715 tonte,
1366 2658 1433 2716 cur,
1451 2639 1537 2720 quod
1560 2638 1782 2720 predixerant,
1799 2658 1864 2701 non
1884 2631 2087 2734 imple-{m
2100 2694 2124 2729 „-

450 2757 546 2819 qnam
563 2737 729 2801 idololatra
739 2755 775 2799 ae
786 2736 980 2799 seducant
996 2735 1063 2798 solo
1079 2734 1196 2796 etenim
1253 2737 1357 2800 batur.
1370 2738 1426 2801 Vel
1442 2756 1536 2799 causa
1553 2737 1625 2798 talis
1641 2737 1792 2819 panditur
1805 2737 1999 2817 generaliter

449 2854 525 2899 vcro
537 2838 599 2899 lleo
614 2843 663 2898 est
676 2835 779 2915 gratia
800 2834 996 2917 prophetalis
1008 2833 1198 2915 simpliciter
1252 2855 1289 2898 ac
1304 2821 1413 2917 aperte
1432 2854 1489 2917 per
1511 2834 1723 2898 imitationem
1742 2854 1908 2898 causarum
1926 2855 2000 2917 pro

450 2934 545 2998 dicta.
562 2937 696 3004 Quodsi
713 2936 810 2994 tacita
827 2935 1018 3009 capitatione
1033 2934 1198 3010 responde·
1253 2935 1373 3016 phetati
1389 2933 1538 3011 eftectus,
1555 2935 1823 3015 quemadmodum
1840 2934 2000 3016 poeniten-

449 3036 518 3095 rts:
536 3038 697 3103 Quovnocto
719 3053 849 3112 pessum
876 3033 1067 3109 intelligere,
1093 3030 1125 3094 id
1150 3033 1234 3096 estC
1254 3033 1298 3095 tia
1326 3032 1538 3095 Ninivitarum
1570 3032 1710 3095 innotuit
1739 3032 1908 3111 universis,
1942 3054 2001 3117 per

450 3152 524 3195 vere
539 3133 740 3212 cognoscere,
759 3138 791 3193 et
806 3150 825 3192 a
841 3130 931 3192 falsis
953 3129 1115 3193 vaticiniis
1136 3128 1198 3191 dis
1253 3150 1348 3214 quam
1358 3132 1470 3213 patuit,
1483 3151 1541 3194 cur
1550 3131 1751 3214 prophetatio
1767 3132 1852 3195 lone
1864 3151 1931 3196 vion
1942 3133 2002 3195 im-

315 3242 431 3287 ‘uoneu'
450 3250 590 3307 cernere,
611 3233 741 3290 verboru
764 3232 849 3309 quod
869 3233 992 3289 locutus
1012 3230 1076 3289 cst*
1092 3230 1199 3289 Domi·
1252 3229 1410 3312 plebatur.
1436 3230 1555 3293 Rursus
1583 3227 1738 3292 falsorum
1768 3228 1999 3311 prophetarum

449 3352 511 3391 nus
532 3349 588 3411 per
610 3348 719 3392 verum
745 3327 942 3408 Prophetam‚
964 3347 1020 3390 seu
1040 3326 1197 3409 Propheta
1253 3347 1341 3391 error
1350 3337 1445 3409 atque
1456 3326 1662 3409 presumptio
1673 3327 1922 3410 deprehenditur
1934 3338 2000 3391 tam

450 3448 487 3491 ex
506 3428 558 3490 llei
583 3426 815 3509 inspirationel
832 3429 900 3487 Hoc
917 3428 1043 3487 habebis
1064 3428 1196 3503 siquam
1253 3427 1460 3504 andochius,
1477 3444 1574 3507 quam
1595 3445 1633 3489 ex
1654 3425 1720 3487 vita
1742 3426 1894 3508 ipsorum,
1910 3436 1948 3488 ut
1973 3429 2000 3490 si

450 3525 666 3603 discretivum,
686 3524 718 3587 id
734 3533 781 3587 est
796 3532 1038 3605 argumentum:
1054 3527 1145 3593 Qvod
1161 3526 1197 3584 tn
1252 3526 1330 3607 quid
1347 3544 1431 3587 sane
1447 3524 1525 3586 lidei
1547 3533 1601 3586 aut
1617 3524 1875 3587 determinationi
1891 3524 2002 3589 Eccle-

451 3629 581 3687 novatae
594 3626 729 3687 Domini
746 3626 904 3701 propheto
922 3626 977 3683 itte
987 3625 1194 3701 praeditavit,
1252 3626 1307 3688 sia
1331 3623 1526 3688 contrarium
1551 3623 1695 3699 doceant,
1712 3630 1767 3683 aut
1791 3625 1999 3706 prophetent,

452 3726 483 3788 id
506 3732 564 3801 cst,
584 3723 712 3786 nominc
728 3722 781 3785 Dei
805 3721 934 3784 licuerit
949 3741 983 3784 se
999 3722 1195 3804 praedixisse,
1252 3723 1302 3786 vel
1314 3722 1412 3805 impie
1422 3719 1749 3784 conversenturllaro
1759 3720 1877 3783 etenim
1888 3724 2000 3804 pravis

450 3836 480 3885 ct
495 3844 560 3885 nou
579 3824 743 3883 everterit:
760 3822 817 3881 troc
832 3824 991 3883 Dotttt'rtua
1008 3842 1072 3881 non
1088 3831 1133 3881 est
1154 3826 1166 3881 t
1184 3856 1198 3866 -
1252 3821 1437 3885 hominibus
1462 3820 1646 3884 conceditur
1674 3820 1776 3899 gratia
1807 3822 1997 3903 propbetiae,

451 3934 554 3985 cvtvvs.
1251 3940 1435 4002 quanquam
1456 3919 1615 3981 interdum
1638 3918 1680 3981 sit
1703 3917 1834 3981 lactum.
1851 3921 1932 3984 llinc
1953 3924 2001 3984 ait

314 4038 436 4093 ivnonas.
491 4022 607 4086 Contra
626 4021 687 4083 hoc
708 4019 804 4101 objici
827 4026 940 4101 potest,
958 4019 1109 4100 quoniam
1125 4019 1197 4081 Eze-
1252 4018 1394 4082 Salvator
1412 4036 1418 4079 :
1436 4018 1595 4080 Attendite
1611 4017 1702 4081 vobis
1717 4036 1737 4079 a
1755 4016 1844 4080 lalsis
1860 4021 2000 4102 prophe
2024 4040 2123 4084 aaran.

306 4106 325 4145 ¹·
452 4121 557 4185 chiam
579 4138 652 4182 mou
671 4118 819 4202 predixit
834 4117 928 4179 lsaias
945 4117 1147 4195 moriturum,
1165 4126 1197 4181 et
1253 4118 1304 4194 tis,
1321 4137 1339 4179 a
1356 4116 1512 4179 fructibus
1528 4135 1636 4179 eorum
1654 4116 1852 4196 cognoscetis
1866 4136 1933 4181 eos.
2015 4107 2084 4150 '⁵¹¹‘

309 4221 545 4284 vomu-ttonas
575 4218 710 4280 Niniven
741 4216 997 4293 subvertendam,
1029 4224 1060 4278 et
1090 4222 1236 4282 tamenll
1291 4217 1422 4298 Insuper
1444 4216 1527 4278 inter
1548 4216 1616 4278 hac
1638 4234 1786 4278 verorum
1807 4223 1839 4277 et
1860 4219 2002 4298 pseude

453 4318 578 4381 nullum
594 4316 724 4379 illorum
747 4314 863 4381 evenit.
882 4313 983 4396 Supra
999 4314 1120 4377 dictum
1137 4324 1195 4393 est,
1253 4316 1477 4399 prophetarum
1488 4313 1639 4376 vaticinia
1650 4312 1800 4375 subtilius
1816 4324 1921 4396 potest
1936 4318 2002 4380 dis

453 4418 538 4500 quod
555 4416 714 4478 interdum
730 4413 803 4476 lalsi
824 4412 986 4495 prophetat
1002 4413 1110 4495 aliqua
1123 4432 1199 4477 vera
1253 4414 1352 4478 cerni.
1365 4412 1483 4494 Moyses
1497 4421 1603 4475 autern
1621 4410 1692 4473 rudi
1712 4412 1830 4493 populo
1847 4413 1998 4494 loquens,

454 4516 641 4599 praedicunt.
658 4514 778 4576 Rursus
794 4531 850 4594 per
864 4512 1031 4574 Jeremiam
1047 4512 1198 4576 llomiuns
1253 4510 1501 4594 superficialiter
1530 4510 1748 4593 pertransivit,
1775 4519 1807 4572 et
1835 4513 2000 4592 quoddam

312 4634 438 4685 tenusve,
453 4621 667 4680 contestatur:
684 4612 824 4693 Repente
845 4610 957 4691 loquar
979 4612 1131 4675 adversus
1154 4631 1199 4675 re
1254 4610 1420 4694 probabile
1431 4608 1557 4691 signum
1569 4609 1771 4671 discernendi
1788 4610 1926 4673 edocuit.
1941 4613 2001 4675 lta-

307 4698 327 4738 ⁸·
454 4733 552 4797 gnum
577 4720 608 4775 et
632 4718 770 4793 gentem,
794 4717 830 4770 ut
851 4710 1013 4771 destruam
1038 4710 1148 4785 illam;
1171 4711 1197 4773 si
1253 4728 1316 4792 que
1345 4708 1520 4792 prophetia
1549 4707 1898 4790 pseudoprophetarum
1932 4731 2000 4775 non

454 4809 674 4896 penitentiam
691 4808 791 4889 egerit
805 4825 883 4887 gens
899 4806 966 4885 illa,
983 4826 1075 4889 agam
1092 4816 1124 4871 et
1139 4827 1197 4891 ego
1254 4816 1328 4870 sunt
1343 4807 1405 4869 nisi
1421 4808 1460 4870 de
1476 4806 1527 4868 his
1545 4825 1617 4887 que
1631 4806 1740 4887 aliquo
1756 4806 1849 4869 modo
1868 4816 2001 4872 natura-

453 4909 674 4994 poenitentiam
686 4905 965 4989 supermaloquod
978 4905 1102 4968 locutus
1113 4927 1195 4985 sum,
1253 4906 1324 4969 liter
1339 4912 1458 4987 queant
1472 4904 1638 4987 praenosci,
1657 4904 1725 4967 sive
1739 4922 1778 4966 ex
1794 4903 1887 4985 longa
1899 4924 2001 4989 expe·

452 5018 487 5073 ut
504 5008 641 5072 lacerem
657 5006 698 5070 ei.
716 5006 762 5068 Ad
785 5006 851 5067 heac
872 5005 1093 5085 respondetur,
1111 5007 1197 5087 qnod
1253 5003 1378 5079 aientia,
1392 5003 1441 5066 vel
1457 5022 1495 5066 ex
1508 5020 1675 5065 causarum
1691 5001 1882 5083 cognitione,
1895 5004 1948 5067 vel
1960 5026 2000 5068 er

452 5107 569 5190 duplex
593 5112 641 5167 est
656 5102 843 5185 prophetia:
860 5101 927 5164 Una
949 5102 1198 5183 praedestinatio·
1253 5104 1303 5166 his
1327 5122 1398 5184 quae
1422 5101 1549 5164 realiter
1571 5101 1638 5183 jam
1663 5108 1757 5174 sunt3
1779 5108 1811 5162 et
1834 5100 1861 5161 si
1887 5100 2001 5167 lutura
2128 5165 2129 5178 ,

451 5206 512 5281 nis,
538 5222 602 5285 qua
626 5201 748 5265 scilicet
772 5200 928 5283 Propheta
953 5218 1047 5262 verus
1072 5201 1196 5284 aliquid
1253 5221 1332 5286 pure
1355 5200 1583 5282 contingentia,
1608 5207 1641 5262 et
1665 5217 1791 5262 omnem
1816 5202 1998 5265 naturalem
2128 5193 2129 5206 ¹

451 5301 680 5386 praecognoscit
693 5307 787 5381 atque
802 5297 1005 5381 prenuntiat,
1019 5302 1194 5363 secundum
1254 5298 1468 5382 cognitionem
1485 5296 1750 5373 transcendentia,
1766 5296 1927 5362 demones
1942 5311 1999 5364 aut
