4309 6259
531 537 706 584 mannarre
728 539 848 584 incar.
871 539 924 584 xm
945 539 1141 586 uuuaaonuu.
1165 559 1205 570 -
1226 541 1295 586 aar.
1320 541 1404 586 xxvu
1678 521 1736 586 ter

194 709 349 771 ducentes
371 717 403 772 et
426 709 661 791 quinquaginta
682 711 721 774 de
741 709 858 774 Levitis
876 712 980 772 ma-rl
996 709 1057 773 sibi
1081 712 1294 794 assumpsisse
1318 713 1479 787 ducatum,
1497 720 1528 775 et
1549 711 1612 793 ipsi
1634 713 1738 774 Aaron

191 807 328 889 joribuS,
347 807 465 889 quibus
488 808 647 890 persuasit
662 811 749 890 quod
765 808 941 872 sacerdotio
995 829 1183 891 procurasse
1208 810 1432 891 pontificatum
1459 810 1623 892 tyrannice
1647 817 1679 872 et
1700 809 1740 871 si-

192 905 282 986 digni
299 915 417 970 essent.
436 907 571 969 attraxit
588 908 683 970 etiam
696 908 758 970 sibi
774 909 895 970 Dathan
911 916 941 970 et
997 909 1169 972 mulaterie
1181 918 1212 972 et
1227 929 1264 972 ex
1279 910 1402 991 privato
1414 909 1542 985 ellectu,
1555 909 1739 989 confingen-

192 1004 313 1068 Abiron
336 1025 373 1068 ae
392 1005 472 1082 Heu,
488 1006 683 1087 potentiores
699 1007 940 1084 Rubenitarum,
998 1017 1060 1072 tem
1077 1030 1111 1071 se
1128 1011 1214 1091 loqui
1231 1030 1303 1073 eum
1322 1011 1397 1086 Deo,
1413 1029 1513 1091 quum
1531 1017 1636 1072 tamen
1655 1027 1741 1072 com-

191 1104 390 1185 persuadens
406 1104 453 1166 eis
469 1105 553 1185 quod
571 1105 770 1187 principatus
786 1113 942 1187 spectaret
997 1109 1088 1170 muni
1119 1109 1274 1172 electione
1301 1108 1404 1190 plebis
1433 1109 1670 1190 promovendus
1699 1108 1742 1169 sit

193 1202 231 1264 ad
255 1220 311 1264 eos
329 1203 369 1264 dc
390 1203 473 1285 y'ure,
495 1222 532 1266 eo
552 1204 639 1285 quod
659 1211 765 1266 essent
786 1204 825 1266 de
844 1204 942 1285 stirpe
998 1205 1162 1288 pontilex3
1184 1216 1279 1287 atquc
1299 1209 1330 1268 in
1354 1215 1476 1269 tantum
1496 1207 1667 1269 concitavit
1686 1225 1742 1287 pe-

193 1299 306 1363 Ruben
330 1301 536 1383 primogeniti
551 1302 658 1379 Jacob,
677 1302 728 1366 eui
751 1312 880 1364 sanetus
894 1304 943 1364 la·
998 1305 1118 1385 pulum,
1129 1307 1214 1386 quod
1227 1306 1395 1368 voluerunt
1409 1305 1535 1387 ldcysen
1552 1304 1702 1386 lapidare,
1712 1313 1743 1366 et

108 1425 178 1461 -mx,
193 1399 252 1462 cob
268 1401 411 1463 moriens
434 1400 514 1462 dixit
534 1420 540 1462 :
560 1401 681 1477 liuban,
700 1409 734 1462 tu
750 1401 943 1483 primogeni-
998 1405 1104 1486 ipsum
1119 1405 1222 1467 Aaron
1240 1403 1430 1486 pontiiieatu
1449 1403 1587 1485 privare.
1604 1403 1741 1478 Etenim,

195 1507 244 1560 tus
266 1515 369 1570 meus,
387 1499 512 1580 primus
534 1499 567 1560 in
587 1499 691 1574 denis,
710 1499 812 1580 major
832 1498 864 1560 in
885 1497 943 1559 im·
997 1502 1135 1584 losepho
1157 1511 1248 1578 teste,
1271 1503 1386 1582 vulgus
1410 1503 1595 1564 naturaliter
1615 1501 1741 1581 gaudet,

194 1595 296 1678 perio,
314 1605 350 1658 ut
366 1605 453 1678 patet
475 1597 508 1658 iu
524 1596 649 1660 Genesi.
667 1597 809 1678 Denique
824 1596 943 1678 Moyses
999 1601 1074 1662 dum
1091 1608 1201 1663 eontra
1216 1619 1270 1663 eos
1285 1600 1341 1682 qui
1358 1601 1392 1662 in
1408 1609 1564 1682 potestate
1582 1607 1657 1662 sunt
1671 1619 1744 1664 eon-

193 1702 224 1756 et
249 1691 355 1756 Aaron
381 1702 413 1757 et
436 1694 526 1770 Cere,
552 1692 684 1757 luerunt
708 1694 769 1756 lilii
796 1694 941 1756 fratrum.
999 1699 1113 1774 stituti,
1131 1698 1333 1779 qucrimonia
1352 1699 1541 1762 concitatur.

87 1798 120 1838 '³⁰
152 1811 169 1838 “¹
193 1793 378 1855 NamCaatlt
390 1793 502 1855 habuit
515 1792 602 1856 lilios
612 1802 757 1875 quatuor,
772 1793 854 1855 inter
864 1812 944 1874 quos
1049 1800 1139 1865 Quod
1169 1818 1271 1877 pretim
1302 1801 1444 1858 audisset
1470 1801 1606 1875 Moyses,
1629 1799 1744 1857 cecidit

192 1890 428 1973 primogenitus
456 1890 518 1952 luit
543 1891 682 1968 dmram,
707 1901 796 1973 pater
817 1892 942 1974 Moysis,
963 1894 1121 1976 Bpreaus
1137 1898 1173 1956 in
1191 1906 1311 1956 terram
1322 1917 1333 1957 .·
1345 1896 1378 1956 in
1393 1914 1457 1977 quo
1473 1913 1588 1976 magua
1603 1895 1673 1976 ejus
1689 1895 1744 1956 hu-

192 1991 297 2052 daron
321 1997 352 2052 ct
367 1990 481 2052 llarie.
500 1989 664 2053 Secundus
680 1989 742 2052 luit
757 1991 839 2052 lsaar
855 1999 945 2072 pater
999 1994 1128 2070 militas,
1147 1994 1357 2057 mansuetudo
1372 2002 1403 2057 et
1418 1994 1533 2057 caritas
1550 1995 1744 2057 demonstra-

190 2089 296 2162 Gore;
326 2088 456 2165 tertius,
485 2088 611 2150 Hebron
636 2112 643 2162 3
672 2097 820 2169 quartus,
846 2088 942 2151 Oziel.
1000 2102 1060 2169 tur,
1084 2093 1160 2173 quia
1180 2093 1219 2154 de
1240 2090 1367 2155 illorum
1390 2093 1552 2174 impietate
1571 2093 1744 2155 vehemens

190 2186 295 2261 Quum
312 2186 410 2267 igitur
425 2187 503 2250 Corc
521 2186 654 2250 vidisset
672 2185 757 2250 lilios
773 2187 878 2268 patrui
894 2187 943 2249 sui
999 2190 1090 2254 dolor
1115 2191 1294 2272 penetravit
1323 2209 1377 2253 cor
1401 2192 1483 2271 ejus,
1508 2191 1680 2271 timuitque
1704 2191 1744 2252 de

192 2285 238 2348 sie
259 2286 444 2368 presidere,
462 2293 493 2348 et
514 2285 619 2367 ipsum
642 2285 814 2367 Elisaphan
839 2285 943 2347 lilium
999 2308 1108 2353 eorum
1125 2288 1292 2371 perieulo;
1318 2307 1376 2352 nee
1393 2288 1612 2351 inflammatus
1627 2296 1675 2350 θεῖ
1695 2309 1744 2350 su·

80 2389 177 2478 fyrer·
192 2384 276 2448 Ozicl
294 2384 464 2466 prelatum
480 2383 643 2460 Caathitis,
660 2392 765 2446 tamen
782 2384 842 2446 sub
857 2385 945 2447 Elea·
1000 2388 1077 2465 bito,
1096 2388 1151 2450 sed
1178 2397 1343 2451 mansuete
1371 2387 1557 2470 respondit:
1578 2391 1687 2458 Mane,
1711 2387 1743 2450 id

81 2483 127 2498 '''
193 2501 277 2560 zaro,
296 2491 333 2544 ut
360 2481 497 2546 habetur
521 2501 643 2566 supra:
666 2502 703 2545 ex
729 2482 878 2565 superbia
900 2484 945 2545 in·
999 2497 1047 2550 est
1069 2487 1133 2550 cito
1155 2486 1205 2549 vel
1230 2486 1367 2549 crastina
1393 2487 1444 2550 die
1468 2494 1542 2549 ante
1564 2485 1742 2562 meridiem,

192 2583 343 2661 diguatus
368 2590 427 2658 est,
449 2590 481 2644 et
502 2582 677 2645 ambitione
701 2582 841 2664 repletus
862 2583 945 2645 exei—
998 2597 1112 2647 ntorum
1137 2588 1236 2665 faciet
1260 2589 1418 2647 Dominus
1443 2605 1500 2667 per
1525 2583 1677 2647 sensibile
1705 2585 1745 2646 si·

193 2681 273 2743 tavit
285 2680 348 2744 hoe
358 2680 498 2744 schisma
508 2681 543 2742 in
554 2681 682 2763 populo,
695 2689 725 2744 θῖ
735 2681 942 2744 rebellionem
999 2704 1109 2766 gnum,
1127 2687 1186 2764 qut
1210 2689 1306 2744 adse
1325 2686 1525 2762 pertineant,
1547 2684 1579 2744 id
1604 2691 1663 2759 est,
1687 2684 1743 2764 qui

193 2779 276 2842 hane
299 2787 411 2842 eontra
430 2780 568 2860 Moysen,
586 2798 650 2842 uon
676 2780 843 2842 attendens
867 2788 945 2860 quot
998 2783 1065 2846 veri
1097 2781 1161 2843 sint
1187 2781 1298 2844 sancti.
1324 2782 1389 2843 lam
1420 2782 1539 2863 quippe
1564 2782 1627 2843 lieo
1658 2781 1743 2843 intus

192 2887 223 2940 et
238 2886 363 2959 quanta
373 2877 613 2958 prodigiallcus
624 2878 817 2962 perlloysen
829 2888 943 2957 egerat,
987 2880 1187 2962 splendente
1202 2887 1233 2942 et
1248 2879 1440 2960 alloquente,
1452 2879 1571 2960 ldoyses
1587 2879 1744 2942 intellexit

192 2977 318 3057 quoties
351 2993 479 3057 quoque
503 2976 631 3057 iniquos
658 2984 867 3058 percusserat.
893 2976 943 3040 Sic
998 2979 1076 3061 quid
1092 2978 1223 3040 instaret
1238 2985 1269 3040 et
1285 2977 1476 3040 immineret.
1493 2980 1536 3038 Et
1549 2987 1673 3038 sanctes
1688 2999 1743 3056 ap

193 3075 307 3138 infelix
329 3074 464 3138 ambitio
486 3075 623 3138 inebriat
645 3083 740 3157 atque
756 3075 942 3138 obtenebrat
957 3076 980 3141 d
994 3079 1132 3156 plicabat
1146 3078 1220 3148 sibi,
1237 3075 1269 3137 id
1290 3084 1348 3152 est,
1367 3075 1535 3157 inspirabit
1555 3076 1613 3153 eis,
1630 3084 1666 3137 ut
1685 3076 1742 3139 hu-

191 3183 345 3238 mentem.
996 3175 1115 3238 militer
1130 3194 1167 3237 ae
1182 3176 1296 3237 devote
1316 3173 1468 3237 accedant
1487 3173 1526 3235 ad
1547 3173 1741 3237 sacerdotale

230 3273 334 3347 Ouum
353 3271 460 3354 itaque
476 3270 510 3333 hi
527 3273 689 3335 stetissent
700 3281 804 3335 erecta
818 3272 941 3336 cervice
995 3272 1154 3350 cilicium,
1168 3292 1232 3336 non
1248 3271 1449 3354 usurpatorie
1464 3280 1495 3334 et
1509 3271 1689 3348 ambitiose,
1706 3281 1741 3336 ut

191 3379 304 3436 eontra
333 3370 459 3453 Meysen
491 3379 522 3433 et
547 3370 662 3446 Aaron,
690 3371 849 3447 dixerunt,
877 3389 939 3434 non
995 3391 1062 3436 vos.
1090 3377 1133 3434 m
1156 3392 1234 3453 ques
1263 3374 1406 3448 eteperr't,
1430 3373 1740 3451 appropinquabunt

191 3489 317 3547 omnes,
336 3470 392 3532 sed
408 3469 487 3532 Cere
503 3488 541 3532 ex
557 3477 646 3551 parte
663 3469 826 3532 omnium:
845 3473 941 3546 Suffi-
993 3474 1035 3543 et,
1058 3489 1122 3534 non
1143 3471 1246 3534 selum
1267 3469 1475 3552 corporaliter
1495 3470 1535 3531 ad
1558 3469 1741 3533 tabernacu-

189 3572 254 3630 ce'at
280 3569 382 3639 vebia,
398 3569 479 3649 quie
500 3570 606 3629 omnis
624 3570 800 3628 multitudo
819 3579 942 3628 sarecto
995 3570 1061 3632 lum
1086 3569 1276 3646 accedendo,
1294 3568 1348 3630 sed
1373 3567 1539 3630 caritative
1563 3567 1683 3631 unione
1707 3587 1741 3631 se

190 3689 264 3729 rum
280 3677 338 3739 est,
352 3667 384 3728 id
400 3673 460 3744 est,
474 3665 507 3727 iu
526 3665 587 3729 hoc
603 3666 673 3727 sitis
689 3666 841 3742 contenti,
854 3666 941 3747 quod
995 3669 1058 3731 Deo
1076 3667 1252 3748 jungendo.
1271 3670 1339 3728 Hoc
1358 3668 1464 3744 r‘th'tttr
1488 3667 1588 3742 facita
1602 3687 1614 3726 .·
1637 3669 1741 3728 Tottet

190 3767 362 3829 universus
385 3763 438 3826 bie
461 3764 600 3846 populus
623 3773 750 3826 sanetus
766 3773 824 3841 est,
842 3773 873 3826 el
895 3764 942 3826 di·
995 3768 1216 3846 uuusquisque
1240 3768 1446 3826 thuribulum
1463 3786 1571 3836 suum,
1591 3775 1625 3825 tu
1652 3768 1739 3834 Cere,

190 3866 265 3930 vino
289 3863 391 3927 cultui
415 3863 625 3944 mancipatus
643 3871 738 3945 atque
760 3864 799 3925 ad
820 3872 941 3926 sancto·
993 3875 1023 3924 et
1042 3885 1135 3924 arene
1154 3866 1328 3923 concilium
1354 3872 1459 3931 tuum,
1474 3861 1506 3924 id
1532 3869 1591 3938 est,
1608 3862 1664 3942 qui
1679 3862 1739 3924 tibi

190 3980 260 4026 rum
286 3971 319 4026 et
341 3962 517 4025 electorum
534 3980 702 4024 numerum
719 3962 893 4043 pertinens
910 3973 939 4023 et
993 3964 1156 4026 adherent
1180 3982 1218 4026 cx
1244 3962 1329 4024 tribu
1351 3961 1452 4036 Levi;
1478 3972 1508 4022 et
1529 3964 1643 4022 hausto
1667 3982 1739 4022 eres

190 4066 225 4124 ia
242 4063 325 4141 ipsis
346 4071 391 4121 est
413 4063 586 4130 Dominus,
603 4060 634 4121 id
658 4068 716 4137 θεῖ,
735 4061 817 4122 Deus
837 4067 885 4122 est
906 4061 937 4122 iu
992 4065 1080 4138 ipae,
1097 4061 1128 4123 id
1150 4069 1198 4123 est
1221 4059 1294 4139 igne
1319 4078 1374 4122 seu
1400 4059 1512 4140 prunis
1538 4059 1677 4141 acceptis
1701 4080 1737 4123 ac

191 4161 270 4223 liliis
281 4158 377 4222 lsrael
395 4167 547 4238 tanquam
564 4166 666 4220 rector
682 4167 713 4221 ct
728 4158 850 4222 ductor.
862 4158 940 4232 Qua·
993 4160 1106 4242 positis
1127 4159 1161 4221 in
1182 4159 1367 4235 thuribulis,
1380 4160 1492 4237 ponite
1511 4161 1647 4238 desuper
1669 4163 1738 4238 thy-

190 4259 331 4335 sidicat,
349 4256 415 4319 Non
439 4256 582 4335 indigent
602 4256 805 4337 presidentia
821 4265 936 4319 vestra.
953 4260 978 4322 l)
994 4262 1116 4320 miame
1133 4281 1144 4318 .·
1160 4259 1199 4320 de
1223 4259 1315 4339 cujus
1335 4257 1467 4320 materia
1486 4264 1517 4319 et
1536 4256 1736 4323 coniectione
1761 4281 1882 4327 seam,

190 4357 307 4438 Siequa
338 4354 500 4435 malignus
536 4354 607 4431 iste,
636 4362 670 4415 ut
705 4354 767 4416 sibi
797 4354 939 4417 alliceret
992 4358 1113 4419 dictum
1134 4365 1181 4419 est
1201 4355 1234 4418 in
1250 4356 1367 4419 Exodo.
1385 4356 1492 4435 ltaque
1508 4355 1628 4438 Moyses
1649 4358 1737 4420 dedit
1751 4347 1785 4395 ³⁴⁹
1796 4347 1830 4448 ³⁵j

190 4454 331 4538 plebem,
353 4452 394 4515 ab
416 4453 485 4534 ejus
511 4452 787 4515 commendatione
808 4471 939 4515 exorsus
992 4455 1038 4519 eis
1054 4454 1240 4516 dilationem
1262 4453 1423 4534 usquead
1444 4453 1618 4516 crastinum
1640 4455 1734 4531 diem,

191 4562 250 4618 est.
265 4555 332 4613 Cur
346 4553 522 4612 elevamini
543 4571 640 4629 super
650 4555 810 4628 populum
830 4553 939 4613 Demi·
992 4563 1027 4616 ut
1043 4552 1268 4634 resipiscerent
1287 4551 1428 4614 interim.
1446 4553 1489 4610 Et
1508 4572 1738 4632 profanarumque

191 4651 299 4713 ataid
310 4658 368 4726 cst,
382 4668 440 4711 eur
451 4649 612 4731 usurpatis
624 4649 715 4712 vobis
727 4649 819 4710 istam
831 4648 940 4730 prela·
992 4654 1132 4728 emperie,
1159 4653 1226 4729 ipse
1250 4654 1313 4710 erit
1336 4659 1477 4720 sanctae,
1504 4647 1536 4710 id
1561 4656 1620 4724 est,
1642 4667 1736 4729 quem

190 4753 325 4828 tionem,
344 4758 375 4812 et
395 4749 553 4829 derogatis
569 4749 632 4812 Deo
653 4768 690 4812 ae
713 4749 832 4830 populo
847 4749 938 4830 ejust
992 4751 1074 4813 licus
1091 4768 1147 4831 per
1162 4749 1294 4813 evidens
1314 4748 1444 4829 signum
1459 4747 1647 4810 monstrarit
1668 4766 1739 4810 esse

192 4850 244 4914 Sic
260 4847 448 4930 versipelles
464 4866 501 4910 ae
516 4847 607 4929 impii
624 4847 731 4910 sciunt
746 4847 843 4911 verba
858 4849 940 4910 colo·
994 4849 1055 4911 sibi
1071 4848 1262 4930 placentem,
1278 4855 1309 4910 et
1331 4845 1508 4908 sacerdotio
1524 4845 1669 4924 dignum,
1686 4845 1739 4908 ba-

193 4957 261 5012 rata
272 4945 428 5029 prolerre,
441 4954 472 5008 ct
487 4965 576 5008 suam
593 4945 747 5008 malitiam
760 4945 819 5008 sub
835 4947 940 5028 speeie
994 4947 1105 5009 beatur
1121 4964 1178 5027 pre
1194 4954 1315 5022 sancto,
1334 4953 1366 5007 et
1382 4943 1577 5007 sacerdotale
1593 4943 1739 5006 ollieium

193 5045 303 5127 magni
320 5043 602 5126 proponerebeni.
617 5045 677 5106 Sed
693 5045 775 5106 Deus
791 5063 854 5107 uon
872 5045 941 5106 irri-
994 5045 1146 5125 deinceps
1157 5052 1310 5106 exerceat.
1324 5047 1468 5105 Multum
1481 5045 1664 5120 eripimint,
1674 5045 1743 5121 filii

193 5147 300 5208 detur.
326 5144 401 5205 Erat
426 5151 544 5219 autem,
562 5143 736 5206 secundum
757 5144 940 5225 losephum,
995 5146 1088 5212 Levi,
1104 5142 1136 5204 id
1152 5150 1211 5218 cst,
1224 5142 1315 5206 valde
1330 5141 1481 5205 extollitis
1497 5160 1565 5217 ves,
1581 5141 1740 5217 eLevitae,

193 5245 273 5308 Cere
290 5240 449 5304 laeundus
464 5249 495 5302 et
510 5241 549 5302 ad
565 5241 822 5321 persuadendum
839 5259 944 5304 versu·
997 5241 1098 5303 instar
1123 5240 1330 5318 ingratorum,
1357 5240 1412 5319 qui
1437 5241 1512 5302 dato
1536 5238 1598 5302 sibi
1624 5239 1744 5302 honore

195 5350 258 5418 tus,
277 5357 314 5403 ac
333 5339 426 5401 valde
444 5339 646 5420 pecuniosus,
660 5357 804 5402 asserens
819 5339 945 5421 llleyscn
999 5356 1062 5402 nen
1086 5337 1239 5412 contenti,
1257 5356 1382 5419 semper
1403 5356 1460 5418 por
1476 5336 1524 5399 las
1540 5345 1571 5400 et
1594 5337 1684 5400 neias
1704 5337 1744 5399 ad
