4309 6259
435 478 454 541 l
848 493 1021 541 uuunmrro
1042 494 1073 539 ru
1094 493 1162 539 car.
1185 492 1228 538 xx
1248 492 1351 539 xxoor.
1373 512 1414 523 -
1433 493 1505 540 ιιι.
1527 494 1567 540 xc

435 667 511 729 dum
524 666 700 729 immediati
711 664 774 728 lilii
784 665 1034 749 justissimorum
1050 674 1177 748 patrum
1192 662 1218 725 Α
1232 666 1424 747 traduntque
1449 664 1534 746 quod
1556 663 1693 746 quilibet
1715 672 1841 728 tenetur
1862 663 1896 725 iu
1919 663 1975 727 illo

436 772 511 827 sunt
538 764 679 847 pessimi,
705 772 737 827 et
765 781 949 828 econverso.
976 765 1056 828 Ecce
1080 783 1177 847 quam
1232 765 1284 828 die
1303 772 1352 827 ter
1371 765 1574 840 manducare,
1596 763 1745 827 videlicet
1765 763 1862 827 scmel
1883 782 1976 846 prau-

317 885 343 929 ιν
365 886 420 939 nee.
436 871 563 926 sanctus
578 863 627 925 vir
643 862 704 925 luit
723 864 834 941 sosias,
851 872 882 927 et
902 872 1008 927 tamen
1026 864 1089 926 lilii
1109 864 1178 946 ejus
1231 865 1317 941 dere,
1340 872 1372 926 et
1394 863 1445 925 bis
1470 880 1607 939 coenare,
1632 871 1727 943 atque
1752 864 1837 944 quod
1863 880 1975 925 omues

290 950 422 1054 {3¹¹·²{,¹¹'¹e¹;
436 961 566 1043 pessimi
581 969 681 1024 erant.
691 960 741 1025 Sic
757 969 788 1024 et
803 962 952 1026 Ezechias
968 982 1022 1025 rex
1038 971 1177 1039 sanctus,
1233 962 1293 1025 hoc
1309 960 1473 1037 iacientes,
1491 961 1556 1022 sint
1572 961 1675 1023 securi
1691 980 1709 1023 a
1723 961 1844 1043 judicio
1858 960 1976 1041 geben·

290 1044 350 1130 seir
363 1086 420 1122 sun.
436 1058 524 1123 lilius
540 1059 602 1122 luit
617 1060 815 1124 vitiosissimi
831 1062 945 1125 Acbaz.
962 1062 1117 1144 Denique,
1132 1061 1180 1123 in·
1235 1080 1292 1138 nae,
1300 1070 1336 1122 ut
1351 1062 1385 1122 in
1401 1060 1482 1123 libro
1498 1078 1608 1123 eorum
1623 1060 1663 1123 de
1679 1060 1820 1137 sabbato,
1831 1078 1976 1142 expresse

292 1142 421 1191 ΗΜ·
435 1158 485 1224 ira
499 1160 687 1224 discutietur
702 1161 742 1225 de
757 1161 968 1239 ordinatione,
987 1160 1180 1224 enumerati·
1233 1160 1378 1223 habetur.
1401 1160 1481 1223 Ecce
1504 1179 1600 1241 quam
1620 1159 1829 1223 ridiculosum
1849 1168 1880 1222 et
1902 1158 1978 1221 stul-

433 1278 494 1325 one
510 1269 540 1324 et
556 1260 728 1324 situatioue
742 1260 905 1341 Decalogi3
924 1269 955 1324 et
970 1270 1078 1323 utrum
1094 1260 1180 1323 dicta
1233 1266 1301 1320 tum
1317 1267 1365 1321 est
1380 1259 1450 1322 boc.

433 1362 608 1443 bucusque,
628 1362 691 1423 sint
712 1362 750 1424 ad
772 1379 870 1423 unum
891 1369 1087 1443 praeceptum
1110 1379 1180 1442 spe
1281 1361 1346 1419 Seu
1368 1361 1481 1419 diebus
1501 1360 1694 1437 operaberis,
1719 1357 1781 1421 nisi
1808 1357 1841 1420 in
1868 1376 1976 1421 corum

433 1462 561 1539 clantio,
579 1480 620 1523 an
636 1460 743 1543 potius
759 1460 823 1522 sint
840 1461 903 1524 duo
921 1468 1090 1543 praecepta.
1233 1456 1341 1538 aliquo
1356 1456 1463 1538 aliqua
1479 1458 1654 1521 solennitas
1669 1464 1823 1533 occurrat,
1835 1466 1865 1517 ei
1879 1459 1978 1538 socies

350 1628 354 1635 ,
468 1560 616 1642 Sequitur
632 1559 719 1622 aliud
735 1568 939 1642 preceptum,
950 1567 981 1622 et
995 1566 1030 1620 ut
1045 1557 1178 1640 patebit,
1234 1560 1345 1619 ormn'o
1366 1576 1462 1634 opero
1484 1567 1540 1618 tue
1556 1578 1567 1616 .·
1589 1557 1839 1638 unumquodque
1859 1556 1928 1619 loco
1948 1562 1979 1618 et

434 1661 608 1722 secundum
625 1659 657 1721 in
674 1658 796 1723 ordine.
815 1660 889 1720 Nou
905 1678 1044 1719 assumes
1060 1677 1177 1718 nomen
1234 1665 1377 1738 tompore
1404 1664 1597 1738 opportuno.
1624 1659 1768 1733 Septimo
1793 1666 1902 1717 nutem
1925 1656 1978 1715 die

433 1760 494 1819 Dei
509 1761 609 1819 tutin
625 1757 815 1821 vanum:id
830 1765 962 1833 estnec
979 1755 1108 1832 falsum,
1121 1773 1180 1817 nec
1232 1757 1398 1816 sabbatum
1418 1757 1554 1816 Domini
1572 1757 1633 1817 Dei
1654 1757 1704 1815 tui
1721 1765 1774 1826 est,
1792 1754 1825 1816 id
1845 1762 1904 1831 est,
1921 1753 1977 1834 qui

435 1856 504 1919 sine
525 1856 706 1921 rationabili
728 1876 823 1920 causa
843 1856 966 1938 jurabis
990 1874 1046 1938 per
1066 1856 1176 1917 Deum.
1195 1848 1402 1935 Bdeputatus
1423 1862 1471 1916 cst
1490 1853 1590 1917 cultui
1610 1853 1678 1917 veri
1699 1854 1766 1917 Dei.
1785 1856 1858 1916 Nou
1880 1854 1979 1934 socies

437 1956 503 2017 Nec
517 1958 604 2017 euim
619 1958 776 2017 insontem
787 1958 911 2016 babebit
920 1957 1079 2016 Dominus
1094 1974 1179 2025 eum,
1233 1973 1326 2013 omne
1340 1974 1419 2030 opus
1435 1964 1470 2014 tu
1486 1975 1497 2013 .·
1513 1953 1546 2014 id
1562 1962 1620 2030 cst,
1639 1951 1764 2015 nullum
1785 1952 1902 2015 servile
1923 1960 1979 2013 aut

435 2056 494 2132 qui
518 2055 725 2133 assumpserit
749 2074 863 2114 nornen
885 2054 1020 2114 Domini
1043 2055 1105 2113 Dei
1128 2053 1181 2112 sui
1236 2050 1468 2129 mechanicum,
1487 2051 1664 2133 prasertim
1684 2051 1808 2114 nullum
1824 2068 1904 2133 opus
1920 2049 1980 2112 ini-

435 2154 587 2232 frustra:
604 2153 709 2229 idest,
727 2152 824 2215 talem
840 2159 905 2214 tam
921 2152 1060 2214 inaniter
1074 2151 1182 2232 juran-
1236 2169 1335 2230 quum
1351 2148 1449 2214 iacies
1464 2158 1509 2229 tu,
1529 2150 1561 2213 id
1581 2159 1629 2215 est
1649 2149 1754 2215 lacere
1774 2149 1833 2212 tibi
1849 2149 1935 2226 licet,
1952 2159 1981 2209 et

437 2260 511 2328 tem,
535 2252 617 2314 Deus
642 2270 707 2315 non
733 2250 894 2333 reputabit
919 2250 1100 2327 innoxium,
1127 2248 1181 2311 sed
1235 2250 1328 2327 fitius
1344 2258 1419 2311 tuus
1433 2260 1462 2311 et
1476 2253 1551 2328 filio
1568 2261 1634 2322 tuo,
1650 2271 1761 2311 seruus
1781 2259 1855 2310 tuus
1874 2258 1903 2309 et
1925 2267 1982 2307 au-

437 2358 713 2431 transgressorem
735 2349 1004 2430 damnationeque
1025 2348 1158 2428 dignum
1172 2370 1179 2420 3
1236 2350 1316 2408 ottta
1331 2357 1401 2419 tua,
1404 2350 1595 2425 jumentum
1612 2360 1715 2423 tuum,
1729 2348 1805 2430 quia
1820 2355 1852 2411 et
1867 2364 1980 2429 pecora

438 2449 503 2512 imo
522 2448 613 2511 decet
627 2456 663 2511 ut
678 2467 842 2530 nunquam
863 2448 933 2511 siue
954 2445 1133 2510 reverentia
1153 2454 1185 2509 et
1237 2465 1308 2527 qum
1324 2446 1470 2510 laborant
1485 2447 1679 2525 bominibus,
1694 2446 1795 2510 voluit
1810 2448 1891 2509 Deus
1908 2454 1981 2508 tuuc

438 2547 543 2610 cordis
566 2547 741 2611 attentione
765 2547 866 2609 Deum
892 2546 1106 2621 nominemus,
1130 2551 1185 2607 aut
1238 2546 1413 2627 quiescere,
1431 2547 1722 2628 convenienterque
1742 2545 1856 2619 relici3
1877 2555 1907 2605 et
1926 2546 1983 2605 od-

439 2646 535 2708 etiam
556 2646 714 2710 nominari
735 2646 912 2709 audiamus
929 2644 1029 2709 Judaei
1045 2663 1120 2709 vcro
1140 2643 1186 2706 al·
1240 2665 1322 2705 cena
1335 2650 1394 2725 qui
1409 2656 1453 2707 est
1468 2649 1559 2707 iutro
1574 2657 1687 2725 portos
1704 2655 1788 2717 tuos,
1804 2645 1836 2706 id
1856 2652 1904 2707 cst
1923 2642 1982 2705 tibi

443 2743 574 2807 firmant
589 2745 817 2827 bocpraeccpto
833 2744 929 2807 etiam
946 2743 1110 2826 prohiberi
1123 2760 1188 2825 pro
1241 2743 1403 2806 cohabitat
1423 2743 1456 2805 in
1477 2745 1575 2823 villis,
1597 2744 1743 2820 urbibus,
1765 2752 1819 2806 aut
1838 2741 1984 2805 domibus

443 2842 593 2906 lationem
608 2842 784 2906 indebitam
801 2842 940 2906 nominis
950 2842 1078 2906 Domini
1096 2850 1188 2905 tetra·
1243 2840 1316 2903 tuis.
1335 2842 1372 2903 Et
1392 2851 1497 2924 potest
1517 2862 1574 2924 per
1589 2845 1744 2907 advenam
1765 2841 1900 2920 intelligi
1915 2840 1984 2922 qui-

443 2950 651 3024 grammaton,
661 2943 747 3024 quod
764 2960 828 3005 non
844 2942 934 3005 licuit
951 2941 1110 3005 nominari
1125 2939 1188 3002 nisi
1243 2958 1379 3022 cumque
1394 2941 1434 3002 ad
1449 2942 1646 3004 Iudaismum
1666 2960 1849 3005 conversus.
1867 2940 1986 3003 Deinde

443 3041 671 3118 sacerdotibus,
692 3043 820 3125 quando
841 3042 994 3124 populum
1017 3032 1223 3104 benedixe-(l
1245 3039 1450 3121 subjungitur
1465 3040 1545 3104 ratio
1562 3040 1773 3103 institutionis
1788 3038 1987 3103 solennitatis

445 3148 520 3202 runt
536 3140 569 3203 in
585 3140 716 3223 templo.
1244 3137 1417 3201 sabbativae
1444 3156 1451 3200 :
1477 3141 1542 3199 Seu
1561 3141 1649 3200 enim
1670 3142 1782 3200 diebus
1803 3140 1879 3220 feeit
1900 3141 1985 3199 Dens

485 3238 635 3321 Sequitur
650 3247 842 3322 praeceptum
860 3240 987 3303 tertium
1007 3258 1013 3303 :
1032 3244 1189 3302 Memento
1244 3242 1360 3298 ooetum
1379 3249 1408 3299 et
1429 3249 1559 3309 terram
1577 3259 1666 3299 more
1684 3248 1715 3299 et
1734 3240 1845 3299 omnio
1859 3258 1931 3318 quoe
1950 3238 1986 3297 in

445 3346 482 3397 ut
496 3340 583 3399 diem
597 3340 721 3399 sabbati
735 3341 935 3417 sanctifices:
947 3338 979 3400 id
995 3347 1054 3416 ost,
1068 3338 1102 3399 in
1119 3358 1191 3401 san·
1244 3338 1290 3396 ets
1309 3346 1396 3398 sunt.
1418 3340 1462 3398 Et
1483 3339 1641 3418 requievit
1660 3339 1714 3398 die
1733 3338 1876 3415 septimo.
1898 3334 1985 3409 Quod

445 3436 506 3498 ctis
521 3436 672 3518 operibus
690 3436 776 3499 diem
795 3436 888 3499 illum
909 3439 1081 3519 expendas,
1098 3446 1129 3499 et
1144 3438 1191 3500 di·
1245 3435 1382 3516 qualiter
1406 3435 1627 3518 multipliciter
1652 3435 1753 3517 possit
1777 3434 1924 3513 intelligi,
1952 3433 1984 3494 in

447 3534 523 3597 vino
538 3534 638 3597 cultui
658 3534 799 3617 applices
819 3534 923 3598 illurn.
940 3536 997 3599 Per
1012 3536 1098 3618 quod
1114 3536 1192 3599 alio
1245 3535 1443 3617 expositione
1458 3534 1555 3616 primi
1570 3533 1703 3615 capituli
1718 3533 1848 3597 Genesis
1868 3531 1987 3596 dillusc

448 3653 518 3696 rum
534 3632 657 3696 dierum
673 3632 864 3711 solennium,
877 3642 909 3697 et
924 3654 1008 3697 nunc
1024 3634 1192 3698 dominica
1246 3633 1425 3716 expositum
1441 3642 1499 3696 est.
1512 3636 1638 3694 Idcirco
1653 3635 1815 3694 maledieti
1829 3635 1987 3694 moninus

447 3732 510 3796 diei
525 3732 655 3815 jubetur
670 3731 998 3795 celebritas.lnstituit
1012 3742 1119 3796 autern
1134 3734 1192 3797 Do·
1245 3734 1460 3804 dteisobboti,
1478 3731 1711 3813 privilegiaudo
1731 3750 1804 3794 curn
1825 3750 1890 3813 pra
1909 3737 1989 3793 cete·

449 3832 555 3894 minus
577 3832 755 3909 sabbatum,
778 3832 810 3894 id
833 3839 880 3895 est
900 3832 984 3895 diem
1007 3832 1190 3914 septimum,
1247 3831 1291 3892 ris
1311 3831 1435 3908 diebus,
1452 3842 1482 3892 et
1495 3833 1714 3909 sanctificavit
1732 3852 1817 3903 cum,
1835 3830 1867 3892 id
1882 3837 1930 3893 est
1945 3827 1989 3891 di-

447 3930 612 4009 celebrari,
629 3931 663 3993 in
684 3930 810 4010 signum
831 3930 916 4012 quod
938 3932 1006 4013 ipse
1026 3932 1078 3995 die
1096 3931 1193 4013 septi·
1247 3930 1323 3992 vino
1338 3929 1439 3993 cultui
1459 3929 1669 3993 consecravit.

448 4047 501 4092 mo
523 4029 680 4111 requievit
701 4050 720 4091 a
741 4030 864 4093 cunctis
887 4030 1039 4113 operibus
1061 4030 1140 4108 suis,
1161 4038 1193 4093 et
1286 4028 1382 4091 Porro
1402 4030 1441 4091 de
1460 4028 1659 4110 expositione
1681 4027 1852 4110 multiplici
1872 4036 1904 4089 et
1924 4026 1989 4108 plo-

450 4127 483 4187 in
498 4128 831 4190 commemorationem
846 4126 998 4190 beneficii
1009 4128 1191 4207 creationis,
1249 4146 1288 4189 na
1304 4127 1516 4208 intelligentia
1533 4127 1630 4209 hujus
1650 4127 1801 4208 precepti
1819 4134 1852 4189 et
1871 4134 1988 4188 cetero

450 4224 514 4288 imo
530 4232 561 4287 et
575 4224 710 4287 aliorum
726 4226 781 4289 Dei
798 4225 1041 4305 beneficiorum,
1054 4246 1192 4310 quorum
1209 4230 1234 4293 b
1248 4245 1319 4287 rum
1335 4225 1836 4309 praeceptorumllccalogi,totet
1851 4224 1986 4287 tantuin

449 4322 567 4405 jugiter
592 4341 748 4387 memores
773 4324 926 4387 debemus
954 4344 1034 4388 esse.
1062 4326 1192 4409 Propter
1248 4324 1321 4387 aliis
1343 4324 1457 4407 scripsi
1476 4324 1650 4407 opusculis,
1668 4324 1733 4387 imo
1755 4333 1787 4386 et
1807 4332 1895 4385 tanta
1914 4322 1988 4384 inde

452 4423 536 4503 quod
557 4429 714 4504 praecepto
734 4421 808 4485 huic
828 4422 1043 4504 praemittitur,
1060 4424 1195 4488 Memen-
1249 4424 1407 4487 habentur
1427 4422 1557 4504 ubique,
1576 4424 1661 4504 quod
1684 4440 1885 4504 nequaquam
1907 4430 1990 4484 staro

453 4527 484 4583 to
497 4537 503 4581 :
517 4520 601 4602 quod
619 4521 752 4583 verbum
773 4521 868 4583 etiam
890 4522 961 4586 ideo
978 4522 1192 4604 praemittitur,
1248 4522 1380 4586 intendo
1403 4541 1487 4585 nuuc
1509 4521 1543 4583 in
1568 4522 1682 4585 borum
1706 4520 1904 4603 expositione
1928 4520 1988 4582 hoc

452 4618 604 4700 quoniam
619 4638 691 4681 curn
707 4637 831 4682 summa
851 4619 1018 4699 diligentia
1032 4621 1132 4683 cultui
1147 4630 1196 4685 est
1250 4621 1330 4685 loco.

453 4717 664 4781 insistendum
684 4718 803 4780 divino.
822 4718 890 4795 Vel,
907 4726 942 4781 ut
962 4720 1074 4782 asserit
1094 4719 1195 4784 llabbi
1290 4724 1424 4781 Honora
1439 4730 1568 4798 patrem
1584 4730 1677 4781 tuum
1691 4730 1720 4780 et
1736 4730 1871 4781 matrem
1887 4727 1990 4789 troam,

452 4813 579 4893 Paulus,
606 4814 678 4878 ideo
701 4815 834 4878 verbum
864 4816 949 4878 istud
974 4818 1192 4898 proemittitur,
1251 4818 1315 4881 imo
1331 4826 1362 4880 ct
1377 4825 1498 4880 ceteros
1509 4816 1992 4899 progenitores,spiritualesque

320 4922 439 4976 leod-zu,
453 4912 608 4995 quiajam
628 4920 700 4975 ante
718 4914 751 4974 in
772 4914 925 4977 descensu
943 4934 1066 4978 manna
1086 4916 1194 4979 datum
1250 4926 1355 4998 patres
1369 4935 1405 4978 ac
1421 4915 1573 4993 seniores,
1591 4924 1623 4979 ot
1641 4914 1861 4979 benefactores
1876 4934 1912 4977 ac
1928 4933 1994 4976 rna-

308 4990 419 5042 ²³“'‘⁹'
453 5008 516 5073 luit
531 5010 615 5073 istud
631 5018 835 5092 praeceptum,
849 5020 884 5074 ut
900 5031 996 5094 supra
1012 5013 1124 5093 patuit.
1139 5014 1197 5077 lle-
1251 5015 1376 5095 gistros,
1386 5014 1518 5077 cordiali
1534 5014 1665 5092 aflectu,
1678 5014 1803 5077 decenti
1817 5012 1932 5089 allatu,
1948 5031 1993 5075 rc-

453 5109 529 5171 citat
549 5127 677 5191 quoque
700 5108 799 5171 Rabbi
819 5109 958 5173 Paulus:
980 5110 1104 5174 Hebraei
1128 5132 1196 5175 cre
1250 5113 1292 5175 ali
1314 5112 1587 5194 obtemperatione
1608 5121 1703 5194 atque
1725 5112 1889 5195 obsequio,
1912 5119 1942 5174 et
1964 5111 1991 5173 si

452 5207 531 5269 dunt
546 5208 631 5290 quod
651 5206 862 5273 sanctificatio
878 5210 1001 5272 sabbati
1019 5211 1192 5292 praecipua,
1250 5230 1330 5293 opus
1353 5210 1461 5288 fucrit,
1484 5211 1580 5274 etiarn
1602 5212 1842 5275 sustentatione.
1867 5211 1910 5273 lte
1931 5210 1989 5272 hac

451 5306 603 5372 consistat
619 5305 652 5368 in
667 5306 885 5389 corporalibus
905 5308 1170 5372 delectationibus
1186 5333 1194 5385 ;
1250 5329 1284 5373 re
1300 5309 1429 5372 inlinita
1441 5311 1676 5392 quodammodo
1690 5310 1755 5374 dici
1765 5317 1904 5393 possent.
1913 5308 1994 5372 Sub·
