4309 6259
565 520 739 569 summme
760 521 791 567 ιε
811 518 880 566 εεε.
903 516 969 565 xxu
989 518 1091 566 axem.
1111 538 1152 550 —
1172 518 1243 565 aar.
1263 519 1334 566 εεε
1681 494 1724 558 25

177 694 277 756 simus
298 712 336 755 ac
353 692 410 775 pii,
428 712 492 757 non
515 692 618 755 solum
642 710 705 755 non
725 690 921 772 injuriando,
938 688 963 751 A
978 689 1138 773 principio
1154 708 1218 753 non
1233 691 1370 753 multum
1386 681 1571 771 percipitur,
1585 694 1723 769 postmo-

177 793 231 855 sed
248 791 344 855 etiam
361 791 562 855 condolendo
576 810 611 854 ac
628 792 848 854 succurrendo.
857 788 923 863 Quo
978 790 1053 851 dum
1075 807 1151 853 vero
1176 797 1285 852 causat
1309 787 1522 863 inflationem,
1544 795 1641 867 atque
1665 802 1722 865 per

176 890 296 953 etenim
315 890 564 953 miserabiliores
585 890 753 966 exsistunt,
778 907 815 951 eo
831 888 925 949 inhu-
979 895 1081 950 toturn
1092 906 1208 970 corpus
1219 886 1376 951 diffundit
1391 906 1484 949 suum
1499 883 1721 960 effectum3ita

177 989 303 1051 manius
324 997 373 1052 est
390 988 436 1052 eis
451 987 612 1070 injuriari,
628 1006 728 1070 quum
747 995 779 1051 ει
798 985 924 1049 afflicto
978 1006 1083 1049 usurae
1107 996 1335 1050 nocumentum
1364 986 1399 1048 in
1424 983 1583 1068 principio
1608 1001 1720 1065 parum

176 1097 312 1151 nonest
335 1088 439 1151 danda
465 1086 613 1151 afflictio.
638 1086 925 1169 specialiterque
978 1086 1123 1162 sentitur,
1132 1088 1187 1149 sed
1198 1086 1351 1168 paulatim
1366 1083 1515 1160 ascendit,
1524 1092 1555 1146 et
1569 1099 1721 1161 magnum

177 1206 240 1268 quc
256 1186 371 1249 nociva
381 1194 429 1249 est
444 1185 568 1248 homini
584 1184 765 1247 inordinata
781 1182 921 1259 tristitia,
979 1185 1131 1247 damnum
1148 1183 1454 1263 infligitsipipncs
1465 1185 1643 1261 eproeimo
1654 1191 1721 1249 tuo,

177 1302 276 1364 quum
294 1293 325 1347 et
341 1284 375 1346 in
389 1282 568 1347 Proverbiis
584 1282 708 1345 dicatur
719 1300 725 1343 :
736 1282 824 1345 Sicut
839 1281 924 1343 tinea
978 1292 1055 1368 puta
1068 1284 1188 1355 ludeo,
1197 1286 1354 1363 acceperis
1369 1287 1590 1344 vestimentum
1606 1280 1719 1363 ipsius,

75 1396 79 1405 ·
177 1381 381 1459 vestimento,
406 1392 437 1446 et
459 1381 578 1445 vermis
598 1382 698 1463 ligno,
723 1381 769 1443 sic
796 1380 924 1442 tristitia
978 1394 1052 1445 ante
1070 1384 1146 1442 sotis
1160 1402 1305 1443 occasum
1320 1386 1436 1443 reddas
1450 1384 1481 1441 ei
1496 1380 1611 1461 pignus
1626 1378 1719 1440 illud.

178 1488 272 1544 nocet
290 1482 392 1544 cordi.
410 1480 510 1555 Quum
527 1498 602 1561 ergo
617 1487 782 1563 peccatum
804 1478 836 1540 in
852 1497 925 1561 pro
978 1480 1065 1555 Quod
1091 1479 1336 1561 intelligendum
1360 1488 1418 1556 εει,
1447 1480 1474 1540 εἰ
1499 1477 1555 1539 ille
1579 1477 1621 1538 sit
1645 1496 1722 1557 pau-

176 1579 299 1641 ximum
327 1589 414 1643 tanto
440 1580 481 1641 sit
508 1578 648 1660 gravius,
676 1586 797 1660 quanto
821 1578 924 1659 majus
978 1598 1045 1662 per,
1068 1578 1315 1660 notabiliterque
1337 1576 1478 1658 indigeat
1498 1585 1587 1639 veste
1606 1575 1661 1637 illa
1683 1573 1722 1636 dc

176 1687 405 1741 nocumentum
415 1678 445 1742 ci
456 1678 588 1759 infligit,
596 1686 720 1741 constat
730 1676 814 1758 quod
825 1676 924 1739 alium
979 1685 1083 1740 nocte.
1101 1677 1178 1740 Nam
1201 1676 1346 1758 sequitur
1362 1696 1369 1740 :
1386 1680 1499 1754 Ipsum
1518 1677 1606 1735 enim
1628 1674 1724 1736 vesti-

176 1778 366 1840 contristare
381 1778 423 1839 sit
439 1777 531 1841 valde
545 1795 676 1840 enorme
695 1783 871 1857 peecatum.
881 1775 924 1837 lle
980 1782 1123 1837 mentum
1138 1778 1297 1835 estsotum
1308 1793 1370 1852 quo
1380 1756 1536 1851 operitur,
1545 1770 1577 1833 id
1593 1778 1723 1852 estque

176 1875 234 1938 hac
256 1876 391 1939 materia
416 1876 544 1959 copiose
568 1883 698 1957 possent
721 1874 924 1937 auctoritates
942 1869 965 1931 B
980 1872 1102 1954 indiget
1118 1890 1152 1935 εε
1160 1872 1286 1954 operire
1301 1870 1334 1934 in
1351 1880 1519 1947 nectareae
1527 1872 1619 1931 babet
1629 1871 1724 1930 atiud

178 1973 299 2036 induci.
322 1974 401 2037 Nam
416 1983 449 2037 ει
471 1975 504 2036 in
520 1973 765 2037 Deuteronomio
781 1972 897 2052 legitur
914 1992 921 2035 :
979 1974 1015 2032 iri
1031 1990 1093 2051 qao
1107 1973 1261 2033 dormiat.
1277 1972 1318 2032 Si
1331 1971 1520 2031 clamaverit
1534 1972 1578 2029 od
1587 1988 1636 2029 me
1651 1986 1724 2031 con-

52 2087 163 2141 menta
179 2072 333 2135 Dominus
350 2072 427 2137 facit
445 2072 602 2154 judicium
621 2071 746 2154 pupillo
760 2078 792 2133 et
807 2070 922 2147 viduae,
978 2088 1118 2151 querens
1133 2077 1243 2132 contra
1258 2077 1301 2146 te,
1322 2068 1408 2151 quod
1427 2075 1492 2130 tam
1506 2066 1724 2129 inhumaniter

178 2180 328 2253 amatque
353 2171 567 2254 peregrinum.
594 2170 683 2234 Unde
708 2169 853 2232 miranda
877 2177 925 2232 est
978 2170 1092 2249 gravas
1106 2187 1190 2245 eum,
1209 2185 1273 2231 non
1289 2168 1451 2230 reddendo
1466 2165 1495 2228 ei
1510 2165 1627 2248 pignus
1643 2164 1723 2227 illud

177 2268 400 2333 hereticorum
419 2268 622 2351 perversitas,
645 2268 702 2349 qui
724 2268 822 2331 Deum
845 2267 924 2347 legis
978 2273 1052 2330 ante
1074 2266 1151 2330 solis
1170 2285 1330 2343 occasum,
1347 2266 1524 2325 scordium
1538 2283 1625 2333 eum,
1644 2265 1724 2343 quio

175 2376 205 2430 et
220 2367 463 2450 Prophetarum,
482 2369 600 2449 dequo
621 2367 740 2449 scripta
755 2375 830 2429 sunt
850 2366 921 2443 ista,
937 2376 940 2384 ⁴
979 2368 1158 2426 misericors
1171 2386 1255 2426 sum.
1272 2364 1497 2427 Verumtamen
1513 2359 1628 2443 pignus
1643 2360 1724 2423 illud

175 2466 303 2528 mentiti
330 2475 404 2528 εεει
430 2466 618 2529 naturaliter
642 2484 712 2528 esse
737 2465 868 2527 malum.
886 2464 924 2526 Et
979 2462 1042 2525 fuit
1058 2465 1097 2527 de
1112 2482 1206 2526 mane
1225 2482 1336 2525 rursus
1356 2461 1576 2542 accipiendum
1598 2459 1721 2535 abillo,

173 2564 321 2645 quamvis
337 2564 467 2646 quidam
482 2582 593 2627 eorum
608 2571 836 2628 concesserunt
850 2581 923 2626 eum
978 2562 1006 2623 si
1021 2562 1054 2623 in
1073 2561 1126 2624 die
1141 2569 1266 2643 poterat
1280 2579 1318 2623 eo
1333 2558 1505 2637 carere,1ie
1519 2557 1724 2621 obliviscere

174 2682 243 2726 esse
258 2662 394 2744 justum,
415 2681 480 2725 non
497 2672 602 2726 tamen
619 2663 751 2739 bonum,
769 2661 860 2743 quasi
874 2661 924 2742 ju·
978 2668 1029 2722 tur
1045 2660 1144 2723 debiti
1160 2659 1221 2722 sui.

173 2762 259 2824 stitia
285 2780 350 2825 non
375 2762 417 2823 sit
439 2762 566 2825 bonitas
590 2762 735 2843 quaedam
760 2780 796 2823 ac
821 2761 923 2823 virtus
1018 2761 1102 2832 Diis,
1125 2759 1157 2821 id
1183 2767 1231 2821 εει
1256 2757 1474 2821 sacerdotibus
1495 2765 1526 2819 ει
1547 2755 1721 2836 judicibus,

172 2878 242 2941 quae
257 2859 431 2923 habentem
451 2858 618 2923 bonificat.
978 2878 1042 2918 aon
1058 2858 1256 2927 detrahesid
1273 2864 1332 2934 est,
1346 2856 1501 2938 prohibeo
1517 2855 1575 2917 tibi
1591 2853 1722 2936 obloqui

218 2962 259 3022 Si
278 2962 457 3037 pecuniam
482 2969 632 3020 motuum
656 2960 781 3019 dederis
802 2961 922 3037 populo
977 2956 1122 3019 eisNam
1138 2956 1197 3019 etsi
1213 2956 1380 3019 detrahere
1394 2954 1585 3034 cuicumque
1600 2952 1641 3015 sit
1655 2970 1723 3031 gra-

172 3078 237 3119 meo
250 3060 396 3136 pauperi
405 3060 464 3139 qui
477 3059 605 3119 habitet
622 3068 737 3127 tecum,
748 3057 781 3118 id
796 3064 856 3133 est,
867 3054 959 3119 ali-C
977 3074 1016 3117 ve
1031 3061 1208 3137 peccatum,
1226 3054 1386 3135 precipue
1400 3061 1506 3115 ιεειεε
1522 3051 1654 3133 obloqui
1676 3070 1723 3113 sa-

173 3156 222 3217 cui
240 3156 400 3235 indigenti
415 3155 611 3219 concesseris
627 3156 817 3237 pecuniam:
835 3154 921 3236 quod
977 3152 1160 3216 cerdotibus
1184 3160 1279 3234 atque
1298 3150 1470 3232 judicibus,
1492 3149 1547 3231 qui
1571 3159 1721 3231 tanquam

173 3256 285 3336 utique
302 3254 485 3317 faciendum
501 3262 549 3317 est
564 3254 634 3317 loco
650 3262 682 3318 et
697 3263 840 3335 tempore
850 3270 923 3316 con·
977 3251 1089 3316 vicarii
1105 3247 1170 3327 Dei,
1188 3259 1220 3314 ει
1235 3248 1455 3313 benefactores
1471 3248 1635 3331 precipui,
1648 3257 1723 3310 sunt

173 3372 272 3435 gru03
294 3374 361 3414 εεε
383 3355 510 3430 urgebis
524 3374 598 3414 eum
619 3354 714 3434 quasi
732 3363 871 3423 caracter,
889 3351 922 3413 id
978 3349 1159 3433 specialiter
1174 3348 1381 3428 diligendiac
1398 3348 1587 3411 honorandi.
1600 3347 1723 3429 Specie-

172 3460 230 3527 est‚
257 3470 324 3513 non
355 3460 479 3534 repetes
504 3470 656 3515 concessa
681 3450 777 3513 nimis
803 3451 867 3515 cito
891 3458 923 3514 ει
977 3450 1050 3512 liter
1065 3466 1194 3530 quoque
1214 3467 1300 3510 nunc
1317 3446 1548 3529 exprimuntur,
1570 3446 1721 3527 quoniam

174 3550 357 3631 importune
379 3558 476 3631 atque
498 3548 657 3626 ferociter,
676 3549 853 3631 presertim
874 3548 922 3611 in·
977 3548 1101 3611 ratione
1122 3545 1227 3610 officii
1250 3546 1311 3622 sui,
1334 3545 1419 3627 quod
1442 3553 1489 3608 est
1511 3545 1672 3627 corripere
1691 3553 1723 3607 et

171 3648 314 3729 digentia
335 3646 423 3709 illius
439 3648 595 3724 durante;
619 3668 675 3709 nec
691 3650 800 3709 usuris
814 3649 923 3725 oppri-
977 3646 1136 3727 corrigere
1150 3645 1385 3725 delinquentes,
1404 3644 1508 3706 solent
1521 3642 1722 3706 subditorum

172 3770 234 3809 mes
250 3766 338 3823 eum,
349 3746 381 3808 id
398 3756 457 3823 est,
471 3765 535 3810 non
551 3748 657 3829 capies
673 3747 714 3809 ab
730 3764 767 3809 eo
779 3765 920 3808 usuram.
976 3743 1136 3809 offensam
1152 3744 1316 3807 incurrere
1328 3763 1335 3807 :
1349 3742 1468 3805 idcirco
1482 3742 1659 3805 cavendum
1675 3751 1724 3804 εει

170 3847 226 3909 Per
241 3847 311 3909 haec
326 3846 425 3907 verba
441 3846 634 3922 insinuatur,
652 3845 737 3926 quod
752 3832 854 3907 tudei'
868 3845 921 3906 de-
976 3842 1125 3919 subditis,
1143 3860 1184 3905 ne
1205 3841 1247 3905 ob
1269 3860 1359 3903 suam
1381 3839 1621 3919 castigationem
1642 3838 1723 3902 indi-

171 3944 289 4007 bebant
306 3942 467 4026 praecipue
482 3962 552 4006 esse
568 3944 670 4025 parati
686 3961 870 4006 succurrere
885 3962 921 4004 ac
975 3948 1113 4021 gnentur
1127 3941 1280 4003 adversus
1301 3939 1385 4015 illos,
1403 3946 1435 4001 ει
1455 3956 1497 4000 ne
1517 3955 1556 4000 ex
1576 3936 1722 4018 indigna-

172 4052 319 4107 mutuare
335 4040 521 4105 hominibus
538 4061 603 4105 εεε
618 4041 699 4123 legis
716 4061 752 4105 ac
769 4040 918 4117 nationis,
942 4058 946 4068 ·
978 4039 1063 4101 tione
1082 4046 1136 4101 εει
1156 4038 1214 4114 ira,
1231 4038 1271 4100 ad
1287 4036 1528 4113 detractionem,
1546 4054 1722 4098 murmura-

172 4151 202 4205 et
226 4142 336 4225 primo
361 4140 606 4223 pauperioribus
635 4159 672 4202 ac
697 4138 918 4215 vicinioribus,
977 4137 1108 4213 tionem,
1126 4143 1181 4199 aut
1196 4135 1378 4198 consimilia
1392 4135 1477 4198 mala
1492 4134 1650 4211 labantur,
1667 4142 1722 4197 εει

172 4242 287 4305 deinde
303 4249 336 4303 ει
355 4239 427 4302 aliis
444 4240 539 4303 etiam
560 4238 737 4319 gentilibus
753 4257 825 4301 cum
840 4238 920 4319 ipsis
936 4236 961 4298 D
977 4234 1156 4315 superiores
1167 4251 1240 4297 suos
1253 4233 1418 4296 temerarie
1428 4233 1722 4314 judicentEtprin-

173 4339 310 4423 pacifice
338 4337 614 4413 conversantibus,
641 4336 818 4419 prasertim
848 4353 920 4397 con·
975 4335 1042 4410 cipi
1054 4336 1170 4410 populi
1185 4334 1235 4392 tui
1249 4351 1314 4393 aon
1330 4333 1510 4393 maledices.
1523 4332 1587 4394 Hoc
1602 4331 1721 4412 specia-

172 4439 283 4501 versis.
307 4436 396 4511 Quod
416 4446 448 4499 ει
470 4455 555 4499 εεεε
577 4435 749 4500 Christiani
772 4433 920 4497 similiter
976 4432 1049 4493 liter
1064 4429 1166 4511 accipi
1189 4438 1292 4512 potest
1308 4431 1348 4492 de
1368 4448 1493 4492 summo
1512 4429 1668 4511 pontifice
1689 4436 1721 4491 et

173 4536 276 4601 facere
302 4535 431 4611 debent,
454 4554 553 4617 quum
580 4534 614 4595 in
639 4532 812 4613 Evangelio
836 4533 920 4595 dicat
976 4548 1051 4609 rege
1075 4548 1131 4592 εεε
1156 4530 1237 4591 duce
1260 4527 1425 4591 israelitici
1451 4528 1573 4610 populi.
1590 4528 1668 4590 Nam
1688 4535 1722 4590 et

49 4642 157 4699 tantas.
172 4634 318 4699 Salvator
342 4652 350 4695 :
373 4632 515 4695 Mutuum
539 4634 622 4709 date,
650 4632 731 4695 nihil
757 4631 833 4693 inde
852 4649 920 4714 spe-
974 4628 1089 4690 Paulus
1110 4626 1289 4690 indolibus
1307 4627 1448 4709 applicat
1469 4626 1554 4690 istud
1574 4628 1613 4689 ad
1634 4626 1719 4710 prin·
1733 4647 1865 4703 nasama.

171 4742 288 4797 rantes.
311 4732 408 4795 Porro
430 4749 488 4814 pro
503 4749 541 4794 eo
563 4731 648 4813 quod
671 4731 767 4793 habet
789 4729 919 4791 transla-
975 4727 1078 4808 cipem
1096 4727 1305 4789 sacerdotum.
1323 4725 1465 4807 Denique
1480 4728 1565 4806 quod
1581 4726 1635 4803 ait,
1653 4725 1718 4787 Diis

172 4830 214 4893 tio
238 4837 362 4906 nostra,
388 4829 451 4892 Nec
473 4828 580 4891 usuris
599 4828 761 4911 opprimes
783 4846 866 4903 eum,
886 4826 919 4887 in
975 4844 1038 4889 non
1062 4825 1219 4901 detrahes,
1238 4824 1412 4887 secundum
1428 4824 1652 4905 Augustinum,
1670 4824 1719 4885 in-

171 4928 302 4992 Hebraeo
325 4928 517 5005 (secundum
539 4927 668 5009 Lyram)
689 4926 834 5004 habetur,
857 4925 919 4988 Nec
976 4924 1076 5005 telligi
1098 4931 1203 5005 potest
1218 4923 1314 4986 etiam
1330 4924 1369 4985 de
1391 4921 1514 4985 Sanctis
1537 4922 1571 4983 in
1591 4922 1671 4985 coelo
1687 4930 1719 4984 et

170 5045 313 5089 morsum
337 5042 438 5107 pones
463 5044 560 5108 supcr
581 5044 666 5088 eum.
689 5025 728 5087 Et
752 5044 808 5107 per
833 5042 918 5087 mor·
974 5022 1097 5101 angelis
1117 5021 1173 5103 qui
1196 5021 1241 5083 dii
1266 5028 1431 5098 vocantur,
1454 5028 1550 5102 atque
1574 5019 1614 5083 de
1638 5019 1719 5082 divi-

170 5144 239 5187 sum
259 5125 450 5205 designatur
470 5142 577 5201 usura,
590 5143 662 5205 qua
677 5124 778 5185 instar
793 5142 919 5206 serpen·
975 5121 1025 5183 nis
1040 5120 1227 5183 hominibus
1243 5118 1296 5201 qui
1314 5119 1347 5181 in
1364 5128 1448 5182 terra
1462 5127 1639 5182 versantur.
1656 5119 1719 5182 Un-

171 5224 210 5285 tis
230 5224 347 5305 pungit
368 5230 514 5303 egentem
533 5240 540 5285 :
559 5223 623 5286 imo
648 5223 917 5305 quemadmodum
973 5220 1013 5283 de
1034 5226 1066 5281 ει
1086 5219 1256 5300 Apostolus
1274 5217 1441 5299 loquitur:
1463 5218 1541 5280 Nam
1561 5218 1623 5280 etsi
1643 5226 1718 5280 sunt
1745 5234 1863 5287 acorna,

170 5340 295 5387 morsus
324 5321 483 5405 serpentis
508 5321 641 5385 silenter
667 5320 854 5399 mordentis,
882 5321 915 5383 in
973 5316 1028 5401 qui
1058 5316 1207 5381 dicantur
1227 5316 1283 5394 dii,
1312 5316 1380 5380 sive
1409 5315 1443 5380 in
1472 5316 1566 5394 coelo,
1593 5316 1661 5380 sive
1682 5316 1716 5381 in
1731 5301 1752 5341 ⁵·
