<?xml version="1.0" encoding="UTF-8"?>
<!DOCTYPE html PUBLIC "-//W3C//DTD XHTML 1.0 Transitional//EN"
    "http://www.w3.org/TR/xhtml1/DTD/xhtml1-transitional.dtd">
<html xmlns="http://www.w3.org/1999/xhtml" xml:lang="en" lang="en">
 <head>
  <title>
</title>
<meta http-equiv="Content-Type" content="text/html;charset=utf-8" />
  <meta name='ocr-system' content='tesseract 3.04.00' />
  <meta name='ocr-capabilities' content='ocr_page ocr_carea ocr_par ocr_line ocrx_word'/>
</head>
<body>
  <div class='ocr_page' id='page_1' title='image "./doctorisecstati00unkngoog_0320.png"; bbox 0 0 4309 6259; ppageno 0'>
   <div class='ocr_carea' id='block_1_1' title="bbox 426 479 1622 543">
    <p class='ocr_par' dir='ltr' id='par_1_1' title="bbox 426 479 1622 543">
     <span class='ocr_line' id='line_1_1' title="bbox 426 479 1622 543; baseline -0.001 0"><span class='ocrx_word' id='word_1_1' title='bbox 426 479 486 542; x_wconf 72' lang='lat' dir='ltr'><em>boo</em></span> <span class='ocrx_word' id='word_1_2' title='bbox 781 495 955 543; x_wconf 72' lang='lat' dir='ltr'><em>armanno</em></span> <span class='ocrx_word' id='word_1_3' title='bbox 976 496 1007 541; x_wconf 78' lang='lat' dir='ltr'><em>ns</em></span> <span class='ocrx_word' id='word_1_4' title='bbox 1028 496 1097 541; x_wconf 76' lang='lat' dir='ltr'><em>aar.</em></span> <span class='ocrx_word' id='word_1_5' title='bbox 1121 495 1176 540; x_wconf 77' lang='grc' dir='ltr'><em>ιιι</em></span> <span class='ocrx_word' id='word_1_6' title='bbox 1195 495 1334 542; x_wconf 80' lang='grc' dir='ltr'>ιιιιιιθι.</span> <span class='ocrx_word' id='word_1_7' title='bbox 1358 514 1399 524; x_wconf 97' lang='grc'><strong>-</strong></span> <span class='ocrx_word' id='word_1_8' title='bbox 1420 496 1491 542; x_wconf 79' lang='lat' dir='ltr'><em>aar.</em></span> <span class='ocrx_word' id='word_1_9' title='bbox 1515 497 1622 543; x_wconf 82' lang='lat' dir='ltr'>xxxvn</span> 
     </span>
    </p>
   </div>
   <div class='ocr_carea' id='block_1_2' title="bbox 421 663 2083 3113">
    <p class='ocr_par' dir='ltr' id='par_1_2' title="bbox 426 663 2083 848">
     <span class='ocr_line' id='line_1_2' title="bbox 426 663 2083 748; baseline -0.004 -18"><span class='ocrx_word' id='word_1_10' title='bbox 426 667 622 732; x_wconf 85' lang='lat' dir='ltr'><em>stellatinnas</em></span> <span class='ocrx_word' id='word_1_11' title='bbox 637 678 669 731; x_wconf 90' lang='lat' dir='ltr'><em>et</em></span> <span class='ocrx_word' id='word_1_12' title='bbox 684 667 825 731; x_wconf 91' lang='lat' dir='ltr'><em>siderum</em></span> <span class='ocrx_word' id='word_1_13' title='bbox 835 665 1087 748; x_wconf 76' lang='lat' dir='ltr'><em>conjunctiones,</em></span> <span class='ocrx_word' id='word_1_14' title='bbox 1097 665 1173 745; x_wconf 93' lang='lat' dir='ltr'><em>quia</em></span> <span class='ocrx_word' id='word_1_15' title='bbox 1188 663 1214 726; x_wconf 86' lang='lat' dir='ltr'><strong>A</strong></span> <span class='ocrx_word' id='word_1_16' title='bbox 1229 669 1335 747; x_wconf 83' lang='lat' dir='ltr'><em>bitque</em></span> <span class='ocrx_word' id='word_1_17' title='bbox 1346 687 1406 744; x_wconf 88' lang='lat' dir='ltr'><em>pro</em></span> <span class='ocrx_word' id='word_1_18' title='bbox 1422 688 1456 727; x_wconf 88' lang='lat' dir='ltr'><em>eo</em></span> <span class='ocrx_word' id='word_1_19' title='bbox 1470 671 1664 737; x_wconf 60' lang='lat' dir='ltr'><em>caradocci</em></span> <span class='ocrx_word' id='word_1_20' title='bbox 1675 686 1735 744; x_wconf 89' lang='lat' dir='ltr'><em>pro</em></span> <span class='ocrx_word' id='word_1_21' title='bbox 1750 666 1974 740; x_wconf 57' lang='lat' dir='ltr'><em>clericerum,</em></span> <span class='ocrx_word' id='word_1_22' title='bbox 2000 685 2008 702; x_wconf 94' lang='lat'><strong>·</strong></span> <span class='ocrx_word' id='word_1_23' title='bbox 2017 689 2083 737; x_wconf 60' lang='lat' dir='ltr'><em>maa</em></span> 
     </span>
     <span class='ocr_line' id='line_1_3' title="bbox 426 755 1990 848; baseline -0.003 -20"><span class='ocrx_word' id='word_1_24' title='bbox 426 767 599 830; x_wconf 88' lang='lat' dir='ltr'><em>credebant</em></span> <span class='ocrx_word' id='word_1_25' title='bbox 613 787 652 830; x_wconf 86' lang='lat' dir='ltr'><em>ex</em></span> <span class='ocrx_word' id='word_1_26' title='bbox 666 767 726 830; x_wconf 87' lang='lat' dir='ltr'><em>boe</em></span> <span class='ocrx_word' id='word_1_27' title='bbox 742 764 1174 848; x_wconf 89' lang='lat' dir='ltr'><em>suaoperaprosperari.llo·</em></span> <span class='ocrx_word' id='word_1_28' title='bbox 1228 788 1336 828; x_wconf 87' lang='lat' dir='ltr'><em>coram</em></span> <span class='ocrx_word' id='word_1_29' title='bbox 1358 765 1627 828; x_wconf 85' lang='lat' dir='ltr'><em>Domino.Drabit</em></span> <span class='ocrx_word' id='word_1_30' title='bbox 1652 765 1738 828; x_wconf 91' lang='lat' dir='ltr'><em>enim</em></span> <span class='ocrx_word' id='word_1_31' title='bbox 1762 773 1798 826; x_wconf 93' lang='lat' dir='ltr'><em>ut</em></span> <span class='ocrx_word' id='word_1_32' title='bbox 1819 755 1990 826; x_wconf 83' lang='lat' dir='ltr'><em>Dominus</em></span> 
     </span>
    </p>

    <p class='ocr_par' dir='ltr' id='par_1_3' title="bbox 428 863 1974 947">
     <span class='ocr_line' id='line_1_4' title="bbox 428 863 1974 947; baseline -0.001 -22"><span class='ocrx_word' id='word_1_33' title='bbox 428 864 488 926; x_wconf 92' lang='lat' dir='ltr'><em>luit</em></span> <span class='ocrx_word' id='word_1_34' title='bbox 503 883 577 945; x_wconf 89' lang='lat' dir='ltr'><em>ergo</em></span> <span class='ocrx_word' id='word_1_35' title='bbox 592 867 674 928; x_wconf 90' lang='lat' dir='ltr'><em>Dens</em></span> <span class='ocrx_word' id='word_1_36' title='bbox 690 885 708 927; x_wconf 92' lang='lat' dir='ltr'><em>a</em></span> <span class='ocrx_word' id='word_1_37' title='bbox 724 865 842 947; x_wconf 90' lang='lat' dir='ltr'><em>populo</em></span> <span class='ocrx_word' id='word_1_38' title='bbox 858 883 915 927; x_wconf 91' lang='lat' dir='ltr'><em>suo</em></span> <span class='ocrx_word' id='word_1_39' title='bbox 936 882 1100 927; x_wconf 83' lang='lat' dir='ltr'><em>removere</em></span> <span class='ocrx_word' id='word_1_40' title='bbox 1116 863 1174 924; x_wconf 90' lang='lat' dir='ltr'><em>hu·</em></span> <span class='ocrx_word' id='word_1_41' title='bbox 1229 865 1298 927; x_wconf 92' lang='lat' dir='ltr'><em>viro</em></span> <span class='ocrx_word' id='word_1_42' title='bbox 1324 865 1477 944; x_wconf 78' lang='lat' dir='ltr'>ignoscat,</span> <span class='ocrx_word' id='word_1_43' title='bbox 1495 873 1526 926; x_wconf 91' lang='lat' dir='ltr'><em>et</em></span> <span class='ocrx_word' id='word_1_44' title='bbox 1552 863 1655 926; x_wconf 83' lang='lat' dir='ltr'>deleat</span> <span class='ocrx_word' id='word_1_45' title='bbox 1681 863 1808 944; x_wconf 89' lang='lat' dir='ltr'><em>culpam</em></span> <span class='ocrx_word' id='word_1_46' title='bbox 1834 863 1916 944; x_wconf 88' lang='lat' dir='ltr'><em>ejus.</em></span> <span class='ocrx_word' id='word_1_47' title='bbox 1934 865 1974 924; x_wconf 87' lang='lat' dir='ltr'><em>Et</em></span> 
     </span>
    </p>

    <p class='ocr_par' dir='ltr' id='par_1_4' title="bbox 427 961 1976 1439">
     <span class='ocr_line' id='line_1_5' title="bbox 427 961 1974 1044; baseline -0.001 -20"><span class='ocrx_word' id='word_1_48' title='bbox 427 963 479 1043; x_wconf 85' lang='lat' dir='ltr'><em>jus</em></span> <span class='ocrx_word' id='word_1_49' title='bbox 494 963 714 1026; x_wconf 83' lang='lat' dir='ltr'><em>credulitatem</em></span> <span class='ocrx_word' id='word_1_50' title='bbox 730 963 891 1039; x_wconf 63' lang='lat' dir='ltr'><em>vanitatis</em></span> <span class='ocrx_word' id='word_1_51' title='bbox 904 972 1055 1044; x_wconf 87' lang='lat' dir='ltr'><em>tanquam</em></span> <span class='ocrx_word' id='word_1_52' title='bbox 1072 961 1174 1024; x_wconf 92' lang='lat' dir='ltr'><em>idolo·</em></span> <span class='ocrx_word' id='word_1_53' title='bbox 1229 967 1498 1043; x_wconf 77' lang='lat' dir='ltr'><em>repropitiabitur</em></span> <span class='ocrx_word' id='word_1_54' title='bbox 1511 965 1552 1036; x_wconf 85' lang='lat' dir='ltr'><em>ei,</em></span> <span class='ocrx_word' id='word_1_55' title='bbox 1561 965 1809 1043; x_wconf 82' lang='lat' dir='ltr'><em>dimitteturque</em></span> <span class='ocrx_word' id='word_1_56' title='bbox 1823 961 1853 1024; x_wconf 92' lang='lat' dir='ltr'><em>ei</em></span> <span class='ocrx_word' id='word_1_57' title='bbox 1867 982 1974 1040; x_wconf 81' lang='lat' dir='ltr'><em>proru-</em></span> 
     </span>
     <span class='ocr_line' id='line_1_6' title="bbox 428 1059 1974 1142; baseline 0 -19"><span class='ocrx_word' id='word_1_58' title='bbox 428 1062 564 1124; x_wconf 89' lang='lat' dir='ltr'><em>latrandi</em></span> <span class='ocrx_word' id='word_1_59' title='bbox 585 1063 735 1138; x_wconf 86' lang='lat' dir='ltr'><em>radicem,</em></span> <span class='ocrx_word' id='word_1_60' title='bbox 753 1081 794 1126; x_wconf 93' lang='lat' dir='ltr'><em>ne</em></span> <span class='ocrx_word' id='word_1_61' title='bbox 816 1062 928 1124; x_wconf 91' lang='lat' dir='ltr'><em>relicto</em></span> <span class='ocrx_word' id='word_1_62' title='bbox 944 1062 998 1124; x_wconf 93' lang='lat' dir='ltr'><em>Dei</em></span> <span class='ocrx_word' id='word_1_63' title='bbox 1014 1061 1116 1137; x_wconf 89' lang='lat' dir='ltr'><em>cultu,</em></span> <span class='ocrx_word' id='word_1_64' title='bbox 1133 1061 1173 1122; x_wconf 91' lang='lat' dir='ltr'><em>ad</em></span> <span class='ocrx_word' id='word_1_65' title='bbox 1231 1073 1383 1132; x_wconf 71' lang='lat' dir='ltr'><em>common</em></span> <span class='ocrx_word' id='word_1_66' title='bbox 1400 1061 1517 1125; x_wconf 87' lang='lat' dir='ltr'><em>virtute</em></span> <span class='ocrx_word' id='word_1_67' title='bbox 1533 1059 1697 1138; x_wconf 78' lang='lat' dir='ltr'><em>sacrificii,</em></span> <span class='ocrx_word' id='word_1_68' title='bbox 1708 1061 1763 1123; x_wconf 94' lang='lat' dir='ltr'><em>sed</em></span> <span class='ocrx_word' id='word_1_69' title='bbox 1779 1059 1804 1121; x_wconf 92' lang='lat' dir='ltr'><em>si</em></span> <span class='ocrx_word' id='word_1_70' title='bbox 1822 1078 1897 1123; x_wconf 92' lang='lat' dir='ltr'><em>vere</em></span> <span class='ocrx_word' id='word_1_71' title='bbox 1913 1079 1974 1142; x_wconf 70' lang='lat' dir='ltr'><em>pm</em></span> 
     </span>
     <span class='ocr_line' id='line_1_7' title="bbox 428 1158 1975 1242; baseline -0.001 -21"><span class='ocrx_word' id='word_1_72' title='bbox 428 1160 591 1222; x_wconf 91' lang='lat' dir='ltr'><em>stellarum</em></span> <span class='ocrx_word' id='word_1_73' title='bbox 616 1161 747 1224; x_wconf 90' lang='lat' dir='ltr'><em>servitia</em></span> <span class='ocrx_word' id='word_1_74' title='bbox 772 1161 960 1223; x_wconf 78' lang='lat' dir='ltr'><em>traheretur.</em></span> <span class='ocrx_word' id='word_1_75' title='bbox 977 1160 1047 1222; x_wconf 76' lang='lat' dir='ltr'><em>illia</em></span> <span class='ocrx_word' id='word_1_76' title='bbox 1074 1159 1175 1221; x_wconf 87' lang='lat' dir='ltr'><em>multa</em></span> <span class='ocrx_word' id='word_1_77' title='bbox 1230 1160 1339 1236; x_wconf 87' lang='lat' dir='ltr'><em>niteat,</em></span> <span class='ocrx_word' id='word_1_78' title='bbox 1350 1168 1381 1222; x_wconf 90' lang='lat' dir='ltr'><em>et</em></span> <span class='ocrx_word' id='word_1_79' title='bbox 1397 1160 1430 1221; x_wconf 94' lang='lat' dir='ltr'><em>in</em></span> <span class='ocrx_word' id='word_1_80' title='bbox 1441 1169 1596 1242; x_wconf 87' lang='lat' dir='ltr'><em>qnantum</em></span> <span class='ocrx_word' id='word_1_81' title='bbox 1612 1179 1650 1222; x_wconf 87' lang='lat' dir='ltr'><em>ex</em></span> <span class='ocrx_word' id='word_1_82' title='bbox 1667 1159 1732 1221; x_wconf 88' lang='lat' dir='ltr'><em>lide</em></span> <span class='ocrx_word' id='word_1_83' title='bbox 1746 1165 1778 1221; x_wconf 84' lang='lat' dir='ltr'><em>et</em></span> <span class='ocrx_word' id='word_1_84' title='bbox 1794 1158 1975 1222; x_wconf 81' lang='lat' dir='ltr'><em>obedientia</em></span> 
     </span>
     <span class='ocr_line' id='line_1_8' title="bbox 428 1257 1973 1340; baseline 0 -21"><span class='ocrx_word' id='word_1_85' title='bbox 428 1259 541 1321; x_wconf 80' lang='lat' dir='ltr'><em>scribit</em></span> <span class='ocrx_word' id='word_1_86' title='bbox 565 1259 715 1340; x_wconf 81' lang='lat' dir='ltr'><em>praelatus</em></span> <span class='ocrx_word' id='word_1_87' title='bbox 741 1260 861 1334; x_wconf 88' lang='lat' dir='ltr'><em>doctor,</em></span> <span class='ocrx_word' id='word_1_88' title='bbox 879 1267 912 1321; x_wconf 93' lang='lat' dir='ltr'><em>et</em></span> <span class='ocrx_word' id='word_1_89' title='bbox 933 1258 1110 1321; x_wconf 78' lang='lat' dir='ltr'><em>Alexander</em></span> <span class='ocrx_word' id='word_1_90' title='bbox 1135 1257 1175 1318; x_wconf 91' lang='lat' dir='ltr'><em>de</em></span> <span class='ocrx_word' id='word_1_91' title='bbox 1229 1259 1291 1322; x_wconf 88' lang='lat' dir='ltr'><em>tale</em></span> <span class='ocrx_word' id='word_1_92' title='bbox 1316 1259 1513 1322; x_wconf 82' lang='lat' dir='ltr'><em>sacrificium</em></span> <span class='ocrx_word' id='word_1_93' title='bbox 1538 1257 1647 1322; x_wconf 86' lang='lat' dir='ltr'><em>oilert.</em></span> <span class='ocrx_word' id='word_1_94' title='bbox 1665 1257 1776 1320; x_wconf 83' lang='lat' dir='ltr'><em>Mulier</em></span> <span class='ocrx_word' id='word_1_95' title='bbox 1793 1276 1880 1332; x_wconf 88' lang='lat' dir='ltr'><em>vero,</em></span> <span class='ocrx_word' id='word_1_96' title='bbox 1900 1257 1973 1338; x_wconf 90' lang='lat' dir='ltr'><em>qnia</em></span> 
     </span>
     <span class='ocr_line' id='line_1_9' title="bbox 428 1355 1976 1439; baseline 0 -21"><span class='ocrx_word' id='word_1_97' title='bbox 428 1357 575 1434; x_wconf 87' lang='lat' dir='ltr'><em>Hales,da</em></span> <span class='ocrx_word' id='word_1_98' title='bbox 592 1358 724 1421; x_wconf 90' lang='lat' dir='ltr'><em>istorum</em></span> <span class='ocrx_word' id='word_1_99' title='bbox 741 1357 918 1421; x_wconf 88' lang='lat' dir='ltr'><em>rationibus</em></span> <span class='ocrx_word' id='word_1_100' title='bbox 930 1365 1172 1438; x_wconf 78' lang='lat' dir='ltr'><em>preceptorum,</em></span> <span class='ocrx_word' id='word_1_101' title='bbox 1229 1357 1346 1420; x_wconf 87' lang='lat' dir='ltr'><em>ancilla</em></span> <span class='ocrx_word' id='word_1_102' title='bbox 1362 1357 1433 1432; x_wconf 92' lang='lat' dir='ltr'><em>init,</em></span> <span class='ocrx_word' id='word_1_103' title='bbox 1452 1377 1510 1420; x_wconf 89' lang='lat' dir='ltr'><em>nec</em></span> <span class='ocrx_word' id='word_1_104' title='bbox 1526 1357 1655 1439; x_wconf 87' lang='lat' dir='ltr'><em>propria</em></span> <span class='ocrx_word' id='word_1_105' title='bbox 1670 1355 1802 1434; x_wconf 90' lang='lat' dir='ltr'><em>habens,</em></span> <span class='ocrx_word' id='word_1_106' title='bbox 1816 1375 1881 1419; x_wconf 94' lang='lat' dir='ltr'><em>non</em></span> <span class='ocrx_word' id='word_1_107' title='bbox 1898 1356 1976 1418; x_wconf 80' lang='lat' dir='ltr'><em>olle</em></span> 
     </span>
    </p>

    <p class='ocr_par' dir='ltr' id='par_1_5' title="bbox 428 1455 1330 1538">
     <span class='ocr_line' id='line_1_10' title="bbox 428 1455 1330 1538; baseline -0.002 -20"><span class='ocrx_word' id='word_1_108' title='bbox 428 1475 501 1538; x_wconf 72' lang='lat' dir='ltr'><em>quaa</em></span> <span class='ocrx_word' id='word_1_109' title='bbox 515 1455 662 1519; x_wconf 84' lang='lat' dir='ltr'><em>brevitati</em></span> <span class='ocrx_word' id='word_1_110' title='bbox 679 1458 811 1519; x_wconf 87' lang='lat' dir='ltr'><em>studens</em></span> <span class='ocrx_word' id='word_1_111' title='bbox 827 1456 965 1519; x_wconf 87' lang='lat' dir='ltr'><em>dimitto.</em></span> <span class='ocrx_word' id='word_1_112' title='bbox 1231 1457 1330 1519; x_wconf 88' lang='lat' dir='ltr'><em>rebat.</em></span> 
     </span>
    </p>

    <p class='ocr_par' dir='ltr' id='par_1_6' title="bbox 421 1551 1976 3113">
     <span class='ocr_line' id='line_1_11' title="bbox 462 1551 1976 1638; baseline -0.001 -22"><span class='ocrx_word' id='word_1_113' title='bbox 462 1554 591 1631; x_wconf 85' lang='lat' dir='ltr'><em>Verum,</em></span> <span class='ocrx_word' id='word_1_114' title='bbox 603 1564 638 1616; x_wconf 89' lang='lat' dir='ltr'><em>ut</em></span> <span class='ocrx_word' id='word_1_115' title='bbox 651 1555 806 1638; x_wconf 89' lang='lat' dir='ltr'><em>losepbns</em></span> <span class='ocrx_word' id='word_1_116' title='bbox 821 1554 944 1630; x_wconf 88' lang='lat' dir='ltr'><em>scribit,</em></span> <span class='ocrx_word' id='word_1_117' title='bbox 955 1553 1053 1616; x_wconf 89' lang='lat' dir='ltr'><em>vestis</em></span> <span class='ocrx_word' id='word_1_118' title='bbox 1068 1572 1106 1616; x_wconf 84' lang='lat' dir='ltr'><em>ex</em></span> <span class='ocrx_word' id='word_1_119' title='bbox 1122 1551 1176 1614; x_wconf 89' lang='lat' dir='ltr'><em>du·</em></span> <span class='ocrx_word' id='word_1_120' title='bbox 1265 1555 1413 1636; x_wconf 86' lang='lat' dir='ltr'><em>Sequitur</em></span> <span class='ocrx_word' id='word_1_121' title='bbox 1430 1552 1622 1636; x_wconf 63' lang='lat' dir='ltr'><em>praeceptum</em></span> <span class='ocrx_word' id='word_1_122' title='bbox 1633 1553 1845 1618; x_wconf 79' lang='lat' dir='ltr'><em>observantia</em></span> <span class='ocrx_word' id='word_1_123' title='bbox 1862 1551 1976 1635; x_wconf 85' lang='lat' dir='ltr'><em>specia-</em></span> 
     </span>
     <span class='ocr_line' id='line_1_12' title="bbox 429 1651 1976 1734; baseline 0 -20"><span class='ocrx_word' id='word_1_124' title='bbox 429 1651 509 1714; x_wconf 92' lang='lat' dir='ltr'><em>obus</em></span> <span class='ocrx_word' id='word_1_125' title='bbox 525 1661 619 1729; x_wconf 83' lang='lat' dir='ltr'><em>texta,</em></span> <span class='ocrx_word' id='word_1_126' title='bbox 632 1651 695 1714; x_wconf 89' lang='lat' dir='ltr'><em>luit</em></span> <span class='ocrx_word' id='word_1_127' title='bbox 709 1653 873 1716; x_wconf 80' lang='lat' dir='ltr'><em>conimuni</em></span> <span class='ocrx_word' id='word_1_128' title='bbox 890 1652 976 1734; x_wconf 89' lang='lat' dir='ltr'><em>plebi</em></span> <span class='ocrx_word' id='word_1_129' title='bbox 992 1651 1152 1734; x_wconf 89' lang='lat' dir='ltr'><em>prohibita</em></span> <span class='ocrx_word' id='word_1_130' title='bbox 1166 1667 1172 1712; x_wconf 93' lang='lat'><strong>:</strong></span> <span class='ocrx_word' id='word_1_131' title='bbox 1231 1653 1282 1715; x_wconf 92' lang='lat' dir='ltr'><em>lis.</em></span> <span class='ocrx_word' id='word_1_132' title='bbox 1296 1658 1431 1723; x_wconf 77' lang='lat' dir='ltr'><em>Quando</em></span> <span class='ocrx_word' id='word_1_133' title='bbox 1455 1656 1591 1730; x_wconf 79' lang='lat' dir='ltr'><em>inpressi</em></span> <span class='ocrx_word' id='word_1_134' title='bbox 1612 1654 1744 1731; x_wconf 78' lang='lat' dir='ltr'><em>suerit-is</em></span> <span class='ocrx_word' id='word_1_135' title='bbox 1768 1663 1888 1714; x_wconf 81' lang='lat' dir='ltr'><em>terram</em></span> <span class='ocrx_word' id='word_1_136' title='bbox 1903 1651 1976 1714; x_wconf 84' lang='lat' dir='ltr'><em>Cha·</em></span> 
     </span>
     <span class='ocr_line' id='line_1_13' title="bbox 430 1750 1974 1832; baseline -0.001 -19"><span class='ocrx_word' id='word_1_137' title='bbox 430 1751 506 1832; x_wconf 89' lang='lat' dir='ltr'><em>quia</em></span> <span class='ocrx_word' id='word_1_138' title='bbox 524 1752 558 1814; x_wconf 94' lang='lat' dir='ltr'><em>in</em></span> <span class='ocrx_word' id='word_1_139' title='bbox 578 1751 721 1814; x_wconf 88' lang='lat' dir='ltr'><em>vestibus</em></span> <span class='ocrx_word' id='word_1_140' title='bbox 741 1753 840 1814; x_wconf 89' lang='lat' dir='ltr'><em>sacris</em></span> <span class='ocrx_word' id='word_1_141' title='bbox 861 1752 978 1814; x_wconf 90' lang='lat' dir='ltr'><em>summi</em></span> <span class='ocrx_word' id='word_1_142' title='bbox 1002 1750 1175 1813; x_wconf 89' lang='lat' dir='ltr'><em>sacerdotis</em></span> <span class='ocrx_word' id='word_1_143' title='bbox 1233 1763 1360 1828; x_wconf 84' lang='lat' dir='ltr'><em>naan‚et</em></span> <span class='ocrx_word' id='word_1_144' title='bbox 1367 1755 1600 1830; x_wconf 67' lang='lat' dir='ltr'><em>plantaveritis</em></span> <span class='ocrx_word' id='word_1_145' title='bbox 1610 1755 1647 1812; x_wconf 81' lang='lat' dir='ltr'><em>in</em></span> <span class='ocrx_word' id='word_1_146' title='bbox 1657 1773 1694 1812; x_wconf 86' lang='lat' dir='ltr'><em>eu</em></span> <span class='ocrx_word' id='word_1_147' title='bbox 1706 1753 1797 1828; x_wconf 81' lang='lat' dir='ltr'><em>tipna</em></span> <span class='ocrx_word' id='word_1_148' title='bbox 1803 1753 1974 1829; x_wconf 70' lang='lat' dir='ltr'><em>pomiflua.</em></span> 
     </span>
     <span class='ocr_line' id='line_1_14' title="bbox 429 1849 1975 1930; baseline -0.001 -18"><span class='ocrx_word' id='word_1_149' title='bbox 429 1858 462 1912; x_wconf 88' lang='lat' dir='ltr'><em>at</em></span> <span class='ocrx_word' id='word_1_150' title='bbox 476 1851 672 1913; x_wconf 87' lang='lat' dir='ltr'><em>ornamentis</em></span> <span class='ocrx_word' id='word_1_151' title='bbox 689 1849 894 1925; x_wconf 85' lang='lat' dir='ltr'><em>tabernaculi,</em></span> <span class='ocrx_word' id='word_1_152' title='bbox 908 1858 997 1912; x_wconf 87' lang='lat' dir='ltr'><em>erant</em></span> <span class='ocrx_word' id='word_1_153' title='bbox 1013 1850 1176 1930; x_wconf 81' lang='lat' dir='ltr'><em>hujusme</em></span> <span class='ocrx_word' id='word_1_154' title='bbox 1194 1849 1218 1911; x_wconf 90' lang='lat' dir='ltr'><strong>B</strong></span> <span class='ocrx_word' id='word_1_155' title='bbox 1233 1851 1264 1913; x_wconf 94' lang='lat' dir='ltr'><em>id</em></span> <span class='ocrx_word' id='word_1_156' title='bbox 1280 1859 1328 1914; x_wconf 93' lang='lat' dir='ltr'><em>est</em></span> <span class='ocrx_word' id='word_1_157' title='bbox 1343 1852 1473 1913; x_wconf 90' lang='lat' dir='ltr'><em>arbusta</em></span> <span class='ocrx_word' id='word_1_158' title='bbox 1487 1850 1627 1913; x_wconf 84' lang='lat' dir='ltr'><em>recentia</em></span> <span class='ocrx_word' id='word_1_159' title='bbox 1646 1858 1678 1913; x_wconf 91' lang='lat' dir='ltr'><em>et</em></span> <span class='ocrx_word' id='word_1_160' title='bbox 1698 1849 1847 1926; x_wconf 88' lang='lat' dir='ltr'><em>secunda,</em></span> <span class='ocrx_word' id='word_1_161' title='bbox 1865 1859 1901 1912; x_wconf 89' lang='lat' dir='ltr'><em>ut</em></span> <span class='ocrx_word' id='word_1_162' title='bbox 1921 1868 1975 1930; x_wconf 90' lang='lat' dir='ltr'><em>per</em></span> 
     </span>
     <span class='ocr_line' id='line_1_15' title="bbox 430 1947 1975 2032; baseline -0.001 -20"><span class='ocrx_word' id='word_1_163' title='bbox 430 1949 463 2012; x_wconf 94' lang='lat' dir='ltr'><em>di</em></span> <span class='ocrx_word' id='word_1_164' title='bbox 489 1950 667 2026; x_wconf 89' lang='lat' dir='ltr'><em>varietates,</em></span> <span class='ocrx_word' id='word_1_165' title='bbox 692 1949 809 2032; x_wconf 89' lang='lat' dir='ltr'><em>quibus</em></span> <span class='ocrx_word' id='word_1_166' title='bbox 833 1949 890 2012; x_wconf 93' lang='lat' dir='ltr'><em>alii</em></span> <span class='ocrx_word' id='word_1_167' title='bbox 915 1947 1116 2012; x_wconf 80' lang='lat' dir='ltr'><em>conformare</em></span> <span class='ocrx_word' id='word_1_168' title='bbox 1142 1966 1175 2010; x_wconf 93' lang='lat' dir='ltr'><em>se</em></span> <span class='ocrx_word' id='word_1_169' title='bbox 1232 1949 1318 2030; x_wconf 90' lang='lat' dir='ltr'><em>ligna</em></span> <span class='ocrx_word' id='word_1_170' title='bbox 1342 1949 1501 2030; x_wconf 86' lang='lat' dir='ltr'><em>pomifera</em></span> <span class='ocrx_word' id='word_1_171' title='bbox 1526 1949 1745 2030; x_wconf 81' lang='lat' dir='ltr'><em>intelligantur</em></span> <span class='ocrx_word' id='word_1_172' title='bbox 1767 1967 1975 2031; x_wconf 77' lang='lat' dir='ltr'><em>quacumque</em></span> 
     </span>
     <span class='ocr_line' id='line_1_16' title="bbox 431 2045 1976 2130; baseline -0.001 -20"><span class='ocrx_word' id='word_1_173' title='bbox 431 2067 494 2111; x_wconf 95' lang='lat' dir='ltr'><em>non</em></span> <span class='ocrx_word' id='word_1_174' title='bbox 510 2049 700 2111; x_wconf 91' lang='lat' dir='ltr'><em>debuerunt.</em></span> <span class='ocrx_word' id='word_1_175' title='bbox 717 2048 862 2130; x_wconf 81' lang='lat' dir='ltr'><em>Magister</em></span> <span class='ocrx_word' id='word_1_176' title='bbox 877 2066 1005 2129; x_wconf 89' lang='lat' dir='ltr'><em>qnoque</em></span> <span class='ocrx_word' id='word_1_177' title='bbox 1025 2047 1058 2108; x_wconf 93' lang='lat' dir='ltr'><em>in</em></span> <span class='ocrx_word' id='word_1_178' title='bbox 1079 2047 1176 2108; x_wconf 79' lang='lat' dir='ltr'><em>histo</em></span> <span class='ocrx_word' id='word_1_179' title='bbox 1230 2047 1359 2109; x_wconf 88' lang='lat' dir='ltr'><em>arbusta</em></span> <span class='ocrx_word' id='word_1_180' title='bbox 1379 2046 1523 2110; x_wconf 86' lang='lat' dir='ltr'><em>esibilem</em></span> <span class='ocrx_word' id='word_1_181' title='bbox 1545 2045 1686 2109; x_wconf 84' lang='lat' dir='ltr'><em>fructum</em></span> <span class='ocrx_word' id='word_1_182' title='bbox 1709 2046 1879 2127; x_wconf 86' lang='lat' dir='ltr'><em>portantia.</em></span> <span class='ocrx_word' id='word_1_183' title='bbox 1898 2046 1976 2108; x_wconf 86' lang='lat' dir='ltr'><em>Raro</em></span> 
     </span>
     <span class='ocr_line' id='line_1_17' title="bbox 430 2142 1976 2229; baseline -0.001 -21"><span class='ocrx_word' id='word_1_184' title='bbox 430 2147 487 2209; x_wconf 91' lang='lat' dir='ltr'><em>riis</em></span> <span class='ocrx_word' id='word_1_185' title='bbox 501 2146 562 2209; x_wconf 89' lang='lat' dir='ltr'><em>ait:</em></span> <span class='ocrx_word' id='word_1_186' title='bbox 576 2147 608 2209; x_wconf 95' lang='lat' dir='ltr'><em>ln</em></span> <span class='ocrx_word' id='word_1_187' title='bbox 620 2147 670 2208; x_wconf 92' lang='lat' dir='ltr'><em>bis</em></span> <span class='ocrx_word' id='word_1_188' title='bbox 684 2147 852 2229; x_wconf 75' lang='lat' dir='ltr'><em>preceptis</em></span> <span class='ocrx_word' id='word_1_189' title='bbox 867 2145 1173 2226; x_wconf 88' lang='lat' dir='ltr'><em>subintelligendum</em></span> <span class='ocrx_word' id='word_1_190' title='bbox 1229 2153 1335 2207; x_wconf 92' lang='lat' dir='ltr'><em>antem</em></span> <span class='ocrx_word' id='word_1_191' title='bbox 1346 2144 1512 2224; x_wconf 88' lang='lat' dir='ltr'><em>contingit,</em></span> <span class='ocrx_word' id='word_1_192' title='bbox 1523 2144 1608 2225; x_wconf 90' lang='lat' dir='ltr'><em>quod</em></span> <span class='ocrx_word' id='word_1_193' title='bbox 1623 2163 1695 2207; x_wconf 90' lang='lat' dir='ltr'><em>ossa</em></span> <span class='ocrx_word' id='word_1_194' title='bbox 1709 2142 1872 2206; x_wconf 81' lang='lat' dir='ltr'><em>fructuum</em></span> <span class='ocrx_word' id='word_1_195' title='bbox 1889 2144 1976 2206; x_wconf 86' lang='lat' dir='ltr'><em>arbo</em></span> 
     </span>
     <span class='ocr_line' id='line_1_18' title="bbox 428 2241 1975 2329; baseline -0.002 -22"><span class='ocrx_word' id='word_1_196' title='bbox 428 2253 488 2322; x_wconf 92' lang='lat' dir='ltr'><em>ast,</em></span> <span class='ocrx_word' id='word_1_197' title='bbox 500 2254 534 2306; x_wconf 90' lang='lat' dir='ltr'><em>ut</em></span> <span class='ocrx_word' id='word_1_198' title='bbox 551 2246 688 2329; x_wconf 91' lang='lat' dir='ltr'><em>populns</em></span> <span class='ocrx_word' id='word_1_199' title='bbox 703 2245 796 2307; x_wconf 88' lang='lat' dir='ltr'><em>lsrael</em></span> <span class='ocrx_word' id='word_1_200' title='bbox 813 2245 890 2306; x_wconf 89' lang='lat' dir='ltr'><em>talia</em></span> <span class='ocrx_word' id='word_1_201' title='bbox 906 2264 970 2308; x_wconf 94' lang='lat' dir='ltr'><em>non</em></span> <span class='ocrx_word' id='word_1_202' title='bbox 986 2253 1104 2323; x_wconf 89' lang='lat' dir='ltr'><em>ageret,</em></span> <span class='ocrx_word' id='word_1_203' title='bbox 1116 2263 1174 2306; x_wconf 87' lang='lat' dir='ltr'><em>nac</em></span> <span class='ocrx_word' id='word_1_204' title='bbox 1231 2243 1285 2316; x_wconf 86' lang='lat' dir='ltr'><em>ris,</em></span> <span class='ocrx_word' id='word_1_205' title='bbox 1304 2243 1354 2304; x_wconf 89' lang='lat' dir='ltr'><em>vel</em></span> <span class='ocrx_word' id='word_1_206' title='bbox 1376 2241 1507 2304; x_wconf 87' lang='lat' dir='ltr'><em>latentia</em></span> <span class='ocrx_word' id='word_1_207' title='bbox 1526 2241 1648 2304; x_wconf 88' lang='lat' dir='ltr'><em>semina</em></span> <span class='ocrx_word' id='word_1_208' title='bbox 1669 2241 1879 2317; x_wconf 90' lang='lat' dir='ltr'><em>seminentur,</em></span> <span class='ocrx_word' id='word_1_209' title='bbox 1902 2260 1975 2323; x_wconf 85' lang='lat' dir='ltr'><em>quo</em></span> 
     </span>
     <span class='ocr_line' id='line_1_19' title="bbox 428 2339 1974 2424; baseline -0.002 -21"><span class='ocrx_word' id='word_1_210' title='bbox 428 2342 561 2406; x_wconf 88' lang='lat' dir='ltr'><em>haberet</em></span> <span class='ocrx_word' id='word_1_211' title='bbox 576 2345 749 2407; x_wconf 90' lang='lat' dir='ltr'><em>secundnm</em></span> <span class='ocrx_word' id='word_1_212' title='bbox 763 2344 858 2405; x_wconf 88' lang='lat' dir='ltr'><em>ritum</em></span> <span class='ocrx_word' id='word_1_213' title='bbox 869 2343 1050 2424; x_wconf 86' lang='lat' dir='ltr'><em>gentilium,</em></span> <span class='ocrx_word' id='word_1_214' title='bbox 1060 2352 1092 2405; x_wconf 90' lang='lat' dir='ltr'><em>et</em></span> <span class='ocrx_word' id='word_1_215' title='bbox 1109 2362 1174 2404; x_wconf 88' lang='lat' dir='ltr'><em>ma·</em></span> <span class='ocrx_word' id='word_1_216' title='bbox 1231 2340 1316 2403; x_wconf 91' lang='lat' dir='ltr'><em>niam</em></span> <span class='ocrx_word' id='word_1_217' title='bbox 1343 2340 1464 2402; x_wconf 89' lang='lat' dir='ltr'><em>tardius</em></span> <span class='ocrx_word' id='word_1_218' title='bbox 1490 2339 1612 2403; x_wconf 82' lang='lat' dir='ltr'><em>[errent</em></span> <span class='ocrx_word' id='word_1_219' title='bbox 1636 2339 1787 2402; x_wconf 82' lang='lat' dir='ltr'><em>fructum.</em></span> <span class='ocrx_word' id='word_1_220' title='bbox 1810 2343 1974 2418; x_wconf 65' lang='lat' dir='ltr'><em>Auferens</em></span> 
     </span>
     <span class='ocr_line' id='line_1_20' title="bbox 429 2437 1975 2524; baseline -0.001 -22"><span class='ocrx_word' id='word_1_221' title='bbox 429 2441 935 2524; x_wconf 79' lang='lat' dir='ltr'><em>ximeAEgyptiornm,interquos</em></span> <span class='ocrx_word' id='word_1_222' title='bbox 947 2440 1073 2503; x_wconf 86' lang='lat' dir='ltr'><em>inerant</em></span> <span class='ocrx_word' id='word_1_223' title='bbox 1089 2459 1175 2504; x_wconf 88' lang='lat' dir='ltr'><em>com·</em></span> <span class='ocrx_word' id='word_1_224' title='bbox 1225 2442 1392 2518; x_wconf 60' lang='lat' dir='ltr'><em>praeputia</em></span> <span class='ocrx_word' id='word_1_225' title='bbox 1406 2459 1527 2512; x_wconf 86' lang='lat' dir='ltr'><em>eorum,</em></span> <span class='ocrx_word' id='word_1_226' title='bbox 1545 2439 1577 2500; x_wconf 93' lang='lat' dir='ltr'><em>id</em></span> <span class='ocrx_word' id='word_1_227' title='bbox 1599 2448 1647 2501; x_wconf 90' lang='lat' dir='ltr'><em>cst</em></span> <span class='ocrx_word' id='word_1_228' title='bbox 1667 2439 1787 2521; x_wconf 93' lang='lat' dir='ltr'><em>primos</em></span> <span class='ocrx_word' id='word_1_229' title='bbox 1806 2437 1904 2502; x_wconf 91' lang='lat' dir='ltr'><em>slores</em></span> <span class='ocrx_word' id='word_1_230' title='bbox 1922 2457 1975 2502; x_wconf 88' lang='lat' dir='ltr'><em>sen</em></span> 
     </span>
     <span class='ocr_line' id='line_1_21' title="bbox 428 2537 1976 2619; baseline -0.001 -19"><span class='ocrx_word' id='word_1_231' title='bbox 428 2539 637 2601; x_wconf 85' lang='lat' dir='ltr'><em>moratiNam</em></span> <span class='ocrx_word' id='word_1_232' title='bbox 651 2548 683 2601; x_wconf 92' lang='lat' dir='ltr'><em>et</em></span> <span class='ocrx_word' id='word_1_233' title='bbox 693 2538 841 2602; x_wconf 89' lang='lat' dir='ltr'><em>Salomon</em></span> <span class='ocrx_word' id='word_1_234' title='bbox 857 2539 952 2602; x_wconf 90' lang='lat' dir='ltr'><em>tertio</em></span> <span class='ocrx_word' id='word_1_235' title='bbox 963 2539 1083 2618; x_wconf 84' lang='lat' dir='ltr'><em>Regum</em></span> <span class='ocrx_word' id='word_1_236' title='bbox 1099 2537 1173 2600; x_wconf 88' lang='lat' dir='ltr'><em>talia</em></span> <span class='ocrx_word' id='word_1_237' title='bbox 1229 2555 1381 2617; x_wconf 87' lang='lat' dir='ltr'><em>gemmas,</em></span> <span class='ocrx_word' id='word_1_238' title='bbox 1393 2557 1432 2600; x_wconf 89' lang='lat' dir='ltr'><em>ne</em></span> <span class='ocrx_word' id='word_1_239' title='bbox 1448 2547 1617 2619; x_wconf 89' lang='lat' dir='ltr'><em>erumpant</em></span> <span class='ocrx_word' id='word_1_240' title='bbox 1633 2537 1666 2598; x_wconf 95' lang='lat' dir='ltr'><em>in</em></span> <span class='ocrx_word' id='word_1_241' title='bbox 1682 2537 1831 2600; x_wconf 88' lang='lat' dir='ltr'><em>lructnm.</em></span> <span class='ocrx_word' id='word_1_242' title='bbox 1843 2537 1895 2600; x_wconf 89' lang='lat' dir='ltr'><em>Sic</em></span> <span class='ocrx_word' id='word_1_243' title='bbox 1911 2538 1976 2618; x_wconf 91' lang='lat' dir='ltr'><em>qni·</em></span> 
     </span>
     <span class='ocr_line' id='line_1_22' title="bbox 427 2635 1975 2718; baseline -0.002 -19"><span class='ocrx_word' id='word_1_244' title='bbox 427 2637 527 2699; x_wconf 86' lang='lat' dir='ltr'><em>multa</em></span> <span class='ocrx_word' id='word_1_245' title='bbox 542 2637 658 2716; x_wconf 88' lang='lat' dir='ltr'><em>legitur</em></span> <span class='ocrx_word' id='word_1_246' title='bbox 672 2636 831 2699; x_wconf 86' lang='lat' dir='ltr'><em>babuisse.</em></span> <span class='ocrx_word' id='word_1_247' title='bbox 850 2637 909 2699; x_wconf 89' lang='lat' dir='ltr'><em>Sed</em></span> <span class='ocrx_word' id='word_1_248' title='bbox 925 2636 1089 2718; x_wconf 75' lang='lat' dir='ltr'><em>AEgyptins</em></span> <span class='ocrx_word' id='word_1_249' title='bbox 1105 2654 1172 2698; x_wconf 93' lang='lat' dir='ltr'><em>om·</em></span> <span class='ocrx_word' id='word_1_250' title='bbox 1230 2637 1302 2698; x_wconf 89' lang='lat' dir='ltr'><em>dam</em></span> <span class='ocrx_word' id='word_1_251' title='bbox 1315 2645 1486 2716; x_wconf 85' lang='lat' dir='ltr'><em>exponunt.</em></span> <span class='ocrx_word' id='word_1_252' title='bbox 1494 2636 1550 2698; x_wconf 88' lang='lat' dir='ltr'><em>Cui</em></span> <span class='ocrx_word' id='word_1_253' title='bbox 1566 2635 1756 2717; x_wconf 84' lang='lat' dir='ltr'><em>expositioni</em></span> <span class='ocrx_word' id='word_1_254' title='bbox 1774 2655 1837 2699; x_wconf 93' lang='lat' dir='ltr'><em>non</em></span> <span class='ocrx_word' id='word_1_255' title='bbox 1850 2636 1975 2699; x_wconf 85' lang='lat' dir='ltr'><em>videtur</em></span> 
     </span>
     <span class='ocr_line' id='line_1_23' title="bbox 425 2733 1976 2817; baseline 0.001 -23"><span class='ocrx_word' id='word_1_256' title='bbox 425 2735 576 2814; x_wconf 88' lang='lat' dir='ltr'><em>nigenum</em></span> <span class='ocrx_word' id='word_1_257' title='bbox 606 2753 761 2797; x_wconf 91' lang='lat' dir='ltr'><em>venerans</em></span> <span class='ocrx_word' id='word_1_258' title='bbox 791 2743 933 2797; x_wconf 91' lang='lat' dir='ltr'><em>monstra</em></span> <span class='ocrx_word' id='word_1_259' title='bbox 963 2735 1108 2810; x_wconf 90' lang='lat' dir='ltr'><em>deorum,</em></span> <span class='ocrx_word' id='word_1_260' title='bbox 1140 2733 1172 2794; x_wconf 94' lang='lat' dir='ltr'><em>in</em></span> <span class='ocrx_word' id='word_1_261' title='bbox 1229 2753 1405 2798; x_wconf 88' lang='lat' dir='ltr'><em>consonare</em></span> <span class='ocrx_word' id='word_1_262' title='bbox 1420 2736 1506 2817; x_wconf 91' lang='lat' dir='ltr'><em>quod</em></span> <span class='ocrx_word' id='word_1_263' title='bbox 1524 2735 1670 2797; x_wconf 88' lang='lat' dir='ltr'><em>subditur</em></span> <span class='ocrx_word' id='word_1_264' title='bbox 1683 2753 1690 2796; x_wconf 91' lang='lat'>:</span> <span class='ocrx_word' id='word_1_265' title='bbox 1703 2739 1806 2797; x_wconf 86' lang='lat' dir='ltr'><em>Poma</em></span> <span class='ocrx_word' id='word_1_266' title='bbox 1821 2757 1894 2816; x_wconf 83' lang='lat' dir='ltr'><em>quae</em></span> <span class='ocrx_word' id='word_1_267' title='bbox 1906 2757 1976 2812; x_wconf 81' lang='lat' dir='ltr'><em>per-</em></span> 
     </span>
     <span class='ocr_line' id='line_1_24' title="bbox 423 2831 1976 2914; baseline -0.001 -20"><span class='ocrx_word' id='word_1_268' title='bbox 423 2831 544 2895; x_wconf 84' lang='lat' dir='ltr'><em>honore</em></span> <span class='ocrx_word' id='word_1_269' title='bbox 558 2832 757 2896; x_wconf 90' lang='lat' dir='ltr'><em>diversorum</em></span> <span class='ocrx_word' id='word_1_270' title='bbox 778 2832 921 2908; x_wconf 82' lang='lat' dir='ltr'><em>deorum,</em></span> <span class='ocrx_word' id='word_1_271' title='bbox 943 2851 1024 2914; x_wconf 85' lang='lat' dir='ltr'><em>quos</em></span> <span class='ocrx_word' id='word_1_272' title='bbox 1046 2831 1171 2913; x_wconf 80' lang='lat' dir='ltr'><em>putavit</em></span> <span class='ocrx_word' id='word_1_273' title='bbox 1230 2835 1373 2904; x_wconf 78' lang='lat' dir='ltr'><em>ruinani,</em></span> <span class='ocrx_word' id='word_1_274' title='bbox 1386 2836 1560 2894; x_wconf 68' lang='lat' dir='ltr'><em>instauratio</em></span> <span class='ocrx_word' id='word_1_275' title='bbox 1575 2845 1671 2895; x_wconf 73' lang='lat' dir='ltr'><em>ortatu</em></span> <span class='ocrx_word' id='word_1_276' title='bbox 1688 2837 1787 2904; x_wconf 87' lang='lat' dir='ltr'><em>uobis,</em></span> <span class='ocrx_word' id='word_1_277' title='bbox 1803 2854 1860 2894; x_wconf 82' lang='lat' dir='ltr'><em>uec</em></span> <span class='ocrx_word' id='word_1_278' title='bbox 1880 2837 1976 2894; x_wconf 81' lang='lat' dir='ltr'><em>edetis</em></span> 
     </span>
     <span class='ocr_line' id='line_1_25' title="bbox 422 2923 1976 3015; baseline 0.002 -23"><span class='ocrx_word' id='word_1_279' title='bbox 422 2929 539 2992; x_wconf 91' lang='lat' dir='ltr'><em>talibus</em></span> <span class='ocrx_word' id='word_1_280' title='bbox 561 2923 707 3011; x_wconf 80' lang='lat' dir='ltr'><em>praesse,</em></span> <span class='ocrx_word' id='word_1_281' title='bbox 727 2929 853 2992; x_wconf 83' lang='lat' dir='ltr'><em>diversa</em></span> <span class='ocrx_word' id='word_1_282' title='bbox 875 2930 999 2993; x_wconf 86' lang='lat' dir='ltr'><em>semina</em></span> <span class='ocrx_word' id='word_1_283' title='bbox 1023 2931 1057 2991; x_wconf 95' lang='lat' dir='ltr'><em>in</em></span> <span class='ocrx_word' id='word_1_284' title='bbox 1081 2947 1167 3009; x_wconf 87' lang='lat' dir='ltr'><em>agro,</em></span> <span class='ocrx_word' id='word_1_285' title='bbox 1228 2936 1334 3004; x_wconf 79' lang='lat' dir='ltr'><em>exeis,</em></span> <span class='ocrx_word' id='word_1_286' title='bbox 1345 2933 1435 2995; x_wconf 87' lang='lat' dir='ltr'><em>idest</em></span> <span class='ocrx_word' id='word_1_287' title='bbox 1446 2933 1608 2996; x_wconf 90' lang='lat' dir='ltr'><em>illicitaad</em></span> <span class='ocrx_word' id='word_1_288' title='bbox 1619 2934 1909 3015; x_wconf 85' lang='lat' dir='ltr'><em>edendumltaqne</em></span> <span class='ocrx_word' id='word_1_289' title='bbox 1921 2953 1976 3015; x_wconf 87' lang='lat' dir='ltr'><em>por</em></span> 
     </span>
     <span class='ocr_line' id='line_1_26' title="bbox 421 3027 1975 3113; baseline 0.003 -24"><span class='ocrx_word' id='word_1_290' title='bbox 421 3028 562 3090; x_wconf 90' lang='lat' dir='ltr'><em>diversas</em></span> <span class='ocrx_word' id='word_1_291' title='bbox 577 3027 726 3091; x_wconf 80' lang='lat' dir='ltr'><em>materias</em></span> <span class='ocrx_word' id='word_1_292' title='bbox 744 3029 775 3089; x_wconf 93' lang='lat' dir='ltr'><em>in</em></span> <span class='ocrx_word' id='word_1_293' title='bbox 787 3036 875 3090; x_wconf 89' lang='lat' dir='ltr'><em>vaste</em></span> <span class='ocrx_word' id='word_1_294' title='bbox 891 3027 1050 3101; x_wconf 82' lang='lat' dir='ltr'><em>sociabat3</em></span> <span class='ocrx_word' id='word_1_295' title='bbox 1063 3027 1167 3089; x_wconf 91' lang='lat' dir='ltr'><em>divar·</em></span> <span class='ocrx_word' id='word_1_296' title='bbox 1187 3027 1210 3090; x_wconf 88' lang='lat' dir='ltr'>C</span> <span class='ocrx_word' id='word_1_297' title='bbox 1228 3031 1377 3094; x_wconf 88' lang='lat' dir='ltr'><em>arborum</em></span> <span class='ocrx_word' id='word_1_298' title='bbox 1393 3031 1559 3113; x_wconf 76' lang='lat' dir='ltr'><em>praeputia,</em></span> <span class='ocrx_word' id='word_1_299' title='bbox 1572 3031 1794 3110; x_wconf 89' lang='lat' dir='ltr'><em>intelliguntur</em></span> <span class='ocrx_word' id='word_1_300' title='bbox 1810 3051 1896 3095; x_wconf 91' lang='lat' dir='ltr'><em>nunc</em></span> <span class='ocrx_word' id='word_1_301' title='bbox 1913 3031 1975 3094; x_wconf 87' lang='lat' dir='ltr'><em>irn-</em></span> 
     </span>
    </p>
   </div>
   <div class='ocr_carea' id='block_1_3' title="bbox 420 3125 1174 4193">
    <p class='ocr_par' dir='ltr' id='par_1_7' title="bbox 422 3125 1172 3288">
     <span class='ocr_line' id='line_1_27' title="bbox 422 3125 1172 3210; baseline -0.004 -21"><span class='ocrx_word' id='word_1_302' title='bbox 422 3146 474 3190; x_wconf 86' lang='lat' dir='ltr'><em>sos</em></span> <span class='ocrx_word' id='word_1_303' title='bbox 496 3127 592 3190; x_wconf 90' lang='lat' dir='ltr'><em>etiam</em></span> <span class='ocrx_word' id='word_1_304' title='bbox 612 3127 779 3192; x_wconf 87' lang='lat' dir='ltr'><em>cincinnos</em></span> <span class='ocrx_word' id='word_1_305' title='bbox 802 3126 926 3210; x_wconf 87' lang='lat' dir='ltr'><em>capitis,</em></span> <span class='ocrx_word' id='word_1_306' title='bbox 945 3127 1083 3190; x_wconf 92' lang='lat' dir='ltr'><em>diversis</em></span> <span class='ocrx_word' id='word_1_307' title='bbox 1110 3125 1172 3188; x_wconf 88' lang='lat' dir='ltr'><em>diis</em></span> 
     </span>
     <span class='ocr_line' id='line_1_28' title="bbox 422 3225 579 3288; baseline 0 0"><span class='ocrx_word' id='word_1_308' title='bbox 422 3225 579 3288; x_wconf 91' lang='lat' dir='ltr'><em>sacrabat.</em></span> 
     </span>
    </p>

    <p class='ocr_par' dir='ltr' id='par_1_8' title="bbox 420 3330 1174 4193">
     <span class='ocr_line' id='line_1_29' title="bbox 425 3330 1166 3394; baseline -0.003 -2"><span class='ocrx_word' id='word_1_309' title='bbox 425 3373 428 3380; x_wconf 85' lang='lat'><em>-</em></span> <span class='ocrx_word' id='word_1_310' title='bbox 461 3333 564 3392; x_wconf 86' lang='lat' dir='ltr'><em>Homo</em></span> <span class='ocrx_word' id='word_1_311' title='bbox 580 3330 709 3393; x_wconf 90' lang='lat' dir='ltr'><em>natione</em></span> <span class='ocrx_word' id='word_1_312' title='bbox 723 3331 849 3394; x_wconf 83' lang='lat' dir='ltr'><em>ludaens</em></span> <span class='ocrx_word' id='word_1_313' title='bbox 863 3332 892 3390; x_wconf 81' lang='lat' dir='ltr'><em>st</em></span> <span class='ocrx_word' id='word_1_314' title='bbox 906 3333 1077 3391; x_wconf 79' lang='lat' dir='ltr'><em>dormierit</em></span> <span class='ocrx_word' id='word_1_315' title='bbox 1093 3349 1166 3392; x_wconf 84' lang='lat' dir='ltr'><em>cum</em></span> 
     </span>
     <span class='ocr_line' id='line_1_30' title="bbox 421 3427 1170 3510; baseline 0.003 -21"><span class='ocrx_word' id='word_1_316' title='bbox 421 3430 557 3489; x_wconf 82' lang='lat' dir='ltr'><em>muliere</em></span> <span class='ocrx_word' id='word_1_317' title='bbox 572 3430 659 3489; x_wconf 85' lang='lat' dir='ltr'><em>coitu</em></span> <span class='ocrx_word' id='word_1_318' title='bbox 673 3430 817 3499; x_wconf 83' lang='lat' dir='ltr'><em>seminis,</em></span> <span class='ocrx_word' id='word_1_319' title='bbox 835 3427 868 3490; x_wconf 92' lang='lat' dir='ltr'><em>id</em></span> <span class='ocrx_word' id='word_1_320' title='bbox 889 3437 949 3504; x_wconf 86' lang='lat' dir='ltr'><em>est,</em></span> <span class='ocrx_word' id='word_1_321' title='bbox 967 3428 1001 3489; x_wconf 91' lang='lat' dir='ltr'><em>in</em></span> <span class='ocrx_word' id='word_1_322' title='bbox 1020 3429 1090 3493; x_wconf 83' lang='lat' dir='ltr'><em>loco</em></span> <span class='ocrx_word' id='word_1_323' title='bbox 1106 3447 1170 3510; x_wconf 89' lang='lat' dir='ltr'><em>quo</em></span> 
     </span>
     <span class='ocr_line' id='line_1_31' title="bbox 422 3525 1168 3608; baseline 0 -20"><span class='ocrx_word' id='word_1_324' title='bbox 422 3525 503 3589; x_wconf 88' lang='lat' dir='ltr'><em>solet</em></span> <span class='ocrx_word' id='word_1_325' title='bbox 531 3545 601 3589; x_wconf 89' lang='lat' dir='ltr'><em>esse</em></span> <span class='ocrx_word' id='word_1_326' title='bbox 625 3525 716 3608; x_wconf 88' lang='lat' dir='ltr'><em>quies</em></span> <span class='ocrx_word' id='word_1_327' title='bbox 740 3525 957 3602; x_wconf 87' lang='lat' dir='ltr'><em>dormitionis,</em></span> <span class='ocrx_word' id='word_1_328' title='bbox 985 3545 1040 3589; x_wconf 92' lang='lat' dir='ltr'><em>seu</em></span> <span class='ocrx_word' id='word_1_329' title='bbox 1071 3527 1168 3589; x_wconf 88' lang='lat' dir='ltr'><em>ctiam</em></span> 
     </span>
     <span class='ocr_line' id='line_1_32' title="bbox 422 3623 1169 3704; baseline 0.001 -19"><span class='ocrx_word' id='word_1_330' title='bbox 422 3623 511 3700; x_wconf 90' lang='lat' dir='ltr'><em>alibi,</em></span> <span class='ocrx_word' id='word_1_331' title='bbox 524 3623 694 3686; x_wconf 87' lang='lat' dir='ltr'><em>carnaliter</em></span> <span class='ocrx_word' id='word_1_332' title='bbox 707 3623 895 3704; x_wconf 89' lang='lat' dir='ltr'><em>cognoverit</em></span> <span class='ocrx_word' id='word_1_333' title='bbox 909 3623 1169 3704; x_wconf 74' lang='lat' dir='ltr'><em>mulieremque</em></span> 
     </span>
     <span class='ocr_line' id='line_1_33' title="bbox 422 3721 1170 3792; baseline 0.003 -10"><span class='ocrx_word' id='word_1_334' title='bbox 422 3725 464 3782; x_wconf 83' lang='lat' dir='ltr'><em>sit</em></span> <span class='ocrx_word' id='word_1_335' title='bbox 479 3724 604 3783; x_wconf 84' lang='lat' dir='ltr'><em>uuottta</em></span> <span class='ocrx_word' id='word_1_336' title='bbox 621 3724 719 3783; x_wconf 84' lang='lat' dir='ltr'><em>etiam</em></span> <span class='ocrx_word' id='word_1_337' title='bbox 734 3724 864 3792; x_wconf 80' lang='lat' dir='ltr'><em>nobilis,</em></span> <span class='ocrx_word' id='word_1_338' title='bbox 882 3731 988 3785; x_wconf 73' lang='lat' dir='ltr'><em>umen</em></span> <span class='ocrx_word' id='word_1_339' title='bbox 1011 3721 1045 3784; x_wconf 95' lang='lat' dir='ltr'><em>in</em></span> <span class='ocrx_word' id='word_1_340' title='bbox 1066 3722 1170 3784; x_wconf 85' lang='lat' dir='ltr'><em>iamn-</em></span> 
     </span>
     <span class='ocr_line' id='line_1_34' title="bbox 424 3821 1169 3899; baseline 0 -17"><span class='ocrx_word' id='word_1_341' title='bbox 424 3821 488 3883; x_wconf 91' lang='lat' dir='ltr'><em>lam</em></span> <span class='ocrx_word' id='word_1_342' title='bbox 510 3821 723 3884; x_wconf 75' lang='lat' dir='ltr'><em>venumdata:</em></span> <span class='ocrx_word' id='word_1_343' title='bbox 741 3821 814 3884; x_wconf 92' lang='lat' dir='ltr'><em>ideo</em></span> <span class='ocrx_word' id='word_1_344' title='bbox 836 3821 1040 3899; x_wconf 65' lang='lat' dir='ltr'><em>subditaque</em></span> <span class='ocrx_word' id='word_1_345' title='bbox 1063 3833 1169 3884; x_wconf 83' lang='lat' dir='ltr'><em>tamen</em></span> 
     </span>
     <span class='ocr_line' id='line_1_35' title="bbox 420 3920 1174 3997; baseline 0 -17"><span class='ocrx_word' id='word_1_346' title='bbox 420 3923 524 3997; x_wconf 85' lang='lat' dir='ltr'><em>pretio</em></span> <span class='ocrx_word' id='word_1_347' title='bbox 540 3940 603 3980; x_wconf 83' lang='lat' dir='ltr'><em>uon</em></span> <span class='ocrx_word' id='word_1_348' title='bbox 619 3923 814 3997; x_wconf 82' lang='lat' dir='ltr'><em>redemptae</em></span> <span class='ocrx_word' id='word_1_349' title='bbox 830 3920 996 3997; x_wconf 88' lang='lat' dir='ltr'><em>servitute,</em></span> <span class='ocrx_word' id='word_1_350' title='bbox 1008 3941 1066 3981; x_wconf 82' lang='lat' dir='ltr'><em>uec</em></span> <span class='ocrx_word' id='word_1_351' title='bbox 1083 3923 1174 3981; x_wconf 85' lang='lat' dir='ltr'><em>libor-</em></span> 
     </span>
     <span class='ocr_line' id='line_1_36' title="bbox 425 4017 1170 4089; baseline 0.005 -11"><span class='ocrx_word' id='word_1_352' title='bbox 425 4027 488 4078; x_wconf 83' lang='lat' dir='ltr'><em>tote</em></span> <span class='ocrx_word' id='word_1_353' title='bbox 501 4020 634 4089; x_wconf 84' lang='lat' dir='ltr'><em>donato,</em></span> <span class='ocrx_word' id='word_1_354' title='bbox 652 4018 685 4080; x_wconf 92' lang='lat' dir='ltr'><em>id</em></span> <span class='ocrx_word' id='word_1_355' title='bbox 709 4025 758 4079; x_wconf 91' lang='lat' dir='ltr'><em>est</em></span> <span class='ocrx_word' id='word_1_356' title='bbox 783 4035 847 4080; x_wconf 94' lang='lat' dir='ltr'><em>non</em></span> <span class='ocrx_word' id='word_1_357' title='bbox 869 4017 1003 4081; x_wconf 90' lang='lat' dir='ltr'><em>dimissa</em></span> <span class='ocrx_word' id='word_1_358' title='bbox 1029 4019 1131 4082; x_wconf 91' lang='lat' dir='ltr'><em>libera</em></span> <span class='ocrx_word' id='word_1_359' title='bbox 1152 4038 1170 4082; x_wconf 92' lang='lat' dir='ltr'><em>a</em></span> 
     </span>
     <span class='ocr_line' id='line_1_37' title="bbox 424 4114 1174 4193; baseline 0.004 -16"><span class='ocrx_word' id='word_1_360' title='bbox 424 4114 554 4180; x_wconf 93' lang='lat' dir='ltr'><em>domino</em></span> <span class='ocrx_word' id='word_1_361' title='bbox 579 4135 666 4189; x_wconf 87' lang='lat' dir='ltr'><em>suo;</em></span> <span class='ocrx_word' id='word_1_362' title='bbox 694 4119 897 4193; x_wconf 80' lang='lat' dir='ltr'><em>vapulabunt</em></span> <span class='ocrx_word' id='word_1_363' title='bbox 924 4121 1026 4190; x_wconf 88' lang='lat' dir='ltr'><em>umbo,</em></span> <span class='ocrx_word' id='word_1_364' title='bbox 1054 4128 1084 4179; x_wconf 85' lang='lat' dir='ltr'><em>ct</em></span> <span class='ocrx_word' id='word_1_365' title='bbox 1108 4139 1174 4180; x_wconf 84' lang='lat' dir='ltr'><em>non</em></span> 
     </span>
    </p>
   </div>
   <div class='ocr_carea' id='block_1_4' title="bbox 1225 3129 1976 4197">
    <p class='ocr_par' dir='ltr' id='par_1_9' title="bbox 1225 3129 1976 4197">
     <span class='ocr_line' id='line_1_38' title="bbox 1227 3129 1972 3212; baseline -0.003 -19"><span class='ocrx_word' id='word_1_366' title='bbox 1227 3137 1297 3193; x_wconf 90' lang='lat' dir='ltr'><em>ctus</em></span> <span class='ocrx_word' id='word_1_367' title='bbox 1312 3149 1392 3211; x_wconf 91' lang='lat' dir='ltr'><em>qnos</em></span> <span class='ocrx_word' id='word_1_368' title='bbox 1415 3129 1521 3192; x_wconf 86' lang='lat' dir='ltr'><em>ierunt</em></span> <span class='ocrx_word' id='word_1_369' title='bbox 1542 3149 1598 3211; x_wconf 89' lang='lat' dir='ltr'><em>per</em></span> <span class='ocrx_word' id='word_1_370' title='bbox 1616 3140 1678 3193; x_wconf 90' lang='lat' dir='ltr'><em>tras</em></span> <span class='ocrx_word' id='word_1_371' title='bbox 1692 3149 1805 3208; x_wconf 88' lang='lat' dir='ltr'><em>annos,</em></span> <span class='ocrx_word' id='word_1_372' title='bbox 1822 3132 1899 3212; x_wconf 89' lang='lat' dir='ltr'><em>quia</em></span> <span class='ocrx_word' id='word_1_373' title='bbox 1915 3130 1972 3192; x_wconf 91' lang='lat' dir='ltr'><em>bos</em></span> 
     </span>
     <span class='ocr_line' id='line_1_39' title="bbox 1227 3229 1976 3312; baseline 0.001 -21"><span class='ocrx_word' id='word_1_374' title='bbox 1227 3229 1379 3292; x_wconf 86' lang='lat' dir='ltr'><em>Dominus</em></span> <span class='ocrx_word' id='word_1_375' title='bbox 1401 3230 1504 3293; x_wconf 90' lang='lat' dir='ltr'><em>voluit</em></span> <span class='ocrx_word' id='word_1_376' title='bbox 1526 3230 1645 3312; x_wconf 93' lang='lat' dir='ltr'><em>populo</em></span> <span class='ocrx_word' id='word_1_377' title='bbox 1666 3249 1724 3294; x_wconf 91' lang='lat' dir='ltr'><em>suo</em></span> <span class='ocrx_word' id='word_1_378' title='bbox 1744 3249 1814 3293; x_wconf 87' lang='lat' dir='ltr'><em>esse</em></span> <span class='ocrx_word' id='word_1_379' title='bbox 1836 3231 1976 3292; x_wconf 91' lang='lat' dir='ltr'><em>immun-</em></span> 
     </span>
     <span class='ocr_line' id='line_1_40' title="bbox 1227 3327 1971 3411; baseline 0.001 -22"><span class='ocrx_word' id='word_1_380' title='bbox 1227 3328 1295 3404; x_wconf 92' lang='lat' dir='ltr'><em>dos,</em></span> <span class='ocrx_word' id='word_1_381' title='bbox 1320 3337 1352 3390; x_wconf 89' lang='lat' dir='ltr'><em>ot</em></span> <span class='ocrx_word' id='word_1_382' title='bbox 1376 3327 1574 3408; x_wconf 89' lang='lat' dir='ltr'><em>abjiciendos</em></span> <span class='ocrx_word' id='word_1_383' title='bbox 1605 3329 1704 3392; x_wconf 89' lang='lat' dir='ltr'><em>instar</em></span> <span class='ocrx_word' id='word_1_384' title='bbox 1729 3328 1971 3411; x_wconf 79' lang='lat' dir='ltr'><em>praeputiorum.</em></span> 
     </span>
     <span class='ocr_line' id='line_1_41' title="bbox 1228 3429 1974 3508; baseline 0.001 -21"><span class='ocrx_word' id='word_1_385' title='bbox 1228 3429 1349 3495; x_wconf 85' lang='lat' dir='ltr'><em>Quarto</em></span> <span class='ocrx_word' id='word_1_386' title='bbox 1365 3438 1474 3488; x_wconf 84' lang='lat' dir='ltr'><em>autem</em></span> <span class='ocrx_word' id='word_1_387' title='bbox 1492 3449 1579 3490; x_wconf 81' lang='lat' dir='ltr'><em>anuo</em></span> <span class='ocrx_word' id='word_1_388' title='bbox 1594 3430 1698 3490; x_wconf 81' lang='lat' dir='ltr'><em>omnis</em></span> <span class='ocrx_word' id='word_1_389' title='bbox 1713 3432 1841 3508; x_wconf 78' lang='lat' dir='ltr'><em>fructus</em></span> <span class='ocrx_word' id='word_1_390' title='bbox 1863 3449 1974 3488; x_wconf 82' lang='lat' dir='ltr'><em>eorum</em></span> 
     </span>
     <span class='ocr_line' id='line_1_42' title="bbox 1226 3527 1972 3603; baseline 0.005 -19"><span class='ocrx_word' id='word_1_391' title='bbox 1226 3527 1485 3603; x_wconf 80' lang='lat' dir='ltr'><em>sanctificabitur</em></span> <span class='ocrx_word' id='word_1_392' title='bbox 1504 3529 1681 3588; x_wconf 82' lang='lat' dir='ltr'><em>laudabitis</em></span> <span class='ocrx_word' id='word_1_393' title='bbox 1696 3529 1845 3598; x_wconf 83' lang='lat' dir='ltr'><em>Domino,</em></span> <span class='ocrx_word' id='word_1_394' title='bbox 1865 3527 1972 3602; x_wconf 86' lang='lat' dir='ltr'><em>idest,</em></span> 
     </span>
     <span class='ocr_line' id='line_1_43' title="bbox 1229 3621 1976 3707; baseline 0.007 -24"><span class='ocrx_word' id='word_1_395' title='bbox 1229 3621 1352 3685; x_wconf 81' lang='lat' dir='ltr'><em>fructus</em></span> <span class='ocrx_word' id='word_1_396' title='bbox 1362 3625 1466 3704; x_wconf 89' lang='lat' dir='ltr'><em>quarti</em></span> <span class='ocrx_word' id='word_1_397' title='bbox 1482 3624 1558 3687; x_wconf 89' lang='lat' dir='ltr'><em>anni</em></span> <span class='ocrx_word' id='word_1_398' title='bbox 1570 3625 1775 3707; x_wconf 85' lang='lat' dir='ltr'><em>deputabitur</em></span> <span class='ocrx_word' id='word_1_399' title='bbox 1790 3625 1907 3707; x_wconf 89' lang='lat' dir='ltr'><em>partim</em></span> <span class='ocrx_word' id='word_1_400' title='bbox 1921 3626 1976 3688; x_wconf 93' lang='lat' dir='ltr'><em>Do·</em></span> 
     </span>
     <span class='ocr_line' id='line_1_44' title="bbox 1229 3721 1974 3806; baseline 0.007 -24"><span class='ocrx_word' id='word_1_401' title='bbox 1229 3721 1327 3798; x_wconf 89' lang='lat' dir='ltr'><em>mino,</em></span> <span class='ocrx_word' id='word_1_402' title='bbox 1345 3731 1376 3786; x_wconf 90' lang='lat' dir='ltr'><em>et</em></span> <span class='ocrx_word' id='word_1_403' title='bbox 1396 3724 1486 3786; x_wconf 87' lang='lat' dir='ltr'><em>cedet</em></span> <span class='ocrx_word' id='word_1_404' title='bbox 1506 3723 1540 3785; x_wconf 94' lang='lat' dir='ltr'><em>in</em></span> <span class='ocrx_word' id='word_1_405' title='bbox 1561 3743 1655 3787; x_wconf 92' lang='lat' dir='ltr'><em>usum</em></span> <span class='ocrx_word' id='word_1_406' title='bbox 1675 3726 1885 3798; x_wconf 86' lang='lat' dir='ltr'><em>sacerdotum,</em></span> <span class='ocrx_word' id='word_1_407' title='bbox 1905 3744 1974 3806; x_wconf 85' lang='lat' dir='ltr'><em>par·</em></span> 
     </span>
     <span class='ocr_line' id='line_1_45' title="bbox 1229 3819 1973 3905; baseline 0.004 -24"><span class='ocrx_word' id='word_1_408' title='bbox 1229 3819 1285 3882; x_wconf 93' lang='lat' dir='ltr'><em>tim</em></span> <span class='ocrx_word' id='word_1_409' title='bbox 1298 3840 1373 3884; x_wconf 89' lang='lat' dir='ltr'><em>vero</em></span> <span class='ocrx_word' id='word_1_410' title='bbox 1384 3823 1560 3885; x_wconf 89' lang='lat' dir='ltr'><em>communis</em></span> <span class='ocrx_word' id='word_1_411' title='bbox 1572 3822 1633 3886; x_wconf 89' lang='lat' dir='ltr'><em>erit</em></span> <span class='ocrx_word' id='word_1_412' title='bbox 1642 3823 1845 3905; x_wconf 88' lang='lat' dir='ltr'><em>pauperibus.</em></span> <span class='ocrx_word' id='word_1_413' title='bbox 1856 3827 1973 3894; x_wconf 83' lang='lat' dir='ltr'><em>Quinto</em></span> 
     </span>
     <span class='ocr_line' id='line_1_46' title="bbox 1228 3923 1972 4005; baseline 0.008 -26"><span class='ocrx_word' id='word_1_414' title='bbox 1228 3929 1336 3980; x_wconf 81' lang='lat' dir='ltr'><em>autem</em></span> <span class='ocrx_word' id='word_1_415' title='bbox 1352 3941 1438 3981; x_wconf 80' lang='lat' dir='ltr'><em>uano</em></span> <span class='ocrx_word' id='word_1_416' title='bbox 1453 3925 1620 3983; x_wconf 81' lang='lat' dir='ltr'><em>comedetis</em></span> <span class='ocrx_word' id='word_1_417' title='bbox 1640 3925 1779 4001; x_wconf 80' lang='lat' dir='ltr'><em>fructus,</em></span> <span class='ocrx_word' id='word_1_418' title='bbox 1797 3923 1874 4005; x_wconf 91' lang='lat' dir='ltr'><em>quia</em></span> <span class='ocrx_word' id='word_1_419' title='bbox 1897 3931 1972 3986; x_wconf 88' lang='lat' dir='ltr'><em>tunc</em></span> 
     </span>
     <span class='ocr_line' id='line_1_47' title="bbox 1229 4017 1973 4104; baseline 0.008 -26"><span class='ocrx_word' id='word_1_420' title='bbox 1229 4017 1320 4081; x_wconf 83' lang='lat' dir='ltr'><em>licuit</em></span> <span class='ocrx_word' id='word_1_421' title='bbox 1343 4020 1427 4082; x_wconf 83' lang='lat' dir='ltr'><em>vesei</em></span> <span class='ocrx_word' id='word_1_422' title='bbox 1453 4019 1511 4098; x_wconf 65' lang='grc' dir='ltr'><em>θὶς,</em></span> <span class='ocrx_word' id='word_1_423' title='bbox 1534 4032 1759 4099; x_wconf 80' lang='lat' dir='ltr'><em>conpreparrtes</em></span> <span class='ocrx_word' id='word_1_424' title='bbox 1779 4042 1877 4099; x_wconf 84' lang='lat' dir='ltr'><em>pomo</em></span> <span class='ocrx_word' id='word_1_425' title='bbox 1903 4044 1973 4104; x_wconf 75' lang='lat' dir='ltr'><em>qum</em></span> 
     </span>
     <span class='ocr_line' id='line_1_48' title="bbox 1225 4120 1973 4197; baseline 0.012 -21"><span class='ocrx_word' id='word_1_426' title='bbox 1225 4120 1409 4195; x_wconf 81' lang='lat' dir='ltr'><em>proferunt.</em></span> <span class='ocrx_word' id='word_1_427' title='bbox 1427 4121 1495 4197; x_wconf 82' lang='lat' dir='ltr'><em>Epo</em></span> <span class='ocrx_word' id='word_1_428' title='bbox 1511 4122 1670 4182; x_wconf 79' lang='lat' dir='ltr'><em>Dominus</em></span> <span class='ocrx_word' id='word_1_429' title='bbox 1685 4125 1770 4182; x_wconf 80' lang='lat' dir='ltr'><em>Deus</em></span> <span class='ocrx_word' id='word_1_430' title='bbox 1786 4132 1897 4184; x_wconf 77' lang='lat' dir='ltr'><em>vester.</em></span> <span class='ocrx_word' id='word_1_431' title='bbox 1910 4121 1973 4185; x_wconf 85' lang='lat' dir='ltr'><em>Hoc</em></span> 
     </span>
    </p>
   </div>
   <div class='ocr_carea' id='block_1_5' title="bbox 423 4213 1975 4301">
    <p class='ocr_par' dir='ltr' id='par_1_10' title="bbox 423 4213 1975 4301">
     <span class='ocr_line' id='line_1_49' title="bbox 423 4213 1975 4301; baseline 0.004 -26"><span class='ocrx_word' id='word_1_432' title='bbox 423 4215 614 4285; x_wconf 72' lang='lat' dir='ltr'><em>prurientia,</em></span> <span class='ocrx_word' id='word_1_433' title='bbox 632 4213 665 4274; x_wconf 93' lang='lat' dir='ltr'><em>id</em></span> <span class='ocrx_word' id='word_1_434' title='bbox 688 4221 747 4289; x_wconf 90' lang='lat' dir='ltr'><em>ast,</em></span> <span class='ocrx_word' id='word_1_435' title='bbox 766 4232 824 4295; x_wconf 90' lang='lat' dir='ltr'><em>pro</em></span> <span class='ocrx_word' id='word_1_436' title='bbox 848 4223 978 4296; x_wconf 88' lang='lat' dir='ltr'><em>peccato</em></span> <span class='ocrx_word' id='word_1_437' title='bbox 1001 4235 1058 4280; x_wconf 90' lang='lat' dir='ltr'><em>suo</em></span> <span class='ocrx_word' id='word_1_438' title='bbox 1082 4213 1213 4280; x_wconf 85' lang='lat' dir='ltr'><em>casti-D</em></span> <span class='ocrx_word' id='word_1_439' title='bbox 1230 4225 1387 4298; x_wconf 81' lang='lat' dir='ltr'><em>praecepto</em></span> <span class='ocrx_word' id='word_1_440' title='bbox 1403 4235 1467 4280; x_wconf 94' lang='lat' dir='ltr'><em>non</em></span> <span class='ocrx_word' id='word_1_441' title='bbox 1492 4217 1553 4280; x_wconf 85' lang='lat' dir='ltr'><em>luit</em></span> <span class='ocrx_word' id='word_1_442' title='bbox 1577 4218 1655 4280; x_wconf 89' lang='lat' dir='ltr'><em>liliis</em></span> <span class='ocrx_word' id='word_1_443' title='bbox 1675 4219 1769 4282; x_wconf 91' lang='lat' dir='ltr'><em>lsrael</em></span> <span class='ocrx_word' id='word_1_444' title='bbox 1791 4220 1975 4301; x_wconf 87' lang='lat' dir='ltr'><em>prohibitus</em></span> 
     </span>
    </p>
   </div>
   <div class='ocr_carea' id='block_1_6' title="bbox 418 4306 1172 5376">
    <p class='ocr_par' dir='ltr' id='par_1_11' title="bbox 418 4306 1172 5376">
     <span class='ocr_line' id='line_1_50' title="bbox 423 4306 1170 4392; baseline 0.009 -25"><span class='ocrx_word' id='word_1_445' title='bbox 423 4306 583 4387; x_wconf 91' lang='lat' dir='ltr'><em>gabnntnr</em></span> <span class='ocrx_word' id='word_1_446' title='bbox 605 4307 752 4387; x_wconf 83' lang='lat' dir='ltr'><em>flagellis,</em></span> <span class='ocrx_word' id='word_1_447' title='bbox 779 4326 842 4372; x_wconf 92' lang='lat' dir='ltr'><em>non</em></span> <span class='ocrx_word' id='word_1_448' title='bbox 869 4318 974 4373; x_wconf 71' lang='lat' dir='ltr'><em>umen</em></span> <span class='ocrx_word' id='word_1_449' title='bbox 1001 4331 1104 4392; x_wconf 89' lang='lat' dir='ltr'><em>usque</em></span> <span class='ocrx_word' id='word_1_450' title='bbox 1130 4313 1170 4374; x_wconf 90' lang='lat' dir='ltr'><em>ad</em></span> 
     </span>
     <span class='ocr_line' id='line_1_51' title="bbox 424 4405 1166 4485; baseline 0.009 -20"><span class='ocrx_word' id='word_1_451' title='bbox 424 4412 571 4467; x_wconf 90' lang='lat' dir='ltr'><em>mortem.</em></span> <span class='ocrx_word' id='word_1_452' title='bbox 587 4405 742 4467; x_wconf 91' lang='lat' dir='ltr'><em>Numerus</em></span> <span class='ocrx_word' id='word_1_453' title='bbox 766 4415 872 4469; x_wconf 87' lang='lat' dir='ltr'><em>antem</em></span> <span class='ocrx_word' id='word_1_454' title='bbox 899 4408 1030 4485; x_wconf 89' lang='lat' dir='ltr'><em>ictuum,</em></span> <span class='ocrx_word' id='word_1_455' title='bbox 1054 4411 1166 4472; x_wconf 86' lang='lat' dir='ltr'><em>modus</em></span> 
     </span>
     <span class='ocr_line' id='line_1_52' title="bbox 423 4504 1169 4590; baseline 0.009 -25"><span class='ocrx_word' id='word_1_456' title='bbox 423 4511 456 4565; x_wconf 90' lang='lat' dir='ltr'><em>et</em></span> <span class='ocrx_word' id='word_1_457' title='bbox 469 4504 631 4584; x_wconf 84' lang='lat' dir='ltr'><em>quantitas</em></span> <span class='ocrx_word' id='word_1_458' title='bbox 652 4504 878 4586; x_wconf 86' lang='lat' dir='ltr'><em>percussionis,</em></span> <span class='ocrx_word' id='word_1_459' title='bbox 899 4525 962 4570; x_wconf 93' lang='lat' dir='ltr'><em>non</em></span> <span class='ocrx_word' id='word_1_460' title='bbox 985 4509 1169 4590; x_wconf 85' lang='lat' dir='ltr'><em>exprimun-</em></span> 
     </span>
     <span class='ocr_line' id='line_1_53' title="bbox 426 4601 1168 4690; baseline 0.009 -27"><span class='ocrx_word' id='word_1_461' title='bbox 426 4610 476 4664; x_wconf 90' lang='lat' dir='ltr'><em>tur</em></span> <span class='ocrx_word' id='word_1_462' title='bbox 496 4602 557 4665; x_wconf 88' lang='lat' dir='ltr'><em>hoe</em></span> <span class='ocrx_word' id='word_1_463' title='bbox 578 4601 657 4678; x_wconf 90' lang='lat' dir='ltr'><em>loco,</em></span> <span class='ocrx_word' id='word_1_464' title='bbox 677 4602 732 4665; x_wconf 92' lang='lat' dir='ltr'><em>sed</em></span> <span class='ocrx_word' id='word_1_465' title='bbox 754 4622 773 4666; x_wconf 91' lang='lat' dir='ltr'><em>a</em></span> <span class='ocrx_word' id='word_1_466' title='bbox 794 4604 1039 4669; x_wconf 86' lang='lat' dir='ltr'><em>Deuteronomio</em></span> <span class='ocrx_word' id='word_1_467' title='bbox 1064 4608 1168 4690; x_wconf 86' lang='lat' dir='ltr'><em>accipi</em></span> 
     </span>
     <span class='ocr_line' id='line_1_54' title="bbox 424 4700 1168 4788; baseline 0.009 -25"><span class='ocrx_word' id='word_1_468' title='bbox 424 4707 567 4782; x_wconf 86' lang='lat' dir='ltr'><em>possunt.</em></span> <span class='ocrx_word' id='word_1_469' title='bbox 585 4700 657 4764; x_wconf 94' lang='lat' dir='ltr'><em>ldeo</em></span> <span class='ocrx_word' id='word_1_470' title='bbox 680 4709 787 4764; x_wconf 88' lang='lat' dir='ltr'><em>antem</em></span> <span class='ocrx_word' id='word_1_471' title='bbox 812 4721 876 4766; x_wconf 95' lang='lat' dir='ltr'><em>non</em></span> <span class='ocrx_word' id='word_1_472' title='bbox 902 4705 1085 4767; x_wconf 88' lang='lat' dir='ltr'><em>moriuntur</em></span> <span class='ocrx_word' id='word_1_473' title='bbox 1111 4726 1168 4788; x_wconf 91' lang='lat' dir='ltr'><em>pro</em></span> 
     </span>
     <span class='ocr_line' id='line_1_55' title="bbox 423 4798 1166 4881; baseline 0.011 -23"><span class='ocrx_word' id='word_1_474' title='bbox 423 4798 484 4860; x_wconf 89' lang='lat' dir='ltr'><em>isto</em></span> <span class='ocrx_word' id='word_1_475' title='bbox 504 4807 644 4880; x_wconf 86' lang='lat' dir='ltr'><em>peccato,</em></span> <span class='ocrx_word' id='word_1_476' title='bbox 661 4803 739 4878; x_wconf 83' lang='lat' dir='ltr'><em>quio</em></span> <span class='ocrx_word' id='word_1_477' title='bbox 756 4800 871 4863; x_wconf 87' lang='lat' dir='ltr'><em>mulier</em></span> <span class='ocrx_word' id='word_1_478' title='bbox 886 4823 952 4863; x_wconf 78' lang='lat' dir='ltr'><em>uon</em></span> <span class='ocrx_word' id='word_1_479' title='bbox 967 4805 1035 4881; x_wconf 83' lang='lat' dir='ltr'><em>soit</em></span> <span class='ocrx_word' id='word_1_480' title='bbox 1052 4807 1166 4875; x_wconf 82' lang='lat' dir='ltr'><em>libero,</em></span> 
     </span>
     <span class='ocr_line' id='line_1_56' title="bbox 423 4896 1170 4980; baseline 0.009 -23"><span class='ocrx_word' id='word_1_481' title='bbox 423 4896 478 4957; x_wconf 87' lang='lat' dir='ltr'><em>sed</em></span> <span class='ocrx_word' id='word_1_482' title='bbox 493 4896 620 4960; x_wconf 84' lang='lat' dir='ltr'><em>aneilla.</em></span> <span class='ocrx_word' id='word_1_483' title='bbox 638 4901 705 4959; x_wconf 87' lang='lat' dir='ltr'><em>Pro</em></span> <span class='ocrx_word' id='word_1_484' title='bbox 719 4902 835 4959; x_wconf 81' lang='lat' dir='ltr'><em>rteticto</em></span> <span class='ocrx_word' id='word_1_485' title='bbox 855 4910 963 4962; x_wconf 84' lang='lat' dir='ltr'><em>autem</em></span> <span class='ocrx_word' id='word_1_486' title='bbox 982 4922 1039 4962; x_wconf 82' lang='lat' dir='ltr'><em>suo</em></span> <span class='ocrx_word' id='word_1_487' title='bbox 1062 4906 1170 4980; x_wconf 77' lang='lat' dir='ltr'><em>offeret</em></span> 
     </span>
     <span class='ocr_line' id='line_1_57' title="bbox 421 4996 1169 5062; baseline 0.011 -8"><span class='ocrx_word' id='word_1_488' title='bbox 421 4996 560 5054; x_wconf 83' lang='lat' dir='ltr'><em>Domino</em></span> <span class='ocrx_word' id='word_1_489' title='bbox 575 4999 619 5054; x_wconf 85' lang='lat' dir='ltr'><em>od</em></span> <span class='ocrx_word' id='word_1_490' title='bbox 633 4998 752 5057; x_wconf 82' lang='lat' dir='ltr'><em>ostium</em></span> <span class='ocrx_word' id='word_1_491' title='bbox 769 5000 970 5059; x_wconf 76' lang='lat' dir='ltr'><em>tabernaculi</em></span> <span class='ocrx_word' id='word_1_492' title='bbox 992 5003 1169 5062; x_wconf 83' lang='lat' dir='ltr'><em>testimonii</em></span> 
     </span>
     <span class='ocr_line' id='line_1_58' title="bbox 423 5092 1170 5179; baseline 0.015 -28"><span class='ocrx_word' id='word_1_493' title='bbox 423 5092 611 5162; x_wconf 84' lang='lat' dir='ltr'><em>arietem,id</em></span> <span class='ocrx_word' id='word_1_494' title='bbox 627 5102 684 5168; x_wconf 88' lang='lat' dir='ltr'><em>est,</em></span> <span class='ocrx_word' id='word_1_495' title='bbox 694 5094 733 5155; x_wconf 92' lang='lat' dir='ltr'><em>ad</em></span> <span class='ocrx_word' id='word_1_496' title='bbox 748 5095 865 5178; x_wconf 87' lang='lat' dir='ltr'><em>ostium</em></span> <span class='ocrx_word' id='word_1_497' title='bbox 881 5097 953 5159; x_wconf 91' lang='lat' dir='ltr'><em>atrii</em></span> <span class='ocrx_word' id='word_1_498' title='bbox 966 5100 1170 5179; x_wconf 74' lang='lat' dir='ltr'><em>presentabit</em></span> 
     </span>
     <span class='ocr_line' id='line_1_59' title="bbox 418 5190 1171 5280; baseline 0.011 -28"><span class='ocrx_word' id='word_1_499' title='bbox 418 5190 582 5254; x_wconf 87' lang='lat' dir='ltr'><em>sacerdoti</em></span> <span class='ocrx_word' id='word_1_500' title='bbox 598 5191 741 5269; x_wconf 89' lang='lat' dir='ltr'><em>arietem,</em></span> <span class='ocrx_word' id='word_1_501' title='bbox 756 5201 790 5254; x_wconf 91' lang='lat' dir='ltr'><em>ut</em></span> <span class='ocrx_word' id='word_1_502' title='bbox 805 5197 951 5258; x_wconf 89' lang='lat' dir='ltr'><em>sacerdos</em></span> <span class='ocrx_word' id='word_1_503' title='bbox 966 5215 1004 5258; x_wconf 81' lang='lat' dir='ltr'><em>ex</em></span> <span class='ocrx_word' id='word_1_504' title='bbox 1020 5205 1109 5279; x_wconf 90' lang='lat' dir='ltr'><em>parta</em></span> <span class='ocrx_word' id='word_1_505' title='bbox 1125 5198 1171 5280; x_wconf 93' lang='lat' dir='ltr'><em>ip-</em></span> 
     </span>
     <span class='ocr_line' id='line_1_60' title="bbox 419 5288 1172 5376; baseline 0.007 -24"><span class='ocrx_word' id='word_1_506' title='bbox 419 5290 489 5352; x_wconf 86' lang='lat' dir='ltr'><em>sius</em></span> <span class='ocrx_word' id='word_1_507' title='bbox 505 5288 624 5353; x_wconf 75' lang='lat' dir='ltr'><em>offerat</em></span> <span class='ocrx_word' id='word_1_508' title='bbox 642 5289 731 5351; x_wconf 92' lang='lat' dir='ltr'><em>illum</em></span> <span class='ocrx_word' id='word_1_509' title='bbox 748 5311 805 5372; x_wconf 92' lang='lat' dir='ltr'><em>pro</em></span> <span class='ocrx_word' id='word_1_510' title='bbox 821 5303 951 5374; x_wconf 86' lang='lat' dir='ltr'><em>peccato</em></span> <span class='ocrx_word' id='word_1_511' title='bbox 968 5294 1082 5376; x_wconf 89' lang='lat' dir='ltr'><em>ipsius.</em></span> <span class='ocrx_word' id='word_1_512' title='bbox 1097 5303 1172 5360; x_wconf 89' lang='lat' dir='ltr'><em>Oru-</em></span> 
     </span>
    </p>
   </div>
   <div class='ocr_carea' id='block_1_7' title="bbox 1228 4315 1975 5384">
    <p class='ocr_par' dir='ltr' id='par_1_12' title="bbox 1228 4315 1975 5384">
     <span class='ocr_line' id='line_1_61' title="bbox 1229 4315 1974 4401; baseline 0.007 -24"><span class='ocrx_word' id='word_1_513' title='bbox 1229 4333 1301 4377; x_wconf 87' lang='lat' dir='ltr'><em>esns</em></span> <span class='ocrx_word' id='word_1_514' title='bbox 1314 4315 1475 4378; x_wconf 86' lang='lat' dir='ltr'><em>fructuum</em></span> <span class='ocrx_word' id='word_1_515' title='bbox 1491 4316 1652 4394; x_wconf 90' lang='lat' dir='ltr'><em>arborum,</em></span> <span class='ocrx_word' id='word_1_516' title='bbox 1662 4337 1740 4400; x_wconf 89' lang='lat' dir='ltr'><em>quas</em></span> <span class='ocrx_word' id='word_1_517' title='bbox 1758 4317 1793 4380; x_wconf 91' lang='lat' dir='ltr'><em>in</em></span> <span class='ocrx_word' id='word_1_518' title='bbox 1809 4327 1893 4382; x_wconf 86' lang='lat' dir='ltr'><em>terra</em></span> <span class='ocrx_word' id='word_1_519' title='bbox 1906 4338 1974 4401; x_wconf 79' lang='lat' dir='ltr'><em>pre</em></span> 
     </span>
     <span class='ocr_line' id='line_1_62' title="bbox 1228 4412 1785 4498; baseline 0.009 -25"><span class='ocrx_word' id='word_1_520' title='bbox 1228 4412 1391 4477; x_wconf 88' lang='lat' dir='ltr'><em>missionis</em></span> <span class='ocrx_word' id='word_1_521' title='bbox 1407 4414 1600 4478; x_wconf 89' lang='lat' dir='ltr'><em>invenerunt</em></span> <span class='ocrx_word' id='word_1_522' title='bbox 1615 4416 1785 4498; x_wconf 89' lang='lat' dir='ltr'><em>plantatas.</em></span> 
     </span>
     <span class='ocr_line' id='line_1_63' title="bbox 1262 4511 1974 4598; baseline 0.008 -23"><span class='ocrx_word' id='word_1_523' title='bbox 1262 4511 1869 4590; x_wconf 74' lang='lat' dir='ltr'><em>Circahocscribithillelmnstonum</em></span> <span class='ocrx_word' id='word_1_524' title='bbox 1889 4516 1974 4598; x_wconf 90' lang='lat' dir='ltr'><em>plan·</em></span> 
     </span>
     <span class='ocr_line' id='line_1_64' title="bbox 1229 4610 1973 4698; baseline 0.012 -27"><span class='ocrx_word' id='word_1_525' title='bbox 1229 4610 1372 4673; x_wconf 90' lang='lat' dir='ltr'><em>taveritis</em></span> <span class='ocrx_word' id='word_1_526' title='bbox 1388 4611 1473 4692; x_wconf 88' lang='lat' dir='ltr'><em>ligna</em></span> <span class='ocrx_word' id='word_1_527' title='bbox 1489 4612 1657 4694; x_wconf 86' lang='lat' dir='ltr'><em>pomifera,</em></span> <span class='ocrx_word' id='word_1_528' title='bbox 1675 4613 1826 4678; x_wconf 80' lang='lat' dir='ltr'><em>auferetis</em></span> <span class='ocrx_word' id='word_1_529' title='bbox 1848 4635 1973 4698; x_wconf 75' lang='lat' dir='ltr'><em>praepu-</em></span> 
     </span>
     <span class='ocr_line' id='line_1_65' title="bbox 1230 4707 1973 4796; baseline 0.011 -27"><span class='ocrx_word' id='word_1_530' title='bbox 1230 4707 1272 4770; x_wconf 92' lang='lat' dir='ltr'><em>tia</em></span> <span class='ocrx_word' id='word_1_531' title='bbox 1293 4727 1414 4786; x_wconf 90' lang='lat' dir='ltr'><em>eornm,</em></span> <span class='ocrx_word' id='word_1_532' title='bbox 1432 4711 1491 4773; x_wconf 91' lang='lat' dir='ltr'><em>boc</em></span> <span class='ocrx_word' id='word_1_533' title='bbox 1513 4719 1561 4773; x_wconf 92' lang='lat' dir='ltr'><em>est</em></span> <span class='ocrx_word' id='word_1_534' title='bbox 1585 4713 1688 4793; x_wconf 92' lang='lat' dir='ltr'><em>prima</em></span> <span class='ocrx_word' id='word_1_535' title='bbox 1708 4714 1884 4793; x_wconf 81' lang='lat' dir='ltr'><em>genimina,</em></span> <span class='ocrx_word' id='word_1_536' title='bbox 1902 4735 1973 4796; x_wconf 70' lang='lat' dir='ltr'><em>quar</em></span> 
     </span>
     <span class='ocr_line' id='line_1_66' title="bbox 1228 4807 1974 4876; baseline 0.012 -9"><span class='ocrx_word' id='word_1_537' title='bbox 1228 4807 1309 4869; x_wconf 91' lang='lat' dir='ltr'><em>Deus</em></span> <span class='ocrx_word' id='word_1_538' title='bbox 1325 4807 1489 4871; x_wconf 90' lang='lat' dir='ltr'><em>immunda</em></span> <span class='ocrx_word' id='word_1_539' title='bbox 1509 4809 1620 4872; x_wconf 91' lang='lat' dir='ltr'><em>haberi</em></span> <span class='ocrx_word' id='word_1_540' title='bbox 1637 4810 1739 4874; x_wconf 91' lang='lat' dir='ltr'><em>voluit</em></span> <span class='ocrx_word' id='word_1_541' title='bbox 1760 4821 1870 4874; x_wconf 90' lang='lat' dir='ltr'><em>contra</em></span> <span class='ocrx_word' id='word_1_542' title='bbox 1891 4832 1974 4876; x_wconf 79' lang='lat' dir='ltr'><em>erre</em></span> 
     </span>
     <span class='ocr_line' id='line_1_67' title="bbox 1229 4905 1975 4992; baseline 0.009 -26"><span class='ocrx_word' id='word_1_543' title='bbox 1229 4923 1295 4968; x_wconf 88' lang='lat' dir='ltr'><em>rom</em></span> <span class='ocrx_word' id='word_1_544' title='bbox 1312 4905 1561 4984; x_wconf 89' lang='lat' dir='ltr'><em>idololatrarum,</em></span> <span class='ocrx_word' id='word_1_545' title='bbox 1572 4909 1627 4989; x_wconf 92' lang='lat' dir='ltr'><em>qni</em></span> <span class='ocrx_word' id='word_1_546' title='bbox 1644 4927 1681 4972; x_wconf 88' lang='lat' dir='ltr'><em>ea</em></span> <span class='ocrx_word' id='word_1_547' title='bbox 1697 4918 1849 4991; x_wconf 89' lang='lat' dir='ltr'><em>tanquam</em></span> <span class='ocrx_word' id='word_1_548' title='bbox 1867 4911 1975 4992; x_wconf 92' lang='lat' dir='ltr'><em>primi·</em></span> 
     </span>
     <span class='ocr_line' id='line_1_68' title="bbox 1229 5004 1971 5092; baseline 0.011 -27"><span class='ocrx_word' id='word_1_549' title='bbox 1229 5005 1287 5066; x_wconf 87' lang='lat' dir='ltr'><em>tias</em></span> <span class='ocrx_word' id='word_1_550' title='bbox 1310 5004 1403 5067; x_wconf 91' lang='lat' dir='ltr'><em>idolis</em></span> <span class='ocrx_word' id='word_1_551' title='bbox 1425 5004 1608 5069; x_wconf 80' lang='lat' dir='ltr'><em>offerebant</em></span> <span class='ocrx_word' id='word_1_552' title='bbox 1632 5008 1664 5071; x_wconf 94' lang='lat' dir='ltr'><em>in</em></span> <span class='ocrx_word' id='word_1_553' title='bbox 1686 5017 1787 5090; x_wconf 90' lang='lat' dir='ltr'><em>parte,</em></span> <span class='ocrx_word' id='word_1_554' title='bbox 1805 5019 1836 5071; x_wconf 90' lang='lat' dir='ltr'><em>et</em></span> <span class='ocrx_word' id='word_1_555' title='bbox 1857 5013 1971 5092; x_wconf 88' lang='lat' dir='ltr'><em>partim</em></span> 
     </span>
     <span class='ocr_line' id='line_1_69' title="bbox 1229 5105 1975 5186; baseline 0.007 -21"><span class='ocrx_word' id='word_1_556' title='bbox 1229 5121 1266 5165; x_wconf 88' lang='lat' dir='ltr'><em>ca</em></span> <span class='ocrx_word' id='word_1_557' title='bbox 1291 5105 1497 5167; x_wconf 88' lang='lat' dir='ltr'><em>comederunt</em></span> <span class='ocrx_word' id='word_1_558' title='bbox 1521 5107 1553 5168; x_wconf 94' lang='lat' dir='ltr'><em>in</em></span> <span class='ocrx_word' id='word_1_559' title='bbox 1579 5107 1726 5169; x_wconf 86' lang='lat' dir='ltr'><em>domibus</em></span> <span class='ocrx_word' id='word_1_560' title='bbox 1753 5107 1924 5186; x_wconf 91' lang='lat' dir='ltr'><em>idolorum,</em></span> <span class='ocrx_word' id='word_1_561' title='bbox 1944 5118 1975 5172; x_wconf 89' lang='lat' dir='ltr'><em>ct</em></span> 
     </span>
     <span class='ocr_line' id='line_1_70' title="bbox 1228 5200 1974 5287; baseline 0.011 -25"><span class='ocrx_word' id='word_1_562' title='bbox 1228 5200 1311 5263; x_wconf 89' lang='lat' dir='ltr'><em>istud</em></span> <span class='ocrx_word' id='word_1_563' title='bbox 1331 5221 1388 5284; x_wconf 88' lang='lat' dir='ltr'><em>per</em></span> <span class='ocrx_word' id='word_1_564' title='bbox 1408 5212 1470 5265; x_wconf 85' lang='lat' dir='ltr'><em>tres</em></span> <span class='ocrx_word' id='word_1_565' title='bbox 1490 5223 1591 5267; x_wconf 90' lang='lat' dir='ltr'><em>annos</em></span> <span class='ocrx_word' id='word_1_566' title='bbox 1612 5224 1630 5266; x_wconf 88' lang='lat' dir='ltr'><em>a</em></span> <span class='ocrx_word' id='word_1_567' title='bbox 1649 5205 1848 5287; x_wconf 90' lang='lat' dir='ltr'><em>plantatione</em></span> <span class='ocrx_word' id='word_1_568' title='bbox 1870 5226 1974 5270; x_wconf 85' lang='lat' dir='ltr'><em>serva-</em></span> 
     </span>
     <span class='ocr_line' id='line_1_71' title="bbox 1228 5299 1970 5384; baseline 0.009 -23"><span class='ocrx_word' id='word_1_569' title='bbox 1228 5299 1314 5361; x_wconf 85' lang='lat' dir='ltr'><em>bant.</em></span> <span class='ocrx_word' id='word_1_570' title='bbox 1340 5301 1517 5364; x_wconf 85' lang='lat' dir='ltr'><em>Grodebant</em></span> <span class='ocrx_word' id='word_1_571' title='bbox 1541 5321 1672 5384; x_wconf 90' lang='lat' dir='ltr'><em>qnoque</em></span> <span class='ocrx_word' id='word_1_572' title='bbox 1701 5305 1821 5384; x_wconf 82' lang='lat' dir='ltr'><em>primos</em></span> <span class='ocrx_word' id='word_1_573' title='bbox 1848 5305 1970 5370; x_wconf 80' lang='lat' dir='ltr'><em>fructus</em></span> 
     </span>
    </p>
   </div>
   <div class='ocr_carea' id='block_1_8' title="bbox 0 0 2160 6259">
    <p class='ocr_par' dir='ltr' id='par_1_13' title="bbox 0 0 2160 6259">
     <span class='ocr_line' id='line_1_72' title="bbox 0 0 2160 6259; baseline 0 1"><span class='ocrx_word' id='word_1_574' title='bbox 0 0 2160 6259; x_wconf 95' lang='lat' dir='ltr'><em> </em></span> 
     </span>
    </p>
   </div>
  </div>
 </body>
</html>
