4309 6259
428 464 447 527 2
842 481 1015 528 manuario
1035 480 1067 526 m
1088 480 1156 526 aaa.
1180 478 1222 525 xx
1243 478 1345 525 axona.
1366 499 1407 508 —
1427 480 1498 525 aar.
1520 480 1560 526 xa

424 660 473 716 est
498 652 578 716 ratio
603 652 764 731 obligandi
785 652 823 714 ad
849 652 1039 715 servandum
1066 650 1168 732 ipsius
1182 647 1208 709 A
1223 648 1511 731 participationem.
1533 650 1576 711 De
1598 647 1715 729 quibus
1738 647 1770 708 in
1794 646 1898 728 primo
1918 646 1968 708 Ti-

425 759 592 833 praecepta.
610 751 729 815 ldcirco
744 770 800 832 per
814 750 911 813 verba
926 749 1005 825 haec,
1016 749 1081 828 Ego
1097 767 1167 809 sum
1223 746 1293 809 maei
1315 746 1455 829 loquitur
1477 748 1510 808 in
1531 765 1667 829 persona
1686 745 1738 808 Dei
1759 745 1845 808 Plato
1867 743 1968 827 philo

424 849 575 913 Dominus
591 850 672 912 Deus
691 848 894 925 tuus,diount
908 846 1106 910 affirmative
1121 846 1169 928 ju·
1223 846 1342 927 sophus
1361 864 1368 907 ε
1388 845 1412 909 0
1428 846 1472 908 dii
1489 847 1632 922 deorum,
1649 863 1786 927 quorum
1808 844 1893 907 idem
1914 863 1968 926 pa-

423 946 503 1025 beri,
521 949 605 1030 quod
629 947 850 1013 hocfirmiter
870 947 1027 1010 credatur.
1051 945 1168 1008 Secun-
1223 952 1270 1005 ter
1289 943 1462 1027 opifexque
1483 952 1560 1023 egot
1583 943 1698 1007 Omnes
1717 943 1750 1004 hi
1769 951 1903 1025 possunt
1921 941 1966 1004 dii

423 1047 499 1109 dum
521 1066 631 1110 eorum
653 1048 808 1111 motivum
831 1052 889 1123 est,
907 1044 1059 1128 quoniam
1082 1052 1168 1106 ante·
1222 1043 1319 1105 alieni
1342 1043 1460 1119 vocari,
1487 1042 1520 1105 in
1550 1051 1705 1124 quantum
1733 1060 1789 1124 per
1815 1041 1966 1104 vitiosum

422 1165 519 1227 quam
530 1146 647 1228 aliquis
657 1146 759 1228 possit
769 1146 941 1228 praecipere
951 1145 1168 1225 aliis,oportet
1222 1142 1344 1205 cultum
1366 1161 1476 1205 eorum
1497 1141 1643 1205 homines
1666 1140 1857 1217 alienantur,
1879 1158 1968 1202 aver-

423 1254 458 1307 ut
479 1246 651 1327 recipiatur
675 1245 716 1308 ab
740 1244 787 1308 eis
812 1263 869 1327 pro
896 1242 1069 1327 superiore.
1095 1243 1166 1306 ldeo
1223 1249 1333 1303 tuntur
1348 1249 1379 1303 et
1395 1241 1606 1323 reprobantur
1620 1260 1640 1304 a
1654 1240 1862 1315 veroDeo;et
1878 1239 1965 1314 item,

421 1344 532 1406 dicunt
547 1345 645 1407 Deum
660 1344 764 1426 primo
779 1343 912 1425 jussisse
927 1361 984 1424 ρον
1006 1340 1103 1406 verba
1122 1341 1168 1404 in·
1221 1339 1372 1420 quoniam
1388 1340 1470 1402 Deus
1484 1340 1590 1421 iussit,
1599 1348 1634 1402 ut
1651 1339 1763 1402 fideles
1780 1338 1829 1401 sui
1846 1336 1968 1401 abillo

421 1442 526 1519 ducta,
544 1443 628 1524 quod
644 1442 713 1524 ipse
728 1442 898 1505 haberetur
917 1441 957 1503 ab
972 1440 1112 1503 Hebraeis
1132 1439 1166 1501 in
1221 1457 1291 1500 rum
1307 1438 1656 1511 cultu.sealienarent;
1675 1454 1877 1518 rursumque,
1892 1436 1968 1516 quia

420 1542 530 1603 Deum.
558 1540 617 1603 Sed
644 1541 704 1602 ista
728 1540 847 1603 motiva
870 1540 1017 1622 quamvis
1042 1538 1165 1619 aliquid
1221 1556 1329 1599 avara
1344 1536 1462 1600 deitate
1479 1546 1553 1599 sunt
1568 1536 1677 1599 alieni.
1695 1537 1804 1617 ltaque
1819 1535 1884 1598 ait:
1900 1534 1966 1597 Non

419 1640 605 1703 contineant
629 1638 783 1715 veritatis,
809 1657 874 1701 non
901 1646 1007 1701 tamen
1037 1636 1166 1700 conclu·
1220 1636 1352 1698 habebis
1369 1636 1444 1699 deos
1459 1637 1580 1700 alienos
1595 1653 1702 1699 coram
1718 1654 1779 1711 mc,
1790 1634 1822 1696 id
1838 1641 1886 1696 est
1902 1633 1968 1695 nul·

418 1739 498 1800 dunt
520 1737 730 1820 propositum,
757 1738 832 1819 quia
854 1737 920 1819 jam
951 1743 1025 1799 ante
1049 1736 1164 1798 horum
1221 1733 1290 1810 libi,
1304 1734 1455 1816 quoniam
1471 1752 1530 1814 ego
1547 1734 1666 1815 ubique
1682 1753 1752 1795 sum
1769 1740 1967 1815 praesens„et

417 1836 628 1917 prolationem
644 1836 814 1899 verborum
830 1834 893 1896 filii
910 1835 1005 1897 lsrael
1021 1834 1165 1897 credide
1184 1836 1335 1897 Bouneta
1350 1833 1489 1896 intueor.

417 1942 502 2011 runt,
520 1933 604 2015 quod
620 1933 674 1996 ille
689 1934 745 2015 qui
761 1953 814 1997 eos
834 1934 954 2009 eduxit,
971 1938 1055 1996 osset
1070 1951 1164 1995 verus
1261 1934 1334 1996 Non
1349 1934 1449 2009 socies
1469 1934 1527 1993 tibi
1543 1935 1703 2009 soaatptite,
1724 1932 1755 1993 id
1776 1939 1824 1994 est
1844 1930 1967 1994 idolum

418 2034 552 2109 Deus,et
567 2032 746 2114 specialiter
757 2032 839 2094 Deus
854 2050 976 2095 eorum.
989 2031 1078 2094 Unde
1094 2030 1167 2092 sub·
1220 2030 1349 2112 aliquod
1375 2049 1414 2092 ex
1441 2049 1643 2112 quacumque
1670 2030 1813 2107 materia,
1842 2029 1874 2091 in
1905 2048 1968 2109 qua

288 2139 405 2193 samu,
421 2132 534 2195 mersis
559 2131 724 2213 AEgyptiis,
752 2132 936 2194 cecinerunt
962 2148 969 2192 ε
997 2130 1165 2193 Cantemus
1221 2129 1324 2210 sculpi
1342 2129 1506 2210 potestEt
1521 2128 1703 2210 specialiter
1713 2137 1817 2211 potest
1833 2146 1889 2210 per
1906 2128 1969 2190 ido

277 2205 335 2246 ¹'²⁰'
420 2230 566 2308 Domino,
587 2230 725 2310 gloriose
746 2230 832 2292 enim
857 2228 1085 2310 magnificatus
1106 2237 1164 2292 est.
1222 2227 1288 2289 lum
1316 2227 1476 2307 designari
1506 2228 1610 2307 imago
1635 2227 1681 2290 rei
1706 2226 1870 2303 confictae,
1897 2244 1968 2307 quae

420 2329 661 2405 Quartodecimo
689 2346 817 2410 quoque
844 2328 985 2410 capitulo
1011 2327 1166 2408 scriptum
1223 2325 1343 2387 nullam
1368 2325 1586 2388 exsistentiam
1608 2325 1715 2402 habet,
1739 2344 1798 2388 nec
1822 2343 1892 2387 esse
1913 2342 1970 2405 po-

422 2436 480 2505 est,
501 2428 586 2510 quod
606 2428 652 2491 eis
673 2446 729 2509 per
748 2426 845 2489 maris
869 2426 1002 2489 fundum
1025 2425 1168 2487 transdu-
1224 2432 1295 2500 test,
1313 2443 1412 2505 quum
1431 2424 1516 2486 dicat
1530 2422 1700 2505 Apostolus
1718 2441 1725 2484 :
1743 2423 1864 2486 ldolum
1886 2422 1967 2484 nibil
1996 2432 2121 2482 wer-vua

295 2525 494 2603 luctanctis,
512 2526 731 2608 AEgyptiisque
755 2524 940 2601 submersis
965 2524 1169 2588 crediderunt
1223 2532 1281 2584 est.
1299 2525 1410 2601 Neque
1429 2543 1555 2583 omnem
1569 2525 1823 2583 similitudinem
1837 2544 1910 2603 quoe
1924 2531 1968 2581 est
1982 2498 2003 2546 ⁴¹

278 2602 313 2643 ³¹'
425 2624 557 2687 Domino
573 2632 606 2686 et
618 2623 713 2706 lloysi
730 2642 822 2687 servo
837 2623 917 2705 ejus.
927 2624 1080 2705 Denique,
1095 2642 1169 2704 prae
1224 2624 1260 2682 in
1275 2626 1351 2683 coeto
1361 2625 1508 2699 (desuper,
1518 2630 1548 2682 et
1563 2644 1635 2700 quaa
1651 2624 1687 2681 in
1705 2631 1790 2682 temo
1805 2624 1967 2691 deorsum,

425 2722 550 2785 cedenti
571 2722 712 2804 capitulo
741 2722 817 2786 fassi
838 2731 913 2785 sunt
938 2741 972 2785 se
996 2721 1079 2785 velle
1099 2740 1169 2784 esse
1225 2740 1409 2781 peccorum
1428 2731 1595 2799 quoesont
1615 2724 1651 2780 io
1671 2723 1766 2799 aquis
1781 2722 1839 2781 sub
1856 2731 1941 2782 terra
1957 2737 1969 2780 .·

281 2826 410 2877 bidesd-
426 2820 584 2903 subjectos
604 2822 741 2903 imperio
762 2823 828 2900 Dei,
852 2822 995 2885 dicentes
1018 2842 1024 2885 :
1048 2822 1169 2883 Cuncta
1224 2818 1257 2881 id
1271 2828 1330 2895 est,
1341 2818 1462 2880 nullam
1477 2818 1537 2881 tibi
1553 2818 1708 2881 formabis
1724 2818 1968 2881 similitudinem

425 2938 496 3000 quta
511 2919 635 2982 locutus
650 2929 699 2982 est
714 2920 877 2998 Dominus,
897 2921 1063 2984 faciemus.
1225 2937 1283 2999 per
1302 2917 1445 2980 fusuram
1471 2916 1538 2981 sive
1560 2917 1717 2998 picturam
1739 2918 1970 3000 cujuscumque

461 3015 568 3098 ltaque
577 3017 659 3079 Deus
671 3025 821 3097 tanquam
833 3017 1063 3099 praeambulum
1074 3017 1208 3098 quod-G
1226 3017 1272 3079 rei
1289 3024 1412 3094 creata,
1430 3016 1578 3079 videlicet.
1597 3017 1637 3079 ad
1657 3017 1827 3079 colendum
1848 3016 1970 3097 aliquid

428 3116 499 3177 dam
512 3114 852 3197 praemittens,locutus
868 3124 916 3176 est
927 3114 1046 3197 populo
1057 3114 1169 3177 lsrael:
1227 3116 1300 3192 tale,
1327 3115 1370 3177 ita
1395 3123 1430 3177 ut
1456 3134 1514 3177 nec
1538 3115 1717 3179 coelestium
1745 3135 1849 3196 neque
1873 3123 1971 3178 terre

428 3214 492 3293 Ego
508 3232 578 3276 sum
594 3215 745 3277 Dominus
756 3214 837 3276 Deus
855 3212 1002 3295 tuus,qui
1019 3212 1094 3276 licet
1109 3213 1171 3275 sim
1228 3215 1340 3276 strium
1357 3232 1460 3295 neque
1478 3214 1697 3294 aquaticorum
1717 3214 1890 3294 imaginem
1911 3212 1970 3276 tibi

429 3311 652 3375 universorum
659 3311 811 3374 Dominus
822 3320 918 3392 atque
928 3311 1010 3374 Deus
1021 3330 1077 3394 per
1089 3330 1174 3375 orea-
1229 3312 1355 3388 formes,
1365 3320 1419 3375 aut
1432 3312 1503 3375 fieri
1517 3310 1623 3374 facias
1632 3312 1711 3375 Hinc
1722 3311 1883 3375 subditur:
1897 3315 1971 3373 Non

430 3410 550 3473 tionem
566 3419 598 3473 et
612 3409 886 3489 gubernationem,
896 3410 1172 3473 conservationem
1228 3414 1378 3471 artarchis
1398 3432 1436 3471 aa
1458 3433 1560 3491 neque
1579 3415 1671 3483 cotes,
1693 3411 1768 3492 qnia
1791 3430 1850 3474 nec
1869 3412 1972 3493 ipsam

430 3517 462 3571 et
472 3508 674 3591 judiciariam
686 3516 999 3590 potestatem,tamen
1015 3528 1087 3570 sum
1104 3526 1175 3591 spe-
1229 3528 1297 3571 rem
1318 3517 1467 3586 creatam,
1489 3528 1547 3572 nec
1569 3509 1639 3592 ejus
1661 3510 1844 3590 imaginem.
1863 3509 1972 3591 Aliqui

430 3608 554 3671 cialiter
577 3607 730 3670 Dominus
751 3607 834 3670 Deus
861 3615 944 3684 tuus,
972 3626 1067 3689 quem
1091 3606 1174 3687 elegi
1230 3626 1367 3688 namque
1386 3616 1578 3689 putaverunt
1597 3608 1718 3689 aliquid
1740 3608 1883 3671 numinis
1902 3628 1972 3671 esse

432 3706 511 3769 mihi
527 3706 560 3769 in
581 3706 735 3789 populum
751 3706 955 3787 peculiarem,
973 3714 1004 3769 et
1019 3706 1071 3769 eui
1088 3725 1174 3769 nunc
1231 3706 1264 3767 in
1280 3706 1359 3787 ipsis
1378 3706 1484 3783 idolis,
1502 3706 1615 3769 statuis
1635 3726 1691 3769 seu
1713 3707 1919 3788 imaginibus,
1936 3714 1973 3768 ut

432 3804 534 3885 legem
549 3812 581 3866 et
595 3812 752 3886 precepta
767 3801 834 3866 haec
850 3802 967 3867 tribuo.
1230 3804 1465 3883 Trismegistus,
1482 3804 1539 3887 qui
1554 3804 1656 3867 dixit:
1677 3806 1802 3869 Statuas
1819 3806 1891 3870 dico
1907 3805 1975 3868 ani-

471 3905 709 3985 Consequenter
727 3900 915 3983 exprimitur
935 3902 1074 3983 primum
1096 3921 1175 3984 prae
1230 3912 1331 3965 motas
1353 3921 1449 3966 sensu
1471 3912 1502 3966 et
1524 3904 1639 3986 spiritu
1663 3903 1786 3985 plenas,
1805 3903 1974 3967 imbecilli-

433 4010 560 4084 oeptum
579 4017 586 4063 :
605 4004 679 4063 Non
694 4002 821 4061 babebis
839 4003 911 4059 deos
931 4002 1052 4061 alierms
1066 4022 1175 4061 coram
1232 4010 1327 4065 tatem
1349 4011 1380 4064 et
1405 4002 1572 4065 sanitatem
1596 4002 1782 4066 hominibus
1806 4002 1972 4067 facientes.

434 4123 493 4162 me.
511 4099 604 4174 Quasi
624 4099 710 4161 dicat
726 4116 734 4159 :
751 4098 796 4160 Me
816 4097 919 4161 solum
940 4118 998 4181 pro
1017 4118 1093 4162 vero
1113 4100 1176 4163 Deo
1230 4100 1338 4181 Aliqui
1353 4119 1429 4164 vero
1448 4100 1508 4163 hoc
1528 4119 1592 4164 non
1613 4102 1790 4179 credentes,
1807 4102 1974 4165 coluerunt

434 4198 578 4276 habebis,
601 4195 748 4260 adorabis
770 4203 801 4259 et
822 4196 936 4272 coles;
960 4215 1070 4260 omnes
1093 4206 1176 4261 cete
1191 4205 1216 4267 D
1231 4201 1308 4263 deos
1337 4198 1458 4280 absque
1488 4199 1627 4280 imagine
1656 4201 1853 4263 eorumdem.
1884 4201 1974 4263 Unde

433 4317 485 4362 ros
501 4296 556 4379 qui
575 4296 620 4358 dii
636 4304 800 4371 vocantur,
818 4294 974 4359 refutabis
994 4296 1125 4360 adorare
1145 4305 1177 4359 et
1232 4298 1341 4376 Varro,
1363 4298 1572 4380 Valeriusque
1594 4306 1759 4377 testantur,
1783 4300 1869 4381 quod
1891 4302 1976 4363 anti-

433 4395 537 4459 aolere
552 4413 608 4477 per
624 4393 724 4456 latriae
739 4393 871 4469 cultum,
889 4393 932 4456 ita
947 4395 1032 4475 quod
1049 4414 1108 4458 nee
1122 4415 1177 4460 eos
1232 4396 1286 4478 qui
1311 4395 1443 4460 lfomani
1464 4396 1538 4459 deos
1558 4396 1614 4459 diu
1633 4397 1754 4478 absque
1780 4398 1975 4479 imaginibus

434 4494 489 4577 qui
512 4492 707 4556 mendaciter
728 4492 773 4555 dii
796 4500 961 4569 vocantur,
986 4502 1020 4556 ut
1041 4494 1174 4577 Jupiter,
1231 4496 1409 4559 coluerunt.

434 4594 524 4671 Mars,
542 4591 707 4669 Saturnus
725 4591 781 4674 qui
797 4590 942 4653 scelerati
958 4590 1101 4669 fuerunt,
1119 4612 1177 4657 nec
1272 4598 1339 4672 Epo
1355 4597 1443 4655 enim
1457 4616 1531 4655 snm
1545 4597 1705 4656 Dominus
1719 4599 1805 4657 Deus
1823 4606 1897 4657 treus
1912 4598 1977 4673 for-

435 4692 508 4755 illos
532 4691 589 4774 qui
617 4690 651 4753 in
677 4689 848 4772 Scripturis
872 4689 918 4752 dii
943 4700 1097 4755 vocantur
1122 4711 1178 4775 per
1233 4696 1285 4765 tis,
1298 4698 1422 4766 zelotes,
1437 4693 1469 4755 id
1485 4701 1544 4769 est,
1557 4692 1656 4756 instar
1672 4694 1822 4757 amatoris
1838 4713 1893 4757 seu
1910 4714 1977 4757 ma-

435 4790 712 4873 perticipationem
737 4797 768 4851 et
790 4788 936 4868 gratiam,
960 4797 996 4851 ut
1019 4791 1125 4871 angeli
1147 4800 1178 4856 et
1232 4793 1285 4854 riti
1300 4801 1355 4854 aut
1369 4792 1478 4875 sponsi
1495 4792 1642 4875 zelotypi,
1658 4793 1768 4855 volens
1784 4793 1872 4856 solus
1887 4813 1976 4858 ama-

435 4889 581 4953 homines
607 4887 719 4963 sancti,
739 4888 887 4950 adorabis
912 4898 943 4951 et
967 4888 1053 4952 coles
1078 4889 1178 4953 latriae
1232 4892 1259 4953 ri
1280 4899 1312 4953 et
1330 4890 1392 4954 coli
1415 4900 1450 4953 ut
1471 4891 1553 4953 Deus
1572 4900 1603 4953 et
1624 4909 1760 4973 sponsus
1783 4911 1802 4954 a
1822 4891 1975 4956 fidelibus

434 4988 533 5051 cultu.
557 4988 720 5050 Daemones
744 5005 872 5068 quoque
893 5007 912 5048 a
933 4987 1108 5068 gentilibus
1132 4989 1177 5052 dii
1231 4990 1424 5053 animabus:
1444 4991 1561 5053 idcirco
1580 4990 1735 5071 prohibeo
1756 4991 1803 5053 eis
1824 4990 1977 5056 fornicari

435 5084 986 5168 mendacitervocabantur.Corpora
1000 5094 1106 5150 autem
1122 5107 1178 5152 coe
1232 5109 1305 5153 cum
1326 5089 1388 5151 diis
1407 5088 1532 5167 alienis,
1551 5089 1820 5169 quomadmodum
1840 5110 1978 5173 sponsus

435 5182 978 5266 festia,animataponebant,sicque
994 5185 1180 5263 omlos,stel-
1235 5206 1299 5251 non
1314 5188 1383 5251 vult
1402 5205 1552 5269 sponsam
1573 5206 1663 5250 suam
1683 5186 1775 5249 alteri
1792 5190 1979 5255 commisce-

435 5283 493 5360 las,
506 5282 660 5365 planetas,
672 5282 828 5347 vocabant
843 5283 919 5347 deos
936 5302 992 5365 per
1006 5286 1176 5366 quamdam
1234 5286 1272 5348 ri.
1289 5286 1348 5360 Qui
1364 5295 1469 5350 autem
1485 5286 1608 5350 accedit
1622 5285 1835 5366 meretricem,
1850 5308 1914 5353 non
1930 5291 1978 5355 in-
