4309 6259
420 499 480 563 230

801 516 973 562 anannnnto
995 516 1025 561 lli
1046 515 1116 561 (ΛΡ.
1139 515 1191 561 xlv
1212 515 1349 562 nantaldi.
1372 536 1412 546 -
1431 517 1502 563 ant.
1526 517 1589 564 XXX

419 688 510 765 strui,
520 697 552 750 et
568 697 671 752 vestes
686 686 891 764 comburi,ad
908 686 1082 749 tollendum
1100 685 1164 748 ido
1180 686 1205 748 Α
1221 694 1300 749 terat
1326 687 1441 750 veritas
1467 688 1581 750 melius
1605 688 1812 770 deprehendi,
1834 690 1908 771 quia
1924 709 1961 752 ex

420 786 553 849 lolatriae
567 787 776 850 occasionem.

461 887 501 945 Si
515 889 617 964 suerit
629 889 731 964 playa
747 889 843 962 leprae
860 886 895 944 irc
910 887 1045 954 (artibus,
1066 884 1098 944 id
1117 891 1164 946 est

420 981 553 1064 praeiata
577 983 739 1064 corruptio
765 981 988 1064 lepraeiormis‚
1009 982 1042 1043 in
1067 991 1165 1044 mate.-

422 1080 478 1142 riis
494 1081 703 1162 partibusque
718 1080 985 1156 habitaculorum,
997 1082 1055 1140 ibit
1071 1080 1098 1140 is
1113 1101 1165 1139 eu-

412 1179 474 1255 jus
492 1189 536 1240 est
556 1182 681 1252 domus,
700 1182 860 1240 nuntians
879 1181 1046 1249 sacerdoti,
1068 1189 1098 1238 et
1118 1181 1165 1237 di-

421 1289 468 1338 eet
480 1299 491 1337 .·
509 1280 609 1346 Quasi
620 1283 724 1355 playa
742 1281 836 1355 leproe
854 1281 983 1337 vrfdetur
1001 1281 1085 1338 milri
1103 1299 1165 1337 ease

421 1378 458 1436 r'rr
480 1379 572 1436 domo
595 1397 675 1437 ntea.
696 1376 763 1438 Non
788 1375 925 1437 sumitur
945 1395 1031 1438 nunc
1052 1376 1165 1438 domus

422 1493 480 1556 pro
502 1474 661 1536 contentis
684 1493 739 1537 seu
763 1474 1035 1536 commorantibus
1060 1473 1093 1535 in
1116 1493 1163 1536 ra,

420 1576 466 1634 At
484 1575 552 1643 itte,
574 1581 650 1654 puta
671 1573 828 1648 sacerdos,
843 1577 1020 1651 precipiet,
1040 1583 1076 1633 ut
1095 1577 1166 1651 effe-

421 1681 498 1731 rent
520 1673 673 1731 universa
697 1670 846 1732 utensilia
870 1679 902 1733 et
926 1670 1107 1734 consimilia
1127 1676 1166 1732 de

421 1773 536 1829 domo:
555 1769 619 1832 irno
641 1777 673 1832 et
695 1768 840 1833 homines
862 1789 898 1831 ac
916 1770 1061 1851 jumenta
1083 1769 1166 1833 exie·

1221 784 1356 848 diversis
1372 786 1613 849 alterationibus
1628 787 1710 849 acris
1726 787 1908 850 exsistentis
1929 788 1962 848 in

1219 883 1313 946 domo
1329 883 1369 946 ab
1386 884 1509 964 igneae
1525 884 1596 946 aliis
1612 885 1751 948 motibus
1766 904 1964 948 commoran-

1221 981 1299 1043 tium
1318 983 1350 1043 in
1366 983 1488 1058 eadem,
1501 983 1612 1046 crebro
1628 983 1730 1045 minui
1747 992 1850 1064 potest
1865 1003 1901 1047 ac
1917 1003 1964 1046 re-

1221 1081 1316 1163 primi
1332 1081 1493 1144 exeessiva
1508 1079 1681 1144 humiditas
1697 1100 1734 1142 ac
1749 1081 1963 1163 siccitasque.

1221 1177 1254 1241 in
1286 1179 1460 1260 parietibus
1486 1187 1595 1242 causat
1620 1179 1701 1242 hanc
1725 1178 1858 1261 lepram.
1885 1180 1963 1241 lline

1221 1279 1334 1340 domus
1349 1297 1420 1358 quae
1436 1296 1499 1340 non
1517 1276 1746 1354 inhabitantur,
1758 1278 1897 1342 velocius
1913 1279 1964 1341 de-

1222 1373 1423 1437 teriorautur.

1265 1477 1481 1553 Reversusque
1504 1476 1558 1534 die
1581 1476 1725 1551 septimo,
1751 1475 1963 1534 considerabit

1221 1593 1302 1632 eam.
1321 1574 1361 1633 Si
1380 1575 1541 1632 invenerit
1560 1575 1693 1632 creuisse
1714 1577 1847 1650 lepram,
1864 1572 1895 1633 id
1915 1581 1963 1634 est

1222 1669 1384 1752 praelatam
1411 1670 1646 1752 corruptionem
1672 1691 1728 1733 seu
1750 1671 1840 1750 signa
1862 1669 1963 1752 ipsius

1223 1778 1380 1849 praetacta,
1403 1777 1479 1850 puta
1504 1768 1669 1832 valliculas
1694 1768 1814 1850 pallore
1839 1777 1893 1830 aut
1913 1788 1964 1829 ru-

422 1875 508 1942 runt,
525 1875 557 1929 et
571 1876 658 1929 extra
673 1886 741 1929 earn
763 1876 949 1930 manserunt
968 1868 1005 1930 ad
1028 1876 1164 1950 tempus,
1182 1859 1204 1922 B
1222 1867 1298 1930 bore
1315 1866 1458 1943 sudatas,
1477 1867 1520 1929 ita
1535 1867 1620 1949 quod
1641 1866 1796 1930 vallicula
1817 1866 1880 1929 illae
1899 1865 1965 1928 sint

423 1962 456 2024 in
473 1982 537 2045 quo
552 1965 699 2028 sacerdos
712 1965 879 2046 judicavit,
896 1985 936 2027 an
953 1967 1067 2029 domus
1084 1973 1167 2029 esset

424 2061 569 2143 leprosa3
591 2066 786 2143 priusquam
811 2066 1018 2140 inprediatur
1038 2085 1120 2134 eum,
1138 2074 1167 2124 et

301 2167 396 2211 'videm
424 2161 605 2231 or'deatur*,
619 2161 650 2223 id
662 2170 709 2223 est
719 2161 938 2224 consideretur
947 2161 988 2223 ab
998 2181 1043 2237 eo,
1054 2173 1166 2222 utrum

425 2262 547 2335 leprosa
568 2261 611 2320 ait
631 2278 689 2333 ea3
711 2281 750 2319 rre
770 2262 942 2321 immunda
956 2266 1040 2338 fiunt
1055 2263 1166 2320 omnia

422 2377 494 2435 quer
508 2359 544 2416 ιη
560 2360 653 2418 domo
666 2368 755 2428 sunt,
772 2357 804 2419 id
824 2366 882 2434 est,
901 2358 1165 2438 irregularitatem

422 2455 593 2533 quamdam
610 2453 853 2537 incurrant‚qua
869 2456 1017 2519 inidonra
1033 2456 1097 2518 sint
1112 2476 1167 2537 ap-

422 2551 534 2634 plicari
550 2552 659 2615 divino
674 2553 785 2630 cultui,
795 2554 974 2616 humanave
989 2555 1166 2634 esui,juxta

422 2650 551 2713 modurn
567 2670 631 2732 quo
646 2651 764 2714 dietum
781 2661 839 2728 est,
854 2652 1028 2714 inanimata
1038 2671 1166 2734 quoquc

422 2748 588 2811 immunda
603 2748 691 2812 ellici
704 2750 794 2831 juxta
810 2750 911 2831 legem
926 2768 932 2811 :
950 2770 1020 2832 quaa
1035 2751 1062 2812 si
1079 2770 1166 2813 man-

422 2846 538 2909 sissent
554 2847 587 2909 in
603 2848 698 2911 domo
718 2848 773 2910 illa
794 2857 858 2910 tam
878 2849 944 2925 diu,
962 2850 1047 2930 quod
1064 2868 1167 2911 saeer-

421 2946 478 3007 dos
493 2945 665 3025 judicasset
680 2947 809 3009 domum
826 2967 895 3011 esse
912 2948 1080 3029 leprosam,
1093 2966 1165 3010 mox

421 3051 565 3125 reputata
581 3043 718 3108 luissent
735 3044 908 3107 immunda.

460 3145 664 3222 [retrahitque
678 3145 824 3208 sacerdos
835 3154 955 3221 pecten,
972 3155 1008 3205 ut
1027 3146 1166 3204 couside-

421 3251 468 3300 ret
490 3244 605 3301 dorius
627 3246 761 3320 lepram,
779 3261 850 3323 quaa
872 3243 920 3306 vel
944 3251 1003 3319 est,
1022 3242 1073 3305 val
1096 3261 1165 3304 esse

421 3349 551 3422 putatur
566 3341 665 3422 lepra.
682 3343 725 3402 Et
744 3363 844 3421 quum
865 3343 984 3401 uiderit
1005 3343 1041 3401 iu
1058 3343 1165 3417 purir-

422 3442 506 3500 tibua
520 3441 626 3509 itlius,
641 3447 696 3501 aut
718 3447 804 3502 certe
826 3439 859 3500 in
880 3458 944 3502 uno
967 3448 1089 3502 tanturn
1113 3457 1165 3520 pa-

420 3537 510 3615 riete,
528 3539 623 3615 quasi
638 3540 810 3598 calliculas
820 3542 946 3614 pallore
964 3540 1031 3597 sice
1051 3540 1165 3597 rubore

418 3640 587 3715 deformes,
605 3635 636 3697 id
657 3644 705 3698 est
725 3637 878 3717 quasdam
894 3635 1067 3718 particulas
1083 3644 1165 3698 cete-

420 3733 463 3795 ris
479 3733 624 3816 partibus
635 3732 696 3794 sibi
709 3733 822 3797 vicinis
838 3733 1063 3815 depressiores,
1077 3733 1165 3814 apri-

420 3831 504 3894 stino
524 3831 630 3894 colore
651 3830 834 3894 notabiliter
851 3831 1050 3912 turpiterque
1066 3840 1164 3892 muta·

421 3938 468 3992 tas
485 3947 492 3991 :
510 3930 582 3992 ideo
604 3929 761 4006 subditur,
784 3941 814 3989 et
836 3931 1037 4001 hrrrnr'tiorea,
1062 3929 1093 3990 id
1116 3939 1164 3991 est

418 4027 591 4103 bassioreS,
616 4031 786 4105 superficie
813 4031 955 4107 relique,
986 4028 1162 4088 secundum

419 4126 504 4206 quod
535 4145 632 4207 parva
657 4125 750 4188 vallis
775 4135 822 4188 est
852 4125 1012 4188 modicum
1038 4126 1163 4189 bassior

1222 1984 1286 2046 prae
1303 1965 1396 2028 solito
1412 1965 1612 2047 protundatae
1631 1975 1663 2028 et
1678 1965 1898 2028 innaturaliori
1914 1984 1967 2028 eo

1221 2063 1289 2126 lore
1304 2062 1442 2145 perfusae
1456 2089 1462 2139 ;
1473 2065 1601 2140 jubebit
1616 2067 1690 2124 erui
1706 2067 1828 2141 lapides
1843 2065 1879 2124 in.
1895 2065 1966 2142 qui-

1221 2164 1278 2222 bua
1303 2167 1392 2239 lepre
1412 2173 1456 2222 est
1478 2183 1489 2222 .·
1515 2171 1546 2224 et
1571 2163 1655 2243 quod
1678 2163 1717 2224 de
1737 2161 1897 2244 lapidibus
1920 2163 1967 2224 di-

1221 2259 1315 2337 citur,
1341 2261 1380 2321 de
1410 2259 1482 2322 aliis
1512 2278 1639 2341 quoque
1664 2259 1883 2322 materialibus
1909 2280 1966 2323 seu

1222 2355 1431 2437 integralibus
1447 2358 1601 2440 partibus,
1612 2356 1645 2418 in
1656 2358 1773 2438 quihus
1784 2359 1967 2440 apparuerit

1223 2456 1294 2516 talis
1311 2455 1509 2537 lapra‚datur
1526 2454 1679 2537 intelligi,
1696 2466 1725 2517 et
1738 2457 1858 2533 projici
1872 2467 1966 2517 artrn

1221 2557 1395 2625 civitatem,
1413 2553 1577 2616 autetiam
1594 2554 1715 2630 villam,
1731 2557 1768 2614 iu
1786 2557 1889 2616 lorrrrn
1904 2558 1966 2615 irrr-

1222 2655 1393 2722 mirratum,
1412 2670 1452 2714 ne
1470 2653 1510 2715 ad
1530 2651 1667 2733 alicujus
1687 2652 1799 2714 mnndi
1821 2652 1966 2715 iniectio

1222 2768 1294 2811 nern
1316 2750 1497 2831 disponant.
1517 2754 1653 2812 Domum
1674 2761 1781 2811 autem
1797 2753 1901 2828 r'psnra
1915 2751 1967 2831 ju-

1222 2846 1311 2909 bebit
1332 2849 1409 2907 radi
1433 2850 1626 2908 intrinsecus
1646 2869 1704 2924 per
1724 2850 1911 2920 circuitum,
1932 2857 1968 2910 ut

1221 2945 1248 3006 si
1266 2943 1346 3008 forte
1362 2945 1439 3026 quid
1457 2945 1667 3008 immunditiae
1682 2955 1737 3007 aut
1752 2946 1967 3027 corruptionis

1184 3040 1205 3102 C
1221 3043 1354 3124 coeperit
1370 3062 1439 3106 esse
1455 3043 1486 3104 in
1504 3063 1550 3119 ea,
1570 3043 1616 3105 sic
1630 3043 1812 3121 abradatur,
1828 3055 1858 3104 et
1877 3065 1968 3121 spor-

1217 3144 1255 3217 ‚qi
1268 3146 1433 3218 prrlnerern
1448 3163 1572 3203 rusurra
1586 3153 1678 3203 rutra
1693 3145 1800 3202 urbem
1815 3145 1849 3202 in
1863 3146 1966 3202 locum

1221 3243 1442 3310 r'urrrurrrdum,
1469 3243 1652 3320 lapidesque
1676 3243 1757 3300 alios
1782 3242 1905 3318 reponi,
1931 3250 1966 3302 ut

1220 3339 1334 3400 domus
1351 3338 1552 3416 reformetur,
1565 3348 1593 3401 et
1612 3339 1819 3400 subveniatur
1834 3338 1966 3402 domino

1220 3438 1344 3513 domus,
1364 3457 1435 3500 curn
1460 3439 1576 3500 damno
1598 3456 1662 3526 quo
1684 3436 1756 3500 fieri
1782 3446 1886 3518 potest
1904 3439 1966 3500 rni-

1220 3535 1301 3599 nori.
1326 3539 1389 3598 Sin
1413 3547 1520 3598 antem
1545 3546 1617 3618 post
1646 3537 1739 3598 talem
1766 3535 1965 3600 reformatio-

1220 3653 1304 3710 nem,
1319 3644 1489 3714 postquam
1505 3639 1592 3696 eruti
1605 3645 1681 3695 srrnt
1697 3637 1831 3711 lapides,
1847 3646 1876 3694 et
1889 3641 1965 3712 pul-

1219 3735 1268 3792 vis
1297 3738 1411 3804 elutus,
1437 3744 1466 3792 et
1491 3737 1561 3794 aliu
1588 3745 1674 3794 terro
1704 3735 1776 3802 litu,
1802 3735 1966 3810 inpressas

1217 3835 1372 3904 sacerdos,
1396 3834 1515 3892 or'rterr't
1537 3853 1696 3892 reversam
1720 3835 1852 3908 lepram,
1873 3835 1968 3908 liparo

1218 3939 1262 3988 eat
1269 3940 1525 4005 perueneram&
1542 3931 1714 3990 irrrrrtuude
1728 3932 1855 4000 domam·
1864 3950 1967 4008 qrram

1217 4029 1327 4086 statim
1346 4029 1471 4086 destrui
1489 4029 1600 4107 saciet,
1619 4045 1659 4088 ne
1677 4034 1708 4088 et
1728 4025 1906 4088 habitantes
1930 4027 1968 4088 in

1218 4143 1265 4200 ea,
1283 4123 1390 4206 aliquo
1411 4125 1505 4187 modo
1526 4124 1681 4187 laedantur
1700 4142 1755 4186 seu
1776 4123 1968 4186 inficiantur

419 4222 653 4304 circumpositis
670 4223 765 4296 locis;
781 4227 962 4300 eprertietur
977 4227 1095 4285 ostium
1110 4228 1163 4284 rto·
1180 4223 1201 4284 n
1217 4242 1255 4284 ax
1266 4231 1418 4305 ea,atque
1434 4223 1475 4284 ob
1490 4222 1584 4284 aliam
1601 4241 1727 4284 caumm
1744 4221 1964 4302 praehabitam.

420 4341 503 4391 mua,
524 4331 554 4380 et
577 4323 687 4380 statim
709 4326 837 4382 claudet
858 4342 942 4391 earn,
965 4329 996 4383 et
1021 4321 1161 4384 clausam

419 4417 559 4481 dimittet
571 4428 687 4495 septem
698 4420 987 4500 dr'ebrrs,loquendo
1003 4420 1042 4482 do
1058 4419 1163 4500 primo

418 4524 450 4578 et
471 4515 608 4599 septimo
627 4516 678 4578 die
698 4517 927 4597 synecdochice
946 4526 976 4580 et
994 4518 1160 4580 inclusive.

417 4613 687 4688 Quemadmodum
708 4623 813 4677 autern
833 4613 866 4676 in
888 4614 1072 4678 hominibus
1090 4615 1162 4678 talis

418 4712 555 4793 partium
573 4710 774 4774 infirmarum
786 4713 1162 4796 depressio,mutatioque

417 4809 534 4873 coloris
558 4810 591 4871 in
617 4809 776 4872 lucentem
801 4810 955 4884 alborem,
974 4811 1065 4892 signa
1087 4822 1163 4875 sunt

417 4907 598 4990 probabilia
618 4926 701 4970 vera
723 4908 830 4989 lepra,
851 4908 896 4971 sio
912 4908 1070 4973 vallicula
1093 4911 1161 4973 istae

417 5005 463 5068 sic
482 5005 680 5068 discoloratae
702 5005 735 5066 in
758 5004 853 5067 rebus
874 5006 1068 5085 inanimatis,
1087 5009 1161 5089 quia

416 5102 586 5183 utrobique
597 5122 634 5165 ex
648 5103 831 5166 corrosione
845 5115 1066 5186 corruptorum
1083 5109 1162 5170 orie-

416 5201 533 5262 bantur
547 5199 727 5263 humorum.
744 5201 839 5265 Porro
858 5221 896 5265 ex
916 5202 976 5265 hoc
996 5206 1083 5284 quod
1107 5206 1161 5268 do-

416 5318 487 5360 mus
503 5297 785 5383 dimittebaturjsssic
800 5299 907 5363 clausa
926 5309 958 5363 et
979 5322 1088 5380 vacua,
1106 5323 1161 5384 po-

1220 4323 1283 4390 Oui
1294 4323 1468 4382 intraverit
1478 4324 1610 4380 domum
1626 4319 1720 4382 talem
1737 4327 1810 4382 anta
1826 4320 1954 4399 ejusde

1218 4419 1573 4498 structionem,quar2do
1584 4423 1694 4479 etnrrsa
1708 4429 1752 4480 eat
1766 4437 1785 4480 a
1800 4419 1965 4483 sacerdote

1217 4537 1312 4580 causa
1331 4517 1523 4581 discutiendi
1547 4517 1666 4599 lepram
1689 4516 1801 4598 ipsius,
1824 4519 1966 4579 r'mrnun-

1217 4619 1359 4676 (luserit
1380 4637 1479 4695 traque
1498 4619 1542 4676 act
1564 4636 1739 4692 uesperum,
1757 4614 1866 4695 sicque
1888 4634 1965 4696 pur-

1216 4713 1344 4794 gabitur
1361 4713 1496 4775 transitu
1513 4712 1675 4794 temporis.
1694 4716 1736 4774 Et
1751 4715 1810 4792 qui
1824 4715 1965 4772 dormie-

1218 4815 1262 4873 rit
1285 4815 1318 4872 in
1335 4834 1386 4881 ra,
1406 4822 1464 4872 aut
1485 4813 1653 4870 eornerterit
1674 4813 1860 4889 quidpiam,
1875 4813 1963 4891 quod

1217 4919 1264 4973 est
1287 4910 1359 4992 plus
1382 4929 1476 4990 quam
1501 4908 1604 4971 solum
1628 4908 1756 4985 intrare,
1775 4911 1895 4968 lavabit
1910 4931 1965 4970 oe-

1215 5012 1367 5070 stimenta
1389 5029 1460 5078 arta,
1485 5007 1561 5088 quia
1587 5006 1789 5068 immunditia
1814 5026 1870 5068 sua
1895 5025 1962 5070 non

1217 5107 1284 5170 solo
1303 5106 1453 5188 temporis
1471 5105 1631 5181 iturused
1647 5113 1678 5168 et
1694 5105 1812 5168 lotione
1823 5105 1961 5168 vestium

1217 5225 1344 5268 suarum
1372 5211 1534 5286 purgatur.
1551 5204 1630 5278 Quid
1655 5212 1760 5266 autern
1786 5203 1881 5265 luerit
1901 5204 1963 5265 inr-

1216 5303 1375 5366 munditia
1397 5301 1462 5378 illa,
1483 5302 1602 5364 dictum
1625 5309 1672 5364 est
1694 5319 1788 5382 saepe.
1805 5301 1961 5365 Praeteraa
