4309 6259
579 533 751 580 aunnnarro
772 534 802 579 ru
824 532 892 578 cau.
915 532 981 579 xxn
1002 533 1103 579 axoni.
1126 552 1167 563 -
1186 535 1258 580 cnr.
1281 534 1350 582 xnv
1695 519 1732 581 at

188 712 260 768 tuor
275 723 362 768 oves.
381 706 428 769 Ad
448 706 508 770 hoc
529 713 658 769 sanctus
678 706 792 767 Ductor
807 702 976 786 respon-n
1031 706 1071 766 Si
1084 706 1257 782 effringens
1267 707 1478 782 furdomum,
1490 709 1556 767 sive
1570 710 1734 787 effodiens,

185 805 239 866 det
252 821 260 865 :
273 804 341 867 Non
359 805 462 869 solum
478 813 609 887 propter
624 804 811 885 gravitatem
823 802 933 884 culpae,
989 805 1093 881 fuerit
1104 807 1302 877 iuvenum
1312 817 1436 884 accepto
1447 811 1579 867 vulnere
1589 817 1735 868 mortuus

184 903 242 965 sed
258 902 355 965 etiam
371 903 591 985 propteralias
603 921 714 965 causas
725 902 830 981 grans
841 919 935 982 poena
989 904 1103 981 suerit,
1116 922 1284 980 percussor
1298 924 1364 965 uou
1382 907 1444 965 erit
1460 925 1535 965 reus
1548 906 1731 983 sauguinis.

183 1000 354 1081 infligitur.
363 1001 470 1065 Primo
485 1001 615 1084 quidem
632 1000 792 1081 infligitur
807 1008 936 1082 propter
990 1002 1074 1065 Istud
1098 1001 1287 1082 intelligitur
1307 1004 1345 1065 de
1366 1003 1436 1066 fure
1457 1012 1621 1081 nocturno,
1637 1022 1734 1085 quern

183 1100 398 1179 quantitatem
414 1100 548 1183 peccati,
562 1100 642 1183 quia
661 1098 775 1182 majori
792 1106 932 1181 peccato,
991 1100 1018 1162 si
1034 1100 1182 1163 dominus
1198 1102 1322 1179 domus,
1332 1102 1383 1166 vel
1397 1102 1465 1183 ejus
1481 1102 1673 1166 domesticus
1688 1102 1735 1164 in-

183 1198 301 1261 cetoris
321 1198 464 1280 paribus,
484 1200 586 1281 major
606 1217 701 1281 poena
720 1197 864 1261 debetur.
884 1196 936 1259 Se
990 1199 1114 1262 venerit
1129 1199 1163 1261 in
1179 1200 1249 1281 ipsc
1264 1200 1481 1264 confractione
1492 1209 1548 1263 aut
1558 1199 1734 1263 effossione

182 1298 439 1380 cundqpropter
449 1298 571 1380 peccati
581 1296 936 1378 consuetudinemque
991 1299 1115 1374 domus,
1133 1306 1165 1361 et
1179 1298 1377 1361 interfecerit
1392 1319 1476 1376 curn,
1489 1317 1554 1362 non
1570 1307 1735 1381 reputatur

183 1414 203 1457 a
218 1396 361 1477 peccatis
376 1396 538 1459 consuetis
554 1395 701 1459 homines
717 1414 781 1459 non
799 1394 936 1459 faciliter
990 1396 1156 1459 homicidii
1171 1415 1255 1474 reus,
1269 1397 1346 1478 quia
1361 1398 1539 1461 timendum
1554 1405 1632 1475 arat,
1649 1398 1734 1478 quod

183 1494 428 1570 abstrabuntur,
446 1494 509 1557 nisi
525 1514 708 1578 pergraves
724 1513 846 1576 poenas.
863 1494 936 1557 l'er-
991 1495 1078 1559 venit
1100 1514 1164 1558 non
1186 1496 1290 1559 solum
1311 1498 1352 1559 ad
1375 1496 1557 1573 furandum,
1579 1497 1635 1559 sed
1658 1496 1734 1558 item

186 1594 242 1671 tio,
269 1602 403 1675 propter
427 1594 560 1656 multam
587 1592 880 1675 concupiscentiam
905 1600 936 1654 et
990 1592 1029 1654 ad
1045 1591 1267 1656 occidendum.
1284 1591 1371 1666 Quod
1387 1600 1493 1655 autem
1509 1592 1595 1655 istud
1610 1592 1650 1655 de
1665 1590 1736 1655 fure

184 1691 433 1755 delectationem
449 1691 482 1753 in
499 1699 635 1774 peccato.
652 1691 700 1754 Ab
716 1690 766 1753 his
782 1690 867 1753 enim
883 1690 936 1753 bo·
991 1698 1147 1754 nocturno
1169 1691 1304 1768 dicatur,
1325 1691 1467 1753 innuunt
1487 1691 1583 1754 verba
1602 1709 1736 1773 sequen-

184 1790 290 1853 mines
307 1809 372 1853 non
394 1792 433 1853 de
454 1789 542 1853 facili
563 1792 778 1868 retrahuntur,
797 1789 858 1852 nisi
879 1808 936 1871 per
990 1790 1035 1852 tia
1053 1807 1060 1850 τ
1081 1792 1171 1857 erod
1189 1792 1218 1850 si
1237 1800 1305 1850 orto
1323 1794 1388 1850 sola
1406 1794 1463 1851 boo
1483 1792 1605 1869 fecerit,
1621 1789 1654 1852 id
1674 1798 1733 1866 est,

184 1906 318 1969 magnas
334 1908 456 1971 poenas.
469 1888 735 1973 Quarto,propter
750 1888 935 1952 facilitatem
954 1887 1095 1951 Blurern
1120 1888 1165 1951 ita
1185 1888 1418 1971 deprehensum
1437 1888 1524 1953 claro
1542 1889 1594 1951 die
1614 1887 1736 1952 occide

184 1996 217 2051 et
232 1986 428 2069 pronitatem
445 1988 609 2071 peccandi,
626 1997 657 2051 at
672 1988 705 2051 in
721 1996 852 2070 peccato
870 2006 936 2049 ma·
991 1988 1051 2061 rit;
1069 1987 1284 2048 homicidium
1296 1989 1509 2066 perpetravit,
1530 1998 1561 2048 et
1579 1988 1647 2067 ipse
1666 2005 1737 2069 per-

186 2086 297 2149 nendi.
324 2086 515 2169 Huiusmodi
541 2106 679 2168 namque
707 2094 836 2169 peccata
860 2085 934 2147 dum
990 2103 1102 2149 cussor
1122 2084 1214 2161 furis,
1237 2088 1394 2147 morietur
1412 2094 1448 2148 ut
1467 2084 1638 2162 homicida,
1660 2084 1737 2166 quia

185 2183 449 2261 manifestantur,
481 2193 555 2248 sunt
580 2184 681 2265 magis
708 2184 871 2267 punienda
898 2184 936 2246 ad
991 2184 1172 2247 discernere
1182 2183 1285 2265 potuit
1300 2192 1332 2247 et
1347 2184 1424 2247 satis
1439 2184 1736 2267 perpendere,quod

185 2283 327 2346 aliorum
354 2292 518 2347 terrorem.
546 2284 655 2367 ltaque
680 2284 714 2346 in
739 2302 835 2366 poena
861 2282 936 2345 furti
992 2282 1043 2344 fur
1073 2300 1138 2345 non
1162 2282 1251 2345 venit
1275 2282 1338 2345 nisi
1362 2284 1403 2345 ad
1426 2282 1610 2361 furandum,
1636 2301 1736 2364 quum

186 2382 238 2445 lex
253 2382 471 2445 consideravit
486 2383 572 2465 quod
588 2382 775 2465 frequenter
793 2381 938 2445 accidere
992 2380 1123 2444 aliunde
1137 2399 1202 2445 non
1218 2389 1301 2443 esset
1317 2389 1494 2463 suspectus.

186 2487 313 2562 poterat
332 2497 339 2542 :
356 2478 476 2543 idcirco
491 2499 550 2561 pro
565 2478 652 2543 furto
666 2498 784 2558 rerum,
800 2497 871 2561 qne
886 2498 938 2541 cn·
1037 2480 1124 2544 Hanc
1148 2478 1378 2561 expositionem
1408 2477 1569 2560 redarguit
1592 2478 1735 2562 quidam,

185 2578 299 2643 stodiri
318 2577 456 2641 faciliter
471 2586 606 2660 possunt
620 2598 638 2641 a
654 2577 791 2654 furibus,
804 2576 856 2639 fur
872 2579 939 2640 red·
992 2579 1068 2662 quia
1083 2578 1179 2642 etiam
1195 2577 1282 2641 claro
1298 2578 1349 2641 die
1364 2578 1495 2660 quidam
1510 2577 1645 2641 veniunt
1660 2577 1738 2640 insi-

185 2676 270 2739 didit
299 2676 448 2759 duplum.
474 2675 554 2740 Oves
580 2684 687 2740 antem
714 2696 777 2739 non
803 2684 938 2758 possunt
991 2678 1081 2741 diose
1101 2678 1140 2739 ad
1160 2676 1382 2754 occidendum,
1399 2676 1667 2757 quemadmodum
1690 2696 1737 2740 so

187 2774 328 2838 faciliter
348 2774 539 2837 custodiria
560 2774 656 2852 furto,
675 2775 749 2857 quia
764 2783 937 2857 pascuntur
992 2776 1097 2840 cundo
1112 2775 1231 2856 Regum
1248 2774 1363 2856 legitur
1382 2775 1422 2837 de
1438 2773 1517 2837 filiis
1531 2774 1667 2853 Rechab,
1680 2776 1736 2857 qui
1768 2794 1883 2849 naun,
1970 2788 1975 2800 ·

184 2873 220 2935 in
237 2874 472 2956 agris‚propter
481 2874 567 2955 quod
577 2872 712 2953 contigit
727 2892 780 2936 eas
796 2872 937 2955 frequen·
992 2873 1225 2937 interfecerunt
1245 2872 1397 2937 lsboseth.
1414 2874 1486 2936 ldoo
1506 2873 1622 2954 allegat
1636 2873 1736 2937 Rabbi
1751 2860 1771 2907 ⁶³
1780 2858 1800 2899 ⁷·

187 2973 252 3035 tius
270 2972 356 3035 furto
372 2970 513 3035 auferri:
531 2972 603 3036 ideo
619 2973 703 3035 circa
718 2992 771 3035 aas
786 2972 835 3035 lex
850 2972 938 3034 auxit
993 2973 1205 3049 Salomonem,
1228 2972 1386 3034 dicentem
1409 2972 1494 3053 quod
1517 2971 1567 3034 lex
1589 2971 1650 3033 ista
1672 2991 1736 3036 non

186 3080 220 3134 et
235 3070 415 3153 duplicavit
430 3080 558 3153 poenam
574 3070 663 3149 furti,
676 3071 865 3153 praeoipicns
880 3089 938 3152 pro
956 3075 978 3139 C
993 3073 1097 3136 solurn
1118 3070 1308 3150 intelligitur
1330 3070 1370 3132 do
1392 3069 1464 3132 fure
1489 3078 1657 3148 nocturno,
1682 3072 1737 3134 sed

188 3189 253 3233 una
269 3178 408 3252 quatuor
424 3169 526 3233 reddi.
543 3170 643 3232 Boves
662 3187 737 3233 vero
757 3169 860 3232 adbuc
878 3167 939 3231 dif-
993 3180 1024 3235 et
1046 3172 1174 3247 diurno,
1201 3169 1374 3232 dummodo
1400 3168 1502 3251 possit
1524 3168 1636 3232 haberi
1651 3170 1737 3251 quod

190 3268 316 3331 ficilius
346 3277 582 3351 praeservantur
606 3288 625 3330 a
650 3267 746 3346 furto,
772 3268 849 3348 quia
874 3286 938 3331 non
993 3269 1084 3333 venit
1104 3268 1143 3329 ad
1163 3267 1384 3331 occidendum.
1401 3266 1491 3329 Unde
1510 3267 1596 3348 quod
1616 3267 1737 3330 dictum

188 3376 327 3451 possunt
346 3366 435 3449 pasci
453 3368 608 3448 gragatim
626 3374 660 3429 ut
674 3385 773 3431 oves:
797 3367 869 3429 ideo
889 3366 939 3428 lex
993 3378 1052 3446 est,
1075 3367 1108 3431 Si
1128 3375 1235 3429 autern
1256 3373 1326 3429 orto
1346 3365 1414 3429 sole
1433 3366 1493 3428 boo
1514 3365 1637 3443 fecerit,
1659 3366 1738 3430 dicit

188 3466 344 3549 praecepit
359 3484 418 3547 pro
428 3484 493 3529 uno
504 3466 586 3530 bove
597 3465 701 3529 furato
713 3465 837 3528 restitui
848 3464 939 3547 quin·
994 3465 1209 3548 metaphorice
1224 3463 1479 3545 intelligendum,
1492 3473 1527 3526 nt
1542 3464 1584 3527 sit
1599 3483 1711 3527 sensus
1727 3486 1734 3529 :

186 3584 251 3648 que
266 3566 376 3628 boves.
994 3566 1026 3630 Si
1052 3574 1117 3627 tarn
1143 3564 1264 3626 clarum
1289 3570 1338 3625 est
1361 3582 1458 3645 quarn
1479 3563 1564 3626 clara
1588 3572 1637 3626 est
1657 3563 1735 3643 dies,

228 3665 326 3727 Porro
340 3662 451 3725 Glossa
471 3661 568 3724 aliam
589 3661 689 3741 tangit
708 3662 806 3744 hujus
825 3680 941 3744 praece
994 3664 1079 3747 quod
1106 3662 1158 3725 fur
1184 3681 1248 3725 non
1272 3661 1361 3725 venit
1385 3662 1425 3724 ad
1449 3661 1675 3740 occidendum,
1703 3672 1739 3726 ut

188 3763 236 3846 pti
252 3780 383 3825 causam
402 3779 409 3822 :
426 3760 497 3838 Boe,
511 3760 672 3841 inquiens,
685 3760 828 3842 quinque
843 3759 939 3822 habet
994 3764 1022 3826 si
1044 3763 1087 3825 sit
1111 3761 1233 3824 amicus
1255 3769 1310 3823 aut
1330 3759 1530 3843 propinquus
1545 3759 1668 3824 domini
1683 3762 1738 3824 do

189 3860 358 3936 utilitates,
376 3858 529 3942 quoniam
550 3857 743 3935 immolatur,
763 3857 875 3939 pascit,
898 3858 939 3920 la·
993 3882 1076 3939 rnus,
1099 3869 1132 3924 et
1155 3868 1262 3922 tamen
1287 3858 1440 3923 occiderit
1463 3876 1549 3937 eum,
1573 3858 1738 3939 sanguinis

189 3968 263 4037 ctat,
281 3966 362 4036 arat,
380 3966 412 4020 et
427 3958 550 4021 corium
571 3958 610 4019 ad
631 3957 773 4021 diversos
790 3977 866 4019 usus
881 3958 940 4020 mi·
994 3979 1066 4025 reus
1087 3958 1157 4022 erit.
1181 3958 1241 4021 Sed
1262 3958 1365 4040 prima
1386 3955 1543 4039 expositio
1564 3955 1666 4020 multo
1690 3966 1739 4021 cst

189 4058 307 4120 nistrat
327 4074 334 4118 :
354 4063 386 4120 ct
411 4055 455 4118 ita
480 4073 536 4137 per
561 4056 676 4119 bovam
702 4056 886 4135 designatur
909 4065 940 4119 et
994 4058 1109 4141 aptior,
1126 4058 1202 4140 quia
1216 4064 1248 4120 et
1261 4056 1459 4138 Augustinus
1472 4074 1541 4118 eam
1557 4055 1691 4133 inducit,
1707 4064 1740 4119 et

189 4176 298 4234 vacca,
316 4173 389 4237 quae
405 4154 454 4218 lac
467 4154 530 4216 dat.
548 4154 621 4217 Ovis
637 4172 712 4217 vero
727 4164 864 4235 quatuor
883 4154 939 4217 ha·
995 4157 1057 4220 alia
1072 4155 1238 4219 translatio
1253 4154 1348 4218 habet
1363 4154 1410 4217 sic
1427 4172 1434 4218 :
1451 4154 1484 4218 Si
1498 4163 1605 4217 autern
1620 4153 1740 4218 orietur

191 4258 245 4320 bet
265 4253 433 4330 utilitates,
451 4252 602 4335 qnoniam
623 4252 817 4331 immolatur,
840 4253 941 4336 pascit
955 4262 980 4324 D
995 4256 1041 4320 sol
1059 4273 1154 4337 super
1169 4273 1253 4331 eum,
1263 4272 1336 4316 reus
1351 4252 1422 4316 erit.
1431 4252 1497 4327 Quo
1511 4254 1739 4336 constat,quod

190 4354 356 4430 carnibus,
367 4352 415 4415 lac
426 4360 458 4415 ct
468 4352 574 4414 lanam
586 4351 704 4413 tribuit.
714 4351 774 4415 Sed
784 4352 861 4415 huic
870 4371 942 4414 cau·
995 4355 1034 4417 ad
1049 4354 1194 4417 litteram
1214 4352 1365 4435 loquatur
1385 4353 1425 4416 de
1444 4352 1521 4415 sole.
1543 4350 1739 4432 Augustinus

192 4473 236 4516 sae
251 4450 351 4532 objici
368 4458 486 4533 posset,
503 4450 590 4531 quod
611 4450 708 4513 etiarn
731 4450 825 4532 pellis
845 4451 942 4513 ovina
995 4471 1124 4534 quoque
1138 4451 1282 4515 affirmat
1292 4452 1360 4528 hoc,
1369 4459 1401 4514 et
1417 4451 1450 4513 in
1465 4450 1607 4533 antiquis
1617 4448 1740 4530 legibus

191 4552 233 4614 ad
249 4549 353 4613 multa
369 4556 471 4612 exstat
485 4549 700 4621 accommoda.
715 4548 868 4612 Praeterea
888 4549 943 4613 ob
997 4550 1214 4628 sacularibus,
1231 4550 1349 4633 quibus
1369 4558 1475 4613 tamen
1497 4549 1559 4611 ista
1579 4548 1741 4630 antiquior

192 4650 250 4733 jici
267 4656 374 4733 potest
388 4648 474 4729 quod
491 4648 524 4709 in
539 4646 718 4710 Proverbiis
734 4647 882 4712 Salomon
897 4648 942 4711 ait
997 4660 1054 4727 ast,
1075 4649 1250 4726 invenitur,
1268 4657 1460 4712 nocturnum
1483 4646 1586 4710 furem
1610 4646 1741 4729 impunc

49 4771 175 4823 amausi.
192 4750 234 4811 de
255 4749 326 4811 fure
347 4765 353 4809 :
371 4746 593 4828 Deprehensus
617 4747 727 4809 reddet
747 4746 939 4829 septuplum.
997 4749 1111 4813 occidi.
1139 4749 1271 4829 Insuper
1294 4746 1395 4809 Rabbi
1424 4746 1538 4808 Paulus
1567 4745 1652 4810 cirea
1680 4746 1741 4809 hoo

192 4849 277 4928 Ergo
292 4865 353 4930 pro
371 4864 436 4908 nno
456 4845 538 4909 bove
557 4852 611 4907 aut
630 4863 690 4908 ove
710 4846 876 4907 tenebatur
895 4864 943 4908 re
998 4847 1110 4911 scribit
1137 4864 1143 4909 :
1165 4847 1272 4926 Longe
1290 4845 1417 4908 videtur
1436 4864 1455 4908 a
1479 4863 1574 4907 sensu
1598 4844 1740 4922 litterali,

193 4946 329 5009 stituere
345 4953 477 5027 septem.
489 4943 536 5007 Ad
552 4943 611 5007 boc
628 4944 844 5024 respondetur,
857 4946 943 5024 quod
998 4947 1104 5010 dicere
1128 4944 1262 5009 verbum
1286 4943 1366 5006 illud
1387 4943 1603 5025 metaphorice
1627 4943 1743 5007 debere

191 5044 361 5128 judicialia
377 5043 456 5124 legis
473 5050 631 5125 praecepta
646 5061 684 5105 ex
700 5042 944 5106 rationabilibus
998 5044 1143 5125 intelligi,
1158 5043 1310 5125 quoniam
1326 5042 1360 5105 in
1375 5042 1582 5124 judicialibus
1595 5062 1666 5124 quae
1682 5051 1744 5105 tra-

192 5142 439 5209 oecurrantibus
449 5140 554 5204 causis
565 5148 712 5222 poterant
726 5141 882 5223 principis
893 5160 959 5205 au-.
999 5152 1086 5207 etant
1101 5144 1140 5206 de
1156 5141 1279 5205 actibus
1294 5141 1454 5219 humanis,
1469 5160 1532 5203 non
1548 5150 1745 5223 oportetmc-

193 5244 344 5307 ctoritate
369 5238 507 5322 gravari,
534 5247 566 5303 et
590 5247 738 5321 poterant
761 5240 808 5302 eis
838 5239 946 5321 aliqua
1000 5242 1164 5325 taphorice
1180 5240 1276 5323 loqui,
1287 5241 1342 5303 sed
1359 5240 1459 5323 plana
1469 5239 1559 5303 Unde
1573 5248 1605 5304 et
1614 5242 1745 5322 quidam

192 5340 303 5425 adjici.
778 5364 780 5367 ·
1000 5340 1204 5406 Hebraeorum
1230 5338 1415 5420 intelligunt
1439 5337 1517 5400 illud
1544 5339 1583 5402 ad
1606 5338 1744 5402 litteram
