4309 6259
422 481 462 544 68
821 500 994 547 manuario
1015 500 1046 546 nv
1067 500 1135 547 car.
1159 499 1244 545 xxvn
1265 499 1367 545 uxum.
1389 518 1429 529 -
1449 498 1520 545 aar.
1544 499 1591 544 mv

424 671 450 732 si
471 671 693 753 predicatores
714 673 891 753 signantur,
907 673 963 754 qui
978 671 1167 735 occultanda
1182 669 1207 731 n
1222 679 1387 732 venustate
1402 677 1800 746 ornatum,sacramentum
1812 668 1965 751 baptismi

422 769 575 831 claudunt
600 770 760 851 mysteria,
787 779 914 853 etqua
939 770 1063 833 cunctis
1093 777 1167 831 sunt
1222 778 1325 851 potest
1341 768 1596 851 intelligi,quum
1613 768 1692 830 illud
1704 769 1747 830 sit
1755 768 1967 849 januasacra-

423 866 633 949 praedicanda,
651 867 771 951 ubique
791 870 1034 950 evangelizant:
1057 868 1167 948 sicque
1221 877 1411 944 mentorum,
1429 878 1461 931 et
1482 868 1678 949 regeneratio
1699 866 1801 949 prima
1823 866 1857 928 in
1876 866 1966 928 Chri-

422 964 521 1027 altare
543 965 785 1044 circumierunt,
808 968 840 1029 id
862 977 920 1043 est,
935 967 1033 1029 iidem
1058 975 1090 1029 et
1113 967 1167 1028 do
1222 965 1325 1027 stozin
1336 966 1567 1048 quoBaptismo
1578 965 1728 1028 universa
1737 965 1884 1028 delentur
1895 983 1967 1045 pec-

422 1063 557 1125 utrinam
573 1064 748 1147 Evangelii,
762 1066 794 1128 in
810 1085 873 1147 qna
889 1065 997 1129 omnia
1014 1072 1090 1127 sunt
1104 1065 1166 1127 lico
1221 1072 1298 1139 cata,
1309 1074 1340 1127 et
1355 1074 1478 1128 cunctae
1493 1064 1707 1127 intunduntur
1722 1064 1864 1128 virtutes.
1876 1062 1965 1137 Quod

422 1159 603 1239 offerenda,
631 1164 807 1244 divulgant.
835 1168 909 1228 Non
933 1167 1086 1236 solidum,
1113 1166 1167 1223 sed
1222 1170 1254 1224 et
1274 1172 1410 1245 quatuor
1427 1162 1522 1227 habet
1537 1162 1714 1241 columnas,
1732 1163 1808 1225 dum
1828 1170 1966 1243 quatuor

422 1260 565 1322 inuncet
585 1282 762 1323 concavum
782 1266 880 1341 facies
900 1265 997 1323 illaul.
1015 1263 1069 1323 Est
1092 1279 1166 1342 ergo
1221 1261 1466 1342 Evangeliorum
1482 1263 1707 1345 comprobatur
1722 1260 1885 1338 doctrinis,
1899 1260 1966 1323 imo

422 1359 566 1438 qnaedam
583 1360 666 1423 mala
682 1361 838 1438 soliditas,
856 1362 952 1425 idest
972 1361 1106 1443 repletio
1123 1359 1167 1422 vi·
1222 1379 1260 1423 ex
1275 1360 1344 1442 lege
1355 1370 1387 1423 ct
1396 1361 1615 1443 Prophetisex
1625 1360 1797 1442 Evangelio
1807 1368 1839 1423 et
1849 1359 1966 1442 episto

424 1455 513 1532 tiosa,
536 1466 568 1519 et
590 1456 754 1521 firmatum
777 1460 930 1541 peccandi
953 1459 1164 1541 propositum.
1222 1457 1262 1519 lis
1276 1460 1460 1541 apostolicis
1477 1460 1653 1524 roboratur.
1673 1466 1788 1523 Omnes
1806 1462 1966 1520 columne

422 1554 476 1618 Est
501 1564 533 1618 et
557 1558 700 1637 quaedam
732 1557 816 1621 bona
846 1558 995 1635 inanitas,
1023 1577 1094 1639 quae
1118 1566 1166 1619 est
1221 1560 1302 1617 atrii
1308 1578 1367 1636 per
1377 1561 1553 1621 circuitum
1568 1549 1793 1621 oestitoeerunt
1806 1558 1965 1635 argenteis

422 1654 585 1717 evacuatio
601 1657 705 1719 cordis
721 1658 761 1719 ab
778 1656 865 1720 omni
882 1658 974 1719 sorde
990 1665 1021 1719 et
1037 1656 1108 1719 labe
1125 1656 1167 1719 vi·
1221 1659 1366 1718 lerninis.
1383 1657 1441 1721 Per
1455 1658 1620 1721 columnas
1637 1657 1722 1735 atrii,
1738 1655 1963 1738 intelliguntur

423 1752 537 1813 tiorum
555 1753 716 1817 interiore.
958 1788 959 1793 κ
1220 1755 1253 1816 hi
1269 1756 1325 1838 qui
1342 1755 1425 1819 inter
1437 1757 1603 1820 saeculares
1619 1766 1693 1819 sunt
1705 1757 1834 1819 altiores
1848 1764 1881 1818 et
1896 1774 1966 1837 per-

461 1856 524 1919 lloc
540 1866 692 1938 praeterea
706 1859 948 1937 advertendum,
966 1861 1050 1941 qnod
1068 1858 1166 1922 taber·
1181 1855 1204 1918 B
1220 1852 1380 1918 lectiores.
1390 1855 1448 1929 Qui
1459 1856 1617 1937 argenteis
1628 1856 1756 1918 laminis
1767 1856 1965 1919 debent-esse

423 1953 582 2030 naculum,
594 1955 704 2033 altare,
715 1963 819 2019 vectes
835 1966 866 2020 et
881 1958 943 2020 alia
956 1959 1113 2039 quaedam,
1127 1959 1166 2021 de
1221 1954 1338 2031 vestiti,
1356 1954 1416 2018 boc
1431 1963 1490 2031 est,
1500 1955 1618 2017 virtute
1633 1954 1820 2037 prudentiae,
1831 1953 1965 2017 veritate

422 2050 517 2131 lignis
534 2053 626 2115 setim
645 2053 715 2117 lieri
729 2055 818 2135 jussa
835 2065 928 2117 sunt:
946 2057 985 2119 ad
1002 2057 1165 2118 insinuan-
1220 2053 1387 2131 sermonis,
1404 2073 1441 2116 ac
1457 2053 1531 2117 vitae
1550 2054 1661 2117 activae
1680 2052 1831 2136 operibus
1846 2052 1965 2116 debent

421 2149 509 2226 dum,
526 2152 611 2231 quod
633 2150 747 2215 fideles
767 2154 823 2235 qui
845 2153 1015 2216 fructuosae
1035 2156 1165 2218 arbores
1219 2153 1350 2216 omnino
1365 2151 1484 2215 fulciri.
1502 2153 1611 2235 Capita
1627 2171 1702 2217 vero
1717 2171 1839 2229 eorum,
1852 2151 1965 2215 videli-

421 2247 633 2329 appellantur,
651 2268 688 2313 ex
708 2252 826 2334 quibus
848 2251 990 2315 Ecclesia
1010 2254 1166 2316 construi·
1219 2258 1269 2313 cet
1294 2252 1400 2329 corda,
1424 2260 1548 2333 oportet
1573 2271 1643 2315 csse
1668 2260 1829 2332 argentea,
1857 2250 1890 2313 id
1914 2259 1964 2313 est

423 2354 484 2422 tur,
502 2347 638 2410 debcant
659 2350 704 2411 sio
721 2370 790 2413 esse
813 2352 946 2414 stabiliti
968 2352 1000 2413 in
1017 2351 1161 2428 Domino,
1220 2350 1285 2413 lide
1310 2351 1498 2433 splendida3
1525 2352 1680 2432 basesque
1705 2370 1820 2427 aeneas,
1847 2359 1882 2412 ut
1907 2349 1965 2411 iir-

422 2452 456 2505 ut
472 2446 560 2510 nullo
576 2447 727 2511 vitiorum
745 2449 898 2511 laedantur
914 2460 969 2512 aut
988 2450 1164 2533 putrefiant
1219 2448 1362 2511 missima
1376 2449 1514 2512 habeant
1528 2449 1606 2514 fidei
1624 2449 1841 2512 fundamenta.

422 2542 581 2621 incendio,
599 2554 893 2630 quantumcumque
916 2549 998 2612 inter
1020 2549 1163 2611 carnales
1257 2548 1431 2626 Postremo,
1449 2568 1506 2631 per
1528 2554 1632 2609 oleum
1651 2553 1825 2620 olivarum,
1842 2549 1963 2611 donum

420 2660 457 2703 ac
484 2640 600 2723 impios
628 2654 867 2723 conversentur,
894 2647 1163 2729 quemadmodum
1219 2642 1358 2724 pictatis,
1379 2644 1506 2709 devotio
1528 2646 1656 2724 mentis,
1674 2645 1778 2709 cordis
1800 2645 1963 2727 pinguedo

421 2738 508 2819 ligna
524 2740 615 2803 setim
637 2741 744 2805 vicino
764 2743 837 2825 igne
857 2744 965 2807 altaris
982 2746 1078 2826 hujus
1100 2763 1163 2808 non
1217 2742 1384 2823 accipitur.
1402 2744 1446 2805 Ex
1461 2745 1511 2805 bis
1529 2764 1666 2826 namque
1682 2745 1722 2806 tit
1740 2744 1963 2826 unusquisque

420 2839 927 2915 cremabant-unouodsecundum
938 2843 1164 2926 Hieronymum
1219 2840 1349 2903 lucerna
1371 2842 1482 2905 lucens
1502 2852 1534 2906 et
1555 2844 1681 2921 ardens,
1699 2844 1832 2926 ipsaque
1846 2844 1962 2905 caritas

421 2954 484 2997 non
500 2936 594 3000 debet
617 2938 805 3003 incredibile
826 2942 989 3019 estimari,
1011 2962 1110 3024 quum
1133 2951 1164 3004 et
1217 2938 1417 3018 confovetur,
1448 2942 1501 3003 lux
1531 2943 1696 3025 sapientia
1726 2949 1961 3023 augmentatur,

418 3050 518 3113 genus
542 3036 632 3117 ligni,
653 3039 783 3102 nomine
802 3040 976 3117 amianton,
999 3050 1054 3103 aut
1075 3040 1162 3120 ligno
1180 3042 1202 3104 G
1218 3039 1408 3121 exemplaris
1432 3042 1632 3104 conversatio
1659 3042 1760 3104 radiat
1785 3040 1906 3117 multis,
1930 3049 1962 3103 et

415 3131 534 3211 simile,
552 3144 672 3216 quanto
688 3137 760 3218 plus
775 3139 898 3215 arserit,
909 3147 996 3202 tanto
1011 3141 1161 3202 mundius
1219 3137 1374 3220 templum
1397 3139 1535 3221 Spiritus
1555 3139 1661 3202 Sancti
1676 3140 1776 3222 (qnod
1791 3146 1838 3202 est
1853 3139 1962 3201 anima

419 3229 611 3294 inveniatur.
638 3233 736 3313 Ligna
760 3255 888 3318 quoque
914 3238 1051 3319 paradisi
1077 3238 1162 3300 liunt
1218 3236 1370 3314 virtuosa,
1392 3256 1448 3301 seu
1469 3238 1620 3301 adunatio
1637 3258 1711 3301 vere
1731 3237 1891 3317 fidelium)
1906 3257 1960 3301 co-

419 3330 547 3409 puriora
564 3332 695 3395 urendo.
1218 3353 1285 3396 ram
1305 3335 1368 3400 lieo
1393 3346 1549 3400 coruscat.
1576 3337 1615 3399 Et
1639 3337 1699 3400 boc
1724 3348 1818 3399 cetra
1840 3342 1959 3409 velum,

458 3431 569 3489 Facies
579 3440 608 3491 et
618 3432 742 3492 atrium
756 3435 1029 3499 tabernaculi.Per
1044 3437 1160 3500 atrium
1216 3452 1316 3514 quum
1332 3435 1417 3497 dicat
1431 3436 1591 3500 Salvator:
1603 3436 1654 3500 Sic
1669 3437 1774 3500 luceat
1788 3437 1841 3499 lux
1856 3445 1961 3499 vestra
1993 3458 2080 3501 uates.
2091 3473 2113 3511 ι,

418 3525 625 3605 tabernaculi,
642 3530 727 3611 quod
746 3529 815 3611 ipso
836 3531 1039 3598 tabernaculo
1060 3536 1161 3599 multo
1216 3552 1323 3596 coram
1340 3535 1587 3597 bominibusEt
1601 3540 1799 3597 collocabunt
1813 3556 1884 3597 eam
1895 3540 1961 3597 Aa·
1977 3524 2010 3565 ¹⁶·

417 3624 544 3705 longius
561 3646 598 3690 ae
618 3626 713 3691 latius
730 3628 801 3707 fuit,
820 3631 874 3694 sed
896 3641 1000 3697 tamen
1022 3634 1158 3712 bassius,
1216 3653 1276 3693 ron
1291 3645 1320 3695 et
1334 3637 1402 3712 filii
1416 3636 1507 3712 ejus:
1524 3635 1677 3716 quoniam
1696 3637 1735 3698 ad
1756 3636 1903 3718 praelatos
1923 3654 1961 3698 ac

417 3723 612 3805 designatur,
629 3728 715 3809 quod
731 3728 852 3810 pusilli,
870 3730 1048 3813 imperfecti
1066 3744 1098 3797 et
1113 3734 1161 3796 in·
1218 3733 1395 3796 sacerdotes
1425 3733 1564 3815 pertinet
1588 3733 1736 3815 dirigere,
1764 3734 1958 3810 illuminare,

417 3822 583 3904 cipientes,
593 3844 628 3889 ae
645 3826 812 3890 saculares
827 3838 858 3890 et
874 3828 958 3907 laici,
969 3840 1044 3894 sunt
1059 3834 1160 3898 multo
1217 3830 1386 3912 disponere
1396 3831 1484 3894 alios.
1495 3836 1594 3913 Usqzae
1605 3834 1778 3904 mane,boc
1788 3844 1836 3896 est
1846 3852 1961 3916 quoue

417 3921 535 4001 plures,
547 3942 643 4003 quam
656 3925 999 4007 virtuosi,perfecti,ac
1015 3930 1161 4013 spiritua·
1216 3948 1279 4010 que
1298 3950 1317 3991 a
1336 3931 1502 4012 presentis
1521 3931 1594 3994 vitae
1616 3932 1755 3996 tenebris
1773 3933 1958 4010 liberemur,

416 4018 473 4094 lcs;
486 4038 550 4082 non
562 4028 666 4085 tamen
680 4031 744 4085 tam
756 4025 812 4086 alti
825 4028 970 4101 suntsed
986 4027 1158 4094 bassiorcs:
1216 4036 1313 4109 atque
1336 4030 1376 4092 ad
1400 4038 1526 4093 aeternae
1552 4030 1706 4093 claritatis
1736 4032 1865 4095 exordia
1889 4051 1960 4114 per-

415 4117 567 4197 quoniam
582 4120 621 4181 ad
633 4123 913 4204 contemplandum
929 4126 1048 4204 divina,
1059 4147 1093 4189 se
1110 4147 1161 4191 ne
1216 4126 1380 4190 ducamur.
1407 4128 1479 4193 ldeo
1508 4129 1636 4192 additur
1660 4149 1667 4193 :
1692 4134 1873 4209 Perpetuus
1896 4135 1960 4193 erit

415 4224 537 4294 queunt
552 4216 732 4282 sublimiter
743 4220 926 4285 elevareln
938 4228 1076 4287 introitu
1090 4248 1160 4289 vero
1175 4228 1200 4289 ll
1215 4226 1413 4308 cultua,quia
1429 4226 1462 4288 in
1479 4227 1528 4289 his
1539 4228 1698 4292 exercitiis
1709 4230 1861 4294 virtuosis
1871 4248 1960 4314 opor·

415 4314 507 4383 atrii,
515 4318 569 4391 fiet
586 4320 760 4380 tentorium
771 4323 953 4382 cubitorum
966 4326 1094 4400 uiginti.
1103 4325 1160 4388 Per
1216 4333 1260 4387 tet
1276 4344 1334 4388 nos
1354 4343 1558 4406 perseverare
1578 4346 1680 4409 usque
1700 4328 1732 4393 in
1755 4326 1960 4410 finemquo

414 4408 446 4471 id
463 4413 633 4475 tentorium
650 4416 824 4497 pretiosum
842 4428 873 4481 et
888 4438 1002 4500 magna
1017 4422 1160 4485 colorum
1215 4442 1316 4505 usquc
1331 4423 1484 4487 finiamus
1500 4425 1583 4487 banc
1599 4425 1708 4490 vitam.
