4309 6259
533 516 707 563 maranno
726 517 759 567 ut
780 517 847 563 car.
871 516 932 562 xxv
954 516 1151 563 nnanncnou.
1173 536 1213 545 -
1233 516 1304 562 aar.
1328 514 1378 561 ru
1666 494 1726 560 473

176 710 255 750 rum
272 693 376 751 lsrael
386 711 397 749 :
413 707 477 771 quo
492 699 589 771 pelet,
606 690 692 771 quod
717 689 767 751 vir
789 688 843 751 ille
867 687 927 749 tuit
942 688 967 749 Α
981 690 1073 766 filius
1084 690 1242 750 Eleazart'
1256 690 1374 749 avertit
1389 689 1475 747 iram
1491 707 1594 747 eneam
1609 707 1629 746 o
1644 686 1726 762 filiis

177 796 264 851 totns
281 797 467 865 oxcaecatuS,
486 787 626 865 rebelliS,
643 788 879 851 inverecundus
896 795 926 849 ct
981 790 1096 860 Israel,
1114 788 1146 849 id
1163 796 1221 864 est,
1239 786 1370 869 justitiae
1385 804 1464 849 mcae
1479 803 1537 847 suo
1553 783 1666 847 merito
1682 803 1725 845 sa-

176 885 392 961 libidinosus3
410 888 469 966 qui
486 889 607 964 flebant
628 897 703 947 ante
722 890 806 966 fores
828 889 927 947 taber-
983 884 1101 949 tislecit
1125 905 1183 968 pro
1208 885 1326 969 populo
1353 903 1405 947 roo
1431 884 1571 947 nondum
1597 883 1722 956 occis03

174 983 927 1067 necutillehantantemexcompassione,qnia
981 988 1061 1065 qaia
1086 988 1154 1045 aeto
1176 1006 1255 1057 meo,
1274 984 1304 1046 id
1330 992 1378 1046 εει
1398 983 1466 1047 zelo
1489 981 1621 1062 justitiae
1644 980 1724 1043 mihi

174 1083 336 1145 timebant
347 1082 417 1145 viro
434 1091 496 1145 tam
513 1083 614 1165 impio
631 1084 810 1165 periculum
826 1082 927 1145 immi·
981 1092 1123 1165 accepto,
1141 1092 1172 1147 et
1188 1083 1313 1147 lervido
1333 1081 1474 1146 caritatis
1493 1100 1571 1145 meaa
1591 1078 1723 1156 ellectu,

175 1199 265 1243 nere.
283 1181 416 1243 Flebant
430 1200 558 1263 quoque
573 1190 703 1264 propter
723 1182 858 1245 aliorum
874 1200 926 1243 ex·
981 1202 1018 1245 ac
1044 1182 1202 1245 desiderio
1227 1182 1289 1245 mei
1315 1180 1457 1256 honoris,
1484 1189 1657 1240 ccmnwtoa
1680 1188 1725 1239 est

173 1298 297 1356 cossus,
316 1288 348 1342 et
364 1280 440 1361 quia
456 1280 612 1343 timebant
631 1282 711 1343 iram
732 1281 786 1343 llei
807 1279 925 1364 populo
981 1292 1094 1341 contra
1108 1301 1169 1352 eos,
1189 1299 1270 1362 quos
1290 1280 1333 1342 ita
1350 1277 1490 1361 perfodit
1503 1288 1563 1351 ;·ot
1578 1298 1643 1337 non
1658 1279 1725 1354 ipse

173 1386 457 1459 superventuram.
477 1383 568 1448 Quod
582 1400 683 1459 quum
700 1381 830 1439 vidisset
845 1380 925 1440 Pltt'-
981 1383 1120 1441 delerem
1130 1382 1215 1457 filios
1225 1384 1328 1441 Israel
1343 1382 1380 1439 in
1395 1382 1463 1439 zelo
1479 1375 1599 1446 meo,id
1615 1383 1673 1452 est,
1685 1394 1726 1438 ntt

173 1498 249 1537 trees
263 1479 357 1553 filius
368 1479 526 1538 Eleazart'
540 1480 608 1554 filii
617 1481 729 1539 Aaron
744 1480 923 1547 sacerdotis,
982 1496 1039 1559 ego
1065 1478 1135 1559 ipse
1158 1478 1225 1541 zelo
1250 1477 1381 1558 justitiae
1404 1495 1482 1539 uteae
1505 1474 1609 1538 acrius
1634 1473 1726 1556 puni-

171 1577 323 1636 sttrrert't
339 1579 499 1637 demedio
515 1578 751 1647 incertitudinis,
761 1586 791 1636 et
801 1585 925 1653 accepto
983 1596 1048 1639 rem
1062 1586 1093 1639 et
1108 1577 1216 1659 plures
1232 1575 1410 1639 occiderem
1424 1594 1462 1637 ex
1478 1572 1726 1637 fornicatoribus

169 1676 331 1751 pupione,
343 1674 375 1736 id
391 1682 440 1737 cst
455 1694 554 1756 parvo
568 1674 674 1754 gladio
691 1673 740 1735 bis
756 1683 858 1750 acuto,
876 1677 926 1734 in·
982 1675 1063 1751 istis,
1081 1683 1135 1737 aut
1155 1673 1465 1737 communicantibus
1481 1671 1527 1735 eis
1543 1671 1726 1734 incrimine

169 1792 302 1849 pressais
318 1783 363 1833 εει
376 1784 447 1851 post
463 1776 573 1834 ot'rttm
584 1776 769 1834 Israelitom
785 1775 820 1833 tn
837 1777 926 1850 lttpa·
984 1774 1054 1837 isto.
1071 1773 1166 1836 Porro
1182 1773 1209 1835 si
1224 1772 1359 1835 phinees
1380 1772 1439 1833 isla
1460 1770 1637 1835 intentione
1649 1769 1726 1833 illos

174 1892 254 1940 nar,
269 1882 299 1931 et
321 1874 468 1949 perfodit
490 1876 598 1935 ambos
623 1880 773 1934 coeuntes
794 1872 828 1932 in
850 1873 926 1931 locis
946 1872 967 1933 Β
982 1872 1132 1956 perfodit,
1143 1872 1188 1935 sic
1204 1872 1289 1953 quod
1305 1870 1425 1933 dictum
1442 1869 1548 1944 est,Ut
1563 1886 1627 1931 non
1644 1868 1724 1951 ipse,

169 1973 375 2047 yenitalibas
385 1992 397 2030 .·
413 1979 448 2032 ut
467 1990 525 2052 per
540 1990 611 2053 quae
630 1970 816 2053 peccabant,
834 1969 927 2051 puni·
982 1980 1056 2047 etc,
1070 1979 1195 2033 tenetur
1211 1969 1391 2033 causaliter.
1405 1968 1436 2031 Si
1452 1985 1607 2031 veronen
1624 1966 1727 2030 inten-

173 2076 308 2141 rentnr3
327 2076 359 2131 et
379 2067 434 2130 uhi
453 2069 636 2132 abundabat
651 2068 810 2150 voluptas
827 2068 927 2131 abun·
982 2069 1030 2133 dit
1045 2071 1117 2146 hoc,
1134 2069 1189 2131 sed
1206 2068 1309 2132 solum
1324 2069 1409 2148 juste
1424 2066 1539 2148 punire
1553 2067 1633 2129 duos
1653 2064 1726 2128 illos

174 2167 267 2229 daret
289 2175 322 2229 et
344 2184 450 2248 poena.
468 2170 668 2247 cessavitque
683 2171 786 2245 ptapa
806 2189 825 2227 a
845 2169 927 2243 filiis
982 2168 1028 2233 sic
1053 2176 1216 2245 coeuntes,
1238 2174 1315 2230 tunc
1339 2166 1424 2247 quod
1449 2165 1578 2242 dicitur,
1598 2164 1638 2227 Ut
1661 2180 1725 2227 non

173 2268 287 2333 Israel,
296 2265 329 2327 id
342 2274 399 2341 est,
407 2266 490 2328 ultra
501 2284 565 2328 non
576 2265 711 2341 duravit,
719 2284 778 2329 nec
788 2265 926 2348 amplius
982 2268 1062 2350 ipsc,
1081 2276 1155 2344 etc,
1174 2274 1299 2329 tenetur
1321 2264 1583 2329 concomitanter.
1600 2266 1726 2326 Idcirco

173 2362 309 2427 desaevit
336 2363 368 2425 in
395 2362 499 2445 plebe.
518 2368 561 2426 ut
585 2366 681 2424 ocm‘ai
704 2374 781 2424 aunt
806 2366 927 2441 oiqirtti
983 2372 1109 2447 loquere
1124 2370 1167 2427 ad
1182 2386 1279 2426 ctam:
1294 2368 1374 2427 Ecce
1393 2368 1433 2426 do
1452 2366 1484 2425 ei
1501 2384 1613 2441 pacem
1632 2364 1727 2441 foede-

173 2472 319 2541 quotuor
332 2464 441 2523 rnittia
456 2461 708 2525 bortriaumSed
718 2462 855 2543 qualiter
871 2481 927 2525 seu
981 2470 1030 2527 rie
1044 2468 1120 2537 mei,
1137 2465 1169 2526 id
1193 2473 1241 2528 est
1260 2463 1428 2547 pacificam
1448 2460 1726 2545 participationem

173 2560 329 2641 aquibus
344 2568 376 2623 et
392 2580 456 2641 qua
479 2569 592 2637 morte,
609 2559 772 2641 Scriptura
792 2579 855 2623 non
876 2579 927 2622 ex·
982 2563 1163 2641 sacerdotii,
1183 2562 1247 2625 imo
1269 2572 1302 2625 et
1323 2561 1484 2646 pontificii
1509 2570 1582 2643 post
1602 2559 1725 2624 obitum

173 2659 343 2741 primit‚ut
358 2660 460 2741 aliqui
477 2660 704 2741 dicunt:qnod
722 2679 786 2723 non
801 2660 927 2723 videtur
981 2662 1121 2725 Eleazari
1144 2661 1309 2745 pontilicis
1331 2660 1431 2743 patris
1452 2661 1513 2737 sui,
1531 2660 1612 2722 sicut
1638 2658 1726 2720 insti·
1834 2716 1839 2728 ,

173 2758 290 2822 idonce
306 2757 440 2835 dictum,
457 2777 557 2839 quum
580 2758 612 2819 in
634 2758 694 2821 isto
713 2758 852 2840 capitulo
873 2759 928 2822 ha·
981 2761 1038 2839 tui,
1053 2759 1221 2842 loednsque
1236 2760 1295 2821 inii
1310 2780 1382 2823 cum
1398 2760 1513 2823 Aaron.
1526 2759 1593 2821 Jam
1610 2776 1725 2839 nempe

172 2856 278 2919 bitum
295 2856 357 2919 sit:
376 2856 460 2918 Dixit
475 2856 594 2939 hloyses
615 2856 654 2918 ad
675 2855 798 2937 judices
819 2858 924 2934 lsrael,
980 2860 1114 2923 Phinoes
1135 2868 1203 2922 erat
1224 2859 1382 2934 sacerdos,
1399 2867 1431 2921 ct
1450 2858 1596 2939 quamvis
1616 2875 1725 2920 secun-

172 2954 304 3018 llccidat
331 2954 554 3036 unusquisque
577 2954 737 3037 proximos
760 2973 845 3017 suos.
864 2956 926 3018 Sic·
981 2958 1055 3020 dum
1074 2957 1175 3039 legem
1188 2956 1299 3019 debuit
1314 2956 1395 3038 patri
1412 2975 1468 3018 suo
1485 2956 1517 3018 in
1534 2954 1724 3038 pontificatu

172 3073 237 3135 quo
259 3054 365 3136 bleyse
387 3053 604 3136 precipiente,
622 3075 640 3117 a
661 3055 739 3117 liliis
764 3054 857 3117 lsrael
879 3054 962 3124 vi·G
981 3056 1161 3132 succedere,
1180 3063 1303 3138 poterat
1323 3064 1429 3118 tamen
1450 3073 1506 3136 per
1521 3062 1654 3117 mortem
1671 3062 1726 3117 aut

172 3154 292 3215 dentur
316 3152 425 3233 gladio
450 3152 623 3215 interlecti.
641 3154 866 3217 Verumtamen
892 3153 926 3214 in
980 3155 1073 3218 aliter
1100 3154 1259 3236 impediri.
1281 3153 1341 3216 Sed
1367 3172 1452 3215 nnnc
1477 3160 1609 3235 propter
1632 3152 1726 3215 meri·

173 3251 374 3314 Scholastica
399 3250 533 3313 historia
559 3252 675 3332 legitur
695 3270 701 3314 :
726 3251 826 3316 Occisi
853 3260 926 3313 sunt
982 3262 1048 3315 tum
1065 3272 1158 3315 suum
1174 3252 1383 3327 certilicatnr,
1400 3253 1485 3334 qnod
1499 3252 1572 3334 jure
1588 3250 1643 3314 illo
1659 3259 1726 3313 ute

174 3351 258 3414 lorte
274 3369 294 3412 a
310 3350 444 3412 Domino
465 3369 522 3431 per
543 3350 669 3432 plagam
689 3350 827 3431 aliquam
849 3368 927 3431 prat·
981 3361 1033 3415 tur
1058 3371 1122 3414 non
1148 3351 1251 3413 solnm
1278 3352 1357 3432 ipse,
1375 3352 1429 3413 scd
1450 3359 1482 3413 ct
1500 3350 1619 3433 posteri
1642 3351 1722 3430 ejus.

173 3450 355 3525 cedentem,
366 3468 438 3530 quat
455 3457 530 3511 tunc
546 3450 693 3512 cessavit.
704 3450 860 3531 Josephus
876 3469 927 3511 ve
980 3451 1068 3513 Unde
1089 3450 1315 3531 subjungitur:
1332 3460 1362 3511 et
1382 3454 1444 3511 crit
1465 3460 1531 3511 tam
1548 3453 1613 3529 ipsi
1626 3470 1725 3530 qoam

174 3568 210 3611 ro
231 3547 353 3611 sentire
375 3548 512 3624 videtur,
530 3549 616 3629 quod
640 3548 771 3629 plurimi
792 3548 926 3629 juvenes
979 3551 1098 3610 semini
1122 3550 1192 3626 ejus
1212 3559 1347 3626 pactum
1370 3551 1543 3610 εαεενιίοιίι·
1562 3551 1726 3625 setrpiter-

172 3667 212 3709 ox
228 3648 336 3723 lsrael,
354 3646 500 3728 exemplo
516 3655 547 3709 ει
562 3645 628 3710 zelo
644 3647 777 3710 Phineos
800 3646 926 3709 inllam-
981 3670 1073 3717 raram,
1090 3648 1122 3710 id
1138 3656 1198 3723 εει,
1216 3665 1382 3730 peremne
1398 3655 1524 3728 tempus
1541 3646 1655 3709 vetoris
1671 3648 1726 3709 Tc

172 3746 265 3823 mati,
289 3753 517 3828 percusserunt
542 3744 641 3807 multa
666 3745 768 3807 millia
792 3745 923 3827 populi;
981 3746 1129 3808 stamenti
1148 3745 1324 3807 sacerdotio
1345 3744 1406 3807 isto
1428 3743 1620 3825 fungentur:
1638 3745 1724 3825 quod

173 3844 255 3909 alios
272 3852 380 3907 autom
397 3843 581 3925 pestilentia
597 3863 667 3907 esse
684 3863 862 3926 percussos.
981 3852 1086 3906 tamen
1104 3844 1136 3905 in
1154 3842 1289 3924 posteris
1304 3850 1428 3923 poterat
1447 3861 1503 3923 per
1521 3860 1630 3904 eorum
1647 3842 1725 3906 vilia

215 3943 362 4024 Denique
385 3941 477 4003 istam
500 3941 665 4005 historiam
683 3943 837 4024 losephus
860 3943 926 4024 ple
980 3942 1140 4024 impediri,
1151 3942 1234 4003 sicut
1250 3949 1281 4003 ει
1296 3940 1415 4003 lactum
1431 3949 1489 4003 est.
1501 3942 1586 4010 Quia
1602 3946 1724 4001 zelatos

173 4043 249 4104 nius
276 4041 398 4117 recitat,
427 4040 548 4117 dicens,
575 4042 661 4122 quod
686 4041 811 4103 Zamhri
836 4040 926 4103 duxit
979 4052 1024 4101 est
1045 4060 1105 4117 pro
1127 4044 1192 4102 Deo
1216 4060 1286 4108 sao,
1303 4038 1335 4100 id
1360 4046 1419 4114 est,
1441 4058 1499 4120 pro
1524 4038 1644 4102 honore
1668 4039 1723 4103 Dei

175 4142 332 4205 feminam
349 4138 438 4201 illam
457 4139 490 4200 in
506 4138 688 4221 conjugem,
706 4149 736 4203 et
757 4160 793 4202 ea
812 4140 926 4222 juben·
980 4137 1208 4214 conservando,
1236 4146 1267 4200 et
1296 4155 1354 4220 pro
1380 4137 1451 4218 ejus
1482 4136 1724 4201 inhonoratione

174 4249 217 4317 ιε,
241 4238 352 4302 omisit
377 4238 440 4301 Deo
467 4236 661 4301 sacrificare.
682 4240 814 4320 Propter
839 4239 924 4321 quod
941 4242 965 4303 b
981 4236 1182 4312 vindicanda,
1200 4244 1306 4299 motus
1331 4244 1378 4299 est
1401 4242 1510 4299 sancto
1531 4236 1610 4313 zelo,
1626 4248 1656 4298 et
1670 4259 1724 4297 ee-

174 4338 360 4420 increpatus
381 4336 415 4399 in
436 4336 577 4417 generali
595 4356 613 4399 a
629 4338 742 4419 lllopse,
761 4338 926 4419 rospondit
976 4337 1096 4413 piavit,
1107 4334 1138 4396 id
1153 4342 1213 4412 est,
1227 4334 1345 4397 remitti
1363 4333 1450 4411 lecit,
1461 4340 1562 4395 seelera
1576 4338 1723 4413 tiliorum

174 4458 210 4501 sc
233 4436 448 4515 alienigenam
475 4436 614 4512 duxisse,
640 4438 780 4518 deosque
807 4437 922 4513 colere,
978 4438 1093 4496 Israel.

175 4554 235 4599 nec
257 4554 370 4597 curare
392 4536 432 4597 dc
456 4534 630 4616 tyrannicis
653 4534 766 4617 lloysis
788 4535 921 4615 tegibus,
1019 4536 1222 4611 Locatarque
1236 4535 1454 4594 estDominus
1468 4537 1513 4593 ad
1523 4536 1666 4611 Moysen,
1674 4537 1724 4594 di·

173 4633 296 4715 quibus
312 4632 371 4695 sub
389 4630 545 4713 figmento
565 4633 645 4713 legis
665 4652 701 4695 ao
722 4631 776 4695 bei
795 4634 924 4712 gravius
979 4652 1050 4692 oens
1066 4653 1077 4691 .·
1095 4634 1207 4692 Hostes
1232 4652 1285 4691 eos
1307 4633 1449 4692 sentiant
1472 4633 1678 4703 iliade'onitoe,
1693 4644 1723 4693 et

175 4740 337 4815 premeret
359 4731 527 4813 populum,
545 4729 720 4795 auferendo
744 4732 773 4794 ei
798 4731 924 4794 liberta·
980 4749 1037 4813 pro
1060 4729 1091 4792 id
1115 4738 1174 4805 est,
1188 4732 1346 4807 percotite
1364 4750 1427 4799 eos,
1443 4747 1507 4792 non
1529 4749 1567 4791 rx
1589 4730 1720 4803 invidia,

173 4842 239 4895 tem
266 4829 408 4905 vivendi,
432 4848 527 4909 quam
555 4848 682 4912 pressus
707 4829 747 4891 ab
770 4830 923 4912 AEgyptiis
978 4829 1033 4891 scd
1048 4828 1116 4891 zelo
1127 4828 1311 4909 justitiae,et
1323 4846 1360 4890 ex
1373 4836 1531 4910 praecepto
1546 4827 1723 4909 majestatis

172 4927 450 5008 erattlbjrcitque
465 4928 572 5009 Moysi,
586 4928 670 5009 quod
687 4937 718 4990 ει
735 4928 922 5011 ipsealieni-
978 4927 1095 4989 divine
1117 4951 1124 5002 3
1148 4930 1228 5007 qaia
1252 4938 1282 4987 et
1309 4928 1372 5003 ipsi
1396 4929 1566 4997 hostiliter,
1590 4926 1650 4990 hoc
1674 4938 1724 4991 ost

171 5046 287 5108 genam
311 5027 454 5089 duxerat.
472 5026 588 5107 Sicque
610 5046 682 5088 cum
703 5026 840 5089 clatione
860 5026 924 5089 dis·
979 5024 1087 5088 invide
1109 5034 1141 5087 et
1167 5025 1307 5099 inimice,
1324 5036 1457 5101 eperunt
1478 5036 1589 5087 eontra
1605 5048 1672 5096 voa,
1692 5038 1723 5088 et

172 5124 281 5198 cessit,
303 5132 334 5187 et
360 5124 418 5187 ivit
442 5124 482 5185 ad
508 5122 672 5200 feminam,
690 5124 923 5187 admirantibus
977 5130 1123 5201 decepere
1145 5127 1287 5196 t'nstdits,
1306 5126 1337 5187 id
1358 5134 1405 5185 εει
1426 5134 1563 5201 versute,
1578 5147 1637 5203 per
1658 5129 1723 5186 rite

172 5222 299 5287 cunctis
315 5222 401 5303 quod
417 5240 481 5284 non
498 5220 560 5284 init
576 5221 683 5285 subito
699 5230 854 5285 mortuus.
978 5228 1046 5284 lum
1065 5226 1205 5301 Pliopor,
1222 5222 1404 5287 inducendo
1424 5240 1480 5286 vos
1500 5223 1540 5284 ad
1562 5223 1646 5286 idola
1665 5244 1723 5286 sna

214 5323 375 5400 uterique
391 5322 548 5381 Dominus
564 5324 608 5381 cd
619 5324 750 5399 Moysen
760 5342 771 5381 .·
781 5322 922 5383 Pdiraees
976 5321 1167 5397 veneranda,
1184 5331 1214 5381 ct
1237 5340 1293 5402 per
1311 5323 1407 5382 Cordi
1421 5323 1530 5399 filiam
1543 5324 1636 5382 ductis
1653 5325 1722 5385 Mo-
