4309 6259
445 468 504 531 ΜΞ
806 484 979 533 annuntiato
1001 484 1032 528 ΙΝ
1053 484 1122 529 CAP.
1145 482 1175 527 tv
1196 480 1430 528 otoranottotttl.
1452 501 1493 512 -
1513 483 1584 529 ΛΒΤ.
1607 484 1626 528 V

444 655 534 719 butio
550 657 610 719 ista
628 656 832 721 accommoda
850 662 899 718 est
914 653 1063 718 omnibus
1078 652 1189 717 visibi-
1203 653 1229 714 A
1243 672 1352 716 eorum
1366 678 1373 729 3
1386 654 1432 717 sic
1443 654 1578 735 singulis
1587 654 1735 734 gentibus
1746 652 1911 736 deputavit
1921 652 1990 714 sin-
2144 648 2145 723 l

444 754 528 817 libus
558 754 679 829 stellis;
705 765 734 815 et
758 774 865 815 errore
889 757 1049 829 deceptus,
1072 760 1188 833 putans
1242 751 1317 831 gula
1330 759 1425 829 astra,
1443 752 1559 835 quibus
1575 753 1654 815 tales
1669 760 1779 834 gentes
1795 752 1916 815 cultum
1932 769 1988 812 cx·
2144 736 2145 753 ¹

443 854 528 934 quod
543 853 666 936 aliquid
683 852 824 937 numinis
840 854 882 914 sit
902 852 934 913 in
951 851 1008 927 cis,
1025 854 1137 911 adores
1151 871 1189 909 ea
1243 849 1429 913 hibuerunt.
1446 852 1577 933 lnsuper
1592 850 1692 914 Rabbi
1710 850 1824 912 Paulus
1838 849 1899 913 boc
1915 849 1988 911 loco

442 963 471 1011 et
489 956 587 1023 colas,
601 974 672 1032 pute
694 954 816 1012 creauit
831 954 989 1012 Dominus
1006 954 1090 1010 Deos
1114 959 1189 1008 tons
1243 950 1433 1012 contradicit
1457 951 1555 1032 Lyrae,
1582 950 1717 1013 diceudo
1737 967 1745 1011 ε
1769 950 1836 1012 Νοιι
1860 948 1989 1011 videtur

443 1054 479 1111 in
502 1054 721 1112 mttttstertom
742 1052 866 1111 cunctis
878 1050 1026 1126 pentibus
1045 1068 1117 1127 poco
1130 1048 1188 1106 sub
1244 1047 1413 1111 sullicicus
1427 1050 1508 1112 ratio
1523 1050 1556 1111 iu
1572 1048 1746 1131 proposito,
1764 1067 1860 1130 quam
1875 1046 1988 1129 postil-

441 1153 517 1210 coeto
540 1160 626 1211 sont.
644 1150 707 1212 lloc
723 1148 919 1228 Augustinus
939 1165 1003 1209 uno
1025 1146 1121 1208 modo
1136 1162 1188 1207 ex·
1243 1146 1322 1209 lator
1337 1148 1477 1228 assignat
1493 1148 1555 1225 bie,
1573 1148 1699 1211 diceus:
1712 1147 1745 1210 Si
1760 1155 1912 1210 creaturae
1928 1146 1987 1207 bu-

442 1247 532 1328 ponit
552 1248 608 1324 sic,
626 1247 710 1328 quod
725 1248 807 1309 Deus
827 1245 946 1308 creavit
966 1242 1107 1307 coelestia
1121 1261 1188 1305 cor·
1242 1264 1344 1308 manaa
1364 1264 1428 1309 nou
1449 1254 1498 1319 est
1522 1245 1614 1308 latria
1634 1245 1856 1326 impendenda,
1882 1244 1986 1307 multo

442 1365 518 1427 pora
543 1347 575 1408 in
603 1346 725 1408 cultum
745 1344 925 1426 gentilium,
944 1362 1006 1405 non
1032 1341 1077 1403 ila
1100 1342 1185 1422 quod
1241 1342 1348 1404 minus
1362 1344 1549 1426 corporibus
1564 1343 1839 1424 coelestibus,quaa
1854 1351 1986 1423 propter

442 1444 513 1507 ideo
530 1444 605 1507 lecit
620 1463 667 1521 ea,
686 1452 842 1525 quatenus
857 1443 898 1505 ab
914 1440 1091 1505 idololatris
1106 1440 1187 1503 cole
1242 1441 1404 1505 bominem
1425 1442 1510 1506 lacta
1529 1452 1613 1505 sunt.
1630 1441 1780 1516 Quocirca
1804 1440 1981 1516 sciendum,

441 1550 561 1619 rentur,
579 1544 633 1605 scd
648 1542 725 1624 quia
740 1540 899 1624 praescivit
914 1559 968 1604 eos
983 1540 1104 1602 cultum
1121 1538 1186 1600 illis
1240 1542 1325 1622 quod
1351 1541 1430 1623 Lyra
1454 1541 1679 1623 compendiose
1702 1548 1734 1603 et
1757 1549 1831 1621 apte
1853 1538 1984 1621 exponit

440 1640 649 1705 exhibituros.
662 1640 770 1703 llelius
787 1648 893 1701 tamen
909 1637 1185 1720 exponitur,quod
1240 1639 1326 1702 huuc
1346 1659 1486 1721 passum,
1504 1659 1561 1702 nec
1582 1639 1665 1703 valet
1684 1638 1863 1720 reprobatio
1881 1638 1983 1701 Rabbi

439 1740 520 1802 Deus
536 1740 655 1803 creavit
675 1758 711 1801 ea
732 1738 765 1800 iu
785 1737 1010 1813 ministerium,
1030 1737 1061 1797 id
1083 1744 1131 1798 est
1150 1735 1184 1796 in
1239 1737 1337 1800 Pauli.
1350 1738 1547 1811 Quumeuim
1564 1738 1639 1800 linis
1655 1738 1697 1800 sit
1711 1738 1837 1819 dignior
1850 1737 1983 1818 hisquae

439 1858 530 1899 usum
547 1846 643 1919 atque
658 1836 847 1917 obsequium
863 1834 1015 1911 activum,
1033 1834 1184 1915 gentibus
1201 1836 1427 1899 Bordinantur
1449 1838 1481 1899 iu
1503 1837 1617 1919 ipsum,
1634 1845 1666 1899 et
1685 1854 1818 1918 corpora
1840 1834 1984 1898 eoelestia

438 1936 608 2013 universis,
626 1944 661 1997 ut
676 1934 797 1997 scilicet
812 1933 954 1997 coelestia
974 1950 1107 2015 corpora
1125 1938 1184 1995 suo
1238 1934 1426 1998 ordinentur
1451 1935 1484 1997 in
1509 1936 1629 1999 bouum
1654 1934 1804 2010 hominis,
1831 1934 1984 2015 quemad-

439 2043 537 2111 motu,
556 2034 677 2096 lumine
693 2042 724 2096 θῖ
741 2031 911 2095 influentia
931 2030 1114 2093 ministrent
1131 2031 1184 2093 bo
1237 2034 1367 2097 modum
1397 2034 1554 2097 elementa
1578 2043 1609 2097 et
1639 2034 1748 2110 mixta,
1774 2042 1894 2097 certum
1920 2041 1981 2109 cst,

439 2132 592 2208 minibus,
609 2151 646 2195 ac
661 2132 785 2195 diversa
800 2131 966 2193 commoda
981 2129 1107 2211 pariant
1123 2129 1180 2207 eis,
1237 2133 1322 2212 quod
1338 2132 1364 2193 si
1376 2132 1560 2195 bominibus
1576 2132 1667 2195 latria
1678 2150 1742 2194 nou
1753 2132 1895 2208 debetur,
1904 2148 1982 2210 ergo

440 2240 582 2314 tempora
598 2230 834 2311 distinguendo,
842 2229 932 2309 juxta
942 2227 1021 2289 illud
1032 2226 1180 2291 Genesis:
1238 2249 1296 2293 uec
1312 2231 1412 2293 stellis
1428 2250 1487 2294 nec
1501 2229 1643 2294 orbibus.
1659 2230 1748 2292 Unde
1761 2229 1802 2292 ad
1817 2229 1983 2307 iusipuan-

301 2343 356 2388 oen.
367 2358 381 2395 t,
393 2346 424 2393 ιι,
440 2330 530 2392 Fiant
545 2328 716 2391 luminaria
730 2328 763 2389 iu
775 2326 978 2389 firmamento
988 2325 1073 2404 coeli,
1090 2335 1122 2389 et
1136 2326 1184 2389 di·
1238 2330 1313 2391 dum
1324 2329 1383 2392 boc
1394 2330 1508 2412 ipsum,
1515 2329 1632 2411 lloyses
1643 2328 1687 2391 ait
1696 2346 1828 2410 corpora
1837 2327 1982 2391 coelestia

294 2410 327 2449 ¹⁵·
440 2428 550 2491 vidant
565 2426 649 2489 diem
664 2445 699 2489 ae
716 2434 853 2503 noctem,
870 2433 901 2488 et
913 2425 977 2486 sint
996 2424 1028 2485 in
1045 2424 1136 2503 signa
1151 2433 1183 2488 et
1237 2426 1271 2488 iu
1286 2427 1499 2491 ministerium
1514 2428 1658 2509 gentium
1672 2427 1801 2491 condita
1813 2444 1904 2489 esse:
1921 2444 1982 2508 per

441 2535 581 2608 tempora
606 2534 637 2587 ct
661 2525 728 2587 dies
754 2532 786 2587 et
809 2542 921 2601 annos,
945 2531 976 2585 ct
1000 2522 1183 2585 illuminent
1236 2527 1321 2607 quod
1343 2527 1419 2588 satis
1441 2526 1648 2606 significavit,
1668 2526 1845 2589 coelcstium
1869 2543 1982 2606 corpo-

438 2632 565 2686 terram.
580 2624 665 2686 Hauc
685 2626 813 2703 quoque
833 2621 1064 2703 expositionem
1081 2621 1182 2700 tangit
1236 2644 1307 2686 rum
1323 2633 1444 2689 motum
1459 2644 1529 2687 esse
1544 2633 1751 2701 cessaturum,
1763 2634 1906 2687 cessante
1923 2623 1981 2685 bo

436 2722 641 2803 Augustinus.
662 2721 769 2801 ltaque
793 2719 934 2783 coelestia
959 2738 1092 2800 corpora
1113 2739 1182 2801 pro
1235 2723 1359 2785 minum
1379 2724 1593 2804 generatione.
1610 2723 1672 2785 Nec
1689 2722 1804 2799 obstat,
1823 2723 1849 2783 si
1872 2723 1905 2784 in
1920 2723 1982 2786 lle-

435 2830 505 2903 pter
525 2822 681 2897 homines,
699 2828 731 2882 et
750 2818 904 2883 inferiora
925 2827 998 2881 sunt
1018 2819 1065 2881 eis
1083 2836 1090 2880 :
1108 2819 1181 2883 ideo
1235 2820 1320 2885 braeo
1341 2821 1506 2899 habeatur,
1524 2821 1597 2896 Quae
1616 2820 1781 2883 distribuit
1798 2839 1806 2883 :
1823 2822 1978 2903 quoniam

435 2940 498 2983 nou
524 2920 658 2982 suntab
683 2917 868 2982 homiuibus
892 2918 1052 2980 adoranda
1078 2937 1181 3000 neque
1236 2938 1346 2983 seusus
1366 2921 1500 2984 reditio
1523 2921 1620 2998 idem,
1639 2920 1786 2983 videlicet
1805 2922 1891 3002 quod
1907 2938 1981 2984 cor-

433 3019 576 3082 colenda.
590 3018 742 3098 Denique,
760 3035 893 3079 numero
908 3015 1217 3103 electorumtcom-l}
1234 3037 1312 3100 pora
1326 3019 1468 3084 coelestia
1483 3019 1555 3082 usui
1571 3018 1851 3100 commoditatique
1873 3019 1980 3082 homi-

432 3118 529 3200 pleto,
542 3116 680 3179 cessabit
694 3124 800 3179 motus
815 3114 888 3177 coeli
904 3123 936 3177 et
951 3113 1124 3177 influentia
1140 3115 1180 3177 si·
1233 3137 1310 3180 num
1333 3127 1408 3180 sunt
1428 3118 1554 3181 collata.
1577 3118 1706 3200 Propter
1723 3118 1811 3199 quod
1830 3118 1979 3181 serviunt

432 3217 543 3279 derum
569 3223 730 3278 consueta.
747 3213 827 3276 Hine
852 3211 1067 3274 ministerium
1093 3213 1178 3294 quod
1233 3216 1416 3279 bominibus
1438 3216 1590 3279 servitute
1615 3215 1845 3293 interioritatis,
1863 3235 1980 3279 sccun-

432 3314 623 3396 impendunt
638 3311 833 3388 bominibuS,
852 3328 915 3374 non
931 3318 979 3373 θεῖ
994 3311 1067 3388 ῖεΙθ,
1085 3311 1179 3392 quale
1232 3315 1307 3377 dum
1329 3315 1414 3395 quod
1438 3313 1571 3376 Basilius
1596 3322 1629 3377 et
1652 3314 1861 3378 Damascenus
1886 3313 1976 3377 istud

432 3414 518 3495 quod
541 3412 646 3493 angeli
667 3409 851 3473 bominibus
871 3409 1033 3487 exhibent,
1050 3418 1082 3473 et
1102 3429 1179 3492 pra-
1231 3421 1404 3495 exponunt.

431 3510 487 3573 lati
516 3509 652 3572 subditis
676 3508 754 3585 suis,
780 3508 865 3590 quod
889 3515 938 3570 θεῖ
962 3507 1177 3571 ministerium
1280 3514 1336 3572 Vos
1351 3522 1460 3572 autem
1483 3514 1559 3573 tulit
1574 3512 1733 3573 Dominus
1750 3522 1781 3572 et
1801 3514 1916 3573 eduxit
1934 3516 1978 3573 cie

430 3607 624 3689 dignationis
639 3626 676 3669 ac
691 3606 866 3687 dignitatis.
880 3606 999 3669 ldeirco
1015 3625 1053 3669 cx
1069 3605 1119 3668 bis
1129 3626 1177 3669 su·
1229 3610 1362 3686 fornace
1379 3611 1487 3687 ferreo
1500 3611 1650 3687 AEoypti,
1668 3609 1764 3672 idest
1784 3610 1975 3689 gravissima

430 3708 530 3769 mitur
543 3706 873 3787 argumentum,quod
889 3722 1021 3786 corpora
1032 3705 1174 3768 coelcstia
1230 3707 1381 3771 servitute
1396 3717 1427 3771 et
1443 3707 1686 3771 tribulationum
1702 3707 1837 3785 fervore,
1853 3708 1976 3789 quibus

431 3824 496 3868 nou
522 3805 586 3866 siut
604 3804 753 3880 animata,
771 3802 918 3884 quamvis
938 3801 1037 3865 Rabbi
1057 3803 1176 3884 Moyses
1230 3806 1416 3871 serviebatis
1430 3806 1597 3888 AEgyptiis,
1614 3806 1732 3888 quibus
1746 3814 1778 3869 et
1793 3806 1907 3869 lateres
1922 3825 1976 3870 co·

431 3903 533 3966 etalii
555 3902 648 3965 multi
670 3901 763 3964 aliter
782 3901 949 3964 senserint.
967 3890 1046 3965 Hinc
1061 3920 1118 3984 per
1132 3902 1177 3965 le
1229 3903 1320 3967 xistis
1344 3904 1376 3965 iu
1399 3902 1523 3978 lurnis3
1550 3906 1728 3965 dehaberet
1743 3908 1901 3982 populum
1919 3907 1976 3965 ire-

283 4002 563 4069 ter.1‚a.a.remiam
580 4001 732 4064 Dominus
752 3998 894 4080 loquitur
912 4018 918 4061 :
936 4000 962 4061 A
982 3999 1082 4079 signis
1102 3999 1175 4062 coeli
1228 4005 1437 4072 redituriom,
1462 4002 1495 4064 id
1519 4010 1567 4065 est
1596 4003 1637 4064 ad
1662 4002 1733 4079 hoe,
1758 4011 1794 4065 ut
1818 4020 1875 4065 vos
1900 4003 1976 4066 sitis

431 4100 531 4164 nolite
556 4108 696 4162 metuere
720 4116 792 4180 quae
816 4097 931 4160 timent
955 4106 1075 4179 gentes,
1098 4116 1176 4179 quo-
1229 4101 1366 4183 populus
1386 4100 1441 4163 Dei
1466 4099 1647 4181 peculiaris,
1660 4099 1690 4163 ei
1712 4099 1975 4182 inseparabiliter

431 4199 516 4260 uiam
532 4198 617 4279 leges
633 4196 824 4280 populorum
841 4215 930 4259 vauae
945 4205 1029 4257 sunt.
1189 4198 1212 4259 D
1228 4199 1415 4263 cohaercndo
1430 4218 1488 4281 per
1507 4197 1606 4261 iidem
1622 4208 1654 4261 et
1668 4200 1801 4277 cultum,
1818 4200 1901 4264 sieut
1916 4202 1974 4265 bc-

469 4297 622 4359 Praeterea
636 4314 694 4378 pro
705 4313 741 4357 eo
752 4294 837 4375 quod
848 4294 1060 4357 uostrababet
1072 4304 1172 4357 trans·
1228 4298 1377 4362 reditaria
1391 4297 1550 4381 possessio
1566 4297 1702 4360 lirmiter
1723 4300 1897 4380 possessori
1917 4303 1971 4364 ad-

428 4394 516 4471 latio,
533 4394 606 4469 Quae
630 4394 749 4457 creavit
768 4393 920 4455 Dominus
940 4393 1020 4456 Deus
1041 4401 1115 4456 tuus
1137 4396 1170 4456 iu
1226 4398 1334 4461 baeret.
1351 4396 1440 4458 Unde
1455 4415 1512 4477 per
1527 4395 1638 4458 lsaiam
1653 4397 1805 4460 Dominus
1824 4397 1870 4460 ait
1887 4416 1894 4460 :
1912 4399 1969 4463 lle
1985 4420 2023 4463 ι..
2034 4428 2121 4472 aaa.

427 4493 640 4556 ministerium
665 4492 788 4556 cunctis
811 4491 960 4571 gentihus
978 4509 985 4554 :
1007 4491 1069 4554 alia
1091 4492 1172 4556 litte
1227 4496 1343 4559 reditas
1359 4514 1429 4557 mea
1443 4494 1548 4557 lsrael.
1561 4500 1733 4576 Iratusqae
1746 4507 1791 4557 est
1805 4499 1968 4559 Dominus
2144 4568 2145 4571 Ἴ

426 4612 460 4654 ra
482 4592 635 4669 eontinet,
653 4590 726 4665 Quat
742 4588 905 4652 distribuit
919 4589 1072 4652 Dominus
1088 4591 1170 4654 Deus
1224 4605 1336 4655 contra
1359 4614 1409 4653 me
1423 4602 1558 4671 propter
1580 4612 1738 4655 sermones
1762 4616 1845 4656 oteos
1860 4598 1885 4668 *,
1908 4596 1969 4659 hoc
2009 4614 2116 4655 worm
2144 4588 2145 4661 l

424 4690 548 4753 cunctis
577 4688 737 4770 gentibus.
765 4687 816 4751 Sic
839 4705 966 4769 quoque
995 4690 1170 4750 secundum
1225 4702 1273 4757 est
1287 4701 1417 4775 propter
1430 4693 1558 4773 culpam
1577 4712 1680 4755 meam
1702 4694 1741 4756 ad
1756 4713 1873 4777 aquam
1888 4696 1970 4759 Con-

425 4787 524 4850 llabbi
549 4788 691 4863 Paulum,
709 4787 742 4847 in
766 4786 896 4848 Hebraeo
920 4785 1065 4848 habetur.
1081 4788 1171 4850 Circa
1225 4790 1433 4868 tradictionis,
1456 4809 1550 4873 quam
1568 4792 1695 4874 eulpam
1716 4793 1814 4855 incidi
1830 4796 1970 4857 occasio

426 4887 512 4968 quod
527 4888 577 4967 (ut
593 4887 703 4949 recitat
718 4883 816 4947 Rabbi
827 4884 955 4963 Paulus)
966 4885 1097 4965 quidam
1113 4886 1171 4949 lle
1225 4909 1265 4952 ιιθ
1280 4890 1567 4952 murmurationum
1588 4900 1619 4953 et
1639 4891 1831 4954 seditionum
1850 4902 1969 4957 vestra-

425 4983 502 5047 braei
527 4985 685 5060 dixerunt,
703 4984 788 5065 quod
809 4982 891 5045 sicut
907 4984 987 5045 Deus
1008 4983 1170 5065 deputavit
1225 5007 1307 5064 rum,
1328 4988 1416 5069 juxta
1437 4988 1632 5071 praehabita3
1658 5000 1688 5050 et
1694 4991 1829 5067 juravit
1851 5003 1966 5053 utnon

425 5082 465 5143 ad
481 5082 640 5145 custodias
656 5081 851 5160 singularum
867 5080 1010 5161 gentium
1026 5082 1169 5163 singulos
1225 5088 1396 5147 tromirem
1405 5088 1679 5150 IordanemAute
1690 5088 1756 5151 baec
1773 5107 1835 5152 ιιοιι
1851 5088 1969 5171 legitur

286 5181 618 5261 nt21,n,angetos,ut
642 5186 728 5263 patet
752 5179 785 5241 iu
806 5179 934 5243 Daniele
960 5181 998 5243 de
1023 5182 1170 5265 principe
1223 5185 1306 5247 Deus
1322 5184 1406 5247 istud
1424 5186 1558 5266 jurasse,
1576 5188 1633 5250 sed
1647 5186 1724 5268 quia
1744 5187 1864 5271 lloysoe
1881 5209 1967 5253 nuuc

277 5265 313 5307 ²⁰·
424 5278 515 5360 regni
528 5280 704 5356 Persarum,
721 5280 806 5342 etde
821 5278 967 5361 principe
982 5280 1072 5359 regui
1087 5280 1169 5345 (lra-
1224 5282 1268 5344 ita
1283 5281 1426 5359 resumit,
1442 5283 1636 5346 credendum
1657 5291 1723 5359 est;
1747 5292 1778 5347 θῖ
1793 5284 1871 5366 quia
1893 5296 1967 5368 post
