4309 6259
413 494 469 559 l0l
793 510 965 557 annnnnno
987 511 1017 555 nv
1037 511 1106 557 cnr.
1130 510 1217 557 xxxn
1238 510 1339 556 esoni.
1364 530 1404 540 —
1424 510 1494 556 aar.
1519 511 1580 556 mn

409 684 502 747 electi
526 692 610 746 sunt.
630 684 671 746 Do
686 684 745 746 hac
766 683 898 746 materia
922 702 1017 765 super
1039 682 1154 765 episto·
1169 681 1195 743 h
1212 691 1273 744 tur.
1291 682 1350 745 Sed
1373 683 1449 763 quia
1469 682 1686 764 subjungitur,
1704 686 1867 747 Percussit
1883 706 1962 763 erqo

410 783 472 848 lam
488 783 528 845 ad
544 784 699 846 Romanos
716 782 842 864 plenius
858 783 983 865 scripsi.
1211 783 1371 843 Dominus
1384 786 1544 861 populatio
1555 804 1617 860 pro
1632 793 1725 843 reatu
1743 784 1852 855 vituli,
1870 784 1962 847 scili-

451 886 511 945 (bn'
526 885 690 960 respondit
706 885 863 965 Dominus
875 901 886 942 .·
899 885 963 952 Qui
974 884 1153 959 peccaverit
1211 889 1262 943 cet
1277 899 1334 961 pro
1356 880 1541 943 adoratione
1563 880 1674 963 ipsiuS,
1692 902 1785 960 quem
1800 886 1876 962 fecit
1890 886 1963 945 Aa·

408 985 503 1052 rnr'br',
520 982 552 1045 id
575 990 633 1057 est,
659 981 824 1044 mortalem
849 980 974 1063 culpam
1001 980 1152 1043 inciderit
1212 1001 1291 1052 νοω
1305 980 1431 1042 videtur
1447 999 1531 1042 nunc
1547 999 1603 1061 per
1613 980 1698 1043 diem
1714 980 1855 1058 ultionis,
1865 982 1962 1045 intel-

408 1082 447 1144 ad
464 1080 702 1143 irreverentiam
714 1099 828 1156 meam,
841 1081 1055 1162 preponendo
1072 1080 1150 1141 mihi
1214 1079 1360 1160 ligandus
1372 1078 1490 1154 diesin
1501 1098 1564 1159 quo
1574 1080 1655 1142 Deus
1665 1079 1749 1141 ultra
1758 1080 1961 1162 punitionem

408 1200 499 1257 vana,
518 1188 632 1255 creata,
651 1180 779 1255 caduca,
796 1182 902 1239 delebo
922 1200 996 1239 enm
1015 1184 1055 1239 de
1070 1182 1151 1239 ttero
1213 1197 1270 1260 per
1284 1178 1410 1242 Levites
1426 1177 1661 1256 iactam,adhuc
1677 1178 1817 1260 plagavit
1831 1198 1884 1243 eos
1899 1181 1960 1262 qui

411 1302 488 1350 tneo,
501 1279 532 1340 id
549 1288 596 1341 est
612 1279 651 1341 de
667 1279 749 1342 libro
765 1280 838 1342 vitae
851 1297 858 1340 τ
872 1278 994 1355 delebo,
1009 1278 1151 1359 inquam,
1213 1277 1246 1338 in
1269 1276 1448 1341 idololatria
1470 1285 1691 1359 peccaverunt,
1709 1296 1766 1359 per
1785 1278 1962 1341 mortalita-

411 1379 585 1441 secnndum
602 1387 790 1460 praesentem
809 1378 977 1459 justitiam,
993 1378 1069 1459 quia
1090 1396 1153 1440 non
1212 1386 1276 1438 tem
1292 1385 1323 1439 et
1339 1384 1472 1457 pestem.
1483 1375 1585 1450 Quum
1601 1376 1687 1438 enim
1703 1376 1888 1454 dixisset,ln
1903 1378 1961 1440 die

412 1496 634 1558 recognoscam
657 1496 730 1539 cnm
751 1486 784 1538 ut
806 1476 911 1553 talem,
930 1476 1092 1539 felicitatis
1107 1496 1156 1538 ca-
1211 1476 1343 1538 ultionis
1356 1474 1492 1539 visitabo
1503 1484 1535 1536 et
1548 1476 1608 1539 hoc
1624 1476 1960 1559 peccatum‚protinus

412 1596 534 1659 pacem,
556 1594 658 1656 neque
679 1577 718 1638 ad
741 1595 791 1638 me
816 1576 1048 1657 pertinentem3
1069 1576 1095 1637 si
1114 1583 1157 1637 ta-
1211 1576 1302 1656 quasi
1323 1575 1515 1656 expositoria
1535 1574 1693 1649 subditur,
1710 1575 1866 1637 Percussit
1881 1594 1961 1657 ergo

412 1694 485 1737 men
502 1674 621 1737 clectus
642 1682 701 1750 est,
719 1683 825 1737 manet
848 1674 984 1755 scriptus
1001 1681 1155 1754 quantum
1211 1673 1364 1736 Dominus
1386 1673 1538 1755 populum
1559 1692 1617 1755 pro
1634 1680 1722 1736 reatu
1742 1673 1845 1736 vituli.
1863 1673 1960 1747 Quasi

412 1776 450 1836 ad
462 1774 693 1857 praescientiam
706 1782 737 1836 et
748 1773 1057 1855 praedestinationem
1070 1781 1157 1836 atter-
1212 1772 1296 1834 dicat
1321 1772 1483 1854 Scriptura
1501 1773 1570 1833 :Ex
1594 1791 1658 1853 quo
1679 1772 1723 1833 ita
1745 1772 1962 1835 comminatus

413 1893 498 1935 nam.
520 1874 609 1936 Unde
629 1882 660 1935 et
681 1872 786 1954 ipsum
810 1872 945 1955 Moysen,
963 1873 1092 1953 qnando
1117 1873 1156 1934 ad
1175 1879 1260 1941 Best
1289 1890 1323 1932 so
1348 1871 1550 1934 visitaturum
1576 1870 1656 1932 illud
1682 1879 1858 1952 peccatum,
1885 1871 1962 1935 ideo

413 1992 511 2054 aquas
532 1972 798 2035 Contradietionis
824 1991 880 2052 per
902 1971 1156 2035 incredulitatem
1214 1970 1370 2052 percussit
1386 1970 1542 2052 populum
1557 1988 1615 2050 pro
1631 1968 1688 2032 illo
1703 1988 1845 2033 excessu.

413 2072 567 2155 peccavit,
585 2072 666 2134 Deus
683 2072 721 2134 de
735 2071 817 2135 libro
838 2090 897 2134 suo
911 2071 1030 2133 delevit
1046 2090 1157 2133 secun·
1255 2070 1344 2133 Circa
1358 2070 1424 2133 haee
1441 2069 1553 2132 recitat
1566 2070 1656 2151 Lyra,
1674 2070 1758 2150 quod
1774 2068 1894 2132 Hchraei
1909 2069 1965 2131 in-

414 2173 489 2234 dum
520 2179 708 2254 praesentem
737 2170 921 2252 justitiam3
948 2170 1156 2253 poenitentem
1216 2169 1337 2233 creduli
1353 2188 1409 2250 per
1429 2170 1514 2231 diem
1530 2168 1662 2231 ultionis
1683 2168 1866 2249 intelligunt
1880 2175 1965 2230 tem-

414 2278 520 2333 autern
536 2270 640 2332 denuo
661 2268 787 2351 scripsit
804 2269 836 2330 in
852 2288 900 2346 co,
918 2270 978 2332 hoc
998 2278 1056 2344 est,
1074 2269 1158 2331 inter
1215 2286 1292 2349 pora
1312 2266 1538 2329 adversitatum
1560 2274 1592 2329 et
1611 2265 1871 2343 iniortuniorum,
1886 2286 1964 2348 quas

415 2388 499 2444 suos,
517 2376 551 2430 ut
568 2368 674 2444 talem,
692 2368 885 2447 recognovit.
903 2368 981 2430 llinc
998 2368 1098 2449 aliqui
1113 2369 1159 2430 di·
1213 2366 1329 2429 Judaeis
1345 2375 1454 2449 postea
1474 2366 1671 2442 aeciderunt,
1688 2364 1864 2447 praesertim
1881 2372 1965 2427 tem-

415 2476 502 2544 cunt,
525 2467 609 2548 quod
629 2466 736 2529 nullus
753 2466 877 2528 deletur
901 2466 940 2529 de
966 2467 1047 2530 libro
1072 2467 1155 2543 vite,
1214 2486 1274 2548 pus
1304 2465 1498 2548 captivitatis
1523 2464 1620 2545 hujus
1651 2484 1707 2546 por
1731 2464 1887 2527 Romanos
1910 2464 1964 2527 eis

415 2575 569 2648 quantum
586 2567 624 2627 ad
640 2565 939 2647 praeordinationem
957 2565 1160 2647 praedestina-
1214 2564 1715 2646 inilictae.rldditqueLyra,quod
1726 2563 1826 2645 aliqui
1841 2564 1968 2645 esposi-

417 2665 512 2738 toris3
532 2664 586 2727 sed
603 2663 717 2740 solum,
731 2673 886 2745 qnantum
903 2664 943 2725 ad
957 2663 1160 2745 pnedestina-
1214 2672 1298 2726 tores
1313 2662 1461 2727 catholici
1484 2663 1516 2724 in
1533 2662 1592 2725 hoo
1608 2681 1680 2724 cum
1692 2662 1830 2725 liebrteis
1844 2682 1965 2727 conve-

417 2763 514 2826 tionis
531 2762 782 2841 ellectum,dum
799 2764 932 2844 gratiam
948 2772 978 2825 ct
994 2762 1159 2826 caritatem
1215 2763 1319 2839 niunt,
1337 2762 1422 2844 quod
1437 2781 1494 2844 per
1514 2762 1598 2825 diem
1623 2762 1754 2825 ultionis
1774 2761 1963 2844 intelligunt

414 2862 543 2945 amittit.
557 2863 664 2943 ltaque
679 2881 735 2945 por
751 2862 818 2925 haec
830 2862 1016 2925 verhaDens
1032 2881 1161 2943 respon-
1214 2862 1430 2944 captivitatem
1453 2860 1676 2942 Babylonicum
1702 2860 1751 2925 vel
1772 2860 1959 2924 Romanam.

415 2962 462 3023 dit
485 2960 590 3025 vorbis
612 2961 736 3042 Moysis,
753 2960 870 3041 quihus
890 2953 980 3037 dixit,
1002 2960 1064 3023 hut
1089 2960 1160 3023 dele
1217 2960 1333 3022 Deinde
1355 2958 1504 3042 reprobat
1526 2960 1611 3021 istud
1636 2978 1643 3021 :
1667 2960 1783 3038 Primo,
1806 2962 1961 3041 quoniam

415 3080 477 3137 mc,
500 3070 560 3124 etc.
580 3061 699 3125 Deinde
722 3061 893 3143 respondet
915 3061 943 3123 ei
969 3060 1073 3143 quoad
1099 3061 1159 3125 hoo
1175 3063 1197 3124 C
1214 3059 1302 3139 juxta
1318 3058 1497 3140 Scripturas
1518 3058 1635 3121 veteris
1656 3059 1858 3136 Testamenti,
1876 3060 1961 3122 Deus

415 3162 499 3242 quod
526 3160 615 3236 dixit,
633 3159 762 3223 Dimitte
787 3160 833 3222 cis
859 3160 940 3221 hanc
966 3178 1091 3222 noxam.
1113 3164 1159 3221 Te
1214 3158 1322 3221 visitat
1343 3157 1546 3238 iniquitatem
1562 3165 1688 3238 patrum
1707 3157 1740 3219 in
1757 3156 1844 3219 lilios
1859 3166 1889 3219 et
1906 3178 1963 3221 ne-

415 3271 523 3320 onlern
544 3262 637 3327 stede,
657 3268 686 3318 et
709 3262 773 3319 dero
790 3264 950 3336 populere
976 3261 1072 3319 istum
1097 3280 1158 3337 quo
1214 3264 1315 3339 potcS,
1333 3255 1482 3337 usquein
1507 3256 1631 3318 tertiam
1646 3265 1678 3319 et
1699 3263 1843 3337 quartam
1863 3274 1963 3336 gene-

419 3363 540 3417 torntrrs
565 3379 638 3417 sum
662 3359 731 3428 tibi,
755 3357 787 3417 id
813 3365 861 3419 est
887 3357 926 3417 ad
950 3366 1065 3419 terram
1089 3376 1160 3438 pro·
1214 3355 1388 3432 rationem,
1416 3373 1475 3417 nec
1504 3354 1597 3416 ultra.
1625 3354 1650 3416 Α
1680 3362 1823 3436 tempore
1851 3364 1961 3418 aulem

417 3454 591 3517 missionis.
608 3453 701 3527 Quasi
719 3453 802 3515 dieat
819 3472 826 3516 :
844 3454 910 3516 Non
928 3453 973 3515 sie
990 3453 1159 3517 vindicabo
1214 3453 1409 3517 adorationis
1434 3453 1538 3530 vituli,
1557 3472 1659 3536 usque
1678 3454 1717 3515 ad
1735 3452 1960 3535 Babylonicam

417 3553 612 3635 impietatem
638 3571 758 3629 eorum,
787 3562 821 3615 ut
843 3552 949 3614 statim
974 3561 1006 3615 et
1027 3551 1159 3615 omnino
1214 3553 1448 3635 captivitatem,
1476 3553 1568 3616 valde
1598 3553 1707 3615 multe
1737 3553 1960 3633 generationes

415 3652 537 3714 deleam
561 3670 625 3728 eos,
644 3652 698 3714 sed
722 3670 847 3733 poenam
871 3651 1024 3732 mitigabo
1041 3672 1076 3713 ac
1097 3650 1159 3713 dii·
1215 3651 1390 3729 fluxerunt,
1414 3661 1445 3715 et
1469 3652 1569 3715 multo
1593 3652 1701 3734 plnres
1720 3671 1822 3732 usquc
1845 3652 1884 3713 ad
1908 3671 1961 3714 ca·

418 3751 528 3827 leram,
546 3768 663 3831 eosque
681 3750 879 3813 introducam
897 3752 935 3813 ad
955 3759 1070 3813 terram
1089 3769 1159 3832 pro·
1215 3750 1393 3832 ptivitatem
1415 3752 1595 3815 ludaeorum
1623 3752 1682 3813 sub
1705 3750 1898 3833 Vespasiano
1919 3771 1959 3814 ac

415 3852 556 3928 missam,
574 3850 637 3912 nisi
652 3851 756 3913 adhuc
779 3851 994 3914 demeruerint
1015 3851 1155 3913 aliunde.
1215 3850 1295 3912 Tito.
1315 3850 1469 3927 Secundo,
1487 3850 1640 3931 quoniam
1656 3849 1799 3913 Christus
1815 3851 1847 3912 in
1859 3850 1960 3912 Evan-

413 3955 556 4028 Angelus
579 3972 666 4011 ineos
685 3954 840 4029 precedet
859 3960 897 4021 te,
915 3949 947 4011 id
965 3959 1024 4027 est,
1047 3951 1158 4013 ductor
1212 3949 1296 4029 gello
1319 3951 1411 4012 docet
1435 3949 1652 4031 captivitatem
1679 3969 1697 4011 a
1718 3950 1866 4012 Romanis
1887 3949 1959 4012 illa-

414 4048 605 4125 resteterit,
623 4048 704 4110 sicut
726 4048 787 4109 init
806 4048 982 4129 hucusque.
999 4048 1086 4122 Quod
1103 4068 1159 4111 cur
1214 4058 1278 4111 tam
1302 4048 1429 4125 ludaeis,
1447 4049 1517 4111 ideo
1539 4047 1666 4126 iactam,
1688 4048 1763 4130 quia
1785 4067 1848 4112 non
1872 4068 1959 4112 rece

413 4147 546 4224 dicatur,
556 4156 587 4210 et
602 4146 737 4227 qualiter
754 4147 995 4227 intelligendum
1014 4147 1159 4222 sit,circa
1214 4156 1330 4230 parunt
1346 4166 1431 4224 eum,
1448 4148 1502 4210 sed
1524 4145 1763 4210 cruciiixcrunt.
1780 4148 1870 4210 Circa
1889 4148 1958 4211 hee

414 4245 608 4328 principium
632 4245 794 4326 sequentis
815 4244 945 4327 capituli
971 4254 1155 4329 exponetur.
1173 4248 1198 4309 D
1213 4246 1453 4322 advertendum,
1478 4248 1563 4328 quod
1586 4262 1681 4328 super
1710 4246 1801 4322 illud,
1828 4246 1892 4327 Ego
1921 4246 1957 4308 in

453 4348 523 4422 Epo
539 4355 646 4406 orclem
663 4348 699 4404 in
720 4347 772 4405 dio
795 4348 941 4419 cillenia,
959 4346 1018 4408 hoc
1041 4354 1089 4407 est
1109 4365 1159 4408 cx·
1213 4346 1265 4408 die
1288 4344 1429 4423 ultioniS,
1450 4344 1561 4408 Glossa
1583 4344 1797 4408 interlinearis
1812 4345 1857 4407 ait
1874 4362 1881 4406 ε
1900 4345 1958 4408 llo·

413 4444 506 4508 tremi
521 4444 685 4525 iudiciiin
696 4464 759 4525 quo
777 4443 833 4507 liet
845 4444 923 4507 nltio
939 4453 1159 4508 consummata
1213 4444 1588 4526 manaecaplivitatis‚v·cl
1604 4443 1762 4525 generalis
1776 4443 1896 4525 judicii.
1910 4443 1959 4506 Si-

413 4563 450 4607 ao
469 4543 626 4624 generalis
647 4543 802 4606 universas
823 4543 1013 4624 iniqnitatis,
1028 4544 1157 4606 interim
1214 4544 1333 4605 militer
1355 4563 1450 4625 super
1472 4543 1551 4605 illud
1574 4544 1606 4605 in
1633 4543 1778 4625 sequenti
1803 4543 1954 4625 capitulo,
1990 4586 1998 4595 -

414 4662 476 4706 non
500 4642 667 4704 vindicatas
689 4643 829 4723 plenarie
853 4660 859 4702 :
881 4662 951 4724 quae
973 4642 1051 4720 dics,
1069 4651 1158 4706 anto·
1214 4643 1316 4706 Semel
1328 4644 1495 4705 ascendam
1513 4644 1545 4704 in
1557 4643 1661 4706 medio
1678 4642 1734 4720 tui,
1748 4650 1779 4706 et
1789 4642 1901 4707 delebo
1911 4650 1954 4719 te,
2025 4676 2033 4687 ·

415 4741 588 4805 nomastico
608 4740 676 4803 dics
697 4740 828 4803 ultionis
847 4749 998 4816 vocatur;
1023 4743 1158 4803 visitabo
1213 4743 1258 4805 ait
1271 4742 1381 4805 Glossa
1399 4759 1406 4803 τ
1425 4742 1647 4823 Babylonicam
1668 4742 1884 4824 captivitatem
1903 4743 1955 4804 vel
1970 4750 1984 4778 ¹
2024 4754 2061 4791 ¹¹¹·
2078 4710 2101 4787 5'·

413 4860 470 4924 per
485 4839 624 4902 debitam
646 4838 858 4921 punitionem,
875 4850 904 4901 rt
919 4844 976 4901 lroe
992 4852 1156 4919 peecatum
1213 4840 1454 4917 Romanam,vel
1467 4840 1571 4903 ultimi
1587 4840 1699 4921 judicii
1715 4840 1886 4903 vindictam
1898 4840 1957 4903 mi-

413 4960 534 5011 corum,
553 4938 585 4999 in
602 4938 719 5018 eisqui
736 4957 800 5001 non
815 4938 1023 5021 poenituerint
1039 4940 1158 5002 veraci·
1213 4948 1317 5002 natur.
1335 4940 1419 5002 ldem
1436 4939 1468 5001 in
1485 4939 1677 5003 Scholastica
1701 4938 1834 5002 historia
1858 4939 1957 5002 conti-

413 5046 460 5099 tor
476 5037 508 5099 in
534 5037 593 5098 hac
610 5035 684 5113 vita,
703 5054 782 5117 quos
803 5045 926 5100 constat
941 5056 1011 5101 esse
1030 5039 1158 5102 damna·
1213 5048 1316 5103 netur.

413 5145 487 5200 tos:
507 5134 576 5198 ideo
598 5134 631 5196 in
652 5135 704 5197 die
726 5135 839 5217 judicii
859 5136 1025 5217 augebitur
1046 5156 1155 5201 eornm
1252 5140 1341 5202 Circa
1355 5139 1422 5202 haec
1437 5138 1520 5216 dico,
1536 5138 1622 5220 qnod
1637 5138 1782 5201 doctores
1797 5136 1954 5215 catholici,

414 5233 620 5316 supplicium,
632 5234 760 5315 quando
775 5244 806 5297 et
823 5235 854 5297 in
871 5236 1055 5318 corporibus
1071 5256 1157 5299 resn—
1211 5260 1269 5323 per
1288 5239 1373 5302 diem
1399 5238 1531 5301 ultionis
1553 5238 1768 5319 intelligentes
1794 5235 1958 5319 eaptivita-

413 5332 537 5395 mcndis
563 5332 602 5395 de
622 5341 727 5396 cetero
747 5334 938 5398 aeternaliter
964 5336 1157 5417 torquebun-
1213 5349 1277 5403 tem
1297 5340 1487 5417 Judaeorum,
1505 5358 1523 5401 a
1538 5338 1719 5421 Babyloniis
1739 5346 1794 5400 aut
1809 5335 1958 5401 Romanis
