4309 6259
576 496 749 542 mxnnxrro
771 496 801 541 nr
823 496 891 542 uxr.
914 496 977 543 xxv
999 497 1099 543 axoni.
1122 519 1162 529 -
1183 500 1254 545 nur.
1277 500 1348 546 xux
1694 484 1733 547 tt]

176 671 322 743 quatuor
342 665 520 728 latitudinis
539 666 657 745 digitos
676 684 683 728 :
699 686 796 748 quarn
817 674 931 729 vocant
946 664 973 725 Α
988 688 1087 751 panes
1108 670 1337 753 propositionis
1359 690 1366 733 :
1391 692 1488 735 unum
1512 672 1677 736 incensum
1697 674 1731 735 in

174 780 334 825 coronam
360 784 501 828 auream.
527 765 587 827 Sed
613 765 697 827 istud
719 784 783 827 non
806 764 932 829 videtur
987 786 1052 831 uno
1070 768 1232 832 thuribulo
1248 790 1343 851 snper
1358 789 1412 833 sex
1429 790 1547 853 panes3
1569 772 1657 835 aliud
1678 792 1731 835 su-

174 861 282 923 textui
303 880 480 927 consonare
501 882 559 927 nec
580 864 705 927 veritati
725 882 731 925 :
750 864 824 945 quia
843 864 931 945 juxta
987 885 1044 948 per
1066 868 1146 930 alios
1169 887 1232 930 sex.
1254 871 1298 929 Et
1316 873 1446 947 cyathos
1461 891 1473 930 .·
1488 870 1544 952 qui
1564 879 1654 933 erant
1673 872 1732 933 mi-

175 958 242 1021 hoc
258 960 532 1040 dictum„labium
548 961 628 1025 illud
644 968 676 1025 ot
691 969 825 1043 utraque
843 979 931 1025 coro·
987 984 1081 1029 nores
1100 966 1361 1049 augustioresque
1380 967 1508 1049 phialis,
1526 988 1599 1030 cum
1614 970 1732 1050 quibus

175 1075 221 1119 na
245 1057 382 1123 luissent
402 1080 502 1123 unum
522 1079 638 1143 corpus
653 1061 853 1137 continuum,
871 1050 936 1122 nec¹
985 1062 1108 1144 cyathis
1119 1064 1228 1127 vinum
1240 1063 1434 1128 fundebatur
1448 1085 1544 1149 super
1558 1067 1657 1130 altare
1673 1086 1730 1149 pro

175 1172 300 1220 corona
314 1159 442 1221 aureola
458 1158 571 1222 luisset
586 1157 692 1221 minor
706 1177 802 1241 qnam
814 1174 927 1220 aurea:
984 1161 1097 1225 hostiae
1112 1162 1296 1239 libamento,
1313 1164 1364 1226 vel
1378 1165 1429 1245 (ut
1441 1163 1540 1246 aliqui
1556 1165 1681 1245 dicunt)
1695 1165 1729 1227 in

176 1254 293 1337 sicque
314 1255 400 1321 labio
423 1275 487 1320 non
509 1256 623 1319 luisset
642 1276 738 1321 aurea
753 1274 870 1320 corona
885 1254 930 1318 al·
985 1260 1108 1339 cyathis
1123 1261 1229 1324 oleum
1245 1260 1448 1324 fundebatur.
1465 1266 1508 1325 Ia
1522 1266 1639 1343 quibas
1657 1269 1730 1341 offa-

176 1350 258 1430 iixa,
279 1373 338 1419 nec
357 1356 486 1419 aureola
507 1354 621 1419 luisset
641 1354 726 1418 lacta
745 1354 928 1417 immediate
984 1362 1086 1419 reada
1109 1369 1187 1419 sam
1212 1361 1371 1420 libamina
1388 1377 1400 1420 .·
1415 1359 1493 1441 quia
1516 1361 1556 1423 de
1581 1360 1632 1421 his
1656 1379 1728 1441 quaa

175 1470 277 1534 super
302 1472 453 1531 auream3
481 1454 545 1519 imo
572 1455 656 1517 inter
680 1473 733 1517 eas
758 1453 929 1516 mediasset
983 1452 1152 1519 olicrenda
1167 1465 1264 1530 erant,
1275 1458 1453 1520 sacerdotes
1469 1458 1572 1539 primo
1588 1458 1729 1540 portiun

174 1548 316 1616 latitudo
329 1562 467 1635 quatuor
481 1553 666 1634 digitorum,
677 1553 840 1634 sculptura
855 1569 929 1633 quo
984 1553 1071 1617 culas
1097 1564 1299 1637 acceperunt,
1325 1564 1357 1619 et
1386 1565 1561 1638 posuerunt
1586 1556 1619 1619 in
1643 1557 1728 1619 vasis

174 1667 243 1730 que
265 1652 368 1715 solum
392 1652 506 1716 luisset
527 1652 562 1714 in
585 1660 674 1734 parte
693 1670 764 1732 quae
783 1658 850 1713 erat
867 1650 927 1713 sub
984 1654 1144 1735 praedictis
1167 1656 1207 1717 ad
1232 1657 1502 1738 praegustandum,
1528 1655 1670 1734 libando,
1695 1656 1727 1717 id

175 1767 301 1813 mensa.
982 1759 1030 1814 est
1050 1771 1163 1834 parum
1182 1755 1350 1833 gustando,
1369 1754 1409 1816 de
1429 1753 1575 1835 singulis.
1597 1754 1671 1828 Qum
1690 1754 1728 1815 li-

220 1852 369 1918 Qaataor
384 1870 509 1931 qaoque
523 1853 660 1911 circatas
677 1870 789 1911 aureos
800 1868 927 1927 praepa·
942 1847 964 1908 B
982 1850 1111 1914 bamina
1140 1871 1196 1914 seu
1226 1852 1457 1934 portiunculas,
1489 1853 1568 1915 dicit
1597 1862 1726 1917 sanctus

176 1948 422 2027 rabmapoms
432 1969 482 2009 eos
493 1952 529 2009 im
544 1959 684 2028 quatuor
699 1950 831 2027 capulis
847 1949 928 2025 ejuc-
981 1948 1101 2032 Moyses
1116 1949 1293 2027 efferenda,
1311 1950 1344 2013 id
1363 1958 1411 2014 est
1429 1952 1469 2014 da
1483 1950 1660 2015 ollerendls
1676 1970 1727 2014 su·

39 2062 159 2117 ’panea
175 2050 252 2109 dem
274 2068 391 2109 meraca
406 2068 466 2126 per
484 2052 629 2126 stropulos
644 2050 773 2126 pedes*.
796 2047 829 2110 ln
851 2064 928 2127 quo
983 2049 1169 2111 mendallcl
1185 2049 1257 2113 ideo
1272 2049 1360 2126 dicit,
1377 2050 1411 2112 ln
1427 2050 1544 2132 quibus
1559 2050 1727 2113 ollerenda

176 2144 257 2208 libet
282 2146 402 2209 etenim
432 2147 512 2230 pedc
541 2165 671 2223 mensae,
698 2145 760 2209 luit
789 2144 927 2207 annulus
983 2154 1057 2208 sunt
1072 2146 1236 2225 libamina,
1252 2148 1403 2229 quoniam
1424 2147 1488 2211 lilii
1508 2147 1606 2223 lsrael
1622 2148 1726 2231 primo

174 2264 261 2308 unus
273 2245 483 2309 immobiliter
498 2245 543 2308 ibi
560 2244 643 2308 lixus
660 2245 693 2307 in
709 2244 815 2308 medio
826 2243 926 2328 pedis,
981 2244 1167 2309 obtulerunt
1181 2246 1397 2309 sacerdotibus
1418 2246 1637 2329 portiunculas
1653 2248 1726 2309 illas

175 2344 209 2405 in
233 2362 298 2426 quo
320 2353 390 2409 erat
411 2364 508 2427 parva
530 2345 723 2421 concavitas
748 2362 804 2426 per
829 2362 926 2425 quam
981 2344 1015 2405 in
1031 2344 1115 2406 vasis
1131 2343 1283 2426 praelatis,
1295 2346 1335 2408 ad
1350 2346 1596 2409 examinandum
1611 2364 1726 2409 carno-

173 2444 317 2506 annulus
348 2442 410 2505 luit
433 2442 608 2506 immissus.
635 2446 752 2505 Schter
775 2464 926 2504 coronam
980 2442 1021 2505 do
1041 2440 1184 2523 praelato.
1201 2446 1257 2504 Ea
1275 2465 1356 2505 acro
1369 2447 1547 2524 purissimo
1563 2466 1575 2506 .·
1590 2445 1666 2528 quia
1687 2464 1725 2507 ex

173 2552 273 2603 erant
286 2544 407 2603 cirrati
421 2544 514 2603 acrei
527 2564 538 2602 :
555 2560 629 2604 nam
644 2550 735 2606 erant
750 2560 861 2605 versus
877 2561 926 2603 su·
980 2558 1057 2603 auro
1072 2540 1245 2622 purissimo
1261 2540 1343 2605 iacta
1358 2549 1433 2606 sunt
1448 2562 1523 2607 vasu
1543 2543 1620 2622 bac,
1638 2544 1726 2628 phia-

173 2640 319 2723 periores
335 2641 452 2723 pedum
468 2648 586 2725 partes,
599 2640 759 2704 modicum
775 2640 835 2703 sub
845 2639 926 2703 infe
980 2637 1020 2700 lis
1035 2638 1183 2723 demptis,
1201 2649 1237 2702 ut
1252 2640 1374 2703 dicunt.

174 2739 253 2803 riori
269 2758 409 2815 corona,
432 2749 468 2801 ut
485 2742 662 2801 mittantur
677 2750 776 2800 vectes
788 2760 847 2818 per
862 2760 923 2811 aas,
1020 2741 1062 2800 Et
1072 2758 1171 2815 pones
1186 2759 1284 2817 saper
1302 2760 1447 2801 memsam
1462 2762 1565 2820 panes
1582 2745 1725 2822 proposi-

173 2848 204 2898 et
220 2841 326 2916 possit
348 2858 458 2901 measa
473 2840 604 2917 portari
619 2858 630 2899 .·
651 2858 723 2919 quat
737 2837 924 2920 portabatur
980 2838 1076 2897 tionis
1091 2838 1309 2915 incompacta
1329 2859 1397 2899 meo
1416 2859 1548 2917 semper,
1569 2839 1600 2901 id
1621 2850 1669 2904 est
1690 2840 1722 2903 in

174 2956 232 3019 pcr
254 2939 336 3001 duos
357 2946 474 3001 vectes.
494 2937 583 3000 Unus
605 2937 723 3001 etenim
744 2937 844 3000 vectis
867 2955 924 3019 per
978 2934 1067 2997 omni
1087 2943 1229 3018 tempore
1248 2945 1439 3018 opportuno.
1457 2938 1501 2999 De
1519 2938 1570 3001 his
1586 2938 1723 3021 panibus

173 3035 253 3098 duos
268 3036 407 3099 annulos
423 3035 609 3117 ponebatur.
625 3038 714 3113 Ipsos
731 3056 854 3116 qaoque
874 3037 959 3100 cet}
979 3032 1011 3095 in
1032 3033 1173 3098 Levitico
1192 3034 1320 3117 plenius
1341 3034 1534 3098 continetur.
1551 3036 1648 3099 Erant
1669 3056 1724 3099 au-

172 3145 233 3195 ctes
247 3136 351 3213 facies
366 3138 406 3195 de
423 3136 522 3212 tipais
536 3136 641 3206 setim,
658 3144 687 3195 et
706 3136 924 3195 circumdabis
979 3141 1041 3196 tem
1066 3132 1243 3209 duodecim,
1268 3134 1307 3195 de
1332 3133 1449 3212 simila,
1476 3134 1569 3197 valde
1594 3135 1720 3213 mundi,

173 3251 227 3296 eos
245 3253 328 3295 auro
344 3236 389 3294 ad
402 3234 638 3295 subvehendam
654 3254 808 3305 mensam,
825 3251 923 3314 quan·
976 3230 1081 3312 quiin
1097 3231 1149 3294 die
1164 3231 1286 3293 sabbati
1298 3251 1391 3295 mane
1406 3232 1606 3314 ponebantur
1617 3253 1722 3297 recen·

173 3332 214 3395 do
229 3340 335 3396 castra
350 3331 525 3414 pergebant
539 3332 578 3393 ad
594 3330 657 3393 alia
673 3331 752 3394 loca.
979 3338 1024 3393 tes
1038 3337 1071 3394 et
1084 3329 1180 3393 calidi
1196 3349 1292 3412 super
1306 3350 1461 3409 mensam,
1470 3341 1722 3415 manseruntque

213 3428 365 3513 Sequitur
380 3431 419 3493 de
434 3439 571 3512 quatuor
580 3430 751 3511 generibus
763 3448 919 3494 vasorum.
977 3428 1022 3492 ibi
1045 3448 1147 3511 usque
1167 3430 1206 3492 ad
1226 3448 1320 3493 mane
1340 3430 1462 3493 sabbati
1485 3431 1719 3513 subsequentis,

171 3531 354 3591 Parabiset
364 3531 542 3600 acetabula,
551 3529 584 3591 id
600 3536 744 3607 estvasa,
758 3529 921 3611 inquibus
976 3536 1008 3591 et
1022 3536 1099 3590 tunc
1114 3528 1319 3606 tollebantur,
1331 3537 1395 3592 eta
1411 3530 1487 3594 solis
1503 3531 1721 3594 sacerdotibus

171 3626 415 3691 examinabatur
432 3646 489 3709 per
508 3635 637 3707 gustum
658 3626 763 3708 ipsum
783 3636 918 3705 acetum,
976 3627 1163 3691 edebantur.
1175 3629 1214 3690 nt
1229 3627 1285 3690 alii
1300 3647 1399 3709 panes
1416 3628 1547 3693 totidem
1563 3630 1722 3712 poneban-

177 3747 217 3789 an
234 3734 320 3790 esset
335 3735 445 3809 aptum
461 3724 607 3788 adbiberi
624 3725 661 3787 in
678 3725 837 3789 sacrificio
852 3726 918 3789 [lei.
978 3733 1028 3788 tur
1052 3725 1183 3788 ibidem.
1205 3725 1405 3790 Ponebantur
1426 3735 1533 3790 autem
1555 3728 1588 3789 in
1611 3746 1722 3791 mensa

172 3825 231 3888 Sed
249 3824 406 3909 quoniam
424 3843 588 3906 nunquam
610 3832 666 3886 aut
688 3818 760 3887 rare
779 3825 818 3887 de
833 3824 921 3888 obla·
976 3824 1177 3901 altrinsecus,
1194 3824 1316 3888 scilicet
1331 3844 1414 3888 nnus
1429 3833 1540 3889 contra
1554 3826 1666 3889 alium.
1683 3827 1721 3890 Et

172 3924 260 3987 tione
274 3924 358 3987 aceti
374 3922 414 3985 iit
429 3923 561 4000 mentio,
578 3921 634 3985 alii
650 3922 761 4004 legunt
774 3923 922 4005 decepta·
959 3935 960 3938 ’
976 3922 1164 3986 dicebantur
1188 3941 1287 4005 panes
1308 3924 1547 4005 propositionis,
1568 3925 1720 4007 qnoniam

172 4022 258 4100 bula,
276 4041 350 4104 quae
375 4022 487 4085 dicunt
512 4020 612 4085 luisse
637 4040 722 4099 vasa,
744 4020 778 4083 in
803 4021 921 4102 quibus
976 4041 1081 4086 coram
1103 4022 1238 4086 Domino
1259 4022 1305 4084 sic
1326 4023 1578 4105 disponebantur
1599 4024 1633 4086 in
1656 4044 1722 4089 rne-

170 4120 437 4183 examinabantur
457 4120 599 4183 maberiae
616 4118 860 4197 sacrificiorum,
879 4139 919 4182 an
976 4121 1110 4183 moriam
1133 4120 1301 4184 duodecim
1325 4120 1466 4184 tribuum
1487 4122 1582 4185 lsrael
1604 4125 1721 4207 sempi-

170 4228 279 4283 cssent
293 4227 377 4301 aptas
391 4228 487 4300 atque
502 4218 679 4295 idoneae,ut
694 4238 731 4282 ex
747 4218 792 4281 eis
805 4216 922 4281 lierent
935 4226 959 4287 D
976 4226 1110 4283 ternam.
1127 4220 1207 4282 llinc
1222 4227 1253 4281 et
1273 4238 1383 4282 mensa
1404 4219 1438 4281 in
1460 4240 1523 4302 qua
1543 4221 1648 4284 taliter
1663 4242 1720 4305 po-

171 4318 234 4382 lleo
249 4318 430 4382 oblationes
446 4325 594 4401 accepta,
604 4316 753 4381 videlicet
768 4317 874 4380 simila
888 4327 920 4381 et
975 4317 1143 4395 nebantur‚
1159 4336 1271 4380 mensa
1285 4318 1513 4401 propositionis
1528 4329 1638 4383 vocata
1657 4330 1717 4385 est.

172 4417 555 4493 incensum.Aapbiatas
571 4414 765 4497 :inquibus
781 4434 920 4498 praecon·
973 4415 1068 4480 Porro
1099 4435 1196 4498 panes
1226 4415 1299 4479 illos
1323 4416 1454 4498 quidam
1478 4418 1589 4481 dicunt
1620 4418 1720 4483 luisse

171 4515 372 4579 siderabatur
386 4514 510 4593 vinum,
528 4514 614 4596 quod
634 4514 833 4577 examinatur
853 4530 918 4579 non
974 4513 1087 4597 figurae
1101 4516 1370 4597 quadrata,parte
1383 4514 1484 4578 altera
1499 4516 1646 4597 longiori.
1656 4517 1718 4580 dlii

171 4614 275 4677 solum
304 4623 412 4694 gustu,
440 4614 494 4677 sed
524 4620 557 4677 et
581 4614 660 4689 risu,
688 4612 919 4677 considerando
973 4612 1091 4690 lerunt,
1109 4614 1195 4695 quod
1210 4614 1455 4676 erantrotundi.

171 4714 240 4795 ejus
264 4712 417 4777 colorem.
444 4712 555 4775 Fertur
579 4712 663 4792 quod
689 4711 804 4794 phiala
827 4720 918 4775 erant
1013 4712 1163 4794 Sequitur
1177 4713 1217 4776 de
1232 4710 1374 4789 materia,
1389 4711 1591 4791 formatione,
1601 4714 1716 4796 ligura,

172 4812 292 4889 vitreas,
310 4812 396 4875 unde
416 4820 449 4874 et
469 4831 488 4874 a
510 4814 582 4891 ὑάλη
604 4810 720 4889 Graece,
737 4813 824 4894 quod
841 4812 919 4874 dici·
972 4819 1004 4874 et
1028 4819 1143 4875 ornatu
1166 4809 1361 4874 candelabri.
1382 4814 1495 4873 Facies
1518 4823 1548 4873 et
1567 4817 1716 4875 caadeta-

172 4919 221 4974 tur
249 4911 371 4973 vitrum
396 4910 517 4987 Latine,
544 4906 661 4973 nombn
692 4919 916 4993 sumpserunt3
973 4914 1067 4971 bram
1082 4912 1203 4971 ductile
1216 4913 1256 4970 de
1270 4930 1351 4971 aare
1366 4912 1590 4972 mundissimo.
1602 4911 1647 4973 Ex
1658 4913 1719 4976 hoc

171 5020 326 5093 erantque
350 5010 384 5072 in
411 5008 510 5073 lundo
534 5017 687 5090 angusta,
715 5019 746 5073 et
771 5010 918 5093 superius
972 5008 1206 5090 videtur,quod
1221 5006 1447 5071 candelabrum
1464 5008 1585 5072 iactum
1600 5010 1717 5073 sitnon

173 5109 251 5174 lata.
267 5110 451 5173 Tauricam
466 5127 477 5170 .·
495 5108 526 5169 in
543 5108 660 5189 quibus
677 5108 749 5170 thus
766 5108 919 5191 praevide-
973 5125 1069 5191 opere
1081 5106 1209 5183 lusorio,
1220 5107 1275 5170 sed
1287 5106 1491 5170 tunsionibus
1506 5107 1692 5172 malleorum
1708 5133 1715 5183 3

172 5208 262 5271 batur
276 5216 310 5272 et
325 5205 543 5282 oflerebatur,
560 5215 715 5289 erantque
733 5207 797 5270 duo
818 5208 919 5270 thuri·
973 5208 1058 5288 quod
1082 5207 1157 5270 item
1177 5206 1247 5287 ejus
1267 5205 1410 5284 materia,
1431 5224 1469 5269 ex
1487 5225 1552 5288 qna
1573 5206 1645 5284 luit,
1664 5215 1719 5288 pb·

172 5304 297 5391 bula„in
313 5304 433 5388 quibus
449 5305 626 5388 ponebatur
641 5305 807 5369 incensum
823 5326 919 5389 super
975 5305 1136 5369 rissimnm
1160 5323 1274 5366 aurum
1298 5303 1430 5367 exstitit.
1452 5304 1509 5368 Cui
1530 5303 1718 5369 contrariari

294 5440 329 5492 T.
347 5438 374 5490 2.
1580 5439 1597 5489 4
