4309 6259
556 489 731 536 autumno
753 490 783 535 m
805 491 873 536 cnr.
896 489 949 536 xri
969 491 1107 538 taurici.
1130 511 1171 522 -
1190 493 1261 538 nnr.
1285 492 1379 538 xxxiv
1678 474 1737 538 atr

191 669 221 722 ct
242 661 300 744 qui
324 670 492 742 tangerent
512 683 577 740 cas,
594 664 778 727 immundos
800 683 870 728 esse
891 665 980 727 deh
996 675 1081 728 serta
1096 667 1232 730 maxime
1247 666 1504 749 frequentabant,
1514 676 1550 729 ut
1565 666 1610 729 ibi
1625 668 1739 732 demo-

191 761 314 823 crevit:
332 761 366 822 in
391 762 452 826 boe
477 771 624 845 patenter
644 764 827 839 ostendens,
844 783 939 845 quam
995 784 1073 827 num
1090 784 1243 847 responsa
1258 767 1415 842 audirent,
1427 774 1458 828 et
1474 766 1521 828 eis
1537 765 1739 828 immolarent

192 861 286 938 longe
304 861 402 924 vellet
421 862 576 944 populum
598 882 691 924 suum
710 881 780 924 esse
799 881 941 944 apeeca-
996 864 1126 940 ibidem,
1150 865 1232 927 sieut
1256 865 1357 928 adhue
1383 865 1474 926 multi
1497 863 1628 927 faeiunt.
1650 865 1739 927 Unde

191 958 244 1035 tis,
265 978 362 1041 quem
383 960 548 1042 prohibuit
569 971 698 1039 tangere
716 961 848 1037 hostias,
869 981 941 1042 quaa
994 963 1125 1044 quidam
1142 981 1252 1044 magos
1275 964 1308 1025 in
1332 963 1413 1026 libro
1432 982 1489 1026 suo
1511 964 1550 1026 de
1571 963 1676 1044 Magis,
1695 964 1739 1026 ait

190 1066 267 1120 sunt
294 1067 497 1140 peccatorum
524 1058 637 1138 figuras
662 1068 692 1121 et
718 1060 818 1139 signa.
840 1097 881 1106 -
900 1062 940 1121 nt
995 1063 1082 1143 quod
1108 1081 1203 1124 causa
1232 1061 1478 1143 philosophandi
1509 1062 1641 1125 intravit
1670 1063 1739 1126 loeo

190 1175 266 1220 vero
286 1156 389 1220 oratio
409 1177 482 1239 quaa
503 1177 600 1240 super
619 1158 743 1220 hircum
766 1158 874 1233 fiebat,
891 1160 939 1220 vi·
996 1161 1170 1237 destructa,
1197 1160 1284 1222 omni
1310 1159 1506 1223 habitatione
1530 1161 1681 1236 carentia,
1707 1168 1739 1224 et

189 1256 283 1317 detur
299 1255 400 1318 fuisse
415 1255 600 1337 hujusmodi
619 1274 625 1317 :
644 1256 731 1319 Sicut
747 1265 780 1318 tu
801 1257 937 1337 ejiceris,
994 1259 1079 1340 quod
1097 1258 1289 1321 habitaverit
1305 1257 1436 1320 ibicum
1453 1258 1670 1320 habitantibus
1693 1259 1739 1320 lu-

189 1362 220 1416 et
236 1353 333 1434 longe
348 1353 392 1415 fis
406 1373 426 1415 a
441 1355 560 1436 populo
580 1356 653 1431 isto,
670 1355 716 1416 ita
737 1355 795 1416 fiat
813 1357 853 1418 de
869 1375 941 1437 pec-
994 1376 1063 1420 cem
1080 1377 1135 1419 sex
1156 1357 1264 1418 lustris
1287 1375 1454 1433 annorum,
1474 1356 1683 1438 didiceritque
1698 1357 1739 1419 ab

188 1453 269 1515 catis
284 1472 408 1517 eorum.
426 1453 494 1528 l'el,
513 1453 601 1516 Sicut
618 1462 650 1516 tu
668 1454 748 1516 liber
763 1462 795 1516 ct
810 1473 906 1516 sanus
922 1476 940 1516 a
995 1454 1060 1517 illis
1071 1475 1142 1537 quae
1154 1456 1186 1517 in
1199 1455 1280 1518 libro
1291 1455 1401 1517 eodem
1413 1455 1535 1518 scribit.
1549 1456 1627 1517 Tum
1643 1455 1738 1518 etiam

189 1562 292 1614 morte
308 1559 340 1614 et
355 1552 487 1616 laesione
503 1553 612 1614 evadis
628 1551 696 1615 sive
711 1552 877 1627 emitteris
896 1553 940 1614 ita
995 1564 1125 1637 propter
1141 1555 1264 1617 Faunos
1288 1563 1319 1616 et
1339 1553 1475 1636 Satyros
1493 1554 1548 1635 qui
1575 1554 1607 1614 in
1633 1553 1739 1634 specie

189 1650 272 1712 liber
287 1659 319 1713 et
335 1651 489 1714 immunis
512 1649 570 1713 fiat
590 1652 650 1714 iste
670 1652 808 1734 populus
830 1671 848 1713 a
868 1670 939 1732 pee-
994 1654 1155 1716 hircorum
1174 1652 1356 1734 frequenter
1378 1652 1422 1714 ibi
1444 1652 1621 1715 illudebant
1640 1652 1740 1714 bomi-

189 1751 279 1813 eatis.
303 1751 422 1814 Eodem
438 1752 536 1820 modo
557 1770 653 1832 super
672 1751 808 1812 vitulum
828 1769 834 1812 :
853 1751 940 1813 Sicut
995 1753 1101 1825 nibus,
1120 1760 1151 1813 et
1166 1752 1269 1813 adhuc
1286 1751 1420 1813 illudere
1435 1770 1499 1814 non
1520 1751 1687 1813 desistunt.
1707 1750 1738 1812 Si

190 1857 223 1910 tu
240 1850 394 1912 cremaris
409 1859 442 1912 et
456 1850 666 1925 consumeris,
689 1849 733 1911 ita
753 1857 976 1917 consuman-B
994 1861 1100 1914 autem
1113 1859 1209 1913 totam
1221 1849 1436 1931 AEgyptiorum
1449 1859 1480 1912 ct
1490 1849 1738 1911 Chanameorum

190 1957 241 2008 tur
267 1956 398 2028 peccata
420 1948 530 2030 populi
556 1949 664 2028 hujus.
683 1947 798 2029 Sicque
822 1948 940 2010 dicitnr
994 1970 1030 2013 ac
1054 1949 1270 2012 Chaldaeorum
1298 1947 1509 2011 idololatriam
1537 1966 1739 2010 nosceremus

190 2044 335 2126 pontifex
361 2055 416 2108 aut
440 2049 588 2109 sacerdos
617 2047 809 2128 imprecatus
840 2045 940 2108 fuisse
993 2049 1251 2126 autlegeremus,
1267 2045 1347 2109 nihil
1375 2046 1501 2127 penitus
1521 2046 1739 2108 dubitaremus

191 2153 322 2227 peccata
336 2145 434 2227 capiti
451 2146 550 2227 capri.
563 2146 658 2208 —Ne
673 2145 873 2209 obliviscaris
888 2164 941 2207 au·
994 2147 1027 2209 in
1044 2147 1094 2208 his
1110 2166 1146 2208 ae
1162 2147 1328 2227 aliisque
1343 2147 1382 2208 de
1398 2144 1567 2208 sacrificiis
1584 2144 1739 2224 legalibus

191 2254 266 2319 tem,
283 2244 361 2326 quia
383 2263 440 2326 per
461 2264 592 2327 caprum
617 2245 816 2307 emissarium
838 2244 941 2307 voluit
994 2246 1133 2309 absurda
1147 2264 1216 2307 esse
1233 2244 1391 2308 videntur.

190 2345 273 2405 lteus
289 2343 410 2425 populo
433 2362 491 2406 suo
509 2345 634 2406 deserta
651 2341 759 2403 omnia
778 2342 941 2404 abomina-
1033 2345 1104 2407 llaec
1121 2353 1151 2406 et
1165 2344 1228 2405 alia
1244 2343 1343 2404 multa
1358 2341 1468 2405 scribit
1485 2351 1634 2423 praetacto
1657 2341 1739 2404 libro

190 2442 269 2504 bilia
284 2443 419 2506 reddere
434 2451 466 2504 et
481 2443 658 2517 immunda,
676 2449 833 2522 quantum
853 2442 941 2504 vide
993 2443 1193 2505 lluillelmus.
1208 2443 1249 2504 lle
1265 2441 1382 2522 quibus
1398 2448 1429 2503 et
1443 2439 1619 2503 hlexander
1634 2441 1673 2502 de
1683 2442 1739 2502 lla-

190 2541 265 2604 lieet
286 2542 326 2604 ad
349 2542 426 2604 mali
451 2540 710 2604 communionem
738 2557 745 2601 :
773 2549 839 2602 tum
865 2539 941 2622 quia
996 2544 1041 2605 les
1056 2561 1152 2624 super
1167 2542 1296 2603 tertium
1313 2540 1424 2604 scribit
1439 2538 1569 2616 diffuse,
1593 2541 1646 2601 sed
1669 2539 1738 2603 bre-

191 2640 332 2706 malefici
349 2650 446 2724 atque
467 2640 642 2703 idololatrae
662 2649 791 2722 propter
811 2639 871 2703 hoe
890 2640 941 2702 de
994 2641 1085 2703 vitati
1101 2641 1292 2702 studendum
1304 2647 1361 2702 est.

695 3063 1021 3154 ARTIGULUS
1058 3067 1239 3152 XXXIV

470 3343 510 3387 DE
536 3343 705 3388 srttttrtttttt
731 3343 865 3388 ElllSllElf
891 3342 1029 3388 CAPl'l'llLl
1055 3342 1246 3388 SEX'l'lDEGllll
1271 3343 1461 3390 turetuucrtt.

253 3621 442 3685 thlllllUld
464 3619 630 3702 praesentis
653 3619 783 3702 capituli
811 3639 868 3683 nos
894 3620 940 3681 in·
957 3619 978 3682 C
993 3620 1129 3682 nebrosa
1150 3621 1182 3682 in
1208 3621 1415 3700 vanitatibus,
1438 3623 1688 3701 carnalitatibus,
1707 3633 1738 3687 et

266 3720 397 3796 format,
416 3727 451 3781 ut
470 3739 507 3782 cx
525 3719 662 3781 aliorum
677 3719 781 3793 ruina,
799 3719 892 3799 plaga
908 3728 939 3780 et
993 3719 1212 3800 impietatibus
1228 3719 1304 3794 suia,
1321 3719 1564 3801 divinaepietati
1580 3730 1611 3784 et
1633 3723 1738 3802 longa-

192 3822 309 3882 dainno
325 3819 609 3900 cauti,providi,et
624 3818 856 3880 emendatiores
873 3819 940 3880 red·
994 3817 1131 3880 nimitati
1153 3837 1281 3899 prorsus
1305 3817 1431 3898 ingrati.
1456 3819 1535 3883 ilinc
1556 3821 1596 3882 de
1619 3821 1737 3884 talibus
1788 3869 1790 3876 Α

191 3921 315 3981 damur.
347 3919 437 3980 Unde
465 3926 497 3979 et
526 3917 673 3980 Salomon
703 3925 898 3979 contestatur
930 3937 936 3980 :
992 3935 1065 3978 eum
1081 3916 1290 3979 admiratione
1305 3916 1459 3979 exclamat
1474 3918 1737 4000 Propheta:Quo
1752 3938 1787 3980 rt
1790 3950 1850 3985 111111
1854 3939 1877 3978 tc

65 4029 179 4111 ³strar-¹¹1·
193 4019 363 4081 Pestilente
401 4015 578 4095 flagellato,
610 4016 643 4078 id
676 4025 724 4077 est
757 4025 936 4096 peccatore,
993 4015 1087 4078 modo
1104 4014 1178 4077 facti
1202 4023 1275 4076 sunt
1298 4015 1331 4076 in
1353 4016 1605 4080 desolationemt
1626 4017 1736 4082 Subito

65 4105 92 4127 '³'
193 4119 309 4180 stultus
330 4116 505 4198 sapientior
530 4116 600 4178 erit.
627 4115 746 4196 Estque
770 4132 939 4177 commune
993 4113 1194 4186 deiecerunte
1213 4113 1376 4195 perierunt
1391 4123 1520 4196 propter
1535 4115 1737 4197 iniquitatem

195 4215 402 4298 proverbium
425 4213 542 4276 :Felix
566 4232 660 4294 quem
688 4212 810 4276 faciunt
836 4213 940 4276 aliena
993 4232 1095 4274 suam.

195 4314 338 4396 pericula
361 4319 501 4375 cautum.
526 4312 645 4374 ldciroo
669 4311 703 4373 in
719 4311 940 4374 Ecclesiastico
1034 4315 1177 4390 Loquere
1201 4315 1245 4370 od
1269 4316 1393 4383 Aaron,
1420 4333 1459 4372 oc
1489 4316 1578 4374 oanni
1604 4323 1740 4391 ternpore

98 4433 154 4475 :act
194 4413 311 4476 dicitur
331 4429 339 4472 ἱ
356 4411 473 4473 llemor
488 4419 556 4472 esto
571 4409 682 4490 judicii
699 4410 774 4485 mei,
793 4410 839 4471 sie
854 4409 939 4471 enim
995 4411 1202 4486 ingrediatur·
1222 4412 1460 4482 sanctuarium,
1482 4415 1567 4490 quod
1585 4423 1630 4472 est
1651 4414 1740 4472 intra

76 4501 173 4545 ¹¹⁸'¹'·*·
194 4512 254 4573 erit
268 4519 301 4574 et
318 4519 421 4572 tuum.
438 4509 511 4570 ldibi
528 4508 634 4584 hodie,
652 4517 681 4570 et
698 4527 768 4570 cras
782 4507 853 4569 tibi.
872 4508 941 4569 Ete-
996 4512 1114 4577 celum,
1130 4508 1223 4586 (quia
1239 4508 1276 4565 iu
1291 4509 1373 4566 nube
1388 4511 1547 4585 apparebo
1561 4529 1658 4587 super
1673 4525 1742 4570 ora-

196 4610 262 4672 nim
278 4607 435 4671 Dominus
457 4607 563 4688 ipsum
586 4605 774 4688 pontificem
798 4607 942 4669 exhorta·
996 4608 1132 4681 culum),
1159 4608 1226 4664 atsi
1250 4608 1316 4666 ttae
1341 4615 1415 4665 onte
1440 4607 1562 4684 fecerit.
1590 4604 1742 4679 Quemad-

195 4719 256 4784 tus‚
281 4706 395 4770 recolit
419 4716 565 4781 mortem,
582 4725 679 4786 quam
706 4704 768 4767 filii
790 4705 860 4786 ejus
886 4725 943 4786 pro
997 4703 1127 4766 modum
1138 4702 1288 4783 Origenes
1304 4701 1548 4780 fatetur‚omnes
1565 4723 1622 4767 nos
1639 4723 1743 4767 sermo

194 4825 252 4869 suo
263 4807 474 4869 incurrerunt
489 4823 630 4866 excessu.
644 4803 752 4884 ltaque
768 4805 944 4886 perpenda—
959 4808 983 4867 tt
997 4801 1057 4862 iste
1079 4801 1252 4864 concernit.
1277 4801 1421 4882 Praecipit
1443 4801 1529 4864 enim
1552 4810 1586 4863 ut
1608 4821 1671 4865 non
1698 4802 1743 4864 in·
1806 4805 1809 4813 '

195 4925 265 4967 mus
279 4923 378 4986 quam
395 4902 541 4966 celeriter
555 4903 595 4964 de
611 4902 717 4965 medio
733 4902 798 4963 sint
813 4902 941 4978 sublati,
996 4899 1179 4979 gradiamur
1193 4901 1232 4962 ad
1248 4908 1446 4963 sacramenta
1460 4900 1670 4982 suscipienda,
1690 4920 1743 4964 ne

194 5020 356 5085 quamque
367 4999 655 5082 irrecuperabiliter
666 5000 942 5081 condemnati,qui
998 5017 1061 5079 que
1076 4999 1114 5059 ad
1131 5017 1218 5086 sacra
1234 4998 1424 5062 celebranda
1439 5007 1493 5061 aut
1510 4999 1739 5080 participanda,

194 5111 266 5165 ante
291 5099 456 5162 modicum
479 5108 604 5180 tempus
624 5099 656 5160 iu
680 5100 739 5160 hoc
761 5099 876 5160 sacculo
898 5117 944 5160 rc·
999 5097 1061 5157 nisi
1086 5096 1256 5176 diligenter
1280 5116 1316 5158 ae
1342 5097 1448 5159 debite
1478 5096 1656 5179 praeparati.
1683 5095 1741 5170 Qui

197 5200 295 5262 belles
316 5198 449 5260 fuerunt
474 5196 599 5271 lumini,
626 5204 658 5257 et
683 5196 786 5258 lucem
812 5195 944 5275 justitie
998 5195 1085 5257 onim
1115 5195 1237 5256 aceedit
1267 5195 1407 5274 indigne,
1433 5195 1472 5256 ad
1502 5213 1590 5256 suam
1620 5195 1888 5264 accedittcamae.

153 5329 158 5338 ·
196 5303 472 5378 contempserunt,
486 5292 685 5356 ambulantes
701 5311 758 5375 per
774 5293 888 5355 itinera
904 5303 944 5356 te-
998 5293 1235 5355 damnationem
1257 5292 1355 5373 impia
1376 5300 1492 5355 mente.
1509 5293 1566 5354 Per
1586 5292 1645 5354 hoc
1665 5310 1742 5372 quo·
