4309 6259
604 521 830 568 mannariora
852 522 920 567 car.
944 521 986 568 xx
1007 520 1110 568 axem.
1131 538 1172 551 -
1192 520 1264 567 sar.
1286 519 1336 566 mr
1713 499 1735 563 a
1810 555 1815 563 .

187 688 254 752 bris
276 690 492 769 involvamur,
511 710 570 755 nec
590 692 727 775 alicujus
748 692 935 757 idololatria
949 692 976 756 A
991 693 1118 757 mortali
1133 701 1182 757 θεῖ
1195 693 1301 775 culpa,
1318 691 1374 774 qui
1389 692 1503 755 creatis
1519 689 1620 770 magis
1636 710 1732 772 quarn

188 788 398 852 immoremur
420 789 561 871 caligini.
989 792 1141 869 Creatori,
1163 791 1296 856 vanitati
1316 790 1417 873 magis
1437 810 1533 872 quam
1551 789 1677 852 veritati
1696 810 1733 854 ac

226 887 351 949 Dicitur
371 887 458 950 enim
478 889 653 971 unicuique
672 898 816 953 nostrum
835 911 841 955 :
861 894 934 953 Non
989 890 1130 973 equitati
1154 891 1297 968 inhaeret,
1314 898 1410 972 atque
1431 889 1464 952 in
1487 888 1537 952 his
1556 888 1658 965 vanis,
1677 888 1734 953 loc⁴

186 988 314 1047 habebis
329 990 402 1048 deos
417 989 540 1049 alienos
550 1008 658 1050 coram
674 1009 734 1050 me.
743 988 858 1053 Contra
873 990 934 1053 hoc
989 989 1038 1051 dis
1053 1009 1090 1053 ao
1105 987 1223 1052 vilibus
1239 988 1333 1053 rebus
1352 988 1457 1051 linem
1472 986 1533 1049 sibi
1553 986 1730 1050 constituit.

185 1084 252 1164 agit
276 1084 446 1167 superbus,
468 1086 523 1167 qui
547 1105 581 1149 se
606 1086 711 1169 ipsum
738 1085 814 1149 lacit
838 1088 932 1151 deum
988 1088 1048 1151 lste
1064 1088 1126 1149 sibi
1147 1088 1263 1152 format
1283 1096 1315 1150 et
1334 1086 1423 1167 eligit
1442 1088 1519 1151 deos
1538 1085 1671 1162 alienos,
1692 1086 1732 1148 de

186 1182 394 1265 sibimetipsi,
413 1192 509 1266 atque
528 1183 568 1247 ab
588 1184 661 1247 aliis
682 1193 832 1267 tanquam
854 1188 933 1250 deus
987 1188 1080 1269 cnjus
1094 1187 1217 1251 vilitate
1227 1207 1263 1250 ac
1273 1186 1438 1268 impietate
1448 1185 1580 1267 Sapiens
1595 1184 1640 1247 ait
1652 1203 1659 1246 ε
1672 1184 1733 1248 Gor
1747 1204 1877 1261 sepsere.

186 1282 255 1345 vult
275 1282 440 1361 honorari,
462 1285 537 1346 dum
562 1303 626 1347 non
647 1284 714 1361 Dei,
736 1286 790 1347 sed
814 1286 863 1348 sui
886 1286 933 1369 ip-
987 1286 1091 1367 iniqui
1107 1286 1189 1349 ciuis
1209 1296 1258 1349 est
1277 1295 1308 1349 et
1328 1295 1431 1360 terra;
1448 1304 1644 1368 supervacua
1658 1303 1731 1367 spes

60 1396 170 1451 rttttppn,
185 1381 252 1443 sius
278 1381 394 1462 quaerit
418 1382 554 1463 gloriam
579 1391 611 1445 et
634 1383 807 1461 honorem;
833 1391 865 1447 et
889 1385 933 1447 ita
988 1384 1087 1461 illius,
1111 1393 1143 1447 θῖ
1165 1385 1232 1449 luto
1254 1385 1348 1447 vilior
1368 1384 1434 1447 vita
1455 1385 1525 1465 ejus
1549 1402 1556 1445 :
1579 1383 1730 1465 quoniam

55 1460 83 1501 '¹'
184 1498 218 1542 se
239 1480 337 1543 babet
357 1500 394 1543 aa
417 1480 523 1543 taliter
543 1481 709 1561 gloriatur,
726 1483 818 1563 quasi
835 1500 933 1546 nona
987 1483 1147 1563 ignoravit
1163 1484 1254 1546 illum
1269 1483 1325 1564 qui
1346 1502 1380 1545 se
1401 1481 1505 1559 finxit,
1523 1483 1584 1545 hoc
1598 1491 1657 1558 est,
1675 1500 1732 1564 per

183 1579 258 1655 Deo,
276 1578 333 1641 sed
348 1598 368 1641 a
382 1598 416 1641 se
432 1578 502 1661 ipso
519 1579 561 1641 sit
580 1588 612 1642 et
631 1580 746 1643 babeat
766 1582 851 1662 quod
871 1590 929 1659 est,
988 1580 1131 1643 debitum
1147 1581 1269 1644 cultum
1285 1598 1349 1643 non
1367 1580 1551 1661 recognovit
1565 1578 1729 1661 proprium

181 1686 213 1740 et
235 1678 323 1759 quod
345 1678 452 1741 babet.
471 1677 566 1759 Magis
587 1696 716 1760 quoque
734 1680 850 1761 querit
869 1680 930 1743 sibi
985 1679 1175 1743 Creatorem.

180 1776 409 1859 obtemperari,
427 1794 524 1857 quam
546 1778 620 1840 Dec.
638 1776 757 1860 Nempe
778 1778 805 1839 si
826 1778 932 1842 videat
1026 1782 1102 1839 Non
1117 1782 1217 1858 facies
1233 1780 1293 1839 tibi
1311 1780 1473 1856 sculptile,
1488 1798 1591 1857 neque
1605 1798 1731 1838 omnem

180 1876 236 1937 Dei
253 1884 413 1956 praeoepta
428 1894 447 1937 a
462 1894 496 1938 se
507 1875 578 1957 ipso
593 1896 630 1939 ac
645 1875 717 1939 aliis
729 1876 854 1955 violari,
868 1896 930 1941 non
947 1870 971 1935 Β
985 1879 1319 1949 similitudinem,etc.
1331 1876 1395 1939 lloc
1411 1884 1568 1959 praecepto
1583 1876 1731 1958 jubemur

180 1982 283 2050 curat,
303 1992 362 2037 neo
377 1974 586 2052 contabescit,
599 1994 657 2038 uec
672 1974 739 2038 zelo
755 1974 933 2039 inflamma-
985 1994 1040 2040 cor
1056 1984 1200 2039 nostrum
1216 1996 1235 2038 a
1250 1976 1397 2057 turpibus
1413 1975 1695 2057 phantasmatibus,
1713 1994 1731 2037 a
1752 2018 1757 2026 -

182 2081 233 2134 tur
248 2072 383 2155 justitiae
402 2072 534 2137 zelando
554 2093 612 2157 pro
628 2074 773 2151 Domino,
790 2076 879 2156 juxta
898 2074 932 2137 il·
986 2075 1125 2138 sordidis
1145 2074 1364 2157 phantasiis,a
1383 2073 1655 2150 distractionibus,
1676 2092 1732 2157 pe

66 2184 166 2237 naun,
182 2172 259 2235 lud:
278 2171 454 2236 'labescere
470 2192 520 2236 me
537 2172 615 2236 lecit
633 2173 719 2237 zelus
738 2193 839 2250 meus,
856 2174 932 2256 quia
987 2174 1110 2236 tissime
1126 2173 1279 2238 orationis
1294 2172 1638 2254 contemplationisque
1654 2180 1731 2235 tem-

52 2250 90 2291 ω’
181 2269 276 2333 obliti
298 2278 374 2333 suut
394 2270 492 2333 verba
510 2281 564 2334 tua
583 2271 708 2335 inimici
728 2272 801 2335 mei.
824 2272 930 2349 Porro,
987 2292 1075 2355 pore,
1093 2280 1125 2335 et
1144 2272 1177 2334 in
1196 2272 1319 2334 eunctis
1340 2269 1458 2335 divinis
1475 2290 1611 2353 purgare
1626 2290 1662 2333 ac
1678 2290 1732 2333 cu-

181 2369 208 2431 si
224 2369 335 2431 videat
351 2388 385 2433 se
400 2370 574 2447 contemni,
584 2378 639 2434 aut
654 2370 784 2453 propria
798 2370 933 2453 vilipen·
987 2371 1118 2447 stodire,
1130 2379 1287 2451 quatenns
1303 2389 1393 2452 pura,
1411 2370 1552 2445 ardente,
1570 2388 1606 2431 ac
1622 2369 1729 2432 stabili

180 2467 214 2530 di
238 2468 401 2544 mandata,
425 2486 498 2531 mox
520 2467 651 2531 inritet
676 2467 872 2550 indignatur,
896 2488 932 2531 ac
987 2478 1094 2533 mente
1104 2468 1318 2552 omnipotenti
1332 2469 1392 2531 lleo
1403 2467 1503 2530 simus
1514 2468 1641 2545 intenti,
1651 2468 1732 2550 ejus·

179 2565 274 2647 quasi
291 2567 352 2629 sub
368 2566 476 2629 colore
489 2566 622 2648 justitiae
642 2567 675 2630 in
697 2575 933 2649 contemptores
987 2588 1049 2650 que
1076 2588 1157 2650 opus
1186 2588 1259 2631 oum
1286 2567 1394 2631 debita
1416 2567 1593 2631 reverentia
1611 2568 1730 2649 jugiter

180 2664 230 2725 sui
247 2662 401 2745 exsurgit.
414 2664 448 2726 ln
465 2664 520 2727 tali
536 2665 656 2728 etenim
671 2664 802 2729 homine
818 2665 934 2747 impro
988 2669 1472 2752 persolvamuslt'poem'msum
1480 2670 1731 2728 Domirtcslleos

181 2762 224 2825 bo
245 2781 283 2825 ac
306 2780 469 2843 perverso,
487 2761 572 2843 viget
595 2763 738 2845 privatus
761 2781 850 2827 amor
869 2764 930 2840 sui,
989 2768 1190 2844 transfertis,
1212 2770 1336 2837 zelotes,
1359 2767 1497 2827 visitans
1521 2767 1730 2845 imquitatem

3 2924 4 2933 ,
182 2878 247 2923 non
264 2869 374 2923 sancta
389 2860 519 2925 dilectio
534 2862 600 2925 Dei.
618 2861 796 2935 Quocontra
811 2861 856 2923 ait
870 2861 933 2923 Eli·
983 2876 1119 2945 patrum
1132 2867 1169 2925 in
1182 2866 1275 2943 filios.
1289 2864 1398 2944 ltaque
1412 2863 1439 2925 si
1455 2870 1602 2945 optamus
1617 2871 1651 2924 ut
1667 2862 1731 2925 ani-

49 2966 166 3063 llitum.
181 2979 216 3023 as
235 2978 242 3021 :
260 2959 334 3023 Zelo
349 2958 470 3023 zelatus
485 2979 555 3021 sum
572 2978 630 3042 pro
644 2959 886 3023 DominoUnde
901 2968 933 3023 et
986 2983 1038 3027 ma
1056 2971 1163 3026 nostra
1179 2981 1296 3046 sponsa
1314 2962 1356 3024 sit
1376 2961 1425 3023 sui
1443 2962 1600 3025 Crantoris
1615 2980 1651 3023 ac
1667 2961 1730 3023 Sal-

50 3033 76 3073 ¹⁴'‘
181 3058 427 3141 chrysostomus
446 3066 640 3141 protestatur
658 3078 665 3123 :
683 3056 767 3121 Nihil
789 3056 931 3140 iniquius
947 3060 970 3125 G
987 3062 1116 3138 vatoris,
1134 3068 1259 3143 oportet
1274 3078 1332 3123 nos
1348 3059 1377 3122 ei
1395 3059 1611 3123 indesinenter
1628 3058 1730 3122 fideli·

181 3177 278 3239 quam
304 3156 359 3221 Dei
386 3156 539 3238 injuriam
563 3156 776 3233 dissimulare,
803 3166 836 3220 et
860 3176 932 3239 pro
986 3169 1084 3224 tatem
1100 3178 1236 3235 servare,
1254 3178 1313 3222 nec
1327 3158 1449 3239 aliquid
1466 3158 1527 3219 nisi
1545 3157 1661 3240 ipsum,
1678 3158 1729 3221 vel

181 3256 284 3338 priam
300 3255 478 3319 vindicare.
495 3254 519 3319 0
534 3275 630 3338 quarn
647 3256 740 3318 multi
757 3256 879 3338 praelati
894 3276 931 3319 ac
988 3268 1119 3343 propter
1139 3259 1257 3341 ipsum,
1274 3277 1309 3320 ac
1327 3258 1359 3319 in
1378 3258 1447 3340 ipso
1463 3256 1607 3337 diligere,
1623 3257 1730 3321 corde·

181 3354 346 3438 principes
369 3364 445 3418 sunt
467 3354 563 3419 bodie
584 3355 683 3419 talest
707 3355 765 3437 qui
785 3354 930 3418 subditos
985 3378 1049 3440 que
1066 3358 1191 3439 integro
1212 3357 1362 3420 detestari
1382 3376 1419 3419 ac
1440 3355 1550 3435 lugere
1572 3355 1729 3437 quidquid

180 3472 254 3517 suos
275 3472 334 3536 per
353 3453 504 3517 vitiorum
527 3454 664 3536 abrupta
678 3452 841 3536 proficisci
857 3471 931 3517 con·
985 3476 1004 3519 a
1026 3453 1248 3518 mundissimis
1271 3456 1342 3536 eius
1366 3454 1565 3537 amplexibus
1589 3463 1727 3517 mentem

181 3553 335 3635 spiciunt,
353 3571 413 3617 neo
428 3553 548 3629 dolent,
561 3571 665 3635 neque
680 3554 862 3629 emendant,
875 3554 930 3617 sed
985 3554 1105 3619 avellit.
1119 3553 1198 3616 Hinc
1215 3561 1343 3617 sanetus
1357 3552 1493 3617 loannes
1508 3552 1672 3634 apostolus
1688 3552 1730 3615 lo

180 3650 470 3734 silent;propriam
487 3670 561 3716 vero
577 3652 863 3729 inhonorationem,
872 3670 930 3715 neo
986 3654 1122 3736 quitur:
1144 3652 1177 3715 Si
1197 3653 1270 3733 quis
1290 3651 1395 3732 diligit
1415 3652 1583 3729 mundum,
1602 3659 1729 3715 nonest
1754 3669 1875 3719 ramme,

180 3750 214 3813 in
230 3750 368 3815 modicis
383 3750 480 3813 rebus
495 3752 619 3834 perpeti
630 3758 768 3832 queunt:
782 3750 853 3814 ideo
866 3769 929 3814 non
985 3752 1101 3817 caritas
1122 3752 1178 3815 Dei
1200 3752 1233 3813 in
1253 3751 1334 3833 ipso.
1356 3751 1395 3812 Et
1417 3749 1551 3813 Iacobus
1574 3757 1701 3813 sanctus
1719 3767 1726 3811 :
1745 3737 1778 3776 ¹⁵·

180 3858 257 3913 sunt
280 3848 350 3913 veri
374 3849 486 3913 vicarii
510 3850 677 3927 creatoris,
705 3850 761 3913 sed
786 3850 869 3913 servi
894 3868 931 3913 ac
985 3850 1196 3932 Quicumque,
1214 3848 1330 3931 inquit,
1344 3848 1482 3913 voluerit
1496 3848 1617 3912 amicus
1633 3847 1729 3930 hujus
1742 3869 1874 3920 resena.

180 3948 242 4013 titii
258 3948 426 4013 daemonis.
985 3948 1099 4012 mundi
1129 3947 1213 4025 lieri,
1241 3946 1391 4010 inimicus
1420 3946 1475 4009 Dei
1506 3948 1727 4010 constituetur.

219 4047 377 4112 Similiter
401 4056 513 4111 contra
535 4046 620 4111 istud
643 4056 837 4131 preceptum
860 4070 932 4134 pec·
987 4048 1161 4111 Gaveamus
1182 4064 1257 4127 ergo
1273 4045 1479 4110 novitiorum
1496 4054 1677 4109 nostrorum
1694 4047 1730 4108 li-

179 4156 254 4209 eant
276 4145 377 4222 avari,
401 4145 458 4227 qui
480 4144 581 4226 magis
602 4144 794 4209 alliciuntur
815 4149 855 4211 ad
877 4144 932 4211 au·
987 4146 1060 4225 lios,
1084 4146 1116 4208 id
1139 4153 1188 4209 θεῖ
1209 4144 1395 4221 imitatores,
1419 4162 1638 4221 consensores,
1659 4163 1731 4209 coo-

179 4264 263 4320 rum,
281 4263 380 4326 quam
396 4244 436 4307 ad
452 4244 596 4307 omnium
617 4243 739 4307 iontem
758 4245 927 4325 bonorum,
946 4244 971 4307 D
988 4252 1160 4329 peratores,
1184 4252 1239 4307 aut
1261 4242 1375 4324 quovis
1399 4243 1494 4307 modo
1517 4243 1732 4305 communica-

178 4342 236 4423 qui
253 4361 421 4406 nummum
438 4341 613 4422 praeierunt
628 4343 702 4421 Deo,
719 4352 750 4407 et
765 4362 823 4427 pro
839 4363 931 4426 pecu·
988 4353 1072 4407 tores
1088 4342 1264 4405 habeamus
1278 4361 1316 4405 ae
1333 4342 1552 4424 relinquamus
1570 4361 1577 4405 ε
1595 4360 1635 4404 ne
1651 4342 1730 4405 alios

180 4441 234 4504 nia
256 4440 447 4522 relinquunt
467 4440 636 4522 justitiam,
661 4461 698 4505 ac
721 4442 801 4506 lucri
823 4463 931 4508 amore
987 4442 1177 4505 inducamus
1200 4441 1240 4503 ad
1262 4440 1345 4502 mala
1367 4441 1476 4516 verbo,
1498 4440 1655 4522 exemplo,
1677 4447 1731 4502 aut

178 4540 300 4622 jurant,
319 4539 497 4621 perjurant,
520 4539 639 4603 fallunt
659 4560 695 4604 ae
717 4541 929 4621 mentiuntur,
986 4558 1083 4623 opere
1100 4558 1107 4601 :
1126 4558 1166 4602 ne
1183 4546 1215 4601 et
1231 4546 1339 4602 nostra
1356 4546 1486 4620 peccata
1503 4538 1535 4600 in
1553 4537 1677 4601 tertiam
1698 4547 1731 4601 et

178 4638 389 4719 judicantque
399 4656 558 4720 perverse.
566 4638 696 4721 Propter
705 4641 792 4722 quod
801 4641 931 4707 divinus
986 4648 1133 4722 quartam
1152 4637 1390 4718 generationem
1406 4636 1576 4700 visitentur
1591 4656 1609 4699 a
1625 4637 1730 4700 Domi-

52 4744 163 4801 rama,
179 4736 352 4819 Apostolus
376 4736 544 4799 avaritiam
571 4755 634 4801 non
665 4738 773 4821 inepte
802 4738 932 4803 idolola-
987 4756 1040 4816 no,
1056 4736 1267 4817 omniumque
1286 4735 1415 4799 illorum
1432 4744 1561 4817 peccata
1575 4753 1612 4798 ao
1627 4754 1730 4817 poenae

44 4810 60 4848 ⁵'
178 4835 274 4897 triam
291 4834 478 4917 appellavit.
491 4835 622 4913 Rursus,
634 4844 745 4900 contra
760 4836 932 4920 idemprae-
986 4838 1166 4901 redundent
1185 4836 1219 4897 in
1239 4853 1308 4898 nos,

60 4946 153 5005 antip.
178 4940 307 5013 ceptum
324 4932 391 5012 agit
407 4932 601 5010 luxuriosus,
618 4934 710 5015 cujus
726 4935 804 4998 deus
821 4944 931 5000 venter
1026 4939 1101 4997 Non
1115 4955 1256 4995 assumes
1269 4954 1384 4994 nomen
1400 4934 1462 4993 Dei
1477 4936 1527 4994 tui
1542 4935 1578 4994 io
1593 4955 1727 4995 canum.

43 5020 65 5049 ''
76 5014 104 5053 '⁹'
178 5039 239 5107 est,
257 5039 289 5093 et
303 5029 408 5112 gloria
423 5031 457 5092 in
474 5030 642 5112 pudendis,
660 5032 716 5113 qui
732 5032 850 5095 foedam
866 5054 932 5097 cer·
985 5035 1049 5098 Hoc
1065 5034 1214 5115 estquod
1235 5031 1268 5094 in
1284 5032 1456 5113 Evangelio
1472 5032 1613 5114 loquitur
1627 5033 1731 5095 Domi-

179 5148 253 5193 nem
265 5128 367 5209 magis
377 5148 474 5210 quam
487 5129 770 5213 incomparabilem
782 5140 814 5195 et
824 5151 931 5214 super·
986 5151 1045 5194 nus
1064 5150 1071 5193 :
1089 5132 1154 5211 Ego
1169 5131 1240 5194 dico
1260 5130 1352 5194 vobis
1373 5148 1437 5193 non
1457 5130 1564 5212 jurare
1585 5130 1727 5193 omnino.
1763 5151 1873 5203 nattum,

178 5224 479 5309 prestantissimam
492 5227 645 5291 Deitatem
660 5228 785 5308 cogitat,
796 5238 889 5306 amat,
899 5239 931 5294 et
986 5230 1032 5293 Sit
1047 5239 1153 5293 autem
1165 5248 1269 5292 sermo
1279 5236 1384 5291 vester
1396 5246 1403 5289 :
1417 5229 1481 5305 Est,
1492 5237 1554 5303 θεῖ;
1568 5247 1726 5305 non,non.
1744 5216 1821 5265 Μ·

175 5323 313 5407 adipisci
324 5332 522 5399 conatur3et
532 5324 673 5390 brevitor
683 5325 879 5408 quicumque
894 5328 927 5390 in
983 5328 1117 5392 lacobus
1141 5345 1270 5410 quoque
1294 5325 1456 5409 apostolus
1481 5348 1488 5392 :
1512 5326 1593 5390 Ante
1618 5326 1725 5390 omnia
1741 5350 1876 5402 rotoma.
