4309 6259
423 446 464 513 2⁰
813 476 988 525 meamne
1009 478 1039 523 ns
1060 477 1130 525 aar.
1153 476 1219 525 nu
1238 475 1340 523 noar.
1362 494 1405 507 —
1423 477 1496 523 aas.
1518 477 1576 523 rav

424 646 518 717 terra,
543 642 701 725 siquidem
724 658 799 713 sunt
819 650 865 713 dii
885 650 990 728 multi,
1013 658 1045 713 et
1066 647 1168 712 domi·
1182 647 1208 711 Α
1223 667 1287 712 non
1303 647 1401 713 David
1422 648 1540 712 latetur
1556 667 1564 711 :
1581 647 1655 722 Qun
1668 649 1709 711 de
1723 666 1820 711 mann
1839 654 1895 708 tua
1913 664 1965 707 ac·
1985 660 2109 712 mmm,

425 738 458 800 ni
482 742 587 806 muln.
1222 748 1378 829 cepimus,
1395 748 1541 811 uenimus
1558 748 1627 811 tibi.
1651 762 1669 792 ο
1980 726 2013 765 “·

466 844 613 904 Decimae
628 856 658 905 et
670 850 841 923 primitias
857 859 929 910 tuas
944 868 1007 908 non
1025 850 1169 909 tardabis
1272 848 1344 907 Viri
1357 849 1462 907 saneti
1482 850 1574 907 eritis
1597 850 1680 908 mibi
1693 869 1705 906 .·
1721 846 1754 909 id
1775 855 1834 923 est,
1855 845 1965 908 hortor

348 960 399 989 erre
426 941 556 999 recalere
567 943 591 1011 *,
607 943 638 1005 id
655 952 713 1021 est,
731 946 871 1009 decimas
887 966 965 1029 quas
985 966 1022 1010 ex
1040 946 1169 1029 legate
1223 953 1259 1007 ut
1278 944 1312 1005 in
1328 945 1496 1007 sanctitate
1514 945 1594 1007 mibi
1609 945 1805 1021 deserviatis,
1823 963 1878 1006 seu
1894 960 1966 1005 meo

427 1034 513 1097 neris
538 1036 667 1117 offerre,
693 1050 789 1123 atque
817 1044 980 1125 primitiva
1007 1044 1169 1108 fructuum
1224 1043 1325 1107 cultui
1346 1042 1416 1105 sitis
1437 1044 1618 1126 specialiter
1638 1043 1786 1119 dedicati,
1808 1044 1849 1105 ad
1867 1042 1967 1105 hono

426 1140 528 1213 terra,
545 1135 630 1199 oller
654 1147 685 1202 et
705 1142 852 1222 persolve
872 1162 932 1206 suo
955 1153 1098 1226 tempore
1122 1144 1170 1206 in-
1225 1163 1291 1207 rem
1315 1142 1455 1205 nominis
1477 1142 1552 1205 mei.
1571 1146 1707 1204 Carnem
1726 1164 1799 1222 qua
1819 1164 1840 1203 a
1861 1144 1968 1201 bestiis

427 1231 524 1296 dilate
545 1235 701 1301 ministris
723 1240 844 1323 templi.
862 1241 949 1315 Quod
969 1242 1116 1323 qualiter*
1129 1244 1170 1304 sit
1224 1245 1327 1323 faerit
1339 1252 1622 1319 praestamenti
1636 1243 1822 1301 comedetis:
1830 1240 1890 1303 hoc
1905 1247 1965 1316 cst,

426 1330 668 1411 intelligendum
685 1346 781 1419 atque
797 1340 1099 1421 implendum‚inlra
1113 1342 1171 1405 ela·
1225 1340 1305 1402 nihil
1321 1339 1556 1403 manducabitis
1570 1339 1771 1403 decernibus
1786 1338 1934 1402 animalis
1949 1358 1968 1401 a

426 1430 492 1492 rius
508 1432 936 1517 edocetur.Primopeaitam
946 1442 1093 1518 fitiorum
1105 1451 1171 1501 tue
1224 1458 1425 1521 quacumque
1445 1438 1549 1501 bestia
1569 1437 1731 1514 suffocati,
1754 1437 1894 1515 lacerati,
1910 1456 1967 1500 scu

426 1550 500 1590 ram
516 1534 607 1593 dabis
627 1538 719 1612 mibi,
738 1535 770 1598 id
791 1547 849 1614 ost,
868 1538 1006 1621 primum
1028 1546 1170 1622 tempore
1224 1537 1340 1620 partim
1355 1537 1563 1614 comesti‚seu
1578 1536 1692 1619 quovis
1707 1534 1968 1611 modooccisi‚eo

426 1627 510 1691 inter
536 1629 623 1695 lilios
653 1641 723 1697 tuos
748 1634 867 1700 offeres
898 1638 989 1714 mihi,
1018 1646 1170 1720 tanquam
1224 1637 1310 1718 quod
1333 1654 1406 1699 caro
1429 1635 1501 1697 talis
1523 1635 1566 1697 sit
1587 1654 1626 1699 ex
1647 1635 1707 1698 hoe
1727 1634 1893 1711 vilisimis,
1911 1652 1968 1697 seu

426 1728 608 1808 specialiter
632 1733 845 1813 pertinentem
871 1737 910 1799 ad
936 1756 997 1813 me,
1021 1738 1171 1819 quietat
1224 1735 1332 1815 aliquo
1356 1734 1452 1797 modo
1476 1734 1643 1796 immunda
1667 1732 1795 1797 allecta.
1815 1732 1903 1807 Quod
1925 1739 1968 1793 ta-

427 1825 547 1889 dictnm
569 1839 617 1892 est
639 1833 737 1913 saepe)
751 1852 788 1897 ex
810 1854 875 1916 quo
897 1835 1054 1917 percussit
1069 1836 1171 1899 Domi-
1186 1834 1210 1896 B
1225 1852 1299 1896 men
1309 1833 1351 1896 ob
1362 1834 1530 1914 mysticam
1545 1832 1702 1895 rationem
1713 1832 1897 1893 mandatum
1907 1839 1966 1906 est,

428 1944 487 1988 nus
510 1926 740 2009 primogenitos
759 1933 988 2016 AEgyptiorum,
1006 1952 1172 1997 consecra-
1225 1931 1377 2014 quoniam
1393 1931 1607 1995 caerimoniale
1624 1929 1685 1992 luit
1702 1938 1908 2012 preceptum,
1924 1929 1970 1993 vi-

427 2024 473 2088 vit
494 2026 557 2089 sibi
578 2028 806 2110 primogenitos
826 2032 1040 2096 Hebraeornm.
1057 2038 1104 2095 De
1123 2037 1173 2095 be
1225 2030 1339 2094 delicet
1355 2030 1395 2093 ad
1410 2029 1610 2092 innuendum
1630 2048 1667 2093 ac
1686 2027 1969 2111 praefigurandum,

428 2127 485 2185 bas
504 2146 629 2204 qaoque
650 2138 680 2189 et
699 2132 810 2191 ovibus
830 2133 984 2193 similiter
1004 2134 1115 2209 facies,
1140 2133 1171 2194 id
1225 2130 1310 2213 quod
1326 2128 1471 2192 homines
1487 2128 1528 2191 ab
1540 2127 1752 2191 infernalibus
1765 2126 1971 2209 bestiis‚puta

428 2230 486 2299 est,
505 2222 718 2305 primogenita
733 2246 843 2293 eorum
859 2228 978 2293 olferes
994 2230 1074 2292 mihi
1089 2231 1172 2293 sicut
1225 2228 1424 2291 damonibus
1439 2247 1476 2290 ac
1491 2227 1591 2303 vitiis,
1600 2226 1809 2309 spiritualiter
1824 2225 1971 2288 interem-

428 2323 807 2406 etbominum‚quoniam
818 2328 971 2392 Dominus
986 2348 1050 2392 non
1067 2330 1171 2393 solum
1226 2327 1272 2411 pti
1296 2346 1333 2390 ac
1358 2326 1488 2399 mortui,
1509 2344 1574 2389 non
1600 2334 1675 2387 sunt
1696 2325 1762 2407 apti
1787 2324 1911 2387 Christo
1934 2343 1971 2386 ac

427 2421 606 2497 hominum,
622 2423 677 2485 scd
693 2432 724 2486 et
740 2443 887 2507 pecorum
909 2425 1122 2509 primogenita
1138 2428 1171 2489 in
1225 2429 1296 2509 ejus
1320 2425 1447 2507 corpori
1472 2424 1606 2506 mystico
1627 2422 1839 2506 incorporari,
1866 2440 1971 2503 neque

428 2520 561 2602 AEgypto
586 2521 714 2599 occidit,
737 2523 856 2587 idcireo
879 2534 910 2588 et
935 2543 1087 2607 pecorum
1110 2526 1173 2608 pri·
1226 2534 1261 2588 nt
1276 2525 1355 2587 tales
1370 2532 1504 2606 possunt
1519 2542 1589 2586 esse
1609 2521 1850 2585 nutrimentales
1865 2529 1970 2603 partes

428 2619 590 2699 mogenita
605 2620 667 2683 sibi
681 2621 777 2702 jussit
792 2621 916 2686 ollerri.
933 2624 1013 2687 Hine
1029 2626 1117 2705 quod
1133 2626 1172 2687 de
1225 2625 1334 2689 electae
1343 2622 1509 2698 Ecclesia3
1522 2621 1765 2703 itemque,qnod
1781 2620 1893 2683 fideles
1904 2638 1970 2683 non

428 2717 531 2781 bobus
546 2726 578 2781 et
588 2719 702 2782 ovibus
719 2740 803 2784 nnnc
813 2721 1001 2802 jubetur,de
1015 2723 1087 2785 aliis
1098 2742 1173 2805 quo
1226 2722 1363 2786 debeant
1388 2721 1625 2784 communicare
1655 2738 1773 2783 mensa
1799 2718 2111 2787 daemoniotcor.1.n.

428 2835 491 2897 que
505 2817 696 2881 animalibus
708 2818 923 2885 immolaticiis
934 2830 981 2884 est
997 2822 1174 2903 intelligen-
1227 2840 1309 2897 rum,
1331 2829 1366 2881 ut
1386 2819 1498 2884 scribit
1512 2818 1694 2901 Apostolus,
1714 2817 1888 2899 Glossaque
1903 2827 1972 2879 tan-

429 2915 653 2993 dumseptem
667 2921 779 2979 diebus
793 2922 835 2981 sit
850 2941 924 2980 curn
941 2932 1044 2982 matre
1057 2921 1173 2992 sua,id
1226 2920 1284 2999 git.
1301 2924 1365 2981 Sed
1383 2920 1564 2997 projicietis
1583 2919 1718 2978 canibus
1743 2916 1822 2979 tales
1845 2934 1969 2980 earnes,

429 3022 487 3091 est,
505 3014 669 3095 quodlibet
686 3017 748 3081 tale
763 3018 1012 3101 primogenitum
1028 3039 1084 3102 per
1104 3022 1210 3102 sept}
1226 3018 1324 3081 Judaei
1345 3017 1404 3081 boe
1420 3017 1490 3079 loeo
1505 3035 1562 3098 per
1582 3034 1677 3078 canes
1693 3014 1878 3095 intelligunt
1899 3034 1973 3096 gen·

430 3121 493 3176 tem
510 3114 578 3177 dies
598 3134 670 3177 cum
693 3126 794 3179 matre
816 3117 933 3181 suasit
955 3126 986 3181 et
1007 3119 1121 3196 alatur,
1138 3128 1174 3181 nt
1229 3117 1311 3194 tiles,
1335 3124 1367 3179 ct
1388 3114 1555 3179 universos
1577 3114 1633 3197 qui
1660 3132 1724 3177 non
1747 3123 1821 3177 sunt
1840 3115 1880 3177 de
1904 3115 1973 3195 lege

430 3212 558 3274 interim
579 3213 761 3295 aliqualiter
777 3216 993 3280 consolidetur
1013 3216 1047 3280 iii
1063 3236 1175 3301 corpo-
1228 3235 1364 3289 eorum3
1388 3224 1420 3279 et
1444 3215 1557 3277 dicunt
1580 3214 1665 3296 qnod
1691 3221 1838 3295 poterant
1861 3232 1973 3277 earnes

430 3329 474 3386 re,
499 3318 530 3373 et
555 3311 661 3393 aptius
687 3310 744 3375 liat
769 3313 808 3375 ad
833 3312 1039 3377 offerendum
1064 3325 1175 3379 octava
1229 3316 1301 3377 illas
1315 3312 1489 3394 gentilibus
1501 3314 1638 3376 vendere
1652 3312 1691 3376 ad
1706 3313 1974 3394 edendumtqnos

429 3408 493 3485 die,
510 3410 593 3471 sicut
613 3409 818 3491 subjungitur
835 3432 842 3476 :
859 3416 913 3473 die
932 3424 1044 3475 octava
1063 3419 1175 3475 reddes
1229 3413 1256 3476 si
1273 3431 1337 3476 non
1361 3412 1565 3494 reperissent,
1584 3418 1731 3493 poterant
1752 3410 1906 3473 cadavera
1926 3410 1973 3472 sic

430 3509 527 3567 ittam
543 3510 636 3569 mibi.
653 3508 691 3569 Et
706 3528 845 3591 congrue
859 3511 915 3589 ait,
933 3512 1055 3575 Reddas
1073 3529 1081 3573 :
1097 3531 1176 3594 quo
1229 3511 1334 3576 occisa
1354 3510 1511 3595 projicere
1533 3510 1677 3574 canibus.
1694 3509 1848 3590 Loquitur
1866 3518 1972 3571 autem

432 3605 517 3668 niam
528 3606 684 3689 quidquid
694 3608 757 3671 Deo
768 3607 994 3686 ollerimuS,ab
1006 3610 1076 3693 ipso
1087 3610 1175 3693 prius
1230 3613 1280 3674 lex
1302 3612 1364 3674 ista
1387 3611 1427 3674 de
1449 3608 1610 3685 carnibus,
1634 3608 1752 3690 quibus
1772 3607 1872 3673 tadei
1894 3607 1973 3670 alias

431 3706 623 3788 accepimns,
637 3716 731 3790 prout
747 3708 850 3789 primo
866 3708 949 3773 libro
964 3709 1176 3791 Paralipome·
1231 3711 1318 3775 licite
1336 3709 1558 3773 vescebantur.

967 4140 1290 4228 ARTICULUS
1329 4141 1439 4225 XLV

674 4414 713 4458 ot:
735 4414 902 4461 srlfllwnul
924 4416 1153 4461 lNTELLlGEN'l'lA
1174 4416 1267 4461 nutus
1289 4416 1421 4462 vlcastlss
1442 4414 1569 4462 sacuam
1589 4414 1738 4461 castrum.

492 4698 515 4755 I
530 4694 603 4773 qais
617 4696 750 4773 saratas
769 4695 872 4770 faerit
887 4697 994 4757 bovem
1010 4700 1059 4757 oet
1073 4717 1175 4767 ovem,
1190 4698 1215 4759 u
1231 4695 1355 4759 iuratus
1371 4695 1469 4759 luerit
1483 4695 1596 4758 bovem
1614 4713 1726 4770 unum,
1736 4693 1768 4758 id
1783 4702 1842 4769 est,
1850 4692 1975 4757 Christo

500 4800 560 4855 etc.
583 4791 641 4855 Per
664 4791 778 4856 bovem
803 4792 1024 4876 multiplieiter
1049 4794 1173 4872 utilem,
1230 4814 1267 4857 ae
1289 4795 1409 4878 populo
1431 4795 1501 4876 ejus
1523 4792 1716 4857 subtraxerit
1737 4812 1837 4855 unum
1859 4792 1977 4856 virtue

433 4890 618 4972 designatur
639 4889 818 4955 fructuosus
835 4892 995 4974 prolatus
1013 4894 1068 4975 qui
1084 4912 1177 4975 agros
1232 4914 1302 4957 sum
1317 4904 1488 4977 pastorem,
1503 4914 1577 4957 eum
1592 4894 1728 4958 latenter
1744 4891 1894 4969 lallando,
1913 4891 1977 4974 spi-

433 4990 578 5054 cordium
600 4990 704 5070 gregis
724 4988 785 5052 sibi
806 4991 969 5053 commissi
992 4993 1177 5056 acutissimo
1231 4993 1453 5075 ritualiterqne
1469 4993 1624 5069 necando,
1642 5010 1698 5054 seu
1713 4991 1753 5055 ad
1766 4989 1843 5053 vitia
1858 4998 1977 5072 pertra-

436 5088 489 5151 llei
513 5089 610 5152 verbo
633 5098 711 5165 arat,
729 5096 884 5170 penetrat,
910 5090 1057 5168 seminat,
1081 5100 1112 5153 et
1135 5092 1179 5154 le
1232 5092 1358 5165 hend03
1385 5093 1531 5155 restituat
1553 5091 1696 5174 quinque
1718 5090 1816 5153 boves
1836 5106 1893 5171 pro
1912 5107 1977 5152 uno

436 5188 564 5251 enudat.
580 5187 637 5251 Per
657 5205 748 5250 ovem
764 5205 839 5251 vcro
859 5188 1047 5270 exprimitur
1063 5190 1177 5268 bonus,
1233 5191 1301 5267 illo,
1324 5190 1355 5253 id
1382 5199 1440 5267 est,
1468 5200 1532 5253 nm
1557 5188 1740 5254 cordialiter
1764 5196 1797 5252 et
1821 5186 1978 5267 condigne

436 5286 583 5372 simplex,
609 5307 646 5351 ac
669 5286 822 5351 innocens
847 5286 1003 5351 subditus.
1025 5287 1083 5363 Qui
1105 5307 1179 5369 ergo
1235 5288 1399 5372 poeniteat,
1417 5297 1453 5351 nt
1466 5296 1622 5371 quantum
1645 5288 1680 5349 ia
1695 5306 1730 5350 se
1748 5296 1807 5365 est,
1824 5285 1933 5368 cupiat
1946 5292 1978 5347 et
