4309 6259
463 462 636 510 manuario
658 462 690 508 IN
712 461 780 507 GAP.
803 460 901 506 milli
921 461 1155 508 numaaonoxn.
1177 482 1218 491 —
1238 463 1309 509 Ant.
1333 463 1451 510 xxxvnt

1667 447 1726 511 tat

172 631 331 694 unctione
352 639 384 694 et
399 631 574 696 directione
594 633 731 716 Spiritus
754 631 858 695 Sancti
881 632 927 694 in·
942 631 966 692 A
982 632 1221 712 potentissimus
1238 633 1299 695 luit
1322 634 1456 696 nubium
1476 635 1588 696 harum
1610 634 1729 696 discur-

175 726 297 791 formet
313 737 344 792 et
359 737 475 807 actuet,
492 740 526 793 ut
548 732 634 812 justa
649 739 680 793 et
694 730 810 793 eft'icax
827 730 878 807 sit,
896 737 928 794 et

72 847 125 882 .=..
174 827 374 910 omniaque
399 828 510 896 fecerit
525 837 762 912 prosperentur.
789 833 927 891 Ferrum

174 936 206 986 ct
221 949 265 988 aas
280 932 531 990 calceamentum
558 929 634 1004 ejus
653 928 795 991 Christus
824 929 927 990 nudus

175 1024 276 1106 podes
303 1025 455 1099 incessit3
481 1025 583 1090 nihilo
607 1026 712 1088 minus
739 1024 871 1100 ferrum,
894 1025 926 1086 id

174 1129 226 1183 est
245 1122 445 1186 invincibilis
472 1121 625 1186 fortitudo
650 1123 760 1198 animi,
778 1129 808 1185 et
824 1140 877 1198 es,
895 1122 927 1184 id

174 1230 226 1282 est
251 1221 502 1303 imperforabilis
527 1221 681 1303 patientia
705 1241 760 1284 seu
780 1221 928 1303 pradica-

175 1319 223 1383 tio
249 1319 320 1400 ejus
346 1337 473 1396 sonora,
501 1328 590 1382 erant
614 1321 875 1396 calceamentum,
895 1320 926 1381 id

174 1425 226 1480 est
242 1416 441 1478 tutissimum
458 1417 695 1480 munimentum
715 1437 780 1480 suaa
799 1436 928 1481 eonver-

174 1515 313 1577 sationis
331 1515 364 1576 iu
385 1517 473 1578 omni
489 1535 586 1597 quam
607 1516 759 1579 sustinuit
781 1516 928 1598 passione

982 750 1046 806 sus,
1069 749 1140 811 quat
1165 731 1361 796 coruscando
1387 732 1560 809 miraculis,
1589 733 1728 814 pluendo

983 827 1088 890 verbis
1104 829 1297 906 coelestibus,
1311 830 1525 912 irrigaverunt
1539 850 1576 894 ac
1593 831 1730 893 fecunda

984 924 1129 988 lecerunt
1143 928 1342 990 audientium
1364 931 1460 992 eorda
1475 930 1542 992 suis
1562 929 1728 1006 doctrinis,

983 1025 1219 1107 gratiarumque
1234 1027 1379 1102 donis,et
1394 1028 1675 1092 miraculosissime
1687 1036 1731 1092 to-

984 1131 1049 1185 tum
1075 1143 1157 1205 pene
1177 1125 1332 1186 muudum
1358 1134 1583 1188 converterunt
1604 1126 1730 1190 celerri-

983 1240 1033 1311 me
1053 1221 1092 1283 ad
1117 1231 1178 1284 tam
1197 1223 1554 1304 incomprehensibilem
1571 1225 1670 1287 fidem
1692 1244 1729 1288 ac

973 1320 1204 1383 arduissimam
1228 1321 1342 1402 legem,
1365 1323 1451 1402 quod
1477 1322 1540 1384 fuit
1559 1323 1731 1386 evidentis-

983 1418 1100 1480 simum
1121 1438 1158 1481 ac
1180 1419 1457 1500 preclarissimum
1480 1438 1560 1502 opus
1581 1420 1731 1504 Omnipo-

985 1515 1091 1579 tentis.
1108 1519 1342 1578 Habitaculum
1356 1520 1426 1595 ejus
1439 1540 1582 1589 sursum,
1599 1519 1674 1600 quia
1696 1519 1729 1581 in

174 1622 210 1676 et
224 1614 429 1691 adversitate,
442 1634 461 1676 a
474 1615 593 1695 quibus
609 1634 773 1695 nunquam
791 1615 862 1678 laedi
878 1633 930 1697 po
984 1613 1149 1676 intellectu
1173 1623 1315 1676 moratur
1344 1634 1400 1696 per
1425 1615 1523 1679 fidem
1548 1623 1581 1680 et
1604 1617 1731 1698 sapien-

178 1711 242 1774 tuit
258 1711 388 1775 laesione
404 1713 537 1794 peccati.
554 1716 648 1776 Sicut
667 1717 735 1774 dies
742 1715 930 1790 juventutis
985 1713 1071 1789 tiam,
1090 1713 1125 1774 in
1141 1713 1304 1776 voluntate
1320 1732 1377 1795 per
1392 1714 1568 1792 caritatem,
1587 1715 1620 1776 in
1640 1715 1731 1798 apice

180 1821 257 1882 tute,
270 1813 317 1871 ita
328 1821 358 1871 et
367 1801 508 1872 senectus
520 1811 662 1875 tue.Non
678 1819 744 1873 erat
760 1811 793 1872 in
804 1811 930 1875 Christo
945 1812 967 1872 B
985 1811 1102 1874 mentis
1117 1831 1174 1893 per
1190 1812 1354 1893 mysticam
1374 1813 1526 1875 theoriam
1548 1814 1732 1876 ardentissi-

179 1909 358 1991 corporalis
374 1918 538 1986 senectus.
550 1911 669 1993 quippe
684 1911 739 1991 qui
758 1910 790 1972 in
812 1910 930 1973 tricesi·
985 1929 1117 1991 mosque
1139 1929 1296 1972 excessus.
1316 1915 1357 1973 Et
1381 1914 1487 1971 sebar
1502 1914 1633 1974 baebia
1652 1934 1731 1973 sem-

179 2027 235 2071 mo
252 2007 346 2072 tertio
361 2028 426 2071 suae
441 2008 542 2070 aetatis
557 2027 642 2072 anne
657 2009 781 2072 occisus
796 2017 861 2084 est;
875 2011 930 2072 sed
981 2011 1126 2087 pterea,
1141 2009 1217 2090 quia
1234 2008 1366 2071 virtutes
1382 2017 1413 2071 et
1428 2011 1521 2087 dona,
1539 2028 1731 2092 omnemque

181 2106 289 2169 lnitin
300 2125 338 2170 eo
349 2116 495 2170 senectus
505 2108 621 2170 mentis
633 2107 930 2186 immensa,summc
985 2115 1173 2189 potestatem
1198 2116 1230 2170 et
1255 2109 1476 2171 auctoritatem
1501 2109 1669 2172 militantis
1694 2129 1730 2172 ac

179 2224 308 2268 morum
329 2205 506 2281 maturitas,
530 2207 687 2289 sapientia
712 2216 929 2271 consummata
984 2206 1213 2290 triumphantis
1228 2206 1376 2270 Ecclesia
1392 2207 1460 2290 ipse
1475 2216 1643 2285 sustentat,
1656 2227 1732 2272 cou-

180 2304 300 2366 similis
316 2323 381 2367 succ
395 2305 566 2385 juventuti,
585 2305 617 2367 id
638 2314 687 2368 est
712 2307 930 2370 recentissimo
985 2315 1090 2369 servat
1104 2315 1137 2369 et
1160 2305 1292 2368 stabilit.
1310 2308 1431 2384 Ejictet
1446 2328 1467 2368 a
1481 2309 1568 2386 secte
1594 2318 1650 2368 tuo
1667 2309 1731 2369 ini-

180 2421 218 2464 ac
234 2403 475 2482 vigorosissime
498 2423 562 2467 suae
588 2403 795 2486 perfeetionis
820 2405 928 2468 virori.
986 2404 1423 2476 micum,idestadversari0s
1438 2405 1612 2468 electorum
1623 2406 1731 2468 Eccle÷

181 2503 269 2564 lstud
285 2520 414 2583 quoque
425 2504 464 2565 de
480 2521 682 2584 quocumque
696 2503 836 2567 virtuoso
852 2523 932 2586 prae
986 2503 1040 2566 siae
1051 2522 1215 2584 suae,quos
1227 2504 1332 2565 trudet
1343 2503 1376 2565 iu
1387 2512 1556 2579 tartarum;
1567 2507 1712 2584 dicetque
1719 2525 1731 2564 .·

183 2601 248 2664 lato
273 2609 306 2663 et
331 2600 494 2664 fructuoso
519 2602 725 2683 predicatore
749 2603 930 2684 exponitur,
988 2605 1162 2663 Conterere.
1184 2602 1331 2665 Conteret
1352 2621 1490 2684 namque
1506 2604 1653 2667 &unam
1672 2603 1732 2665 sub
1764 2632 1878 2680 rum,

182 2701 277 2783 cujus
294 2699 356 2762 lilii
379 2709 464 2776 sunt,
487 2720 567 2782 quos
590 2701 758 2778 convertit,
777 2703 866 2781 regit,
885 2703 932 2764 in·
986 2700 1121 2782 pedibus
1136 2701 1252 2763 uostris
1269 2701 1431 2764 velociter.
1746 2697 1780 2737 ²⁰·

185 2798 313 2876 format,
340 2817 397 2881 pro
422 2799 540 2880 quibus
565 2797 711 2863 benedici
737 2809 877 2864 meretur
900 2809 931 2862 et
1026 2796 1314 2856 Habitabitlsraet
1331 2799 1535 2872 confidenter,
1553 2796 1660 2874 idest,
1678 2798 1734 2860 Ee-

45 2919 168 2968 rma.
183 2899 332 2962 coronari
349 2915 356 2959 :
374 2906 406 2960 et
422 2898 494 2960 talis
509 2899 613 2980 placet
628 2899 781 2980 proximis
807 2899 872 2960 suis
898 2899 930 2960 in
986 2894 1084 2956 alesia
1109 2902 1141 2955 et
1160 2893 1356 2975 quicumque
1382 2893 1490 2957 fidelis
1515 2895 1548 2956 in
1573 2897 1733 2977 adjutorio

183 2997 334 3061 bonoad
363 2995 621 3060 edificationem.
653 2997 690 3058 Et
720 2997 830 3078 ntique
860 2990 967 3059 talisC
987 2993 1041 3055 Dei
1066 3001 1099 3056 et
1123 2993 1156 3055 in
1182 2992 1379 3074 protectione
1405 2993 1506 3076 ipsius
1540 2993 1733 3058 fiducialiter

183 3095 298 3175 grandi
320 3094 475 3176 patientia
497 3103 528 3158 et
550 3093 738 3158 fortitudine
762 3095 861 3157 animi
887 3095 933 3157 iu·
986 3090 1201 3171 conquiescet,
1218 3089 1307 3153 omni
1323 3090 1380 3153 vili
1403 3091 1530 3153 exclusa
1546 3091 1729 3170 formidine,

183 3195 281 3274 diget,
305 3203 340 3256 ut
362 3194 499 3257 aliorum
522 3194 666 3257 defectus
681 3214 718 3257 ac
739 3203 933 3258 tentamenta
986 3188 1068 3250 sicut
1092 3206 1149 3270 per
1168 3188 1279 3250 isaiam
1303 3188 1457 3251 Dominus
1483 3191 1657 3271 predixit:
1683 3191 1876 3269 Soremtara.

54 3311 168 3366 aaran,
183 3294 408 3375 equanimiter
433 3294 555 3369 toleret,
580 3293 689 3375 sieque
713 3294 871 3357 calceatus
892 3295 933 3357 sit
987 3287 1074 3350 debit
1099 3288 1236 3370 populus
1251 3306 1341 3349 meus
1361 3287 1395 3348 in
1417 3289 1657 3369 pulchritudine
1679 3309 1732 3372 pa-

47 3376 73 3416 ¹⁵·
184 3394 282 3474 pedes
318 3392 351 3454 in
380 3391 611 3474 preparatione
644 3392 802 3472 evangelii
832 3393 930 3474 pacis.
985 3387 1032 3450 eis
1047 3397 1078 3450 et
1095 3387 1128 3449 iu
1143 3387 1356 3474 tabernaculis
1377 3387 1505 3451 fiducie
1524 3397 1556 3452 et
1572 3390 1605 3451 in
1622 3392 1732 3472 requie

56 3509 168 3558 raam.
184 3491 262 3553 Nam
278 3498 311 3552 et
325 3489 470 3553 doctrina
486 3489 546 3552 viri
563 3507 619 3571 per
635 3489 820 3570 patientiam
833 3491 933 3554 nosci·
986 3486 1149 3568 opulenta.
1175 3485 1264 3559 Quod
1290 3495 1322 3548 et
1346 3486 1380 3548 in
1402 3486 1567 3568 primitiva
1592 3489 1732 3553 Ecclesia

46 3573 74 3614 ¹¹·
185 3598 247 3652 tur.
264 3589 303 3651 Et
318 3587 434 3652 fortem
451 3607 520 3652 esse
535 3597 668 3670 oportet,
684 3589 740 3670 qui
760 3589 932 3652 multorum
986 3592 1109 3648 constat
1118 3603 1188 3646 esse
1199 3583 1640 3666 impletum,proutleremias
1651 3607 1731 3670 pras·

184 3707 282 3750 onera
307 3687 403 3750 habet
427 3695 564 3769 portare,
591 3688 683 3768 cujus
708 3697 853 3750 senectus
884 3697 932 3752 est
986 3682 1146 3745 nuntiavit
1164 3700 1171 3744 :
1187 3682 1221 3743 ln
1237 3682 1361 3758 diebus,
1375 3682 1535 3764 inquiens,
1549 3685 1614 3747 illis
1630 3687 1732 3751 salva·
1751 3707 1877 3759 termae.

65 3811 168 3864 eacus.
184 3787 268 3848 sicut
296 3786 458 3868 juventus,
486 3785 561 3866 quia
586 3786 644 3847 etsi
670 3786 806 3848 exterior
836 3787 931 3850 homo
987 3781 1071 3844 bitur
1085 3781 1174 3857 luda,
1192 3789 1223 3843 et
1237 3781 1331 3844 lsrael
1347 3781 1504 3844 habitabit
1518 3784 1729 3848 confidenter.

39 3873 168 3976 ,⁶¹¹⁰0'·¹*'·
184 3885 412 3966 corrumpitur,
431 3884 564 3947 interior
587 3893 690 3947 mmeu
717 3885 860 3966 quotidie
885 3905 932 3949 re-
986 3881 1074 3943 Unde
1084 3881 1117 3942 in
1128 3879 1214 3942 Actis
1225 3879 1731 3963 habeturtErantperseverantes
1757 3903 1876 3957 auara,

60 3967 65 3976 ’
186 3993 332 4047 novatur.
987 3979 1019 4041 in
1035 3978 1180 4042 doctrina
1196 3976 1429 4059 Apostolorum,
1446 3986 1478 4040 et
1496 3979 1666 4043 sumebant
1687 3982 1733 4044 ci·
1745 3969 1823 4020 Μ·

225 4087 300 4145 Νονι
324 4092 368 4142 est
392 4085 478 4143 Deus
503 4083 601 4152 attus,
627 4092 664 4141 ut
685 4085 771 4143 Deus
797 4084 932 4142 rectissi-
987 4077 1062 4140 bum
1078 4097 1152 4140 cum
1166 4077 1377 4139 exsultatione
1392 4085 1424 4139 et
1438 4077 1646 4160 simplicitate
1663 4099 1732 4144 eor-

184 4184 232 4243 mr'
257 4180 368 4263 populi
392 4178 567 4242 christiani.
590 4181 744 4240 Aseecscr
768 4183 852 4249 coeti,
875 4179 931 4260 qui
946 4182 970 4242 D
986 4177 1046 4253 dis,
1071 4175 1287 4239 collaudantes
1305 4175 1416 4251 Deum,
1433 4183 1465 4238 et
1487 4176 1640 4240 habentes
1659 4196 1730 4259 gra·

184 4280 266 4343 dixit
285 4278 444 4361 Apostolis
466 4296 523 4359 por
545 4277 760 4340 beatissimam
780 4277 932 4358 Magdala·
988 4276 1062 4337 tiam
1079 4275 1118 4336 ad
1143 4291 1272 4337 omnem
1297 4273 1435 4354 plebem.
1453 4279 1570 4337 nattes
1583 4280 1678 4338 Jacob
1694 4281 1731 4338 in

50 4397 168 4448 tmen,
186 4397 259 4442 nam
278 4395 284 4438 :
302 4377 446 4440 Ascendo
470 4377 510 4438 ad
525 4377 648 4438 Patrem
665 4395 783 4438 meum.
801 4375 859 4450 Qui
883 4397 932 4439 as·
988 4385 1073 4434 aare
1087 4373 1249 4450 frumeuti
1262 4382 1291 4432 et
1312 4374 1394 4444 vict,
1412 4372 1445 4434 id
1464 4381 1522 4450 est,
1540 4374 1732 4441 Christiano

45 4470 170 4572 ζζΡ“““”
185 4476 293 4540 cendit
308 4493 404 4557 super
419 4493 530 4538 omnes
545 4474 654 4551 eoelos,
666 4477 846 4536 anciliatur
858 4486 932 4536 teus
988 4492 1057 4535 rum
1073 4471 1153 4534 vitia
1167 4470 1441 4552 supplantantium
1456 4473 1541 4535 oculi
1564 4473 1731 4540 interiores

68 4563 73 4573 ’
185 4574 374 4657 est,oplebs
391 4572 929 4654 fidelis,dequoloquiturPaulus:
988 4574 1020 4634 in
1037 4570 1177 4635 Ecclesia
1201 4568 1259 4631 lixi
1284 4579 1369 4646 suut,
1387 4569 1420 4632 in
1444 4590 1508 4652 qua
1533 4571 1728 4637 frumentum
1763 4597 1836 4642 caea.
1854 4614 1876 4652 ι,

63 4693 160 4750 rrarrpp.
186 4675 299 4738 Omnia
313 4692 443 4756 possum
460 4673 493 4735 in
509 4691 546 4736 eo
562 4673 680 4753 quime
695 4671 867 4747 confortat3
879 4674 931 4736 eui
988 4672 1160 4733 electorum
1181 4678 1213 4731 et
1232 4669 1343 4732 vinum
1368 4669 1550 4750 germinans
1575 4671 1727 4754 virgines,
1746 4662 1778 4703 ¹⁷·

46 4759 133 4861 ¹2:³¹2,
150 4821 170 4860 ,¹
187 4781 353 4837 cantamus
373 4789 379 4834 :
399 4773 480 4836 Deus
502 4781 608 4836 noster
630 4770 788 4850 refugium
810 4780 841 4834 et
867 4773 930 4834 vir·
987 4768 1194 4832 Eucharistiae
1210 4775 1454 4844 sacramentum,
1467 4768 1643 4850 spiritualis
1653 4773 1732 4836 refe·

136 4853 142 4868 ’
188 4872 381 4953 tusadjutor
396 4873 428 4933 in
447 4871 934 4948 tribulationibusMapuifieen-
988 4866 1241 4946 eti0,inebriatio
1250 4866 1392 4929 caritatis
1407 4866 1581 4930 abundant.
1593 4872 1731 4951 Coetique

189 4977 236 5032 tia
251 4973 321 5046 ejus
335 4973 526 5032 dr'seurrunt
542 4973 650 5040 trudes,
669 4969 817 5033 videlicet
832 4970 933 5032 sancti
987 4969 1175 5044 caligabunt
1199 4986 1281 5026 rore.
1304 4964 1356 5026 lsti
1378 4974 1453 5027 sunt
1469 4966 1529 5029 viri
1549 4967 1732 5047 spirituales

188 5068 331 5152 Apostoli
347 5076 379 5131 et
393 5077 613 5150 cooperatores
629 5086 750 5143 eornm,
762 5069 801 5130 de
816 5067 933 5149 quihus
988 5065 1101 5141 divini,
1120 5063 1295 5145 presertim
1307 5064 1461 5144 Apostoli,
1474 5064 1513 5128 de
1528 5065 1647 5146 quibus
1661 5087 1733 5132 can·

64 5185 164 5240 ratae.
187 5167 377 5230 admirando
403 5167 527 5230 locutus
553 5174 602 5228 est
623 5165 718 5228 isaias
745 5183 752 5226 :
775 5165 833 5240 Qui
860 5173 934 5227 sunt
989 5171 1072 5226 tatur
1101 5182 1109 5225 ι
1137 5162 1216 5225 coeti
1240 5171 1390 5225 enarrant
1412 5161 1546 5241 gloriam
1576 5165 1643 5227 Dei.
1672 5166 1730 5241 Qui
1746 5188 1879 5242 aalma.

188 5267 254 5344 isti,
271 5265 327 5347 qui
344 5274 379 5328 ut
400 5265 501 5328 nubes
526 5265 655 5328 volantl
676 5263 882 5327 Admirabilis
897 5283 933 5327 ac
988 5260 1142 5343 quamdiu
1166 5270 1257 5323 erant
1281 5261 1315 5322 in
1343 5262 1609 5342 peregrinationis
1634 5265 1733 5345 hujus
