4309 6259
296 989 419 1036 Patxsrrv,

289 1055 309 1092 fl.

298 1375 378 1416 loann.
386 1390 420 1426 vu.

288 1440 321 1479 tt.

297 1679 420 1728 fluentum,

290 1743 322 1783 15.

322 2168 405 2212 batth.

289 2245 345 2281 ertu,
357 2235 388 2275 l5.

325 2367 392 2409 I'roe.

287 2442 358 2479 nutu,
373 2433 407 2471 23.

298 2662 338 2705 Pa.
346 2676 392 2713 ext,
399 2665 417 2704 5.

311 3648 420 3695 Μίνωι,

288 3715 322 3760 Ξό,
335 3714 369 3752 96.

320 4141 394 4183 Eccfi.

289 4216 359 4252 ¹⁸¹¹*
376 4205 395 4245 ¹·
439 4219 566 4281 dictam.
585 4220 620 4280 Et
638 4220 786 4283 Salomon
803 4222 863 4284 ait:
875 4223 918 4285 Ne
934 4225 1046 4286 reddas
1062 4225 1181 4287 malum
1196 4229 1221 4290 D
1239 4219 1419 4284 Sotibffl'tlm
1435 4229 1467 4282 θῑ
1486 4219 1713 4284 PhallSfflfflUm

313 4267 422 4315 Promxx,

303 4728 421 4777 lfuffltvu.

290 4795 310 4833 ἰ.

437 491 499 554 266

789 507 963 552 munterte
984 507 1016 552 IN
1037 507 1105 551 ChP.
1129 506 1184 551 XIX
1204 506 1341 551 LEVl'l'lCl.
1365 525 1405 534 -
1426 506 1497 551 ultr.
1521 505 1637 551 xxxvttl

436 679 679 760 patiendum.Ei
691 697 765 742 vcro
776 678 831 760 qui
847 697 940 740 aures
955 676 1106 741 audiendi
1119 695 1181 740 nou
1200 675 1227 742 Α
1242 680 1366 738 diverso
1381 682 1511 740 semine.
1528 678 1585 740 Per
1607 697 1716 758 agrum
1740 695 1794 740 eor
1816 685 1920 759 potest·
1939 678 1982 742 in-

437 776 542 853 habet‚
568 776 652 839 bona
675 777 785 856 gratia
810 776 1033 858 imprecemur,
1055 785 1091 837 ut
1110 795 1181 838 cum

437 875 709 956 obtemperatione
728 875 836 937 audiat
851 875 984 936 verbum
1003 874 1070 951 Dei,
1093 882 1124 936 et
1147 874 1182 935 ti-

437 981 531 1036 meat.
549 972 664 1035 Audiat
685 973 762 1035 item
784 973 864 1054 quid
887 972 918 1034 iu
942 973 1012 1055 ipso
1035 973 1182 1054 loquatur

435 1070 587 1134 Dominus
603 1073 695 1148 Deus,
714 1072 838 1152 etquid
854 1071 884 1133 ei
900 1071 1035 1154 inspiret
1050 1071 1181 1152 augelus

435 1168 549 1231 bouus.

474 1271 564 1328 Juste
571 1270 692 1346 judica
704 1273 855 1345 pro-‘nimo
872 1281 935 1330 frte.
954 1270 1018 1332 Hoc
1032 1278 1081 1332 est
1095 1269 1181 1350 quod

436 1365 480 1426 ait
497 1365 639 1428 Salvator
657 1387 664 1429 :
682 1367 785 1430 Nolito
806 1368 981 1430 secundum
1001 1366 1116 1430 facicm
1132 1369 1182 1448 ju-

437 1463 553 1540 dicare,
567 1465 621 1526 sed
632 1465 752 1544 justum
768 1466 925 1547 judicium
936 1467 1088 1547 judicate.
1107 1469 1180 1530 Non

436 1564 542 1621 oderis
567 1565 706 1638 fratrem
733 1573 826 1625 tuum
850 1566 887 1624 r'rt
913 1567 1006 1625 eorde
1031 1575 1095 1625 tete.
1122 1563 1180 1638 Qui

437 1658 522 1722 enim
539 1660 605 1722 odit
622 1660 753 1723 fratrem
769 1681 874 1739 suum,
892 1661 1052 1724 homicida
1067 1671 1125 1724 est.
1143 1662 1181 1723 Et

437 1757 519 1819 sicut
541 1778 666 1821 summa
682 1759 782 1823 virtus
806 1768 853 1822 est
875 1761 1001 1835 caritas
1015 1760 1061 1823 sic
1084 1761 1181 1822 maxi-

1243 776 1354 856 telligi‚
1365 777 1413 839 vel
1424 795 1500 856 grex
1516 777 1623 840 ovium
1640 776 1767 838 Christi.
1784 777 1821 838 lli
1837 777 1902 854 agri
1920 796 1979 838 non

1243 883 1316 936 sunt
1341 876 1466 938 diverso
1492 875 1614 939 semine
1635 875 1824 952 seminandi,
1843 876 1901 938 hoc
1923 885 1980 952 est,

1242 975 1441 1038 documentis
1462 975 1627 1039 catholicis
1648 983 1742 1056 atque
1758 975 1915 1037 hereticis
1935 975 1981 1036 in-

1243 1073 1398 1151 struendi,
1423 1083 1478 1136 aut
1502 1073 1645 1137 moribus
1668 1073 1865 1136 saeeularium
1889 1074 1981 1135 simul

1242 1191 1314 1234 eum
1330 1171 1471 1235 moribus
1487 1173 1700 1235 virtuosorum
1717 1171 1916 1246 instituendi,
1927 1191 1982 1234 nec

1242 1271 1410 1352 prudentia
1435 1271 1540 1333 carnis
1563 1290 1634 1332 cum
1661 1269 1828 1351 prudentia
1853 1270 1982 1351 spiritus

1241 1377 1289 1430 est
1314 1368 1487 1444 miscenda,
1514 1369 1557 1430 ita
1583 1387 1641 1431 nec
1665 1386 1754 1431 amor
1777 1369 1887 1430 mundi
1911 1388 1981 1430 cum

1241 1485 1348 1529 umore
1365 1467 1430 1529 bei.
1459 1471 1576 1529 Vestem
1598 1489 1670 1546 qum
1690 1489 1731 1526 ee
1752 1470 1875 1527 duobus
1898 1479 1982 1528 teate

1240 1576 1296 1635 est,
1313 1587 1375 1626 oon
1394 1565 1664 1628 r'nduerr's.Vestis
1679 1565 1803 1639 animae,
1814 1573 1862 1626 est
1877 1583 1982 1646 opera-

1240 1663 1285 1726 tio
1305 1665 1386 1744 ejus.
1405 1663 1509 1726 Vestis
1529 1673 1634 1726 autem
1655 1683 1692 1725 ex
1712 1663 1835 1726 duobus
1856 1671 1982 1727 contex-

1240 1769 1281 1838 ta,
1304 1771 1352 1824 est
1374 1763 1516 1843 operat-io
1537 1770 1726 1844 apparenter
1749 1762 1832 1824 bona
1851 1769 1883 1823 et
1905 1761 1981 1824 foris

436 1880 523 1922 mum
553 1870 717 1943 peceatum
743 1871 790 1925 est
820 1864 940 1926 odium.
967 1868 1032 1925 Sed
1053 1867 1181 1941 publice
1203 1861 1334 1937 Boiam,
1363 1861 1449 1922 intus
1480 1869 1585 1924 autem
1616 1861 1747 1937 infecta,
1774 1869 1806 1922 et
1835 1879 1873 1922 ex
1903 1880 1981 1924 vana

436 1981 537 2036 arque
551 1982 625 2021 eum
645 1980 683 2023 cx
700 1962 832 2024 caritate
847 1971 879 2024 et
895 1962 1012 2043 pietate
1028 1982 1100 2025 cum
1117 1962 1181 2024 dis-

436 2058 587 2121 cretione.
607 2058 670 2120 lloc
685 2067 733 2121 est
748 2061 832 2140 quod
845 2060 987 2122 Christus
1004 2060 1154 2142 pracepit
1170 2077 1176 2122 :

436 2153 467 2215 Si
484 2155 663 2236 peccaverit
678 2156 709 2217 iu
727 2165 768 2231 te,
787 2157 818 2219 id
835 2165 881 2218 est
900 2166 928 2220 te
943 2158 1180 2233 sciente‚fratcr

436 2260 520 2329 tuna,
532 2252 657 2334 corripe
666 2273 740 2317 eum
755 2254 839 2317 inter
855 2264 927 2318 teet
942 2255 1046 2336 ipsum
1062 2256 1176 2319 solum.

436 2351 468 2412 ln
491 2350 670 2414 Proverbiis
692 2371 818 2433 quoque
840 2354 992 2416 asseritur
1009 2371 1016 2414 :
1033 2353 1090 2427 Qui
1111 2373 1179 2416 eor-

436 2447 512 2530 ripit
542 2448 715 2526 hominem,
742 2450 875 2530 gratiam
901 2461 1011 2533 postea
1037 2452 1180 2515 inveniet

434 2547 520 2628 apud
537 2566 621 2624 eum,
639 2549 740 2629 magis
756 2568 850 2630 qnam
872 2550 927 2613 ille
942 2551 998 2631 qui
1018 2570 1074 2633 per
1090 2551 1181 2613 blan-

436 2646 578 2708 dimenta
601 2647 731 2729 decipit.
754 2649 793 2712 Et
817 2650 982 2712 Psalmista
1000 2669 1006 2712 :
1024 2651 1182 2732 Corripiet

435 2762 498 2819 me,
516 2744 632 2825 inquit,
650 2745 755 2826 justus
778 2746 810 2808 in
833 2747 1063 2826 misericordia,
1081 2757 1112 2812 et
1133 2769 1181 2811 ar-

434 2850 511 2922 guet
531 2862 593 2905 me.
610 2845 778 2925 Correptns
802 2864 888 2922 vero,
916 2866 989 2908 cum
1014 2848 1103 2909 omui
1129 2868 1181 2930 pa-

435 2941 547 3003 tientia
576 2952 607 3004 et
636 2944 808 3024 gratiarum
834 2944 959 3009 actione
990 2947 1181 3028 increpatio-

1239 1978 1392 2022 emanans
1408 1960 1596 2022 intentione.
1615 1962 1663 2022 Ne
1680 1963 1857 2038 prostituas
1876 1963 1981 2036 filiam

1240 2057 1389 2119 tuam:id
1405 2058 1609 2135 cst,auimam
1629 2058 1686 2120 tihi
1703 2057 1980 2133 commissam‚nec

1239 2155 1356 2232 verbis,
1366 2175 1424 2218 uec
1439 2155 1574 2233 actibusr,
1584 2175 1642 2218 nec
1653 2155 1880 2219 omissionibus
1896 2175 1982 2218 scan-

1239 2254 1367 2331 dalizes,
1377 2254 1420 2316 ita
1436 2263 1470 2316 ut
1485 2255 1665 2317 daemonum
1683 2254 1802 2318 incidat
1818 2263 1981 2330 manus‚et

1238 2360 1462 2434 constupretur
1478 2353 1517 2416 ab
1533 2353 1590 2415 eis.

1279 2453 1387 2512 Nolite
1402 2454 1510 2528 facere
1525 2454 1678 2531 iniquum
1695 2455 1824 2531 aliquid
1844 2455 1880 2510 itt
1887 2454 1981 2528 jucti-

1238 2550 1413 2612 cr'oContm
1428 2550 1487 2613 hoe
1498 2559 1597 2631 agunt
1613 2549 1777 2612 temerarie
1792 2549 1978 2630 judicantes,

1237 2647 1291 2727 qui
1314 2647 1444 2729 propria
1466 2648 1549 2710 mala
1564 2656 1725 2724 excusant,
1747 2656 1929 2724 extenuant,
1951 2657 1978 2710 et

1238 2764 1271 2807 se
1296 2745 1381 2827 ipsos
1405 2745 1626 2827 justificando,
1653 2747 1902 2828 interpretantur
1927 2746 1981 2808 illa

1237 2843 1270 2904 in
1288 2844 1414 2921 melius,
1430 2844 1565 2907 aliorum
1589 2853 1698 2907 autem
1720 2844 1802 2906 facta
1823 2844 1856 2905 in
1877 2846 1978 2927 pejus.

1236 2947 1278 3004 Io
1303 2947 1427 3020 reputa.
1445 2943 1560 3005 Contra
1585 2942 1644 3005 hoc
1664 2951 1773 3023 agunt,
1795 2941 1849 3023 qui
1876 2953 1980 3006 aueto-

434 3059 519 3117 nem,
539 3050 688 3123 tanquam
709 3043 871 3107 interioris
894 3064 959 3107 sua
982 3045 1121 3108 lesionis
1144 3066 1180 3108 ac
1198 3049 1220 3111 C
1239 3041 1346 3102 ritans
1373 3041 1544 3122 Scriptura
1571 3042 1610 3103 ad
1638 3061 1730 3102 suum
1756 3039 1891 3104 flectunt
1914 3060 1981 3123 pre

434 3139 545 3200 mortis
571 3140 737 3216 medelam,
764 3141 911 3223 accipiat,
936 3142 1180 3225 efficaciterque

434 3237 592 3299 emendet.
612 3241 686 3299 Non
708 3261 829 3318 queres
850 3243 1017 3312 ultionem,
1040 3263 1097 3303 hcc
1120 3263 1181 3302 me-

433 3354 505 3394 mor
518 3338 582 3394 eris
598 3337 734 3413 injurr'a’
749 3340 872 3397 trivium
894 3349 1034 3401 triomrm,
1052 3339 1076 3402 0
1097 3340 1180 3403 saltt-

435 3431 608 3494 berrimum
620 3434 846 3498 documentum
858 3441 864 3496 f
875 3437 989 3518 dogma
1001 3457 1064 3501 non
1076 3439 1178 3500 solum

434 3530 615 3608 Mosaicum,
641 3533 695 3595 scd
718 3535 936 3613 evangelicum
958 3541 1109 3617 quoquot
1128 3537 1180 3600 hit

437 3649 574 3711 namque
590 3631 733 3694 Salvator
751 3650 758 3694 :
775 3632 876 3706 Quum
893 3633 1018 3696 stabitis
1033 3637 1073 3697 ad
1089 3655 1180 3698 oran-

436 3729 524 3805 dum,
548 3729 700 3792 dimittite
726 3731 751 3792 si
778 3732 853 3812 quid
881 3733 1004 3795 habetis
1029 3734 1180 3796 adversus

437 3825 588 3909 aliquem.
606 3829 692 3902 Quod
710 3829 736 3890 si
754 3849 816 3892 nou
837 3831 1035 3909 dimiseritis,
1054 3851 1112 3895 uec
1128 3833 1182 3894 Pa-

439 3934 485 3987 ter
501 3936 605 3988 vester
620 3927 675 4007 qui
696 3927 729 3989 in
746 3928 835 3990 eoelis
854 3939 913 4005 est,
936 3930 1075 3992 dimittet
1091 3931 1182 3992 vobis

438 4032 567 4105 peecata
582 4024 794 4089 vestra..Hinc
817 4025 849 4087 in
867 4027 1088 4091 Ecclesiastico
1109 4029 1183 4108 legi-

440 4131 490 4182 tur
502 4140 509 4184 :
522 4122 580 4195 Qui
592 4122 747 4186 vindicari
765 4123 870 4197 vulta
886 4126 948 4188 fleo
965 4126 1183 4189 iuvenietvin-

439 4335 497 4398 pro
512 4317 616 4391 malo;
634 4329 782 4400 exspecta
798 4320 976 4398 bominum,
987 4331 1018 4383 et
1034 4322 1182 4385 liberabit

440 4414 596 4496 toltaquc
612 4425 710 4491 vm,et
725 4426 878 4479 aternum
897 4438 942 4481 vae
958 4419 1033 4495 illis,
1045 4421 1101 4502 qui
1120 4431 1181 4483 tam

439 4512 578 4576 faciliter
607 4513 798 4593 irascuntur,
825 4525 856 4579 et
886 4517 1065 4581 difficulter
1096 4520 1183 4599 igno-

439 4621 542 4687 scunt,
555 4612 620 4675 imo
636 4613 796 4676 memoriae
812 4635 876 4677 suae
892 4616 1082 4693 inscribunt,
1094 4619 1119 4679 si
1136 4618 1182 4680 cis

439 4709 471 4769 iu
498 4708 607 4792 aliquo
632 4709 761 4774 forefiat
778 4717 784 4773 !
803 4713 929 4776 Etenim
949 4735 1011 4794 qua
1034 4734 1183 4778 mensura

439 4816 636 4885 mensurant,
654 4810 838 4874 remetietur
853 4813 910 4874 cis.

477 4910 630 4967 lumenta
648 4917 705 4968 tata
719 4929 781 4968 noar
803 4911 904 4986 facies
919 4915 1003 4971 coire
1018 4933 1092 4972 cum
1108 4916 1183 4972 alte-

438 5007 509 5065 rius
521 5008 647 5080 pencris
663 5009 887 5068 attr'mcntt'bua
897 5031 908 5068 .·
920 5009 951 5070 id
968 5018 1026 5084 est,
1039 5010 1182 5072 carnales

438 5122 475 5163 ac
501 5103 641 5164 brutales
663 5104 879 5167 sensualitatis
902 5115 963 5169 tuae
985 5117 1181 5184 motuS,1ron

440 5200 605 5281 permittas
628 5201 661 5262 iu
683 5211 789 5264 actum
812 5206 983 5284 procedere
999 5225 1071 5268 eum
1093 5207 1183 5270 moti-

437 5299 499 5360 bus
527 5299 715 5362 alienorum.
743 5305 870 5378 Aprum
896 5315 989 5368 tuum
1013 5326 1078 5366 nort
1102 5327 1182 5365 aeres

1237 3140 1388 3221 positum,
1405 3149 1437 3202 et
1457 3159 1513 3221 per
1535 3160 1643 3203 earum
1664 3139 1894 3221 expositionem
1918 3159 1979 3202 non

1238 3247 1367 3314 rectam,
1385 3239 1495 3321 culpas
1511 3240 1751 3312 subsederant,
1768 3247 1800 3300 et
1814 3237 1893 3300 alios
1913 3257 1981 3318 gra-

1238 3345 1323 3399 vant.
1342 3341 1547 3413 Inpendam.
1565 3338 1679 3400 Contra
1694 3336 1754 3399 hoc
1775 3336 1907 3410 faciunt,
1924 3336 1978 3417 qui

1239 3433 1394 3498 festucam
1405 3444 1539 3498 cernunt
1551 3435 1583 3497 in
1594 3434 1695 3498 oculis
1707 3433 1977 3516 proximitrabem
2006 3459 2106 3502 uariata

1238 3541 1343 3595 autem
1365 3533 1398 3594 iu
1415 3533 1507 3596 oculo
1528 3552 1585 3596 suo
1606 3552 1670 3596 non
1691 3534 1855 3596 intuentur
1873 3559 1880 3607 ;
1904 3534 1978 3596 item
1993 3527 2012 3566 ³·

1238 3630 1415 3712 scrupulosi
1448 3632 1606 3706 nonnulli,
1633 3640 1665 3694 et
1693 3631 1791 3712 aliqui
1821 3632 1978 3706 excaecati,

1237 3728 1292 3809 qui
1310 3729 1349 3790 do
1367 3730 1473 3810 parvis
1493 3729 1597 3810 culpis
1617 3729 1781 3791 autetiam
1802 3728 1897 3791 rebus
1918 3749 1979 3793 uon

1237 3827 1502 3907 malis‚graudcm
1520 3827 1579 3888 sibi
1596 3826 1823 3890 conscientiam
1840 3829 1978 3910 pariunt,

1238 3934 1269 3988 et
1292 3925 1375 3987 mala
1396 3927 1505 4007 pejora
1527 3925 1739 3988 dissimulant.
1756 3930 1794 3986 Iu
1817 3948 1979 3988 inermum.

1237 4023 1354 4086 Contra
1379 4023 1438 4085 hoc
1459 4032 1602 4105 peceant,
1615 4024 1671 4105 qui
1698 4022 1792 4086 fortia
1812 4025 1982 4100 decentet

1239 4141 1298 4184 nec
1323 4122 1447 4185 minora
1470 4121 1673 4204 adimpleut3
1699 4123 1754 4202 qui
1779 4123 1855 4184 item
1881 4122 1982 4185 instar

1238 4319 1290 4381 via
1313 4318 1396 4394 aliis,
1413 4338 1485 4399 quae
1507 4319 1568 4399 ipsi
1591 4337 1649 4380 nce
1671 4319 1771 4398 digito
1793 4337 1849 4381 suo
1869 4306 2014 4382 curautl·

1239 4435 1378 4480 movere.

1278 4516 1431 4577 Praeterea
1455 4515 1538 4577 circa
1564 4515 1648 4576 istud
1673 4516 1848 4597 capitulum
1874 4517 1981 4597 aliqua

1239 4612 1350 4676 scribit
1365 4612 1464 4674 Rabbi
1480 4613 1605 4690 Paulus,
1623 4623 1654 4675 et
1671 4613 1773 4696 primo
1789 4615 1914 4694 quaerit,
1926 4635 1983 4676 eur

1239 4712 1357 4794 Moyses
1368 4711 1419 4772 hio
1432 4711 1561 4772 resumit
1574 4721 1730 4794 prmcepta
1741 4713 1896 4791 lloealogi.
1907 4712 1984 4786 Ouo-

1239 4810 1322 4873 cirea
1348 4811 1496 4892 reprobat
1528 4809 1766 4890 responsionem
1793 4810 1980 4886 dicentium,

1238 4908 1323 4988 quod
1340 4907 1509 4982 ide0‚ntea
1525 4906 1639 4970 fortius
1655 4907 1817 4989 imprimat
1833 4907 1983 4971 cordibus

1239 5006 1404 5068 homiuum
1425 5023 1430 5067 :
1449 5007 1525 5087 quia
1542 5006 1645 5081 malt,
1663 5007 1781 5089 llopscs
1799 5025 1860 5068 non
1880 5006 1983 5087 loqui-

1239 5113 1290 5166 tur
1305 5104 1402 5166 hient
1420 5104 1643 5185 repetitor‚scd
1661 5105 1803 5186 praecipit
1821 5104 1982 5184 istaquasi

1239 5213 1331 5266 antea
1346 5221 1382 5265 ea
1399 5222 1462 5265 non
1480 5203 1692 5284 precepisset,
1710 5202 1821 5264 saltem
1843 5201 1902 5264 sub
1918 5202 1982 5264 for-

1239 5321 1290 5364 ma
1305 5321 1369 5383 qua
1384 5301 1436 5364 hic
1456 5302 1632 5363 traduntur.
1651 5301 1771 5363 Deinde
1790 5301 1883 5363 aliam
1904 5302 1982 5362 assi-

1731 4221 1901 4302 impouunt
1917 4241 1982 4302 gra·
2009 4238 2100 4281 rtrum
