4309 6259
568 496 742 544 mauriano
763 497 794 542 uv
815 491 884 542 car.
906 492 984 539 xxm
1004 494 1142 545 unrurrcr.
1164 515 1205 526 -
1224 497 1296 544 aur.
1319 499 1392 544 xum
1692 479 1751 544 285

242 664 483 746 consequenter
503 667 609 747 agitur
628 667 669 730 de
691 667 773 732 festo
793 667 953 749 Expiatio
967 664 993 727 Α
1005 667 1040 728 in
1062 667 1145 748 lege)
1160 667 1330 733 inchoabat
1351 688 1518 752 avespera
1541 668 1749 751 precedentis

204 763 266 826 uis.
283 768 486 845 locutusque
504 776 550 826 est
563 769 725 828 Dominus
747 770 791 828 ad
806 770 950 845 Moysen,
1006 765 1081 843 diei,
1099 776 1130 829 et
1154 787 1255 850 usque
1275 769 1314 831 ad
1339 786 1505 850 vesperam
1529 765 1663 831 durabat
1687 766 1750 829 diei

202 865 314 924 diceres
329 866 483 924 :Decimo
496 866 552 924 die
568 867 685 925 mensis
694 867 795 942 hujus
809 867 952 944 septimi,
1007 865 1182 946 sequentis

65 977 80 1045 j
96 963 271 1029 sapsa-dies
288 963 529 1040 depictionis*
550 965 612 1024 erit
632 965 865 1024 cetebemimus.
888 963 952 1025 Hoc
1036 963 1125 1026 Nunc
1136 965 1175 1027 de
1186 964 1375 1028 solennitate
1386 963 1673 1027 Tabernaculorum
1684 963 1753 1026 sub

63 1051 135 1078 ‘⁰⁸⁸⁸
203 1057 324 1121 festum
348 1068 494 1123 vocatum
521 1070 569 1124 est
587 1061 796 1143 lixpiationis,
814 1063 847 1124 in
868 1079 952 1124 reco
1007 1060 1151 1141 jungitur
1162 1065 1220 1123 :Et
1237 1067 1359 1122 locutus
1373 1071 1418 1122 est
1432 1063 1592 1123 Dominus
1608 1063 1652 1122 ed
1662 1064 1752 1139 Moy-

201 1157 382 1239 gnitionem
408 1167 438 1222 et
463 1159 637 1240 gratiarum
666 1161 836 1237 actionem,
862 1161 949 1242 quod
1007 1180 1073 1230 sen,
1090 1161 1218 1220 dicens:
1226 1163 1371 1240 Loquere
1385 1162 1466 1237 filiis
1477 1164 1580 1222 Israel
1589 1163 1640 1221 :A
1656 1161 1752 1240 quie-

202 1257 358 1319 Dominus
383 1257 439 1320 illa
463 1257 516 1321 die
540 1259 662 1338 ignovit
687 1258 767 1321 liliis
792 1259 886 1322 lsrael
912 1260 952 1322 dc
1009 1259 1161 1318 todecimo
1175 1260 1229 1318 die
1249 1264 1366 1318 niensis
1381 1259 1481 1336 hujus
1495 1259 1635 1335 septimi,
1655 1267 1752 1318 ενεεηί

202 1355 341 1419 crimine
356 1356 552 1420 adorationis
566 1357 655 1420 aurei
666 1357 771 1434 vituli,
781 1365 815 1420 ut
831 1357 952 1420 dictum
1006 1357 1100 1432 serite
1118 1359 1410 1418 Taberncculornm
1431 1366 1547 1432 septem
1560 1357 1673 1416 dicbus
1691 1359 1751 1417 De

202 1463 251 1515 cst
273 1473 370 1536 saepe.
390 1458 432 1516 m
447 1457 614 1517 uocabitur
627 1467 770 1528 sanctus,
791 1458 953 1534 affligetis·
1006 1455 1095 1514 mino
1111 1475 1122 1514 :
1139 1453 1198 1516 boc
1213 1461 1271 1531 est,
1289 1455 1328 1516 ad
1346 1454 1470 1516 laudem
1488 1462 1519 1516 et
1538 1453 1672 1534 gloriam
1693 1454 1751 1516 bo-

202 1574 264 1631 que
279 1556 411 1614 anticas
426 1564 546 1615 vestras
561 1557 597 1615 in
617 1574 663 1625 eo,
680 1553 890 1631 orationibus,
906 1554 953 1616 vi·
1006 1551 1099 1628 mini,
1109 1559 1203 1633 atque
1213 1552 1247 1614 in
1259 1552 1506 1632 recognitionem
1519 1550 1750 1614 beneficiorum

203 1650 303 1729 giliis,
320 1659 418 1732 atque
436 1651 570 1733 iejuniis
590 1651 778 1728 insistendo,
800 1653 878 1734 quia
892 1651 952 1714 etsi
1006 1649 1109 1730 ipsius
1134 1650 1346 1713 celebrabitur
1369 1649 1526 1713 festivitas
1547 1649 1607 1712 ista
1628 1658 1750 1731 septem

204 1749 301 1830 culpa
316 1748 379 1811 fuit
394 1749 529 1825 indulta,
547 1769 611 1812 non
628 1758 733 1813 tamen
749 1769 845 1832 poena
860 1751 893 1812 in
910 1759 953 1812 to
1007 1747 1131 1825 diebus,
1154 1767 1191 1812 eo
1213 1750 1298 1829 quod
1324 1748 1387 1810 filii
1412 1749 1505 1811 lsrael
1528 1748 1752 1810 habitaverunt

74 1863 95 1903 a
124 1875 186 1911 mx,
205 1857 247 1922 to,
276 1855 308 1909 et
338 1845 467 1910 interim
498 1857 735 1930 peceaverunt3
761 1860 791 1909 et
816 1851 952 1927 offeretis
968 1845 991 1906 B
1007 1847 1040 1908 in
1070 1846 1242 1910 solitudine
1267 1848 1301 1908 in
1327 1846 1539 1910 tabernaculis
1565 1855 1660 1928 atque
1685 1865 1752 1909 um·

203 1948 427 2007 holocaustum
452 1949 601 2018 Domino,
629 1954 724 2028 prout
748 1947 782 2008 in
807 1945 953 2009 Numeris
1005 1945 1145 2007 braculis
1160 1946 1370 2028 quadraginta
1384 1945 1487 2022 annis
1501 1954 1532 2008 et
1548 1945 1593 2008 ibi
1609 1953 1753 2027 protege-

201 2043 423 2125 conscriptum
445 2053 504 2106 est.
522 2044 639 2108 Eadem
660 2044 821 2108 sacrificia
840 2043 954 2107 offere
1006 2043 1122 2106 bantur
1132 2063 1168 2106 ac
1184 2045 1407 2106 nutriebantur
1422 2064 1440 2106 a
1455 2045 1614 2108 Deobtes
1620 2047 1751 2121 primus

201 2142 320 2204 bantur
341 2141 375 2203 in
391 2142 452 2205 isto
473 2141 555 2206 festo
574 2162 611 2206 ac
631 2143 834 2223 praecedenti.
855 2146 954 2203 Omne
1007 2144 1172 2203 vocabitur
1181 2145 1402 2203 celeberrimus
1415 2143 1751 2222 atquesanetissimus.

200 2243 413 2318 opusseroite
433 2261 499 2301 non
520 2243 648 2321 facietis
669 2244 704 2301 irc
728 2251 866 2317 tempore
884 2242 953 2300 diei
1009 2243 1108 2302 Omne
1123 2261 1201 2318 epus
1223 2243 1338 2301 εενυίῑε
1357 2261 1422 2300 non
1444 2242 1572 2318 facietis
1594 2242 1630 2300 ira
1646 2261 1703 2312 eo,·
1721 2249 1751 2301 et

200 2342 315 2415 deuj'us,
336 2343 417 2420 quia
440 2343 509 2400 dies
530 2341 789 2418 propitiationis
817 2339 879 2402 hoc
904 2346 952 2401 est
1006 2348 1123 2415 septem
1137 2341 1590 2418 diebusofferetisbotocausta
1599 2341 1750 2409 Domino,

200 2437 321 2501 divinae
335 2438 552 2501 miserationis
567 2446 662 2519 atque
678 2437 877 2520 placationis,
894 2448 949 2510 est,
1006 2444 1115 2518 utpote
1131 2436 1275 2517 quolibet
1295 2435 1367 2499 festi
1390 2435 1481 2498 istius
1497 2435 1559 2498 dic.
1577 2436 1620 2498 De
1639 2436 1700 2499 boc
1716 2436 1749 2498 in

202 2548 239 2596 ut
245 2540 448 2614 propitietur
462 2539 550 2598 cobis
563 2539 724 2599 Dominus
737 2540 823 2598 Deus
839 2546 950 2598 vester.
1005 2535 1151 2597 Numeris
1161 2533 1281 2597 diffuse
1298 2535 1527 2597 babetur.Dies
1537 2555 1660 2614 quoque
1670 2545 1751 2596 octe
1772 2555 1895 2609 Numam,

201 2635 248 2696 Ex
267 2636 329 2699 boc
350 2635 488 2711 elicitur,
505 2636 591 2717 quod
615 2635 690 2698 licet
712 2634 868 2699 festivitas
891 2635 952 2696 ista
1006 2655 1078 2703 vus,
1099 2632 1221 2696 scilicet
1245 2633 1313 2695 dies
1338 2631 1501 2715 prefatam
1527 2632 1749 2696 solennitatem
1765 2625 1875 2678 ¹²⁶⁰sp

200 2734 325 2798 exstitit
341 2734 487 2796 instituta
503 2735 536 2796 in
551 2734 886 2797 commemorationem
904 2752 952 2795 re·
1006 2731 1149 2814 proxime
1175 2750 1322 2813 sequens,
1346 2732 1409 2792 ενίι
1433 2734 1657 2792 celeberrimus
1681 2733 1750 2792 dies

201 2833 369 2895 missionis
379 2832 502 2914 peccati
517 2832 713 2894 adorationis
728 2831 832 2907 vituli,
850 2831 952 2895 nibilo
1005 2830 1341 2909 atquesancttssimes,
1351 2836 1383 2890 et
1398 2827 1431 2888 in
1448 2845 1485 2890 eo
1501 2827 1564 2889 luit
1574 2828 1749 2892 solennitas

200 2931 312 2993 minus
336 2931 422 2993 ultra
446 2930 506 2994 boc
531 2930 678 2992 instituta
702 2930 765 2991 fuit
789 2931 828 2992 ad
850 2930 951 3012 impe-
1005 2927 1079 2989 alia.
1096 2927 1185 2990 Unde
1200 2946 1274 2990 mox
1288 2927 1415 2988 additur
1433 2943 1440 2987 t
1457 2935 1487 2986 et
1507 2929 1645 3003 offeretis
1668 2930 1752 2987 tote

200 3029 353 3091 trandum
378 3037 556 3091 ceterorum
577 3046 706 3110 quoque
731 3027 950 3090 remissionem
966 3017 989 3082 C
1006 3035 1118 3087 causta
1133 3027 1349 3088 Dominelist
1363 3026 1450 3084 enim
1468 3026 1570 3085 Coetus
1586 3034 1681 3104 atque
1693 3029 1754 3085 cet·

200 3128 442 3210 peccaminum,
468 3135 500 3190 et
529 3128 568 3189 ad
598 3126 863 3190 satisfaciendum
895 3145 953 3208 pro
1007 3128 1094 3185 tecte
1109 3144 1120 3184 .·
1134 3131 1166 3186 et
1181 3124 1220 3185 dc
1236 3121 1394 3186 sacrificio
1410 3129 1486 3184 tunc
1502 3122 1636 3203 agendo,
1656 3122 1752 3186 babe-

201 3225 386 3289 idoiolatria
411 3224 467 3287 illa
489 3225 689 3305 gravissima.
708 3228 820 3288 Omnis
839 3228 952 3287 anima
1008 3230 1060 3284 tur
1079 3221 1113 3282 in
1134 3221 1289 3284 Numeris.
1307 3221 1401 3284 Porro
1424 3222 1473 3300 (ut
1488 3220 1567 3301 Lyra
1582 3219 1674 3300 dicit)
1690 3220 1749 3283 boc

199 3345 275 3404 qnae
291 3326 414 3401 afflicta
427 3344 494 3384 non
509 3324 612 3401 suerit
631 3325 668 3384 ic
683 3325 736 3384 die
750 3327 820 3393 tec,
836 3323 868 3385 id
891 3330 949 3401 est,
1008 3318 1126 3382 festum
1141 3327 1285 3382 vocatum
1302 3327 1351 3382 est
1364 3317 1471 3380 Coetus
1486 3327 1582 3398 atque
1597 3316 1749 3395 collecte,

200 3423 423 3486 omnishomo
442 3421 558 3485 adultae
577 3421 680 3484 etatis
698 3441 735 3485 ac
750 3429 863 3485 vestrae
879 3422 952 3484 reli·
1008 3417 1085 3499 quia
1106 3418 1216 3480 eadem
1238 3416 1289 3480 die
1309 3416 1517 3496 colligebatur
1538 3415 1674 3498 pecunia
1695 3435 1752 3497 pro

197 3522 319 3603 gionis,
341 3521 398 3603 qui
420 3541 454 3584 sc
477 3520 582 3602 ipsum
606 3538 670 3583 non
691 3519 895 3600 castigaverit
918 3520 951 3582 in
1007 3515 1176 3578 sacrificiis
1196 3535 1253 3597 per
1272 3534 1391 3577 annum
1412 3513 1542 3589 fiendis,
1563 3523 1595 3576 et
1610 3513 1682 3576 aliis
1698 3533 1753 3576 ne-

198 3623 263 3684 boc
278 3621 331 3683 die
345 3639 403 3703 per
417 3619 555 3700 vigilias,
567 3619 738 3695 orationes,
747 3619 882 3700 jejunia,
892 3637 948 3682 seu
1007 3614 1209 3678 cessitatibus
1220 3613 1331 3695 templi
1342 3620 1396 3675 aut
1408 3612 1661 3688 tabernaculi,de
1672 3631 1752 3675 com·

199 3718 386 3784 consimilia
401 3717 597 3800 poenitentias
612 3716 829 3798 virtutumque
844 3735 949 3798 opera,
1007 3712 1098 3775 muni
1114 3720 1243 3794 sumptu
1259 3711 1458 3794 praestandis.

195 3817 510 3896 peribitdepoputis
519 3813 689 3894 succ-quia
700 3814 860 3895 peccando
870 3833 953 3877 mor·
1049 3811 1109 3874 Sed
1135 3810 1186 3872 bis
1210 3809 1399 3874 contradicit
1423 3808 1525 3871 Rabbi
1549 3808 1662 3870 Paulus
1681 3826 1688 3870 ε
1706 3809 1751 3870 Ex

201 3915 321 3992 taliter,
345 3921 486 3976 meretur
507 3910 663 3987 damnari,
680 3919 734 3972 aut
756 3911 852 3973 etiarn
873 3919 952 3974 tem·
1007 3909 1078 3985 boc,
1106 3909 1266 3990 inquiens,
1293 3908 1377 3988 quod
1403 3907 1471 3970 dies
1501 3906 1561 3968 ista
1585 3905 1751 3969 dicebatur

199 4013 356 4096 penaliter
370 4021 420 4074 est
434 4010 601 4093 plagando,
614 4019 646 4072 et
666 4008 728 4070 nisi
749 4009 946 4090 poenituerit,
1006 4009 1112 4071 Coetus
1128 4015 1159 4070 et
1172 4007 1323 4082 collecte,
1334 4025 1397 4068 non
1412 4005 1548 4067 babetur
1562 4006 1647 4086 quod
1665 4005 1697 4066 in
1713 4023 1751 4068 ea

200 4109 482 4176 condemnabitur.
496 4112 535 4170 Et
559 4129 631 4188 quoe
651 4109 756 4184 operis
779 4110 951 4186 quidpiam
1006 4106 1105 4169 fiebat
1120 4106 1176 4168 illa
1190 4105 1398 4187 pecuniarum
1414 4102 1570 4180 collectio,
1583 4112 1657 4179 etc,
1674 4104 1750 4185 quia

199 4213 327 4289 fecerit,
347 4209 380 4271 id
405 4216 453 4270 est
477 4205 600 4288 aliquid
626 4205 767 4268 notabile
792 4207 831 4268 de
855 4224 951 4287 opere
964 4199 991 4263 l)
1005 4205 1152 4268 similiter
1168 4204 1236 4266 dies
1252 4203 1388 4284 septima
1403 4201 1476 4264 festi
1487 4201 1611 4264 Paschae
1626 4202 1751 4265 diceba·
1763 4221 1896 4274 neuma.

201 4307 369 4372 servitutis
388 4313 444 4368 aut
459 4305 622 4380 vitiorum,
638 4306 744 4364 delebo
759 4325 830 4364 eam
845 4307 885 4364 de
894 4324 953 4382 pe
1005 4314 1057 4368 tur
1075 4304 1232 4380 Colleetaa,
1249 4311 1285 4364 ut
1305 4303 1337 4363 in
1353 4301 1598 4364 Deuteronomio
1620 4301 1746 4382 legitur,

196 4410 281 4485 puto
295 4426 364 4466 suo.
381 4404 459 4466 Nam
474 4412 507 4466 et
521 4410 632 4465 contra
647 4410 842 4483 preceptum
859 4419 952 4482 agen-
1005 4411 1157 4466 ettamen
1174 4402 1282 4464 nullus
1297 4400 1386 4477 dicit,
1408 4401 1493 4481 quod
1513 4400 1546 4462 in
1568 4419 1605 4462 ea
1620 4400 1750 4482 collige

202 4507 257 4581 do,
274 4502 480 4586 separabatur
502 4521 521 4563 a
542 4500 676 4582 mystico
700 4517 834 4581 corpore
858 4499 952 4581 Syna·
1005 4501 1122 4564 bantur
1141 4500 1295 4583 pecunie.
1322 4497 1523 4560 Manifestum
1548 4506 1596 4560 est
1621 4517 1750 4580 quoque

199 4621 292 4685 gogae
315 4603 437 4678 electe,
464 4609 496 4664 et
519 4597 781 4680 incorporabatur
811 4598 950 4662 diabolo.
1005 4601 1092 4682 apud
1121 4600 1265 4662 doctores
1294 4597 1497 4660 Hebraeorum
1526 4596 1748 4674 communiter,

200 4705 302 4766 Nihil
310 4722 385 4779 erpo
394 4702 500 4778 operis
510 4700 638 4778 facietis
647 4698 684 4758 in
694 4718 740 4758 eo.
751 4699 952 4774 Lepitimum
1006 4699 1091 4779 quod
1111 4696 1243 4779 praefata
1262 4695 1469 4778 pecuniarum
1484 4694 1632 4758 collectio
1649 4693 1750 4757 fiebat

199 4804 437 4878 sempiternum
450 4800 513 4858 erit
530 4799 627 4857 nobb.
638 4798 816 4857 Sabbatum
831 4797 953 4874 requie·
1006 4814 1062 4876 per
1078 4803 1174 4858 totam
1194 4803 1309 4857 terram
1330 4793 1551 4876 promissionis
1571 4792 1675 4875 primo
1698 4793 1750 4855 die

200 4902 300 4962 tionis
313 4909 371 4970 est,
387 4897 599 4975 affligetisque
614 4896 744 4955 animas
763 4904 880 4954 castras
895 4895 952 4954 die
1005 4893 1186 4957 duodecimi
1212 4893 1342 4968 mensis
1369 4900 1404 4954 ut
1429 4890 1564 4954 babetur
1590 4909 1646 4973 per
1672 4891 1750 4954 sori-

199 4999 426 5060 cadomensis.
438 4998 468 5057 A
480 4996 774 5073 vesperamqaead
785 5011 948 5069 vesperam
1005 5001 1115 5074 pturas
1130 5010 1240 5054 eorum
1260 4989 1470 5065 authenticas,
1493 4989 1526 5051 in
1546 4989 1665 5071 quibus
1688 5009 1752 5052 ore

199 5097 401 5158 celebrabitis
415 5095 558 5163 sabbata,
576 5091 635 5153 boc
660 5097 708 5152 est
731 5089 812 5151 festa
831 5101 948 5152 cestra.
1005 5091 1145 5152 dendum
1161 5098 1208 5152 est
1225 5089 1271 5151 eis
1292 5089 1325 5150 in
1345 5087 1395 5148 his
1415 5106 1485 5167 quae
1507 5106 1571 5150 non
1586 5087 1751 5169 pertinent

201 5195 265 5258 Hoc
280 5192 399 5256 dicitur
418 5191 459 5253 ad
480 5189 709 5252 insinuandum
729 5189 815 5270 quod
836 5207 951 5270 prece·
1004 5189 1043 5251 ad
1064 5207 1174 5250 eorum
1190 5205 1323 5250 errores.
1341 5186 1413 5249 ldeo
1428 5193 1533 5248 autern
1555 5185 1671 5248 festum
1690 5185 1749 5249 boc

200 5295 282 5357 dens
297 5289 457 5355 festivitas
472 5288 569 5368 (sicut
583 5295 616 5350 et
629 5286 693 5349 alia
707 5287 853 5368 quaedam
870 5286 951 5349 festa
1004 5286 1168 5350 dicebatur
1178 5285 1283 5348 Coetus
1297 5292 1329 5347 et
1344 5282 1578 5364 collectae,quia
1590 5283 1623 5345 in
1639 5302 1676 5347 eo
1692 5301 1745 5365 po
