4309 6259
510 495 683 541 mannasse
705 495 735 541 ru
756 495 825 541 oum
846 494 925 541 ‘xxm
945 495 1142 543 nouanonuu.
1163 514 1204 525 —
1225 496 1295 541 aar.
1319 495 1437 543 xxxam
1685 476 1745 539 tta

197 680 263 743 quc
281 661 315 725 in
337 662 445 727 verbis
466 663 535 727 istis
556 664 741 748 mysterium
758 663 986 729 incarnatiob
1045 668 1203 747 Dicitque
1221 671 1325 727 Ratae
1342 671 1386 728 ad
1404 672 1573 729 Balaam:
1593 667 1659 729 Nea
1676 687 1746 727 ma-

198 760 251 821 nis
274 761 431 837 innuitur,
449 764 535 844 quod
551 765 599 843 (ut
621 763 706 827 inira
730 763 865 846 patebit)
879 771 946 826 erat
1003 766 1122 825 lecticas
1140 768 1183 836 ei,
1199 786 1257 825 nec
1275 768 1467 827 benedicas:
1487 764 1578 846 quasi
1598 764 1694 840 dicat,
1712 763 1744 826 Si

194 860 323 923 Balaam
336 862 517 925 revelatum.
525 863 619 926 Porro
631 863 836 945 Septuaginta
847 870 946 925 trans·
1000 864 1048 926 vis
1069 882 1133 926 non
1154 862 1342 927 maledicere
1360 864 1504 927 hostibus
1523 863 1613 941 meis,
1631 863 1743 925 saltem

196 958 341 1022 tulerunt
363 978 369 1021 :
395 961 477 1024 Deus
503 963 611 1025 eduxit
635 981 707 1027 eum
731 981 768 1025 ex
788 963 942 1045 AEgypt03
999 982 1088 1026 cessa
1104 984 1122 1026 a
1137 964 1361 1027 bencdictione
1376 984 1496 1028 eorum.
1518 964 1743 1026 Consternatus

194 1058 300 1139 gloria
324 1059 394 1140 cjus
419 1060 521 1140 gloria
545 1061 722 1125 unicornis.
744 1062 834 1125 Circa
858 1062 943 1143 quod
1002 1060 1175 1140 iuitBalac,
1189 1073 1221 1126 et
1235 1082 1347 1126 omnes
1362 1064 1416 1145 qui
1433 1062 1602 1126 adstabant
1616 1059 1742 1124 attoniti

193 1156 512 1239 loquiturOrigenes:
523 1160 711 1242 inpotentia
723 1159 887 1223 unicornis
898 1161 944 1222 in·
999 1170 1142 1224 erantac
1159 1162 1260 1225 territi
1275 1162 1457 1225 exauditis.
1473 1164 1516 1223 Bt
1536 1164 1604 1233 ille,
1621 1160 1744 1223 scilicet

196 1255 355 1337 telligitur
365 1258 508 1321 Christus
520 1284 526 1333 ;
540 1277 638 1322 cornu
654 1268 759 1322 autem
773 1277 831 1341 pro
847 1276 943 1338 regno
1000 1260 1137 1337 Balaam,
1153 1264 1201 1321 ait
1213 1284 1224 1321 .·
1242 1264 1356 1325 Nonam
1370 1264 1445 1322 dici
1462 1263 1532 1332 tibi,
1549 1263 1634 1340 quod
1648 1261 1743 1339 qaid-

194 1344 364 1419 multoties'
381 1357 522 1438 ponitur,
539 1358 628 1439 juxta
648 1357 728 1420 illud
748 1358 781 1419 in
804 1358 941 1435 Daniele,
998 1361 1081 1438 qaid
1095 1361 1180 1419 mibi
1191 1364 1275 1421 Dens
1290 1362 1540 1437 imperaret,b00
1554 1354 1742 1437 facerem,id

72 1472 176 1519 naam.
192 1453 336 1528 Quatuor
357 1473 486 1532 cornua,
505 1465 641 1537 quatuor
661 1474 757 1535 regna
776 1466 861 1519 sunt.
880 1456 945 1520 Sio—
999 1466 1056 1533 est,
1075 1457 1215 1520 dicerem
1231 1467 1263 1521 et
1279 1458 1465 1540 implereml
1481 1457 1548 1521 Non
1566 1465 1690 1539 poterat
1709 1476 1743 1518 se

56 1538 85 1575 ³²·
193 1572 260 1634 quc
275 1549 335 1616 s'ub
347 1554 477 1617 nominc
489 1556 654 1618 unicornis
666 1556 942 1637 ostenditur,quod
998 1556 1091 1618 aliter
1107 1576 1268 1619 excusare.
1281 1560 1324 1618 Et
1340 1560 1388 1618 ait
1403 1560 1673 1619 batacadeum:
1690 1558 1743 1616 Ve-

194 1652 348 1729 {uniuersa
375 1672 447 1734 qua
474 1662 558 1730 sunt,
586 1654 651 1716 sint
680 1673 779 1715 uuum
810 1673 942 1735 regnum
999 1657 1047 1726 ni,
1071 1659 1190 1717 ducam
1216 1666 1244 1716 tc
1267 1660 1312 1717 ad
1335 1658 1440 1718 oliam
1466 1660 1581 1745 locam,
1607 1657 1637 1714 si
1659 1656 1743 1732 sorte

66 1768 176 1817 netas.
192 1750 325 1813 Christi.
344 1749 457 1814 Omnia
482 1752 569 1815 enim
596 1753 732 1834 subjecit
746 1754 864 1833 (Pater)
883 1753 943 1815 sub
994 1758 1123 1832 placcat
1134 1758 1256 1825 De0,ut
1272 1757 1348 1815 inde
1364 1756 1537 1815 maledicas
1551 1756 1592 1813 ei.
1603 1752 1743 1816 Credidit

77 1868 154 1910 uaria.
194 1848 333 1930 pedibus
359 1849 440 1931 ejus.
464 1851 503 1912 Et
527 1853 596 1933 ipse
621 1860 775 1914 testatur:
796 1850 871 1914 Data
895 1860 943 1915 est
959 1859 980 1920 Β
998 1854 1089 1916 Baiae
1112 1853 1216 1935 ipsum
1238 1854 1362 1916 Balaam
1388 1853 1506 1916 babere
1531 1851 1742 1915 maledicendi

57 1944 77 1972 ¹¹
79 1946 116 1982 ¹¹¹¹¹
132 1936 163 1975 ¹⁸·
193 1946 277 2009 mihi
293 1948 399 2010 omnis
415 1956 555 2030 potestas
571 1950 604 2011 in
620 1950 701 2013 coelo
717 1958 748 2013 ct
763 1950 796 2011 in
813 1958 905 2012 terra.
998 1954 1206 2029 voluntatem,
1234 1953 1382 2034 quamvis
1407 1953 1573 2033 bucusque
1597 1950 1742 2033 probibi-

235 2048 311 2107 Non
334 2055 379 2105 est
401 2049 582 2123 capariam
604 2050 640 2108 ia
658 2050 764 2118 Jacob,
782 2068 838 2108 aec
857 2049 943 2108 divi·
997 2062 1074 2130 tam,
1087 2054 1142 2115 scd
1158 2053 1261 2115 adhuc
1277 2060 1366 2134 putat
1381 2051 1411 2114 ei
1426 2052 1537 2114 deesse
1552 2050 1613 2113 loci
1629 2069 1742 2132 oppor-

193 2146 286 2204 notio
302 2146 339 2203 in
350 2147 455 2205 Isracl
462 2164 473 2206 :
485 2144 517 2207 id
530 2154 589 2222 esi,
599 2146 790 2209 israeliticus
805 2146 942 2227 populus
998 2151 1178 2214 tunitatem.
1198 2154 1367 2229 Quamque
1387 2154 1532 2210 descisset
1553 2170 1627 2209 eum
1646 2169 1743 2226 super

192 2241 479 2323 superstitionibus
504 2251 535 2306 et
563 2244 696 2325 magicis
725 2240 847 2307 artibus
877 2263 941 2307 non
998 2252 1148 2310 verticem
1163 2251 1282 2309 montis
1296 2252 1436 2326 Pbopor,
1453 2249 1511 2328 qai
1526 2249 1656 2324 respicit
1670 2249 1742 2307 soli-

191 2324 305 2418 utitur,
335 2359 393 2404 neo
424 2361 481 2424 per
508 2342 640 2423 auguria
664 2362 735 2425 qua
760 2362 797 2405 ex
820 2344 942 2424 garritu
999 2349 1641 2424 tadiacrn,diaiteiBalaam.·AEdifiea
1659 2348 1743 2407 mibi

191 2438 302 2527 avium
316 2438 483 2502 ueritatem
499 2442 744 2523 prognosticam,
753 2462 811 2505 nec
821 2461 859 2504 ex
870 2441 940 2503 aliis
996 2451 1049 2509 bic
1069 2457 1187 2523 sapam
1209 2456 1298 2516 aras,
1313 2456 1342 2507 et
1357 2466 1443 2524 para
1466 2448 1595 2507 totidem
1611 2448 1739 2517 vituios,

191 2538 362 2619 speciebus
385 2538 594 2603 divinationis
613 2550 762 2621 quaerunt
782 2542 820 2603 de
841 2559 941 2603 sacre
996 2548 1202 2625 ajmdarnqce
1223 2548 1354 2606 numeri
1377 2546 1492 2605 arictes
1513 2566 1573 2623 per
1593 2546 1742 2621 stapulas

192 2637 233 2698 tis
259 2646 291 2699 et
315 2636 433 2700 laturis
454 2638 573 2714 doceri,
592 2640 646 2701 sed
666 2640 762 2702 alteo
783 2658 851 2702 suo.
869 2640 941 2703 ldeo
996 2666 1083 2705 arca.
1102 2643 1222 2726 impius
1248 2643 1307 2705 iste
1332 2662 1442 2725 magus
1468 2652 1532 2706 mm
1559 2642 1742 2725 frequenter

192 2734 362 2798 subditur:
384 2739 590 2814 Temporibus
612 2740 681 2797 scis
701 2740 827 2799 dicator
846 2741 941 2799 Jacob
996 2744 1205 2825 inorepatusa
1219 2742 1468 2823 Dominamque
1485 2742 1664 2823 prohibitus
1680 2762 1742 2805 ma·

191 2844 222 2895 rt
237 2836 369 2905 Israeli,
386 2837 468 2913 quid
484 2846 633 2912 operatios
647 2840 690 2897 sit
704 2840 790 2898 Deus
801 2858 812 2896 .·
828 2836 860 2898 id
880 2844 939 2913 est,
996 2842 1134 2905 ledioere
1150 2841 1279 2923 populo,
1297 2842 1401 2905 adbuc
1417 2841 1451 2903 iu
1467 2841 1605 2923 pessima
1621 2862 1742 2924 perma-

192 2942 338 3014 tempore
349 2950 491 3011 congruo
502 2934 694 2996 revelabitur
705 2934 877 2999 israelitico
888 2954 941 3017 po
997 2949 1050 3004 net
1072 2940 1246 3016 voluntate,
1265 2948 1296 3002 et
1318 2939 1433 3020 quaerit
1456 2941 1656 3004 occasionem
1678 2960 1741 3021 qua

191 3032 268 3114 pulo
295 3050 353 3113 per
375 3031 547 3113 Prophetas
567 3042 621 3094 aut
641 3032 720 3096 alios
746 3042 872 3097 sanctos
894 3034 977 3102 vi-C
996 3039 1175 3116 maledicat,
1193 3039 1417 3121 consentitque
1439 3040 1504 3119 regi
1530 3041 1653 3123 iniquo,
1672 3042 1741 3105 loca

191 3150 254 3208 ros,
270 3130 350 3212 quid
369 3130 432 3193 Deo
453 3130 493 3193 sit
515 3131 679 3212 placitum,
697 3140 728 3195 et
750 3132 826 3215 quid
851 3132 937 3209 lacit,
996 3139 1159 3215 mutando,
1177 3147 1208 3201 et
1223 3138 1377 3219 sacrilega
1393 3138 1553 3203 sacrificia
1566 3140 1667 3222 jubet.
1685 3146 1741 3202 Fc-

190 3239 245 3292 aut
276 3228 421 3291 facturus
454 3230 495 3290 sit
525 3231 617 3305 Deus,
650 3231 824 3293 secundum
853 3234 938 3314 quod
995 3241 1354 3299 citBalacotBalaam
1369 3240 1740 3320 dicaratlmposaitqcc

190 3328 320 3410 expedit
341 3326 428 3389 sciri.
446 3330 527 3388 Ecce
542 3333 685 3405 populus
700 3340 736 3391 ut
752 3334 851 3391 larana
867 3352 938 3393 con·
996 3339 1114 3398 citatos
1127 3347 1158 3397 et
1173 3340 1288 3397 arictes
1300 3358 1360 3415 per
1374 3340 1522 3416 sinpulaa
1536 3358 1625 3409 aras,
1633 3338 1665 3400 id
1681 3347 1739 3417 est,

189 3436 310 3504 carpet,
323 3436 353 3487 et
368 3429 465 3506 quasi
480 3430 525 3486 ico
540 3429 683 3504 ert'pator
694 3450 705 3488 .·
722 3427 754 3489 id
769 3437 827 3507 est,
841 3448 939 3513 popu·
995 3456 1091 3518 super
1110 3436 1286 3516 quamlibet
1309 3454 1396 3498 aram
1427 3437 1579 3519 imposuit
1604 3437 1739 3500 vitulum

191 3527 240 3587 lus
256 3524 352 3587 lsrael
368 3525 521 3587 adversus
541 3524 649 3588 hostes
665 3544 739 3589 suos
755 3529 938 3591 accedotad
994 3553 1093 3596 uuum
1121 3542 1153 3597 et
1182 3554 1281 3597 unum
1311 3535 1455 3612 arietem,
1482 3535 1564 3598 sicut
1589 3544 1621 3598 et
1646 3545 1739 3601 autea

191 3642 333 3707 pugnam
354 3640 426 3685 cum
443 3622 531 3685 omni
546 3622 744 3687 confidentia
759 3634 790 3689 ct
806 3626 935 3705 virtuto,
994 3633 1068 3714 egit.
1715 3652 1718 3657 ·

190 3731 221 3785 et
238 3723 325 3805 ipsos
342 3729 532 3803 prosternet,
550 3724 817 3804 quemadmodum
839 3726 888 3789 leo
906 3735 937 3789 ct
1034 3731 1248 3813 spiritualiter
1264 3733 1414 3795 docemur
1430 3752 1468 3795 ex
1483 3734 1632 3815 prasenti
1652 3734 1738 3816 capi·
1759 3760 1887 3815 amasses.

191 3822 291 3884 lemna
302 3840 374 3884 cum
388 3820 591 3883 animositate
606 3822 757 3885 animalia
772 3824 835 3886 alia
851 3825 936 3887 inva-
993 3830 1070 3906 tulo,
1093 3849 1134 3893 ne
1157 3831 1362 3913 pauperibus,
1385 3830 1504 3909 idiotis,
1523 3831 1735 3913 simplicibus,
1751 3824 1844 3867 Μ’·

189 3922 268 3982 dunt
284 3928 316 3981 et
333 3920 478 3982 vincunt.
496 3916 568 3980 Noa
591 3924 756 3983 (recubabit
770 3927 869 3984 donec
883 3928 936 3984 de-
992 3929 1213 4005 monstruosis,
1232 3927 1373 3991 infirmis
1388 3938 1443 3992 aut
1456 3930 1737 4011 justis-maledica·

189 4028 275 4079 corel
286 4022 437 4095 ⁸pradum
449 4037 461 4079 :
477 4018 509 4079 id
526 4026 585 4095 est,
596 4038 659 4082 non
677 4020 818 4100 quiescet
834 4023 935 4086 donoc
991 4048 1074 4105 mus,
1085 4028 1202 4109 quibus
1217 4028 1370 4091 Dominus
1385 4029 1567 4092 benedixit:
1585 4030 1738 4108 beatiin-
1751 4058 1883 4109 maan,

187 4115 386 4181 adversarios
412 4134 486 4179 suos
511 4118 729 4198 prostraverit,
754 4119 936 4201 diripuerit·
990 4127 1589 4209 quiens,pauperes,quiavcstrumest
1604 4148 1736 4211 regnum

187 4234 249 4296 (11¹0
271 4214 356 4277 bona
380 4214 543 4298 ipSOrumt
560 4225 590 4276 0²
612 4218 786 4279 occisorem
806 4223 935 4297 tolmai·
950 4226 975 4287 b
991 4227 1066 4289 Dei:
1086 4226 1150 4288 imo
1167 4225 1296 4302 talibus,
1308 4227 1485 4309 prasertim
1501 4227 1737 4292 miserabilibus

187 4306 259 4374 nem
285 4316 383 4374 bibat.
411 4314 475 4376 lloc
505 4322 553 4375 est
584 4316 835 4397 metaphoricum
863 4338 934 4381 ver·
990 4324 1147 4407 personis,
1165 4326 1327 4407 praecipuo
1352 4326 1492 4389 caritatis
1517 4326 1637 4390 aliectu
1662 4347 1737 4392 cou-

187 4412 275 4487 bum‚
293 4413 333 4474 ad
359 4411 588 4475 insinuandum
611 4415 696 4495 quod
720 4414 802 4477 sicut
823 4416 935 4480 sitiens
990 4423 1165 4500 doleamus,
1189 4424 1427 4501 benedicamus
1451 4426 1652 4489 auxiliemur.
1680 4428 1737 4490 De-

181 4510 362 4574 *dolectatur
383 4511 416 4572 in
438 4520 526 4592 potu,
544 4519 576 4575 et
596 4531 633 4575 ex
654 4513 850 4577 abundantia
865 4516 935 4597 ejus
991 4522 1088 4603 nique
1104 4522 1260 4603 quidquid
1279 4523 1512 4588 benedictionis
1536 4526 1574 4587 ad
1598 4525 1735 4588 litteram
1753 4554 1756 4558 ·

186 4608 343 4684 relicitur,
363 4608 409 4671 sic
430 4608 493 4671 lilii
512 4610 606 4673 lsrael
630 4612 663 4672 in
684 4612 861 4692 dejectione
882 4616 935 4677 ad·
990 4620 1115 4683 locutus
1130 4630 1179 4682 est
1193 4621 1318 4683 Balaam
1333 4622 1374 4684 dc
1389 4622 1545 4698 israelitis,
1563 4623 1736 4705 spirituali-

188 4706 402 4770 rersariorum
420 4726 548 4771 suorum
566 4700 661 4772 lmtati
678 4720 752 4773 sunt
766 4711 833 4775 zelo
846 4714 935 4793 justi·
990 4726 1038 4781 ter
1060 4727 1092 4781 et
1112 4719 1356 4801 praeminenter
1376 4722 1416 4783 de
1435 4720 1610 4784 christiano
1632 4731 1736 4804 potest

186 4804 250 4882 sia,
267 4813 299 4868 et
315 4806 349 4867 in
365 4814 520 4888 quantum
542 4827 579 4871 ex
601 4818 758 4891 praecepto
777 4811 830 4873 Dei
852 4810 935 4875 iece-
990 4817 1126 4898 intelligi
1154 4818 1283 4900 populo,
1302 4838 1397 4899 quem
1419 4819 1621 4883 considerare
1642 4820 1735 4885 debe-

186 4912 261 4966 runt
286 4904 359 4979 boc,
382 4904 472 4985 juxta
491 4925 586 4987 quem
612 4909 741 4971 modum
770 4909 870 4973 iertur
895 4913 934 4975 de
990 4934 1060 4977 mus
1086 4917 1125 4979 de
1150 4916 1285 4978 summis
1313 4916 1468 4994 silicibus,
1495 4927 1527 4980 et
1552 4918 1669 4983 intueri
1694 4922 1734 4983 de

65 5004 172 5063 riman.
185 5002 270 5082 justo
298 5020 305 5065 ι
334 5003 442 5067 Manus
470 5024 543 5066 suas
569 5005 690 5068 lavabit
715 5008 748 5069 in
777 5010 933 5091 sanguine
990 5014 1145 5077 collibus:
1158 5014 1308 5096 quoniam
1325 5024 1445 5097 quanta
1460 5017 1502 5078 sit
1516 5017 1735 5098 dignius-vir-

63 5106 172 5162 rocenac.
186 5101 373 5181 peccatoris.
387 5102 420 5163 ln
437 5101 518 5165 libro
534 5123 661 5185 quoque
676 5104 733 5168 lob
752 5125 758 5168 :
775 5106 932 5172 Videbunt
991 5122 1050 5189 tus,
1069 5112 1256 5176 excellentia
1271 5122 1301 5175 et
1318 5113 1472 5195 perfectio
1492 5116 1602 5198 populi
1624 5116 1730 5198 hujus,

183 5199 259 5279 justi
276 5208 309 5261 et
325 5200 528 5277 latabantur,
544 5210 575 5265 et
591 5202 744 5267 innocens
760 5206 933 5269 subsanna·
989 5230 1052 5275 non
1074 5210 1177 5273 solum
1197 5230 1235 5273 ex
1255 5212 1524 5294 contemplatione
1539 5214 1655 5276 Christi
1675 5216 1731 5296 qui

184 5296 230 5359 bit
251 5316 319 5361 eos.
592 5320 594 5325 ’
988 5315 1036 5370 cst
1060 5315 1148 5389 petra
1173 5306 1338 5386 altissima,
1362 5310 1417 5374 sed
1438 5318 1470 5375 ct
1494 5310 1728 5395 Apostolorum,
