4309 6259
416 511 477 574 328
806 527 979 575 numanum
1000 528 1031 574 nr
1052 527 1121 574 cnr.
1143 526 1154 572 1
1174 527 1370 575 uuucnonuu.
1393 548 1434 559 -
1453 529 1525 574 nnn.
1548 527 1570 573 u

417 699 496 762 tiis:
515 701 624 783 sicque
647 700 766 764 directe
787 708 842 761 aut
862 697 1103 762 occasionaliter
1122 717 1161 760 ex
1175 696 1200 758 Α
1215 716 1310 779 quam
1334 697 1367 760 in
1391 699 1473 762 libro
1493 701 1644 779 Levitico,
1662 702 1701 765 de
1722 701 1964 784 pertinentibus
2010 717 2118 761 neam

417 809 547 882 peccato
567 800 673 876 unius,
696 799 873 880 indignatio
894 817 989 880 super
1008 796 1088 859 alios
1109 815 1162 859 ve
1215 795 1253 856 ad
1276 798 1453 861 sacerdotes
1474 809 1506 861 et
1526 800 1690 864 ministros
1711 799 1822 882 templi
1842 807 1963 862 tracta·
1978 795 2011 832 '¹’
2024 795 2048 823 ¹·

418 897 475 959 nit.
488 902 530 960 Et
540 903 743 960 accubabunt
758 901 795 958 r'n
810 899 963 958 aastcdiis
979 899 1162 957 rabernaeu-
1217 903 1283 956 turn
1300 904 1358 973 est,
1377 916 1462 960 nunc
1478 896 1511 958 in
1528 898 1625 980 hujus
1644 898 1803 981 principio
1823 898 1898 960 libri
1919 899 1964 960 de

417 1000 444 1057 li
467 999 642 1059 testfrrmnii
657 1020 668 1058 .·
689 997 749 1060 hoc
774 1004 833 1074 est,
856 995 973 1059 Levitae
994 993 1108 1073 vigiles
1129 1003 1161 1056 et
1215 993 1482 1058 concernentibus
1503 997 1674 1060 militarem
1696 1005 1811 1060 statum
1835 996 1874 1059 fit
1895 1016 1965 1058 scr-

417 1094 531 1158 intenti
548 1103 641 1158 crunt
657 1095 742 1159 circa
757 1114 804 1172 ea,
822 1113 893 1176 que
908 1094 947 1157 ad
964 1091 1160 1156 tabernaculi
1216 1101 1279 1155 mo.
1297 1093 1377 1155 Hinc
1397 1093 1551 1176 losephus
1575 1095 1741 1158 materiam
1762 1095 1836 1157 libri
1860 1095 1964 1176 hujus

415 1193 967 1272 observantias,cultum,honorem‚
982 1190 1161 1254 tuitionem·
1217 1191 1506 1272 praemonemus
1532 1192 1682 1255 inducit:
1706 1194 1825 1276 Moyses
1849 1193 1967 1275 predi-

415 1312 479 1375 que
495 1293 666 1374 pertinent.
1216 1297 1299 1352 ctam
1315 1289 1421 1370 legum
1436 1292 1696 1355 constitutionem
1712 1292 1745 1354 in
1761 1291 1847 1355 Sinai
1862 1312 1881 1354 u
1895 1293 1966 1355 Deo

462 1390 624 1468 Preterea
652 1391 735 1454 sicut
761 1409 826 1454 non
853 1391 956 1452 solum
982 1389 1015 1450 in
1042 1387 1161 1471 populo
1216 1388 1391 1470 accepit,et
1406 1409 1475 1452 eam
1489 1391 1628 1454 Hebraeis
1643 1391 1774 1454 tradidit
1790 1391 1962 1474 scriptam:

416 1487 602 1566 christiano,
621 1491 676 1552 sed
698 1497 730 1552 et
748 1488 861 1568 gentili
881 1496 944 1550 tres
965 1495 1065 1550 status
1087 1504 1162 1549 con·
1217 1505 1381 1568 quumque
1395 1487 1480 1550 circa
1501 1488 1734 1568 legislationem
1754 1489 1815 1551 ista
1834 1497 1966 1569 putaret

417 1586 545 1663 sistunt,
563 1587 713 1651 videlicet
732 1589 973 1668 conjugatorum
990 1605 1044 1649 seu
1061 1604 1162 1668 popu·
1217 1582 1381 1661 sufficere,
1398 1586 1438 1647 ud
1462 1587 1610 1648 militaris
1633 1587 1775 1650 exercitii
1795 1588 1867 1668 jura
1885 1605 1966 1649 con-

418 1685 544 1762 larium‚
569 1686 624 1767 qui
649 1686 681 1748 in
707 1686 846 1749 urbanos
871 1693 902 1748 et
926 1684 1079 1764 agricolas
1105 1703 1160 1748 seu
1215 1702 1325 1746 versus
1335 1685 1641 1765 estnumeravitquc
1652 1683 1757 1766 cupita
1768 1683 1964 1766 populorum

417 1783 552 1846 rusticos
577 1783 766 1847 dividuntur
788 1809 795 1860 ;
820 1793 850 1848 ct
878 1783 1077 1860 militarium,
1103 1783 1160 1865 qui
1216 1798 1358 1863 pugnare
1369 1781 1552 1859 valentium,
1562 1791 1594 1845 et
1609 1801 1705 1863 super
1720 1782 1965 1846 hocDominum

415 1890 545 1944 tuentur
568 1902 634 1945 rem
658 1883 820 1965 publicam
842 1902 917 1946 ense
937 1890 969 1945 et
987 1882 1105 1958 armis3
1123 1902 1159 1945 ac
1175 1880 1197 1940 B
1216 1880 1329 1943 asserit
1344 1880 1406 1942 sibi
1421 1899 1492 1944 esse
1507 1880 1659 1944 locutum.
1745 1965 1747 1968 y

415 1979 658 2042 sacerdotalium
680 1999 735 2042 seu
757 1979 982 2061 spiritualium,
1000 1979 1056 2060 qui
1075 1980 1160 2042 circu
1260 1979 1421 2041 Postremo
1447 1979 1592 2061 llugister
1617 1980 1650 2042 in
1677 1979 1817 2043 historiis
1842 1979 1961 2042 addit:

416 2077 525 2140 divina
544 2076 661 2141 intenti
680 2087 765 2154 sunt,
783 2087 815 2141 et
833 2097 960 2141 causam
981 2078 1091 2160 populi
1109 2096 1160 2140 cc
1215 2077 1333 2159 lloyses
1349 2077 1564 2159 pretermittit
1578 2079 1631 2140 hic
1647 2079 1802 2159 quadam,
1820 2096 1891 2158 qua
1912 2076 1964 2139 fa-

416 2195 483 2237 ram
499 2176 633 2240 Domino
647 2186 781 2258 gerunt:
800 2177 843 2239 ita
857 2176 891 2238 in
907 2176 1026 2259 populo
1039 2178 1159 2240 Judaeo
1214 2184 1265 2238 cta
1280 2174 1412 2237 fuerunt
1427 2175 1460 2237 iu
1476 2177 1580 2257 primo
1596 2195 1706 2239 mense
1720 2175 1796 2238 anni
1812 2176 1960 2249 secundi,

417 2292 488 2334 rum
505 2273 633 2336 fuerunt
649 2274 682 2335 hi
698 2283 809 2338 status,
819 2274 1042 2337 Verumtamen
1059 2275 1093 2336 in
1109 2275 1158 2338 de
1216 2273 1365 2337 videlicet
1379 2274 1574 2338 oblationem
1589 2275 1757 2338 duodecim
1776 2274 1963 2356 principum
2003 2293 2124 2335 namu..

418 2379 501 2434 serto
512 2391 577 2435 non
589 2371 651 2434 fuit
663 2373 696 2434 in
709 2373 755 2436 eis
766 2373 844 2436 ordo
854 2371 1160 2454 agricolarum,quia
1216 2374 1249 2436 in
1265 2371 1465 2436 dedicatione
1480 2373 1665 2449 sanctuarii,
1681 2383 1712 2436 et
1735 2372 1964 2437 solennitatem
1980 2369 2013 2404 ¹¹¹
2025 2369 2072 2395 ¹¹¹¹·

418 2469 457 2532 de
472 2469 553 2534 coelo
568 2471 844 2552 consequebantur
858 2489 1024 2534 annonam
1032 2470 1092 2534 Sed
1104 2471 1160 2533 alii
1214 2472 1325 2548 Phase,
1342 2479 1374 2533 et
1394 2471 1501 2534 forsan
1518 2473 1557 2535 de
1573 2472 1826 2535 sanctificatione
1841 2472 1966 2534 Levita-

419 2577 518 2633 status
545 2568 674 2632 fuerunt
699 2569 731 2631 in
757 2568 803 2632 eis
828 2568 959 2632 ibidem.
982 2568 1053 2633 ldeo
1077 2579 1162 2650 post·
1218 2589 1299 2647 rum,
1316 2569 1489 2652 dequibus
1505 2569 1600 2633 infra.

993 2999 1319 3087 ARTICULUS
1356 3002 1400 3084 ll

742 3277 785 3322 nn
814 3276 1021 3322 sPlulruanl
1050 3274 1160 3321 nutus
1190 3273 1359 3320 Gfll'l'l'ULl
1387 3274 1492 3319 Pllllll
1520 3273 1640 3318 SENSll.

488 3559 540 3623 ΟΝ
555 3568 641 3622 caret
655 3558 816 3640 mysterio,
826 3557 911 3639 quod
924 3555 1076 3619 Dominus
1092 3555 1164 3617 data
1179 3551 1201 3614 C
1216 3551 1273 3633 qui
1299 3549 1392 3614 fortis
1417 3559 1465 3614 est
1493 3551 1533 3613 ad
1562 3549 1817 3630 crucifigendum
1844 3569 1966 3632 corpus
2007 3581 2092 3620 (aaa,
2105 3595 2125 3622 ,,

496 3657 564 3737 lege
583 3675 676 3719 suum
696 3655 791 3736 jussit
810 3656 964 3737 populum
989 3653 1161 3728 numerari,
1217 3669 1307 3712 suum
1334 3669 1405 3712 cum
1432 3649 1518 3711 vitiis
1544 3667 1581 3712 ac
1606 3647 1884 3730 concupiscentiis,
1902 3650 1966 3729 qui
1983 3643 2022 3683 ²⁴·

419 3765 450 3819 et
465 3774 519 3819 eos
536 3757 698 3818 dumtaxat
714 3755 746 3817 in
763 3772 896 3818 numero
908 3752 1162 3834 computari,qui
1217 3767 1273 3829 per
1289 3747 1439 3809 saeculum
1462 3746 1545 3809 istud
1567 3765 1715 3827 nequam,
1732 3754 1882 3826 tanquam
1903 3765 1967 3828 per

419 3863 510 3917 etate
526 3863 557 3916 et
573 3853 686 3917 robore
701 3853 767 3935 apti
783 3861 874 3916 erant
892 3852 931 3914 ud
952 3851 1037 3915 bella
1058 3869 1164 3933 proce·
1217 3845 1421 3908 solitudinem
1452 3845 1565 3926 pergit,
1593 3863 1730 3907 renuens
1755 3844 1789 3905 in
1814 3843 1964 3926 hisquae
1978 3865 2124 3908 Peuma.

419 3953 505 4015 dere.
522 3952 579 4014 Per
600 3952 668 4015 haec
689 3951 809 4033 quippe
831 3951 986 4031 signatur,
1002 3949 1089 4030 quod
1109 3950 1164 4011 do·
1217 3944 1329 4006 mundi
1345 3953 1420 4006 sunt
1434 3943 1591 4006 consolari
1606 3967 1613 4017 ;
1631 3942 1686 4023 qui
1703 3942 1858 4024 puerilem
1872 3943 1964 4005 exuit

419 4051 622 4114 mesticorum
638 4051 716 4130 legis
732 4070 767 4112 ac
781 4049 858 4112 fidei
873 4048 1041 4130 specialem
1053 4067 1162 4110 curam
1216 4060 1356 4117 sensum,
1374 4050 1405 4104 et
1421 4060 1548 4104 omnem
1564 4040 1736 4103 femineam
1754 4039 1866 4121 abjicit
1886 4039 1965 4103 levi-

420 4157 451 4212 ει
466 4148 698 4230 providentiam
714 4146 829 4210 habeat
839 4148 977 4220 Deus;et
991 4147 1066 4208 item
1077 4147 1163 4228 quod
1216 4147 1324 4216 tutem,
1342 4159 1402 4203 nec
1424 4140 1596 4222 impietatis
1618 4141 1694 4220 jugo
1714 4138 1807 4201 subdi
1829 4159 1862 4202 se
1881 4141 1966 4221 pati-

419 4246 537 4309 talibus
556 4245 680 4309 acriora
699 4245 819 4307 instant
838 4245 1011 4308 certamina
1026 4244 1066 4306 ab
1084 4244 1163 4307 invi·
1217 4247 1280 4314 tur,
1298 4257 1401 4318 neque
1422 4237 1589 4301 barbarica
1611 4236 1799 4300 crudelitate
1821 4238 1966 4320 decerpi-

419 4343 568 4408 sibilibus
591 4343 741 4418 inimicis,
759 4352 869 4406 contra
884 4361 964 4425 quos
984 4342 1164 4406 efficaciter
1217 4347 1288 4400 tur:
1305 4338 1345 4400 ad
1360 4339 1446 4418 quod
1463 4337 1703 4414 insinuandum,
1716 4355 1775 4400 nec
1790 4337 1891 4419 pueri,
1902 4358 1966 4402 nec

419 4443 556 4526 preliari
580 4461 642 4506 non
665 4442 827 4524 competit,
850 4442 912 4504 nisi
935 4440 1123 4504 confortatis
1144 4461 1163 4503 u
1216 4436 1376 4514 mulieres
1387 4455 1446 4499 nec
1462 4436 1557 4512 servi,
1571 4455 1629 4498 nec
1645 4455 1747 4510 senes,
1761 4455 1819 4498 nec
1834 4435 1963 4500 barbari

419 4544 482 4620 Deo
498 4561 554 4624 per
569 4540 760 4604 charismata
778 4540 962 4620 gratiarum.
981 4540 1068 4603 Tunc
1085 4558 1163 4620 quo
1217 4546 1292 4598 suut
1308 4536 1476 4600 numerati.
1487 4536 1523 4597 lli
1541 4536 1638 4617 igitur
1654 4534 1687 4596 in
1703 4535 1825 4599 coelesti
1839 4535 1966 4599 Jerusa-

418 4639 587 4722 quelfacta
608 4647 656 4702 est
678 4637 856 4701 numeratio
877 4638 937 4700 ista
959 4637 1098 4700 virorum
1123 4637 1162 4698 ad
1217 4635 1279 4698 lem
1296 4635 1329 4696 in
1347 4636 1625 4717 predestinatione
1641 4633 1806 4712 divina‚in
1821 4634 1903 4698 libro
1917 4637 1966 4698 ri-

418 4738 502 4802 hella
524 4738 722 4814 idoneorum,
739 4737 868 4818 quando
889 4737 929 4798 ud
952 4744 1067 4798 terram
1091 4754 1163 4816 pro·
1177 4737 1202 4798 l)
1218 4741 1257 4796 tae
1272 4743 1347 4796 sunt
1362 4734 1485 4816 scripti,
1499 4733 1554 4815 qui
1571 4733 1676 4795 taliter
1691 4732 1752 4794 viri
1768 4741 1854 4809 sunt,
1865 4741 1965 4815 atque

418 4837 580 4899 missionis
597 4854 670 4899 mox
684 4834 859 4917 profecturi
875 4843 965 4897 erant
980 4834 1162 4897 Israeliten
1216 4831 1337 4894 avitiis
1353 4833 1510 4914 praetactis
1531 4831 1701 4894 immunes.
1719 4830 1799 4895 llinc
1820 4831 1964 4912 loquitur

418 4934 505 4997 Sinai
522 4942 649 4997 monte:
666 4934 705 4995 ad
723 4932 926 5012 figurandum
942 4932 1028 5014 quod
1043 4933 1083 4994 ad
1099 4932 1161 5014 spi·
1216 4931 1384 5011 Origenes:
1402 4931 1516 4994 Divino
1533 4948 1667 4992 numero
1683 4948 1748 4993 non
1763 4948 1873 4993 omnes
1888 4949 1964 4994 con-

417 5032 564 5095 ritualem
587 5031 740 5093 virtutum
758 5030 949 5112 profectum,
968 5049 1032 5112 quo
1047 5031 1087 5092 ad
1102 5039 1162 5093 ter·
1216 5029 1305 5110 digni
1321 5038 1405 5106 sunt,
1423 5031 1478 5092 sed
1493 5030 1589 5092 certis
1604 5028 1823 5110 prerogativis
1843 5030 1960 5093 ornati.

417 5149 484 5194 ram
500 5130 677 5193 viventium
694 5128 835 5192 finaliter
851 5129 1074 5211 repromissam
1096 5131 1160 5192 itur
1215 5129 1334 5192 ldeirco
1359 5129 1392 5191 in
1418 5129 1501 5192 libro
1526 5129 1597 5206 hoc,
1622 5146 1682 5189 nec
1706 5127 1858 5190 mulieres
1881 5130 1961 5192 edu-

416 5248 453 5291 ac
467 5227 663 5310 pervenitur,
674 5245 737 5290 non
753 5235 855 5290 exstat
871 5229 1014 5304 idonens
1025 5227 1088 5290 nisi
1104 5229 1159 5309 qui
1214 5237 1330 5291 cuntur
1343 5229 1383 5290 ad
1399 5247 1580 5303 numerum,
1590 5233 1721 5308 propter
1736 5224 1960 5291 infirmitatem

416 5327 455 5389 ad
477 5325 705 5390 dominandum
726 5344 783 5389 suo
803 5324 910 5389 animo
931 5333 978 5388 est
997 5324 1156 5404 robustus,
1216 5326 1406 5402 femineam3
1424 5346 1483 5390 nec
1498 5325 1593 5402 servi,
1610 5333 1762 5407 tanquam
1781 5325 1844 5388 vita
1863 5327 1961 5390 mori-
