4309 6259
439 485 499 552 &0
739 507 912 554 attenuatio
934 509 964 554 ΙΝ
986 510 1054 555 GAP.
1078 510 1154 555 ml
1174 509 1408 556 onoranortoltn.
1430 529 1471 538 -
1491 509 1562 556 ΛΒΤ.
1585 509 1680 555 Iul!

438 677 640 754 contigerunt
659 697 730 759 queo
750 679 998 761 subjunguntur.
1014 685 1054 743 Et
1071 685 1185 743 iroscc·
1198 680 1225 744 A
1239 685 1298 762 qni
1308 685 1483 759 portabant
1504 703 1612 741 orcam
1635 683 1768 759 soetleris
1781 682 1916 740 Domini
1931 679 1980 739 in-

439 778 597 854 tursnror
609 800 693 838 tremas
703 789 814 840 contro
824 801 897 840 curn
910 783 942 840 in
954 785 1008 842 die
1018 785 1085 848 illo.
1095 794 1125 843 et
1133 787 1185 842 de·
1239 781 1379 843 volutatu
1396 780 1429 842 in
1445 780 1586 844 motione
1604 789 1790 854 castrorum,
1807 779 1977 842 uldiolum
2022 803 2121 844 aun.

436 879 743 956 relinqnomeum,et
752 882 938 940 abscondam
951 885 1068 960 sociem
1081 903 1184 943 nicam
1238 889 1285 942 est
1303 880 1336 941 in
1352 879 1507 956 NumeriS,
1524 882 1659 940 dicens:
1679 881 1802 947 Tollite,
1817 877 1850 940 id
1865 887 1914 940 est
1927 898 1980 940 at:-
1995 868 2054 908 ²¹⁶·

437 979 478 1037 ob
492 999 538 1048 eo,
552 978 582 1039 id
595 987 653 1053 est,
666 979 793 1060 pietatis
809 999 887 1043 meae
899 980 1064 1059 ellectum,
1078 982 1185 1044 delen·
1237 978 1346 1061 cipite,
1375 981 1496 1039 librom
1521 981 1632 1049 istam,
1648 978 1770 1040 scilieet
1790 977 1980 1040 Deuterono

438 1077 562 1139 sionem
579 1087 610 1139 et
625 1095 717 1159 opem
729 1078 912 1142 subtraham
928 1081 969 1155 ci,
981 1081 1072 1162 quasi
1085 1082 1183 1146 nesci·
1238 1079 1349 1153 mium,
1369 1078 1417 1141 vel
1439 1078 1535 1141 totius
1556 1077 1635 1158 legis
1650 1077 1810 1149 volumen,
1826 1087 1856 1135 et
1869 1078 1981 1154 ponite

439 1193 503 1237 rem
521 1175 598 1257 quid
614 1175 642 1238 ei
658 1176 820 1246 acciderit,
832 1188 861 1238 et
876 1181 938 1238 erit
954 1182 990 1239 in
1004 1183 1183 1240 devoratio-
1236 1201 1310 1238 eum
1328 1181 1362 1238 in
1379 1183 1477 1238 lutere
1492 1199 1587 1246 arcer,
1603 1185 1677 1252 elo,
1694 1187 1731 1236 ut
1745 1179 1788 1236 sit
1805 1178 1851 1235 ibi
1866 1187 1979 1235 contro

438 1295 526 1346 nem,·
534 1278 760 1356 inveniantque
769 1299 840 1336 cnm
851 1280 962 1338 omnia
972 1284 1059 1339 molo
1068 1280 1182 1356 haseid
1237 1289 1308 1348 te,o
1324 1277 1442 1359 popule
1457 1276 1563 1351 lsrael,
1578 1279 1612 1335 in
1629 1277 1858 1344 testimoninm,
1871 1275 1903 1336 id
1918 1285 1979 1341 est.

438 1381 485 1434 est
506 1373 646 1454 prolatae
666 1375 916 1450 maledictiones,
933 1387 962 1437 et
981 1381 1182 1454 afflictiones,
1236 1377 1276 1440 ad
1291 1377 1532 1458 protestandam
1547 1396 1586 1437 ex
1601 1375 1684 1437 libro
1700 1374 1770 1448 isto,
1788 1374 1873 1454 quod
1888 1392 1981 1438 excu-

439 1475 485 1532 ito
502 1482 537 1531 nt
552 1475 641 1533 dicat
657 1475 692 1532 to
708 1475 761 1533 die
777 1477 852 1534 illo:
868 1478 949 1546 Vere,
962 1479 1040 1555 quio
1056 1497 1121 1538 non
1137 1489 1182 1538 est
1236 1475 1391 1538 sationem
1403 1493 1467 1537 non
1482 1473 1599 1536 habeas
1609 1473 1648 1535 de
1659 1473 1839 1554 ignorantia
1851 1473 1980 1552 autolio

437 1573 596 1632 Matrinus
612 1591 734 1630 naccum
750 1589 807 1652 per
829 1571 974 1652 gratiam,
988 1576 1182 1635 incenemmt
1237 1574 1343 1649 modo,
1359 1591 1459 1654 quum
1475 1573 1553 1634 satis
1567 1571 1748 1634 admonitus
1767 1572 1812 1632 sis
1826 1579 1858 1633 et
1871 1571 1981 1635 admo

438 1690 488 1728 me
503 1669 570 1728 lroec
591 1671 691 1729 moto.
708 1667 847 1742 Qualiter
868 1670 984 1752 sapius
1004 1671 1123 1734 laetum
1141 1673 1182 1734 sit
1238 1673 1361 1735 nendus
1376 1692 1414 1734 ex
1429 1671 1523 1747 libro,
1536 1671 1712 1753 prasertim
1728 1670 1761 1731 in
1777 1669 1981 1751 septimoau-

438 1767 509 1839 hoe,
529 1767 561 1828 in
578 1767 660 1830 libro
669 1767 814 1830 iudicum
826 1769 979 1851 scripturn
996 1779 1054 1833 cst.
1067 1771 1182 1853 Sicque
1237 1789 1290 1834 no.
1307 1772 1421 1834 Dicunt
1436 1780 1541 1832 autem
1562 1768 1692 1851 quidam
1711 1769 1876 1841 Catholici,
1893 1770 1979 1849 quod

440 1865 472 1928 in
489 1865 535 1928 eis
551 1865 719 1948 impletum
736 1875 783 1929 cst
803 1867 887 1948 quod
904 1867 1045 1949 loquitur
1061 1870 1179 1932 isaias:
1200 1869 1319 1932 Bliber
1348 1869 1527 1951 ponebatur
1551 1868 1585 1930 in
1615 1868 1712 1930 latere
1736 1886 1817 1930 arce
1840 1875 1872 1930 et
1896 1868 1980 1928 intra

291 1976 423 2028 ramma
439 1965 471 2028 ln
490 1964 695 2027 tribulatione
709 1966 882 2027 murmuris
898 1966 1042 2030 doctrina
1055 1976 1108 2030 tua
1123 1969 1180 2030 eis.
1237 1988 1327 2042 eam3
1345 1967 1467 2030 llebraei
1482 1985 1569 2043 vero,
1581 1967 1667 2047 quod
1683 1965 1716 2027 in
1733 1966 1980 2029 latercarceeex-

293 2074 422 2129 trit-xxva.
439 2064 477 2126 Et
493 2082 600 2126 rursus
614 2081 621 2124 :
635 2063 866 2127 Tantummodo
883 2065 949 2128 sola
961 2067 1084 2130 vexatio
1095 2067 1184 2130 dabit
1239 2075 1285 2128 tra
1300 2075 1332 2128 ct
1343 2084 1442 2147 prope
1457 2084 1526 2127 earn
1538 2083 1634 2146 super
1645 2063 1783 2126 tabulam
1799 2063 1981 2145 prominen-

440 2163 636 2226 intellectum
652 2162 786 2225 auditui.
1239 2174 1300 2228 tem
1319 2183 1326 2227 ε
1343 2165 1428 2246 quod
1444 2163 1662 2245 apparentiam
1678 2162 1773 2224 babet
1787 2181 1825 2224 ex
1838 2181 1887 2235 co,
1903 2163 1981 2244 quia

479 2265 576 2322 Nunc
593 2265 702 2342 itaque
716 2264 844 2323 scribite
859 2266 945 2324 vodis
964 2267 1129 2328 ceraticum
1144 2271 1184 2328 is·
1237 2263 1448 2328 communiter
1460 2262 1568 2339 fertur,
1578 2262 1664 2343 quod
1679 2261 1712 2323 iu
1722 2279 1868 2324 aroanou
1878 2271 1978 2332 orant,

439 2365 498 2421 tnd
513 2383 524 2420 :
546 2360 632 2442 quod
658 2360 803 2442 sequenti
829 2361 968 2443 capitulo
988 2364 1180 2443 continetur,
1238 2363 1299 2426 nisi
1317 2363 1433 2425 tabulae
1450 2361 1640 2436 testamenti,
1650 2369 1681 2423 et
1691 2360 1780 2441 virga
1795 2360 1980 2441 aaronque
1993 2384 2088 2425 uam
2103 2386 2118 2421 ι,

437 2458 523 2539 quod
541 2455 602 2518 lilii
617 2458 711 2520 lsrael
727 2458 995 2540 conscripserunt,
1013 2469 1182 2543 postquam
1237 2461 1391 2537 fronduit,
1413 2479 1558 2541 urnaque
1581 2478 1678 2523 aurea
1701 2459 1822 2522 habeus
1850 2478 1978 2520 manna.
1995 2447 2118 2555 ,ffi‘l

436 2575 455 2618 a
471 2555 573 2638 Moyse
588 2563 655 2618 erat
670 2555 828 2637 prolatum
843 2581 849 2630 3
867 2567 896 2618 et
912 2561 1018 2619 docete
1038 2562 1126 2637 filios
1140 2563 1183 2622 Is·
1240 2567 1306 2637 noo
1317 2564 1405 2621 cnr'm
1419 2562 1483 2620 scio
1494 2561 1725 2619 contentionem
1744 2561 1981 2618 tuonteteersi-

435 2658 516 2725 roei,
533 2665 568 2716 nt
587 2657 769 2716 memoriter
791 2665 933 2726 teneant,
948 2667 977 2718 et
992 2678 1045 2717 ore
1066 2661 1182 2720 decon—
1236 2684 1303 2722 rem
1314 2671 1402 2720 taram
1412 2660 1981 2719 drcrr'ssimam.Adlrucviventemeet

437 2763 515 2822 tent,
530 2763 559 2814 et
573 2755 615 2814 sit
631 2755 715 2813 mibi
728 2775 858 2814 carmen
875 2756 964 2816 istud
975 2777 1035 2834 pro
1048 2760 1182 2818 testimo
1237 2761 1438 2837 ingrediente
1458 2759 1631 2827 nobiscnm,
1646 2776 1770 2834 semper
1790 2759 1983 2817 contentiose

436 2854 504 2922 nio,
521 2852 552 2913 id
575 2861 633 2930 est,
651 2871 688 2914 ex
704 2852 829 2916 cantico
850 2853 911 2916 isto
927 2861 1036 2936 postea
1059 2855 1182 2920 innote-
1237 2860 1346 2934 coistis
1368 2867 1479 2917 contro
1495 2857 1686 2924 marinum,
1701 2853 1734 2914 id
1757 2863 1816 2930 est,
1832 2853 1985 2936 frequen-

436 2951 1183 3035 scat,quamverasintistaquaepraedicuPost-
1238 2967 1286 3019 tcr
1310 2965 1341 3018 et
1371 2955 1456 3017 laeili
1483 2953 1650 3018 occasione
1678 2961 1789 3016 contra
1813 2953 1984 3016 Dominum

436 3071 533 3130 quom
550 3051 736 3111 invenerint
754 3071 840 3120 eona,
857 3051 1005 3114 videlicet
1027 3055 1219 3135 populumC
1238 3053 1472 3130 murmurastis,
1490 3062 1522 3116 et
1546 3060 1657 3115 contra
1677 3070 1730 3113 me
1748 3051 1802 3114 Dei
1828 3053 1985 3115 vicarium

437 3148 541 3222 lsrael,
560 3152 665 3209 enolto
677 3153 776 3220 ¹nardo,
790 3148 822 3210 id
838 3157 886 3212 est
899 3149 1096 3215 afflictiones
1107 3171 1184 3233 prae-
1238 3153 1462 3218 contendistis.
1489 3152 1553 3214 lloc
1577 3160 1681 3212 tamen
1702 3151 1846 3231 patribus
1870 3152 1985 3214 horum

439 3245 521 3323 lutat,
550 3250 747 3324 respondebit
772 3250 802 3307 ei
825 3252 989 3310 canticum
1016 3253 1110 3312 istnd'
1123 3273 1184 3330 pro
1240 3253 1341 3334 magis
1357 3271 1451 3334 quarn
1475 3251 1526 3312 his
1548 3249 1712 3332 competit.
1731 3254 1858 3319 Qrtorno
1880 3255 1988 3328 inopis

440 3347 617 3406 testimonio
634 3367 645 3404 :
662 3344 693 3407 id
710 3354 767 3422 ost,
786 3365 824 3408 ex
840 3347 964 3409 cantico
980 3347 1041 3411 isto
1056 3348 1185 3411 dabitur
1238 3375 1340 3434 qrcnm
1358 3362 1502 3412 mortuns
1518 3351 1637 3426 suero?
1647 3349 1710 3410 Hoc
1726 3349 1843 3430 posteri
1856 3349 1984 3427 horum,

438 3443 484 3505 eis
500 3442 739 3524 proportionata
762 3444 938 3526 responsio,
956 3447 1040 3526 quod
1063 3447 1185 3510 scilieet
1241 3470 1304 3514 non
1320 3450 1385 3528 isti,
1405 3449 1558 3523 iecerunt,
1577 3448 1659 3510 sieut
1681 3447 1714 3508 in
1735 3447 1817 3510 libro
1835 3449 1984 3512 ludicum

439 3549 568 3624 propter
584 3542 703 3604 scelera
719 3562 775 3604 sua
790 3543 952 3625 patiantur
969 3545 1023 3606 illa
1039 3546 1182 3624 adversa,
1240 3549 1366 3628 legitur.
1385 3551 1578 3624 Conprepotc
1592 3550 1636 3606 od
1651 3567 1700 3606 ma
1724 3567 1830 3607 omncs
1847 3550 1986 3626 rnajores

439 3641 522 3702 sieut
537 3639 570 3701 in
588 3640 648 3702 isto
665 3640 848 3721 predicitur
863 3641 1183 3722 cantico;puodnnt-
1240 3658 1321 3708 notu
1345 3656 1441 3723 atque
1463 3649 1618 3715 doctores,
1641 3655 1671 3703 et
1697 3647 1847 3704 invocabo
1870 3656 1985 3704 contro

440 3743 473 3800 lo
497 3741 617 3822 detecte
634 3741 753 3799 oblivio
775 3761 815 3799 ec
837 3761 890 3800 ore
911 3744 1043 3802 sentinis
1067 3746 1127 3814 tui,
1152 3744 1183 3806 id
1238 3749 1417 3805 eoscrrlnm
1435 3753 1465 3803 et
1489 3753 1621 3813 terram,
1645 3741 1676 3803 id
1699 3751 1758 3817 est,
1782 3742 1842 3804 sub
1868 3743 1984 3806 horum

438 3847 497 3914 cst,
516 3857 680 3918 nunquam
696 3837 852 3901 oblivioni
871 3840 1184 3924 tradeturaposteris
1240 3841 1384 3926 personis
1406 3859 1565 3903 assumam
1588 3840 1683 3902 etiam
1709 3849 1803 3902 testes
1819 3840 1936 3903 coelum
1952 3852 1984 3904 ct

439 3936 502 3998 tuis
519 3935 552 3997 in
570 3939 651 4010 toto;
665 3935 727 4012 vel,
743 3955 904 4017 uunquam
922 3938 1078 4003 oblivioni
1094 3942 1185 4004 meri·
1238 3951 1354 4004 terram
1370 3949 1481 4003 contra
1502 3939 1639 4019 maiores
1660 3948 1746 4011 natu,
1763 3946 1795 4000 et
1812 3939 1933 4002 scribas
1947 3959 1984 4002 ac

441 4043 471 4097 to
489 4035 674 4096 traderetur.
690 4037 764 4095 Scio
778 4037 866 4095 enim
881 4038 1088 4112 cogitationes
1102 4043 1183 4118 ejus,
1240 4040 1430 4123 superiores,
1448 4057 1486 4100 ex
1510 4055 1646 4118 quorum
1669 4037 1862 4117 negligentia
1881 4047 1915 4100 et
1932 4039 1986 4100 ria

439 4155 510 4214 qma
529 4135 680 4210 foetores
698 4137 740 4192 sit
766 4136 870 4206 bodie,
889 4145 1063 4215 onthncon
1084 4141 1185 4201 intro
1240 4139 1351 4220 iniqua
1370 4137 1557 4215 contingent
1580 4136 1613 4197 in
1636 4135 1729 4217 plebe
1749 4135 1931 4199 idololatria
1948 4157 1984 4200 ac

438 4235 556 4292 decom
571 4253 645 4292 enm
661 4235 695 4292 in
719 4243 837 4293 terram
857 4255 954 4312 qrcom
970 4236 1002 4293 ci
1016 4241 1184 4311 pollicitus
1200 4237 1225 4298 Ι)
1241 4239 1343 4300 ruina.
1367 4236 1462 4299 Porro
1485 4236 1524 4298 de
1549 4235 1607 4297 hac
1629 4235 1831 4299 invocatione
1854 4236 1930 4298 eoeli
1954 4247 1985 4300 ct

437 4351 523 4400 snm,
533 4330 564 4391 id
581 4331 725 4411 est,quid
737 4331 854 4410 cogitet
866 4332 1002 4414 populus
1014 4333 1074 4396 iste
1086 4355 1182 4414 uurre,
1240 4347 1331 4399 terrea
1348 4335 1380 4396 in
1397 4343 1503 4403 testes,
1522 4334 1554 4395 in
1571 4333 1715 4414 sequenti
1733 4333 1856 4396 dicetur
1871 4335 1986 4397 articu-

438 4427 567 4510 etquid
588 4437 716 4491 acturus
740 4427 792 4504 sit,
818 4447 986 4512 quousque
1008 4433 1185 4498 introduca-
1241 4439 1282 4500 lo.
1310 4438 1396 4495 ll'oci
1419 4436 1508 4494 enim
1530 4436 1616 4512 quod
1631 4443 1703 4510 post
1728 4444 1861 4494 mortem
1881 4456 1985 4495 ineam

439 4535 500 4604 tur,
518 4546 667 4608 agnosco.
680 4526 773 4601 Quasi
789 4527 893 4590 dicat:
911 4529 982 4593 Seio
997 4534 1082 4612 quod
1100 4554 1184 4599 nuuc
1242 4537 1353 4614 inique
1376 4535 1487 4610 epotis.
1504 4530 1671 4593 Probabile
1694 4549 1775 4606 reor,
1791 4533 1877 4612 quod
1902 4534 1983 4596 sicut

439 4626 515 4688 boni
538 4625 693 4708 propositi
717 4625 769 4702 sit,
787 4635 883 4707 atque
898 4628 938 4689 ad
962 4637 1087 4712 ternpus
1110 4632 1186 4695 obc—
1241 4631 1435 4695 beatissimis
1464 4629 1634 4712 Apostolis,
1667 4630 1842 4710 prasertim
1872 4632 1983 4694 loanni

439 4725 515 4800 diet,
535 4724 654 4787 idcireo
671 4743 757 4788 nunc
772 4724 883 4787 scribit
898 4726 958 4790 hoc
973 4728 1133 4792 canticum
1151 4742 1184 4794 ut
1240 4729 1445 4810 evangeliste
1469 4729 1606 4808 desuper
1632 4727 1693 4789 luit
1716 4728 1875 4791 revelatus
1901 4739 1983 4793 totus

440 4822 586 4904 praecepi.
780 4872 784 4880 .
1241 4847 1408 4911 processus
1432 4846 1469 4890 ac
1493 4833 1594 4888 status
1613 4825 1763 4889 Ecclesia
1786 4826 1916 4901 Christi,
1939 4829 1983 4890 sic

481 4923 620 4998 Scripsit
635 4941 759 5000 qnoque
771 4925 893 4999 Moyses
909 4925 1083 4996 canticum,
1095 4930 1186 4987 ctdo·
1240 4927 1336 5008 Moysi
1354 4944 1521 5008 processus
1536 4933 1568 4986 et
1583 4933 1684 4986 slatus
1700 4925 1883 5006 synagogae.
1901 4927 1984 4988 Atta·

304 5033 425 5076 ’ovorum
439 5022 507 5079 enit
522 5022 608 5096 filios
625 5022 737 5080 lsrael.
749 5023 969 5101 Praecipitque
984 5027 1186 5101 tropaeam-
1241 5044 1314 5088 men
1332 5025 1391 5087 ista
1408 5043 1471 5088 non
1487 5023 1568 5086 dixit
1584 5023 1703 5105 Moyses
1718 5023 1930 5088 determinate
1945 5027 1983 5087 de

439 5140 495 5178 sne
516 5120 587 5196 filio
605 5121 697 5189 otoo,
718 5129 748 5180 et
771 5121 819 5180 ait
835 5141 846 5178 .·
863 5123 1050 5199 Consortore
1070 5134 1101 5184 et
1124 5135 1186 5185 esto
1242 5123 1442 5186 adstantibus
1457 5141 1562 5185 coram
1579 5140 1624 5197 se,
1637 5122 1692 5184 scd
1708 5121 1748 5184 de
1758 5141 1867 5185 eortrrn
1884 5133 1983 5206 poste

440 5219 597 5278 robustus.
621 5220 798 5298 Postquam
820 5239 892 5296 erpo
915 5222 1043 5300 scripsit
1064 5226 1187 5300 Moyses
1243 5222 1346 5284 ritate.
1372 5225 1412 5284 oc
1436 5223 1640 5282 declinabitis
1661 5221 1724 5281 cito
1747 5223 1787 5280 dc
1811 5223 1865 5282 vio
1886 5243 1981 5302 maora

441 5319 536 5376 verbo
558 5319 636 5394 lepis
659 5319 769 5394 hujns,
787 5326 861 5394 cto,
875 5322 1029 5397 praecerpit
1049 5324 1186 5392 Levitis,
1239 5323 1380 5400 praecepi
1396 5322 1481 5380 vobis
1491 5345 1504 5390 ,·
1520 5329 1550 5379 ct
1565 5330 1731 5379 occurrent
1747 5319 1832 5380 vobis
1847 5326 1933 5382 maio
1947 5324 1980 5380 in
