4309 6259
557 520 730 571 massano
752 520 782 570 tn
804 517 872 569 aar.
896 512 980 569 xtvtt
1003 524 1104 571 axam.
1126 545 1166 555 —
1187 512 1258 573 titi.
1281 515 1331 575 'cnr
1674 508 1714 576 ae

163 694 220 757 siti
236 714 348 759 versus
364 697 561 759 occidentem
574 716 580 759 :
594 698 703 779 sieque
719 698 833 761 atrium
854 698 912 760 luit
929 696 955 758 Α
970 708 1034 769 tar,
1051 704 1270 780 ratramaa’qae
1284 712 1344 761 tres
1358 712 1388 762 et
1403 705 1488 763 bases
1504 704 1713 769 totidemdsta

162 794 204 856 ab
225 794 360 871 oriente,
381 804 528 877 respectu
549 796 764 871 tabernaculi3
783 806 913 879 eratque
969 797 1104 858 tentoria
1120 816 1175 859 seu
1186 798 1317 861 cortinae
1327 799 1511 880 quindecim
1521 800 1713 879 cubitorum,

161 892 281 955 atrium
305 894 366 956 sub
389 894 475 969 divo,
493 894 525 956 id
547 904 595 957 est
618 895 677 957 sub
698 914 771 959 aere
792 895 913 977 absque
968 902 999 955 et
1020 903 1083 957 tres
1104 895 1259 959 eolumnae
1279 916 1316 958 ac
1337 896 1468 960 totidem
1492 897 1596 975 bases,
1617 900 1714 983 depu-

160 992 376 1074 operimento,
389 993 482 1073 quasi
498 1010 612 1072 magna
627 995 743 1075 platea.
762 998 803 1056 Ia
819 997 913 1072 cajus
971 1000 1075 1054 tantur
1089 1012 1126 1055 ac
1141 993 1305 1075 pertinent
1319 995 1359 1057 ad
1375 996 1513 1077 spatium
1528 1016 1627 1060 unum
1640 998 1714 1061 late

159 1090 236 1153 atrii
254 1096 359 1169 playa
383 1096 525 1153 australi
546 1102 658 1154 eontra
681 1095 863 1164 meridiem,
880 1092 911 1155 id
968 1090 1033 1153 rale
1056 1090 1157 1173 ipsius
1180 1092 1331 1157 introitus
1352 1093 1437 1172 atrii,
1459 1095 1583 1177 dequo
1604 1096 1712 1158 statim

161 1198 211 1251 est
234 1189 429 1272 respiciente
449 1190 569 1255 directe
589 1210 700 1254 versus
723 1191 913 1255 meridiona-
966 1188 1168 1253 dicetur.Vcl
1183 1210 1296 1254 sensns
1310 1193 1463 1274 est‚quod
1479 1193 1610 1256 cortinae
1622 1194 1713 1275 quin-

162 1288 227 1351 lem
248 1288 323 1352 coeli
346 1289 483 1371 plagam,
500 1300 596 1351 eram
615 1292 751 1352 tentoria
769 1294 808 1351 de
824 1293 912 1367 bysso
968 1286 1070 1350 decim
1091 1286 1284 1365 cubitorum,
1301 1308 1451 1371 appensa
1471 1290 1572 1353 tribus
1592 1292 1712 1355 colum-

160 1398 293 1459 retorta,
302 1386 334 1449 id
347 1396 396 1451 est
408 1388 538 1451 eortinae
549 1389 589 1451 de
604 1388 697 1471 bysso
713 1388 914 1467 mollissima,
968 1383 1017 1446 nis
1039 1384 1150 1447 infixis
1171 1386 1304 1450 totidem
1324 1388 1468 1466 basibus,
1484 1398 1576 1453 erant
1591 1408 1629 1452 ex
1648 1408 1711 1452 una

159 1484 252 1565 juxta
263 1483 591 1566 longitudinemsatrii
601 1493 711 1568 utpote
723 1492 851 1549 centum
863 1504 913 1548 ou·
967 1492 1055 1565 parte
1070 1485 1201 1548 cortina
1215 1486 1330 1567 viginti
1345 1486 1537 1565 cubitorum,
1547 1507 1603 1570 per
1616 1507 1711 1570 quam

160 1582 316 1646 bitorum.
332 1588 465 1647 Centum
481 1586 601 1645 cubitos
617 1605 721 1645 anam
738 1589 824 1646 tatas
838 1584 912 1647 atrii
967 1579 1028 1643 init
1046 1582 1208 1663 ingressus
1225 1584 1258 1645 in
1273 1584 1402 1647 atrium.
1421 1586 1574 1650 Similiter
1592 1605 1630 1650 ex
1649 1585 1712 1649 alia

163 1684 282 1743 tacebit
296 1686 333 1744 in
350 1686 569 1761 loayitadiae,
584 1682 734 1746 videlicet
756 1682 838 1746 latus
857 1703 912 1746 au·
966 1688 1055 1761 parte
1078 1680 1167 1742 illius
1188 1682 1332 1759 cortinae,
1355 1682 1417 1745 luit
1438 1685 1560 1747 cortina
1581 1684 1713 1767 quiade

161 1780 280 1855 strale;
298 1792 328 1843 et
346 1785 513 1844 calumnas
529 1784 660 1859 vr'qiati,
674 1800 730 1864 per
745 1800 824 1863 quas
844 1800 912 1845 cor·
965 1782 1028 1844 cim
1044 1783 1237 1847 cubitorum.
1251 1784 1328 1848 Tota
1343 1805 1482 1869 namque
1496 1788 1629 1852 latitudo
1645 1807 1713 1870 spa·

161 1878 238 1943 tinae
258 1880 524 1957 extendebantur,
541 1902 615 1941 eam
636 1883 763 1941 basibus
781 1884 911 1941 totidem
929 1882 952 1944 B
969 1880 1004 1943 tii
1021 1890 1096 1945 ante
1111 1882 1239 1959 atrium,
1258 1882 1322 1945 tuit
1337 1884 1571 1967 quinquaginta
1590 1886 1712 1949 cubito

160 1978 310 2047 reneisin
327 1979 442 2059 quibus
456 1978 635 2059 figebantur
646 1986 677 2041 et
693 1978 912 2041 sustentaban-
966 1999 1061 2055 rum3
1085 1989 1117 2044 et
1141 1982 1265 2044 cortina
1290 1981 1345 2044 illa
1369 1982 1486 2060 media,
1511 1981 1572 2045 tuit
1597 1982 1710 2064 viginti

162 2086 215 2139 tur
234 2076 394 2141 columna
410 2101 418 2151 ;
443 2099 514 2159 qaae
530 2080 639 2157 capita
660 2099 733 2138 rara
749 2080 912 2139 celaturis
965 2077 1164 2143 cubitorum:
1178 2079 1249 2143 ideo
1261 2099 1299 2143 ex
1314 2090 1449 2164 utraque
1461 2089 1550 2163 parte
1564 2082 1633 2162 ejus
1649 2080 1711 2142 tuit

160 2179 229 2235 sais
240 2179 402 2237 trabebant
412 2175 615 2255 arpeatea,id
627 2185 681 2251 est,
690 2175 846 2239 columnae
861 2177 912 2238 ha·
965 2177 1088 2240 cortina
1107 2179 1290 2259 quindecim
1312 2179 1503 2256 cubitorum,
1522 2188 1556 2241 ut
1578 2180 1625 2243 sic
1647 2186 1711 2243 tota

161 2274 286 2337 bebunt
305 2284 454 2354 argentea
473 2275 586 2357 capita,
604 2274 813 2357 propriasque
833 2275 913 2336 scul—
966 2275 1021 2337 illa
1042 2275 1177 2341 latitudo
1195 2278 1396 2341 clauderetur
1412 2297 1449 2341 ac
1470 2286 1629 2359 tegeretur
1645 2296 1710 2342 cor-

162 2388 283 2459 pturas.
302 2378 464 2441 Distabant
481 2386 587 2441 autem
602 2378 759 2441 columnae
775 2376 815 2440 ab
831 2377 913 2439 invi·
967 2373 1053 2436 unis.
1076 2374 1115 2436 Et
1136 2376 1225 2456 iuxta
1246 2376 1332 2440 bunc
1354 2395 1482 2439 sensum
1506 2376 1711 2458 subjungitur

161 2496 230 2540 cem
253 2477 358 2560 spatio
380 2477 525 2559 quinque
547 2476 739 2553 cubitorum,
763 2484 794 2539 et
817 2496 913 2559 super
966 2473 1005 2535 de
1021 2472 1167 2535 tentoriis
1188 2473 1373 2554 quindecim
1394 2473 1585 2552 cubitorum,
1603 2482 1634 2537 et
1654 2473 1711 2535 tri-

160 2576 327 2639 columnas
338 2574 679 2656 circulierant,quibus
691 2574 912 2637 inserebantur
967 2570 1026 2632 bus
1048 2570 1217 2649 columnis,
1235 2591 1272 2635 ae
1295 2572 1427 2635 totidem
1449 2572 1591 2649 basibus,
1614 2572 1711 2656 perti-

161 2674 293 2736 eortinae
309 2693 328 2735 a
343 2682 433 2755 parte
448 2683 593 2755 utraque.
611 2672 775 2753 Siquidem
795 2672 911 2735 atrium
967 2668 1117 2732 uentibus
1143 2668 1182 2732 ad
1208 2670 1389 2752 oppositum
1419 2671 1557 2753 spatium
1581 2670 1712 2749 laterale

163 2772 223 2835 luit
242 2772 389 2835 clausurn
410 2792 448 2834 ex
467 2780 603 2853 utroque
624 2770 721 2833 latere
740 2770 909 2847 columnis,
966 2766 1091 2849 praeisti
1113 2766 1263 2831 introitus
1282 2769 1364 2831 atrii.
1383 2773 1425 2831 ldt
1442 2773 1479 2830 ia
1499 2774 1596 2830 tatere
1611 2773 1711 2831 attero

162 2872 194 2932 in
210 2872 332 2953 quibus
347 2871 478 2935 cortinae
494 2870 687 2953 pendebant.
705 2872 868 2932 Similiter
883 2880 912 2930 et
964 2876 1060 2927 erum
1082 2868 1218 2928 tentoria
1238 2870 1358 2928 cabitos
1379 2870 1556 2929 obtinentia
1580 2870 1712 2948 quinde-

163 2972 196 3029 ia
213 2974 315 3031 lettere
327 2971 493 3049 aquitonis
504 2968 605 3051 ipsius
621 2968 694 3031 atrii
706 2990 766 3047 per
778 2974 911 3046 tanqam
965 2967 1039 3037 eim,
1053 2970 1220 3026 columnas
1236 2976 1307 3036 tres,
1323 2976 1353 3025 et
1367 2968 1452 3026 bases
1468 2968 1609 3028 totidem.

161 3080 257 3130 arant
282 3071 422 3130 tentoria
443 3078 571 3130 centrum
593 3069 786 3139 cubitorum,
809 3067 841 3130 id
864 3075 948 3138 estC
1011 3073 1248 3153 Consequentur
1273 3073 1313 3135 de
1342 3072 1532 3136 formatione
1561 3072 1710 3137 introitus

163 3167 294 3230 cortinas
316 3167 349 3229 in
371 3175 494 3229 tantum
514 3174 662 3243 extensae,
682 3186 752 3247 quae
773 3167 911 3231 invicem
966 3170 1133 3233 subditur:
1151 3175 1193 3233 Ia
1214 3173 1352 3232 introita
1372 3192 1445 3231 vera
1464 3174 1555 3246 atrii,
1571 3178 1627 3251 fiet
1647 3183 1711 3234 tea-

162 3275 252 3328 erant
267 3274 410 3329 consutae
426 3284 482 3328 seu
494 3266 792 3347 junotae,eolamnoe
807 3267 911 3341 vieta·
967 3272 1087 3330 tarium
1101 3272 1283 3331 cubitorum
1298 3272 1419 3347 or'pireti
1431 3290 1472 3329 eac
1487 3273 1662 3349 hyacintho
1681 3280 1719 3357 et,

164 3366 198 3437 ti,
209 3375 240 3426 et
255 3367 343 3425 bases
358 3385 454 3425 terrere
468 3364 611 3441 ejusdem
627 3364 767 3434 numeri,
780 3373 809 3423 et
823 3366 911 3440 capi·
961 3386 1127 3445 purpura,
1146 3388 1293 3447 coccoque
1314 3370 1360 3427 bis
1381 3370 1489 3440 tincto,
1508 3379 1537 3430 et
1558 3372 1646 3448 bysso
1664 3391 1711 3431 re·

164 3472 193 3523 ta
208 3484 336 3536 earam,
349 3462 472 3524 scilieet
487 3461 720 3537 columnarum,
733 3480 806 3521 carn
821 3466 912 3522 reela·
966 3474 1061 3534 torta,
1074 3485 1165 3543 opere
1178 3470 1357 3543 plumario.
1376 3466 1414 3527 Et
1433 3467 1477 3529 ita
1498 3466 1560 3530 tait
1580 3486 1618 3530 ex
1636 3488 1712 3551 qua·

163 3564 244 3622 laris
265 3563 336 3622 sats
355 3571 508 3638 aryeatea
525 3581 536 3620 .·
557 3559 640 3621 sieut
662 3559 840 3641 expositum
863 3568 911 3623 est
966 3570 1038 3625 tuor
1053 3563 1201 3645 pretiosis
1217 3564 1378 3628 coloribus
1394 3564 1448 3627 illa
1464 3566 1588 3629 cortina
1607 3565 1712 3629 totali-

161 3660 199 3723 de
214 3662 314 3723 latere
329 3658 472 3722 australi.
965 3670 1129 3742 ter‚quum
1140 3670 1252 3726 cetere
1263 3662 1383 3726 luerint
1394 3663 1490 3726 unius
1500 3665 1662 3742 coloris,et
1671 3666 1712 3727 de

199 3772 241 3829 Ia
256 3770 436 3829 latitudine
447 3788 519 3827 cero
531 3768 623 3837 atrii,
632 3768 719 3846 quod
729 3768 857 3843 respicit
867 3768 911 3826 art
964 3765 1073 3828 eadem
1097 3764 1240 3843 materia,
1258 3775 1335 3848 puta
1354 3767 1394 3829 de
1414 3767 1520 3850 bysso
1539 3770 1711 3830 Gotamms

163 3870 466 3939 occideratem,emnt
478 3868 615 3927 tentoria
623 3886 684 3943 per
694 3866 910 3945 quiaqraaqin·
964 3864 1089 3925 babebit
1104 3874 1244 3943 quatuor
1258 3883 1332 3925 curn
1348 3866 1473 3925 basibus
1490 3867 1629 3927 totidem.
1647 3866 1711 3929 lllae

166 3966 341 4026 recubitor.
360 3963 529 4027 Praeiatum
549 3963 634 4027 enim
656 3963 772 4025 atrium
796 3962 856 4025 luit
878 3962 909 4024 in
964 3968 1102 4043 quatuor
1125 3962 1283 4025 columnae
1304 3961 1430 4024 stabant
1453 3962 1486 4025 in
1512 3963 1617 4027 medio
1637 3964 1712 4027 late-

166 4062 335 4126 latitudine
355 4062 590 4144 quinquaginta
611 4060 791 4124 cubitorum
811 4078 817 4123 :
840 4079 911 4141 quae
965 4058 1170 4141 rum,quibus
1181 4060 1368 4141 cingebatur
1378 4060 1455 4124 bine
1469 4061 1544 4124 inde
1554 4058 1629 4124 atrii
1644 4060 1712 4125 lati-

167 4161 298 4225 latitudo
319 4160 382 4223 luit
401 4160 442 4222 ab
462 4168 570 4222 austro
590 4160 630 4221 ad
650 4160 845 4241 aquilonem,
863 4166 910 4221 at·
965 4158 1052 4235 tudo,
1065 4166 1162 4239 atque
1182 4157 1215 4219 in
1235 4158 1354 4221 eisdem
1375 4158 1533 4222 columnis
1553 4160 1712 4243 pendebat

164 4279 224 4341 que
242 4260 416 4322 lateraliter
432 4257 570 4341 respexit
587 4258 626 4320 ad
644 4258 862 4333 occidentem
880 4267 911 4319 et
925 4251 950 4312 D
966 4256 1230 4337 praelatacortina
1241 4256 1373 4337 pulchra
1384 4266 1416 4319 et
1431 4257 1659 4340 pretiosaque
1671 4258 1713 4320 la-

164 4356 206 4421 ita
231 4357 365 4421 luerunt
391 4357 435 4419 ibi
462 4357 599 4420 tentoria
625 4376 680 4419 seu
703 4356 834 4420 cortinae
855 4375 911 4437 per
965 4354 1070 4417 eiliter
1081 4373 1137 4435 per
1152 4353 1290 4416 circulos
1305 4363 1429 4437 poterat
1445 4356 1525 4417 trahi
1542 4376 1578 4420 ac
1594 4356 1712 4419 retrahi

163 4456 398 4538 quinquaginta
411 4455 592 4518 cubitorum
609 4455 746 4536 spatium
765 4463 862 4517 tensae
874 4455 912 4515 si·
965 4471 1024 4534 pro
1040 4452 1186 4533 ingressu
1203 4461 1235 4515 et
1249 4453 1335 4515 exitu
1352 4453 1473 4535 populi.
1485 4452 1622 4517 Cortinae
1637 4473 1713 4537 quo

165 4572 201 4619 re
217 4553 361 4630 diliusae,
378 4552 531 4635 quoniam
550 4561 718 4633 utramque
733 4551 911 4614 latitudinis
966 4570 1028 4633 que
1050 4551 1126 4613 hinc
1147 4550 1222 4613 inde
1241 4552 1427 4633 pendentes,
1446 4550 1538 4615 iactae
1553 4562 1644 4615 erant
1659 4554 1712 4631 (ut

164 4654 397 4715 extremitatem
420 4652 602 4731 tangebant.
621 4654 663 4712 lit
683 4655 839 4712 catamare.
860 4654 913 4711 de·
968 4646 1089 4729 fertur)
1113 4667 1209 4731 opere
1237 4649 1415 4726 reticulato,
1442 4648 1496 4730 ita¹
1511 4652 1595 4730 quod
1622 4649 1712 4732 plebs

165 4774 240 4823 cera,
258 4752 293 4813 in
309 4750 428 4832 quibus
444 4749 627 4832 pendebant
642 4750 772 4812 cortinae
792 4768 849 4831 per
869 4749 913 4811 la·
967 4756 1055 4810 extra
1076 4748 1193 4809 atrium
1216 4755 1314 4825 stans,
1332 4757 1456 4830 poterat
1477 4766 1533 4830 per
1555 4747 1713 4812 foramina

168 4858 244 4929 tum,
266 4852 414 4929 basesque
437 4850 565 4910 totidem
589 4856 802 4911 sustentantes
829 4848 912 4929 ipsas
968 4844 1086 4908 intueri
1116 4844 1287 4923 sacrificia,
1314 4864 1385 4927 que
1410 4845 1534 4908 fiebant
1562 4864 1619 4928 per
1643 4864 1711 4908 ma·

167 4949 340 5011 columnas.
351 4948 443 5009 Juxta
457 4966 551 5028 quem
568 4965 696 5009 sensum
712 4946 751 5009 de
767 4945 913 5028 opposito
969 4963 1028 5005 nus
1048 4944 1247 5006 sacerdotum
1264 4942 1297 5005 in
1314 4944 1405 5008 atrio.
1426 4950 1539 5007 Omnes
1555 4948 1713 5007 aetarnae

169 5046 263 5110 latere
279 5045 446 5109 subditur:
460 5048 501 5106 In
517 5066 553 5105 ea
568 5064 691 5125 qaoque
706 5046 787 5104 atrii
804 5047 914 5105 latita
967 5050 1106 5123 quatuor
1114 5042 1181 5122 jam
1192 5040 1474 5124 praelatae,seilicet
1485 5045 1579 5113 atrii,
1585 5044 1713 5121 percir-
1746 5108 1752 5120 ‚

168 5148 252 5217 ltine,
269 5166 343 5225 qtae
363 5145 493 5221 respicit
513 5146 557 5204 ad
576 5145 740 5214 orientem,
756 5145 914 5222 quiuqua-
968 5143 1093 5201 ceritum
1108 5141 1226 5201 uestita
1237 5142 1714 5218 erantaryeateislamiais,ra·

167 5246 259 5319 piata
280 5244 384 5304 stabili
403 5252 499 5302 eram
510 5258 521 5301 .·
536 5242 572 5301 iu
594 5242 710 5320 quibas
730 5242 913 5320 qaindecim
965 5241 1091 5316 picibus
1106 5239 1276 5316 arpeateis,
1288 5249 1317 5299 et
1331 5241 1457 5299 basibus
1471 5242 1577 5301 aneis.
1591 5239 1715 5303 Colum-

171 5344 350 5405 cabitoram
371 5342 509 5403 aeraria
528 5341 624 5400 lateri
643 5339 704 5399 uei
719 5340 916 5416 depatabua·
970 5356 1018 5401 na
1030 5344 1145 5413 autem,
1157 5343 1193 5399 ut
1207 5334 1293 5399 intra
1306 5336 1433 5418 patebit,
1445 5336 1555 5401 ferrea
1566 5340 1713 5401 arenata

291 5474 325 5527 Τ.
344 5472 368 5525 2.
1574 5471 1590 5521 tt
