4309 6259
494 526 719 575 cumennora
741 526 809 571 cnr.
833 524 906 570 xxiv
927 524 1123 571 uunanonun.
1146 544 1186 553 -
1206 525 1278 571 nur.
1300 526 1397 571 xxxix
1656 509 1715 572 aaa

168 708 201 761 ot
225 698 458 762 delectabiliter
484 698 545 761 luit
570 697 764 780 dispositus3
787 704 918 777 eratque
932 694 957 757 b
973 694 1068 757 lsoias
1086 714 1093 758 :
1115 696 1211 773 Beati,
1229 696 1344 777 inquit,
1361 696 1415 778 qui
1433 698 1596 760 seminatis
1621 713 1863 781 superamare.

169 796 359 860 deliciosum
386 798 470 859 inter
493 816 547 859 eos
573 796 704 871 versari,
724 795 762 856 ad
789 793 918 875 inspici-
972 810 1084 856 omnes
1099 814 1207 875 aquas.
1225 794 1293 870 Vel,
1306 794 1418 857 Semen
1436 796 1534 873 illins,
1550 805 1599 859 cst
1613 797 1718 879 prima

168 897 289 963 endum
309 896 437 959 assidua
462 895 516 958 Dei
542 895 706 971 miracula,
729 912 765 956 ac
792 891 919 975 praecla—
972 901 1003 957 et
1025 894 1189 974 originalis
1215 893 1372 975 scriptura
1397 894 1476 974 legis
1501 894 1653 971 llosaicae,
1679 914 1717 957 ex

168 994 402 1074 regratiarum
424 993 626 1057 charismata.
651 997 690 1056 Ut
711 994 918 1053 tabenaculo
973 1012 1035 1073 qua
1051 992 1169 1055 diversi
1190 992 1264 1055 libri
1287 992 1546 1075 multiplicesque
1566 994 1717 1057 doctrinm

166 1113 241 1171 puoe
262 1096 340 1170 finit
362 1094 533 1153 Dominus.
551 1091 615 1153 lloc
635 1090 734 1171 aliqui
758 1088 803 1151 sic
824 1106 918 1170 expo-
974 1090 1146 1153 linxerunt.

167 1199 262 1267 nunt,
279 1192 366 1272 quod
389 1190 593 1253 tabernacula
608 1197 640 1251 et
662 1188 797 1251 tentoria
818 1206 918 1269 popu·
1016 1194 1473 1269 TolletatrpropterApaprem
1488 1194 1611 1268 ejuset
1626 1196 1717 1273 ause·
1788 1203 1791 1209 '

165 1288 188 1349 li
206 1289 416 1351 imitabantur
432 1287 704 1370 pulchritudinem
721 1284 916 1349 tabernaculi
971 1299 1063 1349 retur
1076 1308 1213 1365 regnum
1235 1291 1338 1351 illias.
1357 1289 1452 1365 Istud,
1471 1292 1645 1353 secundum
1665 1311 1717 1354 ex·

164 1386 233 1463 Dei,
252 1387 339 1468 quod
359 1386 511 1449 Dominus
532 1383 615 1461 fixit,
633 1393 664 1447 et
682 1383 789 1466 posuit
804 1382 837 1444 in
854 1401 918 1445 me·
972 1388 1127 1470 positores
1142 1387 1365 1464 communiter,
1375 1396 1423 1449 est
1433 1388 1564 1452 evidens
1579 1392 1717 1472 prophe

162 1486 219 1548 dio
250 1485 361 1568 populi
387 1484 436 1547 sui
465 1502 472 1547 :
499 1485 585 1566 quod
612 1492 644 1547 et
671 1483 837 1565 pluraliter
862 1482 918 1544 Ta·
973 1486 1016 1549 tia
1045 1488 1084 1548 de
1109 1484 1194 1563 Saul,
1222 1486 1325 1568 primo
1348 1487 1488 1566 generali
1518 1506 1591 1567 rege
1619 1490 1716 1553 totius

163 1585 341 1647 bernacula
371 1592 589 1666 nuncupatur,
616 1581 768 1665 quoniam
799 1581 916 1643 atrium
971 1585 1150 1648 israeliticae
1170 1585 1283 1667 plebis,
1300 1605 1396 1667 quern
1411 1587 1493 1649 lleus
1512 1588 1715 1652 aPhilistatis
1732 1613 1858 1667 inqiut

161 1683 469 1765 comprehendebat,
498 1690 529 1745 et
555 1683 587 1744 in
618 1683 697 1744 duas
722 1680 916 1763 principales
972 1684 1118 1767 permisit
1131 1684 1245 1759 occidi,
1263 1702 1460 1766 regnumque
1475 1686 1568 1748 lsrael
1582 1695 1717 1750 transtu·
1731 1678 1766 1780 ‘lu
1775 1739 1822 1793 nep
1837 1752 1850 1779 n

163 1790 285 1861 partes,
314 1781 465 1844 uidelicet
494 1779 733 1843 tabernaculum
763 1777 914 1852 exterius
973 1782 1010 1844 lit
1025 1784 1064 1844 ad
1081 1782 1176 1844 aliam
1193 1782 1310 1844 tribum
1323 1784 1492 1864 :quoniam
1508 1784 1593 1862 Saul,
1606 1806 1717 1849 secun·
1732 1770 1830 1851 naas
1853 1771 1859 1789 '

163 1880 475 1961 tabernaculumque
491 1878 632 1954 interius,
645 1876 706 1939 luit
722 1876 918 1948 distinctum,
934 1880 957 1941 B
972 1882 1046 1944 dum
1064 1882 1150 1963 quod
1165 1880 1226 1942 sibi
1241 1891 1309 1944 erat
1328 1890 1521 1964 preceptum
1537 1902 1556 1945 a
1571 1884 1715 1964 Domino,

162 1990 195 2041 ct
227 1979 311 2041 inibi
338 1978 398 2041 iuit
424 1978 547 2040 stabilis
573 1978 697 2039 mansio
724 1976 787 2039 Dei.
814 1976 919 2039 Potest
974 1979 1171 2043 nonoccidit
1190 1980 1276 2059 Agag
1293 1999 1398 2061 regern
1413 1980 1669 2060 Amalecitarum,
1686 1993 1863 2063 etiamn.

163 2096 299 2159 quoque
310 2077 460 2158 intelligi,
474 2077 560 2158 qnod
577 2075 817 2138 tabernaculum
838 2074 918 2136 illud
974 2079 1106 2142 meliora
1121 2096 1235 2160 pecora
1245 2078 1325 2159 ejus,
1343 2087 1377 2140 ut
1387 2078 1502 2159 legitur
1516 2080 1621 2163 primo
1635 2083 1718 2147 libro

163 2177 328 2261 portatile,
347 2185 378 2239 et
399 2175 604 2239 tabernacula
626 2194 681 2238 seu
706 2173 841 2237 tentoria
868 2191 921 2255 po·
975 2178 1106 2257 Regum.
1122 2176 1229 2258 Aliqui
1249 2195 1325 2240 vero
1340 2177 1462 2241 llabrmi
1486 2179 1607 2256 dicunt,
1634 2184 1719 2262 quod

164 2276 236 2359 puli
259 2274 500 2349 transierihilia,
523 2272 713 2336 assimilavit
733 2272 766 2335 in
783 2270 922 2355 pulchri·
975 2276 1035 2339 iste
1051 2276 1092 2338 sit
1107 2295 1200 2339 verus
1217 2284 1319 2338 textus
1332 2294 1339 2337 :
1352 2276 1453 2339 Altior
1467 2278 1555 2359 Agag
1569 2296 1623 2341 rex
1637 2282 1718 2362 ejus,

165 2376 281 2439 tudine
297 2373 605 2454 tabernaculisque
621 2381 730 2455 postea
747 2372 830 2435 lacta
847 2380 921 2434 sunt
975 2375 1035 2438 hoc
1050 2384 1109 2451 est,
1127 2374 1199 2437 Saul
1225 2394 1279 2437 rex
1294 2375 1388 2437 lsrael
1412 2376 1572 2457 potentior
1597 2378 1658 2440 erit
1673 2400 1721 2443 re-

89 2506 150 2544 m..
166 2495 185 2537 a
201 2474 375 2537 &lomene
390 2481 450 2534 eta
465 2470 650 2547 Zorohabel,
663 2478 693 2533 et
706 2470 821 2534 ceteris
836 2491 854 2533 a
870 2472 921 2534 Ba·
975 2492 1013 2554 ge
1037 2473 1165 2536 Amalec
1190 2472 1320 2536 nomine
1345 2473 1445 2554 Agag,
1472 2482 1505 2536 et
1529 2475 1721 2540 exaltabitur

36 2568 85 2659 '¹¹2⁸
100 2632 143 2661 M„
168 2573 289 2655 bylone
309 2570 458 2647 reversis,
475 2590 547 2652 quae
566 2568 661 2632 etiam
682 2569 767 2632 iacta
792 2569 922 2634 luerunt
975 2591 1109 2653 regnum
1133 2571 1215 2653 ejus,
1241 2570 1315 2652 quia
1340 2580 1413 2654 post
1437 2572 1524 2637 illam
1551 2574 1718 2639 victoriam

43 2688 83 2723 ‘es
109 2652 152 2732 tul
166 2674 260 2753 juxta
276 2669 521 2732 similitudinem
539 2667 734 2730 tabernaculi
750 2667 921 2750 Moysis30t
975 2671 1115 2734 obtinuit
1139 2670 1213 2733 Saul
1237 2670 1380 2733 diversos
1404 2671 1594 2753 triumphos,
1610 2694 1720 2756 quem*

53 2758 89 2785 ‘⁸
116 2777 121 2789 '
167 2772 246 2834 item
258 2768 419 2845 domibus,
433 2786 513 2849 quas
529 2766 591 2827 lilii
603 2766 697 2829 lsrael
713 2766 745 2827 in
760 2775 840 2829 terra
852 2786 921 2849 pro
974 2768 1145 2831 admodum
1172 2767 1325 2849 scripturn
1354 2776 1402 2829 est
1430 2768 1535 2850 primo
1555 2770 1637 2834 libro
1662 2772 1719 2835 Ro·

167 2868 336 2932 missionis
353 2873 609 2942 construxerunt,
626 2885 698 2947 qum
718 2866 922 2929 tabernacula
974 2883 1076 2947 gum:
1103 2864 1308 2945 Quocumque
1337 2883 1371 2927 se
1399 2865 1509 2941 vertit,
1536 2869 1716 2949 superabat.
1755 2894 1864 2938 utam

168 2986 233 3031 non
247 2964 410 3049 portatilia
420 2965 585 3041 erant,sed
603 2962 668 3026 lixa
684 2963 716 3025 in
727 2982 792 3027 uno
801 2964 920 3046 jugiter
973 2964 1046 3027 Post
1061 2972 1195 3026 mortem
1210 2971 1316 3026 autern
1337 2963 1447 3045 ipsius,
1466 2965 1566 3028 multo
1582 2965 1654 3047 plus
1669 2988 1719 3031 ex·
1733 2959 1768 3001 ⁴⁷¹

168 3066 241 3129 loco
257 3064 414 3147 quamdiu
424 3062 592 3125 durabant.
607 3064 707 3132 Quasi
721 3065 810 3123 cedri
820 3059 956 3141 propat}
975 3064 1107 3125 attatum
1132 3070 1181 3125 est
1206 3080 1339 3143 regnum
1363 3062 1457 3124 lsrael
1483 3064 1542 3125 sub
1557 3064 1656 3133 llavid
1682 3087 1719 3130 ac

167 3186 284 3245 aquas,
302 3182 374 3245 quaa
389 3162 477 3226 cedri
492 3169 567 3223 sunt
585 3161 808 3242 pulcherrima
824 3170 920 3244 atque
976 3161 1154 3225 Salomone.
1171 3161 1266 3224 Porro
1285 3161 1348 3222 alia
1368 3159 1483 3238 littera,
1501 3181 1597 3243 quam
1617 3163 1722 3244 Origo

166 3263 335 3326 altissimae
354 3262 485 3324 arbores
503 3278 510 3321 :
528 3260 573 3322 sic
589 3260 726 3342 populus
745 3260 840 3323 lsrael
856 3280 921 3323 ma·
976 3280 1031 3323 nes
1046 3260 1186 3341 exponit,
1199 3259 1291 3321 aliter
1306 3259 1413 3322 habet.
1431 3259 1594 3341 Siquidem
1610 3282 1668 3344 pro
1683 3282 1721 3327 co

166 3378 231 3440 gna
247 3358 438 3423 excellentia
453 3366 485 3421 et
503 3359 617 3421 decore
633 3356 788 3419 virtutum
804 3366 853 3421 est
868 3380 920 3421 su·
975 3359 1061 3441 quod
1072 3358 1193 3421 dictum
1204 3367 1262 3434 est,
1276 3358 1389 3420 Scmen
1401 3357 1487 3420 illius
1503 3359 1563 3422 erit
1578 3360 1611 3422 in
1622 3381 1721 3444 aquas

168 3459 335 3521 hlimatus.
976 3458 1104 3534 multas,
1127 3457 1172 3520 sic
1197 3457 1350 3533 continet,
1371 3456 1478 3519 Exibit
1499 3458 1594 3523 homo
1613 3461 1654 3523 de
1676 3481 1723 3524 so

39 3574 154 3629 reclama
210 3562 309 3620 Fluet
323 3578 411 3637 aqua
425 3559 465 3617 de
479 3557 580 3617 situla
594 3557 686 3633 ejus·
698 3556 826 3633 honest,
839 3576 921 3639 aqna
976 3557 1062 3620 mine
1078 3556 1159 3637 ejuS,
1172 3565 1203 3618 et
1218 3555 1434 3619 dominabitur
1443 3557 1593 3637 gentibus
1603 3558 1720 3623 multis.

169 3656 338 3740 sapientia
354 3655 501 3718 salutaris
526 3654 703 3736 accipietur
728 3674 766 3718 ex
786 3655 922 3719 doctori·
976 3655 1063 3730 Quod
1086 3655 1233 3737 quamvis
1254 3654 1362 3736 aliquo
1386 3655 1481 3718 modo
1496 3656 1641 3719 videatur
1664 3659 1723 3721 im-

169 3756 274 3818 buset
285 3752 687 3835 sacrisScripturispopuli
698 3754 800 3835 hujus
812 3752 923 3827 Quem·
976 3756 1097 3837 pletum
1114 3753 1146 3815 in
1163 3753 1261 3815 David
1276 3752 1494 3829 etSalomone‚
1507 3755 1624 3836 quibus
1641 3757 1723 3818 mul·
1744 3776 1867 3831 tremat.

169 3855 346 3917 admodum
367 3853 454 3915 enim
480 3851 576 3913 situla
600 3859 648 3915 est
673 3851 921 3915 instrumentum
977 3862 1016 3916 tae
1030 3861 1140 3933 gentes
1156 3851 1335 3913 servierunt
1355 3851 1414 3913 suh
1436 3852 1566 3929 tributo,
1583 3855 1720 3919 maxime
1746 3840 1865 3897 ΜΨ·

170 3952 344 4016 hauriendi
359 3970 458 4033 aquas
474 3968 512 4013 ex
527 3958 635 4031 puteo,
652 3949 698 4013 sic
712 3951 875 4033 Prophetae
890 3960 922 4015 et
977 3962 1083 4015 tamen
1099 3952 1132 4013 in
1147 3952 1283 4028 Christo,
1296 3950 1347 4014 cui
1363 3951 1453 4013 Pater
1463 3952 1496 4012 in
1512 3952 1635 4016 Psalmo
1649 3970 1656 4015 ε
1668 3955 1722 4019 Po
1750 3976 1848 4026 aaut.

171 4052 274 4115 sancti
301 4051 448 4113 doctores
469 4048 559 4128 legis,
577 4068 615 4111 ex
639 4047 727 4112 ionte
744 4057 870 4113 aternae
891 4059 922 4113 et
977 4050 1071 4127 stula,
1099 4049 1214 4129 inquit,
1235 4068 1254 4111 a
1278 4067 1340 4124 me,
1362 4056 1394 4111 et
1418 4048 1500 4112 dabo
1531 4049 1588 4111 tibi
1609 4060 1720 4130 gentes

171 4152 323 4214 increatae
338 4148 519 4230 Sapientiae,
533 4146 618 4209 rivos
634 4146 798 4229 sapientia
813 4168 849 4211 ac
865 4149 923 4211 sci·
976 4148 1184 4212 hereditatem
1211 4156 1308 4225 tuam,
1320 4155 1352 4209 ct
1376 4147 1610 4229 possessionem
1636 4160 1721 4215 tuam

171 4250 267 4313 entiae
283 4255 505 4329 susceperunt.
524 4245 675 4308 Similiter
692 4246 765 4308 libri
782 4246 860 4327 legis
877 4248 962 4311 sall
979 4248 1132 4311 terminos
1145 4254 1248 4309 terrae.
1264 4245 1383 4308 Deinde
1393 4264 1451 4328 pro
1467 4264 1505 4309 eo
1522 4249 1608 4329 quod
1629 4249 1722 4313 hahe-

172 4349 311 4411 lutarem
337 4344 544 4409 continebant
570 4344 747 4407 doctrinam
775 4364 813 4408 ex
837 4345 923 4409 iniu—
977 4366 1059 4423 mus,
1077 4344 1218 4409 Tolletur
1233 4353 1362 4426 propter
1377 4344 1464 4425 hgag
1479 4364 1533 4408 rex
1547 4346 1629 4427 ejus,
1646 4356 1720 4425 etc,

171 4446 264 4511 sione
282 4444 449 4528 sapientiae
470 4442 611 4506 Deitatis.
634 4446 677 4505 Et
698 4465 802 4505 semen
830 4447 922 4505 itlius
978 4446 1074 4508 habet
1088 4444 1134 4506 sic
1152 4460 1160 4504 ε
1181 4442 1378 4504 Exultabitur
1393 4461 1488 4524 super
1502 4442 1569 4524 Gog
1588 4462 1720 4525 ragnum

170 4549 235 4607 erit
255 4547 294 4605 in
309 4564 410 4624 aquae
426 4546 567 4603 multas:
584 4542 644 4604 hoc
660 4550 718 4618 est,
731 4542 841 4624 populi
858 4563 923 4605 ma·
977 4544 1059 4625 ejus,
1086 4550 1117 4605 et
1138 4549 1259 4604 crescet
1283 4559 1416 4621 regnum
1441 4541 1522 4622 ejus.
1546 4542 1579 4604 ln
1604 4543 1721 4624 quibus

170 4644 282 4725 gniac
298 4638 550 4703 innumerabiles
566 4639 737 4720 gignentur
751 4640 923 4704 exsemine
979 4641 1084 4705 verbis
1108 4640 1175 4720 Gog
1199 4658 1263 4702 non
1288 4638 1434 4715 sumitur,
1461 4648 1555 4721 prout
1579 4649 1628 4703 est
1651 4662 1723 4724 pro-

172 4740 357 4804 lsraeliticae
382 4738 486 4820 plebis
505 4756 511 4799 :
529 4740 614 4819 quod
641 4738 714 4800 libri
742 4740 861 4819 Regum
886 4760 923 4804 ac
978 4741 1084 4823 prium
1107 4758 1224 4802 nomen
1244 4738 1305 4802 viri
1327 4745 1382 4799 aut
1405 4737 1519 4817 gentis,
1546 4740 1601 4801 sed
1626 4751 1722 4822 prout

172 4840 439 4921 Paralipomenon
454 4838 569 4900 docent
584 4836 713 4919 copiose
728 4856 797 4899 esse
812 4838 924 4922 imple-
979 4840 1205 4920 interpretatur
1229 4836 1333 4911 Tecta,
1360 4843 1395 4896 ut
1419 4836 1462 4897 sit
1484 4856 1607 4915 sensus,
1633 4841 1719 4921 quod

174 4948 255 5001 tum.
272 4936 362 5011 Quod
385 4943 491 4998 autem
513 4954 569 5017 per
589 4955 687 5017 aquas
709 4936 820 5018 populi
841 4938 923 5001 desi·
978 4955 1110 5017 regnum
1126 4936 1220 4999 lsrael
1244 4936 1276 4997 in
1296 4934 1396 4996 altum
1421 4946 1625 5014 excresceret,
1644 4956 1723 5021 prae-

172 5044 316 5119 gnentur
329 5034 368 5097 ad
388 5034 538 5110 litteram,
555 5042 680 5097 constat
699 5054 736 5097 er
752 5034 857 5097 verbis
872 5036 925 5099 Sa·
979 5034 1089 5098 sertim
1104 5052 1161 5115 por
1176 5031 1405 5115 perlectionem
1422 5031 1579 5095 fidelium.

41 5145 158 5198 catana.
173 5132 585 5209 lomenia,diccntis:llitte
596 5151 710 5214 panem
728 5140 816 5195 tuum
828 5153 924 5216 super
1019 5136 1104 5195 Deus
1126 5134 1242 5192 educit
1265 5134 1362 5191 illum
1386 5134 1426 5190 de
1449 5134 1602 5209 AEqypw,
1628 5136 1727 5212 cujus

174 5240 380 5295 transeuntes
405 5248 514 5311 aquas
532 5231 566 5293 ln
581 5231 771 5313 Apocalypsi
795 5250 923 5314 quoque
977 5234 1136 5311 fortitudo
1150 5231 1325 5290 similis-est
1340 5232 1560 5291 rhinocerotis.
1571 5231 1724 5313 llocprae·
1741 5258 1866 5315 uisset,

44 5291 102 5393 riiue
101 5308 157 5345 ''''''
174 5331 311 5396 habetur
328 5348 336 5392 :
355 5329 454 5410 Aquae
478 5328 597 5406 multae,
619 5328 730 5411 populi
756 5330 860 5392 multi.
885 5331 924 5393 Et
977 5328 1102 5392 cedenti
1126 5327 1267 5410 capitulo
1296 5326 1452 5408 scriptum
1476 5328 1720 5411 expositumque
1734 5323 1769 5367 ²²·
