4309 6259
547 480 722 526 manuario
743 480 774 525 m
795 479 864 526 car.
886 477 939 524 uu
960 477 1097 524 acuum.
1120 496 1160 506 -
1180 478 1251 523 aar.
1274 477 1370 524 xxxiv
1670 457 1730 522 ato

182 663 218 716 ut
232 653 341 717 ablato
356 653 561 717 obscuritatis
580 652 750 729 velamine,
773 652 933 714 intueatur
947 650 972 712 Α
988 649 1014 712 ri
1035 650 1085 713 vel
1108 650 1177 732 ipsa
1197 649 1312 713 Christi
1332 648 1585 729 divinitasque
1605 647 1729 710 Christo

182 753 361 816 affectuose
380 771 417 814 ac
437 751 582 834 limpide,
599 770 695 834 quam
716 750 934 833 superincom-
988 750 1129 832 patiente
1150 749 1182 811 in
1204 747 1409 812 solitudinem
1431 747 1522 825 abiit,
1542 766 1606 810 non
1624 747 1728 810 locum

184 850 413 934 prehensibilis
429 850 471 912 sit
486 851 643 914 Creatoris
659 849 818 930 majestas,
837 868 933 930 quam
988 849 1156 927 mutando,
1183 849 1237 911 sed
1268 848 1419 911 virtutem
1449 846 1550 909 solitae
1581 845 1730 928 protecti-

183 950 259 1012 item
282 949 440 1013 immonsa
455 947 751 1030 superadmirabilis
767 947 932 1010 Trinitatis
987 948 1058 1011 onis
1083 967 1119 1010 ao
1145 947 1325 1010 influentiae
1353 945 1591 1022 subtrahendo;
1614 945 1663 1007 vel
1690 944 1731 1008 si-

184 1046 333 1110 felieitas.
351 1051 473 1109 Nullus
487 1051 655 1108 hominem
674 1050 717 1108 sit
734 1050 770 1108 in
787 1050 933 1108 taberna·
987 1047 1162 1130 gnificatur
1176 1045 1446 1127 concupiscentia,
1464 1064 1560 1126 quam
1576 1045 1730 1107 debemus

182 1151 267 1216 culo,
296 1151 428 1226 qnando
453 1149 606 1225 porzttfee
635 1148 838 1224 ingredietur
860 1167 932 1207 san·
986 1147 1137 1228 abjicere,
1156 1145 1499 1226 virtuososquemotus
1519 1143 1653 1206 Domino
1671 1141 1730 1204 im-

182 1247 361 1316 rtuarium,
388 1257 425 1306 att
453 1255 540 1322 roget
561 1265 622 1322 pro
646 1267 678 1305 ae
702 1255 732 1305 et
753 1265 814 1322 pro
839 1250 931 1305 domo
987 1246 1118 1309 molare.

182 1364 253 1405 sua.
272 1344 330 1406 Per
348 1344 538 1426 pontificem
559 1343 741 1406 intellectus
762 1343 930 1425 accipitur,
1026 1345 1187 1407 Postremo
1198 1343 1237 1406 dc
1253 1343 1362 1406 eadem
1379 1342 1511 1404 materia
1527 1340 1638 1403 scribit
1650 1340 1731 1402 Pari-

183 1442 237 1522 qui
263 1452 312 1504 cst
337 1462 462 1504 summa
484 1443 532 1504 vis
555 1442 680 1518 animae,
704 1451 800 1524 atque
825 1442 932 1504 multi·
988 1442 1102 1506 siensis
1129 1441 1265 1504 :Voluit
1291 1441 1372 1503 Deus
1397 1439 1429 1501 in
1451 1439 1540 1502 hirco
1565 1437 1731 1500 emissario

183 1541 301 1622 plicem
331 1540 469 1604 hostiam
500 1559 558 1622 pro
585 1549 650 1604 toto
680 1541 810 1603 homine
834 1539 933 1603 offert
987 1541 1162 1617 insinuare,
1184 1539 1269 1621 quod
1290 1539 1373 1602 sieut
1393 1539 1499 1601 hircus
1519 1537 1573 1600 ille
1593 1537 1662 1600 sine
1681 1556 1732 1599 ou-

182 1641 256 1717 lleo,
274 1659 350 1702 eum
371 1640 583 1721 deprecando,
601 1639 759 1702 laudando
779 1659 817 1701 ao
838 1658 933 1702 vene
987 1641 1077 1703 stode
1099 1638 1339 1720 relinquebatur
1359 1637 1391 1698 in
1412 1638 1548 1713 desorto,
1570 1635 1731 1718 expositus

184 1739 295 1800 rando.
310 1737 413 1811 Ouum
434 1737 532 1818 igitur
553 1737 734 1800 intellectus
755 1736 932 1817 ingreditur
987 1738 1098 1802 bestiis
1123 1737 1240 1801 deserti
1266 1737 1305 1799 ad
1330 1736 1548 1799 devorandum
1576 1753 1633 1817 pro
1660 1753 1732 1816 poo-

183 1837 413 1912 sanotuan'um,
432 1837 463 1898 id
479 1844 538 1913 est,
549 1836 701 1900 verticem
717 1856 808 1898 suum
825 1839 969 1900 ascen-B
986 1837 1066 1900 catis
1091 1835 1212 1919 populi,
1230 1854 1301 1917 quat
1323 1834 1356 1897 in
1381 1834 1487 1914 figura
1512 1834 1668 1916 portabat,
1686 1832 1730 1894 sie

183 1936 240 2012 dit,
260 1944 293 1998 et
315 1935 482 2016 sapientiae
503 1935 653 2017 mysteria
676 1935 806 2016 aggredi
829 1943 930 2017 parat,
988 1935 1124 2017 populus
1151 1943 1300 1997 oneratus
1327 1932 1476 2015 pcccatis,
1502 1940 1597 2014 atque
1626 1951 1644 1993 a
1669 1931 1732 1994 lleo

86 2065 91 2072 ·
183 2035 292 2096 nullus
309 2035 342 2096 in
362 2034 566 2097 tabernaculo
576 2034 690 2097 animae
701 2042 827 2096 maneat
840 2033 933 2115 :quia
987 2033 1118 2096 custode
1133 2052 1170 2095 ac
1186 2030 1354 2095 defensore
1370 2050 1427 2094 suo
1449 2029 1589 2106 relictus,
1607 2027 1729 2106 bestiis,

182 2142 259 2197 tuuc
285 2134 447 2196 universae
476 2133 710 2209 distractiones,
738 2132 933 2214 inquietudi-
988 2131 1078 2193 idest
1093 2129 1293 2213 principibus
1309 2137 1339 2193 ct
1356 2129 1499 2211 tyrannis
1515 2128 1670 2191 malorum
1687 2146 1733 2190 re

183 2252 251 2310 nes,
279 2252 376 2309 curat,
403 2233 635 2314 phantasmata,
664 2230 876 2295 fabulationes
900 2239 933 2293 et
985 2248 1133 2310 gnorum,
1160 2229 1427 2310 inimicorumque
1452 2227 1628 2302 nationum,
1656 2227 1733 2288 diri-

182 2331 413 2412 occupationes
433 2330 688 2413 impertinentes,
707 2338 782 2392 sunt
802 2349 932 2412 prorsus
987 2328 1403 2412 piendusacdilacerandus
1415 2335 1498 2390 esset
1510 2345 1517 2390 :
1531 2326 1732 2407 siequettens

182 2429 386 2511 abjiciendae,
404 2437 561 2510 quatenus
582 2428 641 2492 soli
664 2428 828 2492 Altissimo
848 2428 932 2491 acics
987 2428 1143 2511 populum
1164 2447 1257 2489 suum
1278 2427 1437 2508 sapienter
1457 2425 1631 2502 admonuit,
1650 2433 1685 2486 ut
1705 2424 1731 2486 si

183 2527 407 2608 intelligentias
426 2527 590 2607 infigatur,
613 2536 645 2590 et
665 2545 789 2610 puram,
808 2527 933 2590 ferven-
989 2528 1085 2589 Deum
1111 2526 1228 2588 habere
1250 2525 1368 2588 vellent
1389 2523 1575 2606 propitium,
1595 2522 1733 2586 vitarent

181 2627 342 2688 tissimam
362 2645 399 2689 ac
421 2625 568 2689 stabilem
588 2626 764 2690 orationem
790 2626 933 2690 immolet
988 2624 1207 2687 immunditias
1218 2624 1377 2686 vitiorum.
1389 2623 1426 2684 Et
1436 2623 1522 2705 quod
1534 2622 1613 2685 alter
1624 2621 1732 2684 hircus

178 2713 318 2788 llomino
334 2743 393 2808 pro
413 2743 448 2787 se
466 2733 498 2788 et
517 2725 671 2808 proximis
691 2744 728 2787 ao
748 2733 815 2787 tota
828 2724 933 2788 Eccle
986 2723 1196 2800 cremabatur,
1214 2723 1296 2786 alter
1315 2722 1347 2783 in
1369 2741 1510 2785 eremum
1534 2721 1729 2796 mittebatur,

181 2825 239 2897 sia,
258 2843 317 2906 pro
333 2823 416 2888 vivis
431 2843 468 2886 ac
482 2823 627 2886 mortuis.
988 2821 1202 2904 significabat,
1220 2822 1305 2903 quod
1326 2821 1470 2902 quedam
1491 2818 1569 2882 vitia
1589 2827 1663 2880 sunt
1684 2817 1732 2880 fu-

221 2923 377 2985 Praeterea
387 2922 427 2984 de
437 2921 534 3001 hujus
546 2921 678 3003 capituli
691 2921 824 3004 mystica
838 2940 933 3003 expo
987 2921 1090 3004 ganda
1106 2921 1210 3001 longe,
1228 2920 1384 3001 longeque
1405 2917 1567 2999 fugienda,
1584 2916 1733 2981 videlicet

181 3019 300 3084 sitione
320 3019 463 3101 loquitur
482 3020 619 3083 Thomas
642 3037 649 3081 :
674 3018 817 3082 Christus
836 3019 967 3098 signi-C
987 3019 1170 3101 contagiosa
1186 3027 1217 3082 et
1233 3017 1491 3094 scandalizativa3
1503 3017 1732 3080 aliovorocon-

182 3119 301 3181 ficator
322 3139 379 3201 per
397 3118 545 3194 vitulum,
562 3127 693 3200 propter
712 3118 882 3193 virtutem;
899 3126 932 3181 et
988 3119 1143 3182 sumenda
1157 3127 1189 3181 et
1204 3116 1434 3180 concremanda
1444 3134 1501 3197 per
1511 3114 1730 3197 poenitentiam

182 3237 239 3299 per
260 3218 407 3293 arietem,
431 3217 583 3298 quoniam
606 3217 675 3299 ipse
697 3225 745 3280 cst
767 3218 830 3279 dux
852 3216 932 3279 fide
987 3227 1019 3281 et
1040 3216 1247 3281 sacrificium.
1265 3215 1321 3278 Vel
1342 3215 1447 3298 potius
1468 3222 1568 3278 totum
1585 3213 1733 3295 intelligi-

47 3334 168 3384 manna
183 3318 275 3392 lium,
297 3315 382 3378 sicut
405 3316 488 3378 aries
512 3315 642 3390 ovium3
669 3324 764 3397 atquo
790 3334 846 3397 per
870 3314 932 3376 hir·
988 3317 1099 3379 turdo
1124 3314 1249 3377 cunctis
1271 3313 1410 3395 peccatis
1432 3331 1439 3376 :
1463 3313 1571 3377 omnia
1596 3332 1732 3394 namquo

182 3413 928 3497 cum,proptersimilitudinomcarnispcccati.
989 3413 1138 3493 fuganda,
1170 3412 1322 3493 fugienda
1353 3421 1384 3475 et
1414 3412 1629 3475 consumenda
1659 3430 1733 3476 con-

65 3531 92 3571 ιι.
104 3547 142 3580 m.
156 3536 168 3574 s
182 3515 252 3596 lpsc
263 3523 372 3576 autem
386 3514 531 3577 Christus
546 3513 673 3577 oblatus
688 3522 736 3575 est
751 3530 808 3595 pro
824 3531 932 3594 pecca·
989 3513 1116 3574 sistunt.
1139 3511 1273 3592 Septena
1294 3529 1368 3574 vero
1389 3508 1554 3592 sanguinis
1569 3510 1732 3592 adspersio

48 3599 117 3647 Μ·
184 3611 224 3673 tis
244 3612 447 3674 sacerdotum
470 3631 506 3673 ac
529 3611 650 3694 populi.
670 3611 805 3692 Sanguis
825 3619 930 3674 autem
989 3609 1087 3673 fiebat
1110 3618 1220 3672 eontra
1241 3609 1428 3673 idololatrias
1451 3610 1559 3687 ritum,
1580 3609 1731 3690 quoniam

183 3709 322 3772 vituliet
334 3709 416 3771 birci
433 3728 489 3791 per
506 3710 693 3790 pontificem
711 3710 819 3772 illatus
834 3718 883 3772 est
898 3709 930 3771 in
987 3709 1119 3791 quidam
1141 3707 1316 3771 idololatra
1340 3717 1440 3770 totum
1464 3707 1651 3787 sanguinem
1674 3706 1733 3768 im-

183 3809 300 3870 Sancta
330 3816 524 3884 sanctorum,
551 3808 626 3889 quia
657 3827 713 3890 per
743 3807 931 3888 sanguinem
988 3805 1183 3870 molaticium
1200 3806 1403 3888 apponebant
1419 3806 1616 3869 damonibus
1631 3806 1672 3867 ad
1687 3805 1732 3868 bi-

182 3905 345 3988 passionis
366 3905 483 3967 Christi
504 3914 591 3986 patet
614 3905 706 3969 nohis
729 3905 877 3969 introitus
898 3905 930 3967 in
988 3905 1140 3982 bendum,
1162 3903 1242 3967 nihil
1270 3905 1309 3967 de
1334 3905 1489 3985 sanguine
1516 3904 1728 3981 reservabant,

182 4023 317 4083 regnum
344 4003 509 4066 coelorum.
535 4002 707 4067 Combusta
727 4013 832 4066 autem
858 4013 933 4066 sunt
988 4013 1019 4066 et
1034 4002 1269 4067 offerentibus*
1286 4003 1347 4065 nisi
1365 4011 1494 4085 propter
1509 4003 1633 4084 aliquas
1654 4002 1731 4064 scri·
1760 4019 1840 4062 aueo
1854 4023 1879 4061 ut

183 4103 314 4165 illorum
331 4120 466 4183 corpora
481 4111 568 4164 extra
583 4112 696 4178 castra,
713 4102 865 4184 quoniam
882 4122 933 4164 ex·
989 4111 1097 4184 pturas
1114 4110 1167 4164 aut
1183 4101 1304 4182 figuras
1320 4101 1399 4164 inde
1421 4101 1593 4178 faciendas,
1610 4101 1731 4181 aliquid
1746 4083 1880 4193 ΨΜ·

59 4244 84 4295 ²-
112 4225 165 4261 -ιιιι,
183 4210 232 4262 tra
247 4210 372 4283 portam
390 4219 502 4282 passus
517 4209 565 4263 est
579 4201 797 4264 ChristusPer
808 4201 931 4264 hircum
948 4210 972 4271 D
990 4209 1206 4263 reservaretur
1233 4216 1240 4262 :
1267 4201 1351 4280 quod
1377 4221 1395 4262 a
1420 4200 1530 4263 multis
1556 4199 1733 4262 idololatris

60 4301 76 4311 ⁹
181 4308 288 4361 autom
315 4299 372 4380 qui
398 4297 614 4376 emittebatur,
639 4307 742 4381 potest
767 4299 931 4380 significa-
988 4300 1108 4362 factum
1124 4318 1204 4377 esse,
1222 4307 1345 4363 ccrtum
1365 4299 1531 4362 hahemus.
