4309 6259
447 512 506 575 aot
785 528 958 574 ιιιιιιτιι
979 528 1009 573 m
1030 528 1099 573 aar.
1122 526 1221 572 xxxin
1241 525 1437 572 ιιιιιοιιιι.
1460 544 1500 554 -
1520 524 1590 570 ιιι.
1614 524 1653 569 ιιι

445 702 489 763 ris
505 700 598 764 debet
611 700 753 782 quotidie
766 699 938 763 ¹dominicae
952 697 1110 781 passionis
1125 716 1189 759 me·
1203 696 1228 758 A
1240 698 1407 774 piscantia
1422 717 1434 756 :
1451 694 1528 776 quia
1551 694 1602 758 vir
1625 690 1699 756 talis
1723 692 1934 776 progreditur,
1952 700 1988 753 ut

443 798 650 861 ditationibus
667 797 943 861 affectuosissimis
959 796 1189 860 immorariln-
1245 795 1395 878 predicet
1415 794 1465 855 his
1481 795 1536 876 qui
1556 791 1824 877 concupiscentiis
1843 799 1918 853 sunt
1935 792 1988 853 de

442 899 482 960 do
498 905 655 961 venerunt
670 896 703 958 in
718 898 878 960 desertum
894 896 1062 977 Sin,quod
1078 894 1187 957 odium
1243 893 1356 975 pressi,
1374 902 1406 956 et
1421 892 1661 956 carnalitatibus
1675 892 1763 966 victi,
1781 899 1816 954 ut
1831 890 1987 973 preniten-

443 996 667 1077 interpretatur
689 1012 696 1055 ε
721 994 871 1076 quoniam
894 1012 950 1076 per
973 994 1119 1056 inductos
1141 1012 1188 1055 ιι
1243 992 1284 1055 do
1300 990 1503 1068 reviviscant,
1512 1001 1545 1054 ιι
1559 991 1634 1071 igne
1647 990 1789 1054 caritatis
1804 996 1984 1069 tangantur,

442 1094 627 1157 censionum
648 1092 861 1176 spiritualium
883 1093 1011 1172 gradus,
1034 1090 1188 1173 pertingit
1242 1098 1273 1154 ιι
1298 1092 1370 1153 ait:
1395 1091 1504 1170 Surge,
1529 1091 1585 1173 qui
1610 1090 1740 1167 dormis,
1758 1098 1791 1152 et
1814 1108 1984 1168 exsurgea
2015 1110 2104 1165 aptas.

443 1192 538 1254 bomo
563 1192 601 1253 ad
628 1190 879 1254 sincerissimum
904 1191 1011 1254 odium
1038 1189 1188 1270 iniquita·
1243 1191 1387 1254 mortuis.
1406 1191 1480 1253 lnde
1495 1194 1532 1251 ia
1547 1192 1718 1260 Haaerotb,
1732 1189 1818 1271 quod
1833 1176 2026 1269 interpre“·

443 1291 495 1365 tis,
514 1291 547 1351 in
563 1298 717 1372 quantum
733 1288 896 1371 iniqnitas,
914 1297 945 1352 ιι
961 1288 1137 1372 praesertim
1152 1287 1186 1349 in
1243 1298 1327 1352 tatur
1346 1290 1438 1352 atria.
1455 1289 1526 1352 llaec
1545 1308 1683 1369 namque
1697 1289 1830 1368 agendo,
1848 1295 1985 1350 meretur

443 1396 599 1470 quantum
623 1385 784 1451 offensiva
808 1395 856 1449 est
881 1387 946 1450 Dei.
973 1387 1103 1463 Rursus,
1131 1384 1187 1468 qni
1243 1385 1338 1447 bomo
1357 1383 1488 1446 Deitatis
1510 1383 1591 1446 atria
1613 1382 1748 1462 ingredi,
1766 1390 1799 1443 ιι
1821 1381 1855 1444 in
1878 1400 1983 1444 eorum

443 1495 507 1548 tam
524 1486 684 1550 virtuosus
700 1494 758 1561 est,
775 1486 951 1568 praesertim
972 1486 998 1548 si
1018 1484 1091 1548 aliis
1111 1486 1191 1567 ιιι
1242 1482 1511 1564 contemplatione
1526 1482 1690 1563 suspendi,
1702 1480 1745 1543 ita
1760 1489 1796 1543 ut
1809 1499 1848 1543 ex
1863 1488 1984 1543 senten-

443 1584 494 1661 sit,
511 1592 545 1645 nt
559 1583 691 1665 justitiae
707 1582 833 1646 fervens
849 1584 927 1661 zelo,
944 1583 1095 1665 corripiat
1111 1592 1188 1646 stre·
1243 1582 1287 1644 tia
1307 1582 1441 1663 psallat:
1457 1580 1556 1654 Quam
1571 1580 1687 1643 dilecta
1702 1580 1906 1643 tabernacula
1920 1588 1981 1654 tua,
2002 1610 2104 1656 mmm,

442 1681 1186 1763 nuedelinquentes,incurritfrequenterodium
1242 1681 1376 1744 Domine
1401 1680 1555 1744 virtutum
1573 1684 1580 1740 t
1602 1678 1801 1761 concupiscit
1822 1686 1855 1741 ιι
1876 1678 1982 1741 deficit
1996 1676 2039 1718 ²2³·

440 1779 587 1843 aliorum.
612 1780 687 1842 lnde
709 1791 866 1842 venerunt
888 1784 924 1842 in
939 1784 1084 1859 Daptca,
1101 1782 1186 1861 quod
1241 1781 1349 1843 anima
1364 1800 1436 1842 mea
1451 1780 1484 1841 in
1498 1779 1579 1841 atria
1590 1778 1821 1842 bominibtria
1835 1776 1897 1839 ista
1913 1785 1981 1838 sunt

434 1880 666 1961 interpretatur
689 1878 837 1959 pulsatio.
862 1878 919 1952 Qui
945 1880 1030 1941 enim
1054 1880 1101 1942 sic
1119 1879 1188 1943 odit
1205 1879 1886 1944 Bmansionescoelesteslndeoeneruntia
1895 1880 1983 1939 Rett-

441 1976 642 2058 iniquitatem
666 1985 697 2039 ιι
721 1976 860 2057 iniquos,
879 1977 913 2038 in
936 1986 1091 2058 quantum
1113 1986 1188 2039 sunt
1243 1978 1401 2059 mequod
1418 1977 1644 2059 interpretatur
1654 1976 1736 2039 risio
1745 1984 1980 2039 consummata:

442 2076 531 2151 talos,
550 2083 581 2137 et
596 2084 727 2156 propter
742 2075 875 2138 virtutes
895 2094 969 2137 suas
988 2076 1106 2151 oditur,
1123 2094 1186 2138 non
1242 2076 1318 2159 quia
1339 2076 1530 2155 ingredienti
1554 2078 1684 2141 coeleste
1706 2074 1872 2158 palatium,
1890 2074 1983 2157 proti-

442 2181 544 2238 cessat
563 2175 660 2236 Deum
682 2174 829 2256 precibus
851 2174 917 2236 suis
936 2173 1074 2256 pulsare,
1092 2174 1186 2237 ctiam
1243 2196 1303 2238 nus
1319 2177 1412 2238 datur
1427 2194 1485 2257 pro
1500 2175 1631 2257 praemio
1646 2173 1795 2237 beatifica
1809 2173 1904 2250 visio,
1915 2193 1983 2255 qua

443 2290 500 2353 pro
517 2271 658 2334 inimicis
673 2273 804 2349 orando,
823 2272 887 2336 imo
902 2280 933 2336 et
948 2291 1007 2355 pro
1021 2292 1189 2336 conserva·
1243 2284 1290 2340 cst
1305 2274 1532 2357 contemplatio
1553 2283 1781 2338 consummata.
1799 2274 1876 2336 lnde
1894 2292 1983 2335 vene

443 2372 529 2433 tione
546 2370 659 2451 ipsius,
678 2389 718 2432 ne
733 2390 790 2453 per
806 2371 1037 2453 impatientiam
1055 2380 1110 2434 aut
1125 2371 1188 2435 alio
1243 2383 1318 2436 runt
1333 2374 1366 2436 in
1377 2373 1762 2454 Remtnomplzarcsmuod
1777 2371 1854 2434 mali
1870 2372 1982 2434 divisio

443 2470 537 2531 modo
549 2468 1188 2554 vincaturadrersis.lndeinAtue,quod
1244 2474 1480 2555 interpretatur.
1497 2472 1555 2546 Qui
1572 2472 1657 2535 enim
1675 2473 1735 2535 lleo
1751 2470 1900 2534 beatifice
1920 2490 1983 2553 per-

445 2566 671 2648 interpretatur
689 2566 823 2629 labores.
841 2566 898 2640 Qui
918 2568 1003 2631 enim
1024 2569 1122 2632 lleum
1143 2569 1189 2632 sic
1244 2572 1407 2648 fruuntur,
1424 2571 1612 2654 plenissime
1631 2590 1704 2633 cum
1726 2570 1916 2634 suavissimo
1933 2588 1984 2650 gu·

445 2663 551 2746 pulsat
567 2684 623 2746 pro
639 2664 722 2741 aliia,
739 2667 890 2745 grandem
912 2666 973 2727 sibi
994 2667 1055 2749 ipsi
1076 2667 1190 2730 indicit
1244 2679 1296 2732 stu
1320 2671 1516 2746 discernunt,
1544 2670 1621 2751 quid
1647 2669 1730 2731 inter
1752 2669 1930 2732 Creatorem
1954 2678 1985 2731 et

445 2761 584 2824 laborem
606 2762 777 2841 internum,
795 2765 838 2827 ita
858 2771 894 2827 ιι
912 2765 1048 2828 fateatur
1066 2786 1072 2830 :
1091 2766 1190 2829 Labo
1244 2778 1420 2832 creaturam
1436 2769 1571 2846 intersit,
1584 2788 1680 2850 quam
1696 2767 1984 2849 incomparabiliter

445 2860 510 2922 ravi
527 2860 560 2921 in
576 2861 695 2940 gemitu
716 2880 797 2927 meo.
816 2863 934 2947 Nempe
953 2865 1190 2946 quantumlibet
1221 2850 1422 2930 ¹increatum
1443 2865 1522 2928 illud
1543 2864 1846 2949 superpurissimum
1867 2866 1983 2928 bonnm

444 2967 512 3022 oret
528 2976 585 3039 pro
602 2960 765 3040 proximis,
783 2981 908 3043 semper
923 2963 1009 3025 videt
1024 2963 1086 3025 sibi
1102 2964 1191 3027 indo·
1244 2965 1358 3029 ceteris
1374 2964 1533 3027 universis
1549 2964 1686 3027 emineat
1701 2965 1735 3025 in
1750 2963 1838 3027 omni
1855 2962 1984 3025 suavita-

445 3056 579 3120 sinentis
595 3057 698 3120 luctus
714 3058 875 3124 abundare
891 3062 1067 3139 materiam,
1079 3061 1226 3126 adesseC
1245 3074 1286 3141 te,
1299 3063 1506 3139 amabilitate,
1519 3063 1673 3126 felicitate
1687 3071 1720 3125 et
1732 3062 1844 3142 gloria.
1862 3062 1935 3123 lnde
1950 3065 1983 3121 in

445 3174 584 3217 causam.
603 3155 687 3217 Talis
702 3174 830 3238 quoque
845 3158 913 3220 dire
930 3158 1062 3238 laborat,
1081 3171 1116 3223 ut
1135 3181 1190 3224 cor
1244 3167 1366 3232 Mena,
1380 3163 1466 3243 quod
1488 3161 1646 3224 dealbatio
1668 3160 1795 3237 dicitur,
1815 3180 1871 3241 per
1892 3179 1984 3241 quam

445 3272 538 3314 suum
555 3253 587 3315 in
603 3253 666 3315 Deo
683 3252 726 3315 ita
742 3253 904 3333 recolligat
919 3264 949 3317 et
965 3256 1188 3340 defigat,quod
1246 3261 1367 3343 puritas
1385 3260 1579 3340 designatur.
1597 3258 1655 3333 Qui
1670 3259 1757 3321 enim
1771 3257 1983 3341 Omnipotenti

446 3350 559 3412 saltem
579 3359 721 3433 tempore
741 3352 893 3415 orationis
913 3363 944 3416 et
963 3356 1067 3417 cultus
1087 3357 1190 3419 divini
1246 3358 1395 3421 beatifice
1414 3366 1488 3420 sunt
1511 3358 1604 3433 uniti,
1621 3356 1759 3439 amplius
1771 3358 1836 3439 jam
1858 3375 1985 3438 peceare

448 3466 511 3511 non
538 3458 698 3529 evagetur.
725 3449 799 3513 lndc
829 3461 984 3514 venerunt
1009 3455 1045 3514 ln
1070 3458 1191 3531 Raptat—
1245 3477 1310 3520 ιιι
1326 3457 1705 3519 valenttidcircoeorum
1720 3438 1887 3532 munditia,
1900 3454 1985 3516 nulla

445 3547 623 3628 dira,·quod
639 3547 866 3630 interpretatur
876 3548 1043 3614 dissolutio
1058 3551 1189 3616 fortium
1245 3563 1350 3639 potest
1369 3556 1462 3636 culpa
1476 3564 1531 3616 aut
1547 3555 1670 3617 macula
1690 3555 1787 3633 tangi.
1804 3555 1880 3617 lndc
1895 3574 1985 3617 rene

447 3664 502 3707 seu
524 3644 667 3707 remissio
687 3664 838 3708 manuum
856 3664 863 3708 ε
885 3648 1037 3728 quoniam
1056 3670 1113 3731 per
1129 3658 1191 3711 stu·
1246 3662 1321 3715 runt
1336 3658 1372 3714 ira
1388 3658 1497 3722 Rosea,
1509 3654 1594 3734 quod
1610 3652 1835 3734 interpretatur
1850 3652 1986 3714 laudabi-

446 3743 534 3804 dium
550 3745 865 3824 momoratnm‚quod
881 3753 929 3807 est
943 3756 1052 3809 contra
1068 3749 1190 3830 proprii
1246 3752 1296 3813 lis.
1314 3751 1461 3825 Quamvis
1484 3751 1602 3814 etenim
1622 3750 1727 3813 Sancti
1747 3750 1780 3813 in
1800 3751 1904 3832 patria
1924 3750 1986 3813 cul-

446 3842 551 3905 cordis
576 3838 829 3919 instabilitatem,
852 3852 883 3905 ιι
903 3862 959 3925 pro
980 3844 1114 3909 aliorum
1140 3867 1190 3910 re·
1246 3850 1394 3934 pabiliter
1419 3850 1533 3912 tentari
1559 3869 1623 3912 non
1645 3858 1773 3931 queant,
1794 3849 1985 3913 inclinantur

446 3940 596 4003 ductione
616 3940 655 4001 ad
675 3942 784 4016 Deum,
802 3940 987 4005 dissolvitur
1007 3953 1038 4005 ιι
1062 3944 1190 4025 fugatur
1246 3957 1351 4011 tamon
1367 3948 1480 4012 animae
1495 3957 1611 4012 sanctae
1625 3950 1666 4012 ad
1681 3950 1872 4011 resumenda
1881 3967 1986 4031 corpo

448 4037 619 4099 invisibilis
635 4039 790 4115 hostia,et
806 4039 889 4103 vires
905 4040 1006 4121 ipsius
1022 4042 1191 4106 debilitan-
1246 4067 1280 4109 ra
1304 4066 1371 4123 sua,
1394 4065 1458 4108 non
1483 4046 1558 4109 talia
1579 4047 1686 4128 qualia
1711 4065 1797 4109 nnnc
1822 4056 1908 4123 sunt,
1933 4047 1985 4109 sed

301 4158 432 4208 sanator.
450 4145 510 4211 tur,
535 4155 631 4216 quum
655 4136 787 4199 lacobus
813 4147 1018 4218 contestetur,
1043 4140 1191 4203 Resistite
1245 4143 1466 4224 glorificanda,
1480 4152 1514 4205 ut
1530 4144 1624 4205 simul
1639 4164 1713 4206 cum
1728 4143 1794 4206 illis
1808 4144 1985 4223 glorificen·

448 4233 582 4308 diabole,
593 4242 625 4295 ot
640 4233 742 4315 fugiet
757 4255 776 4296 a
791 4235 897 4311 vobis;
911 4237 976 4301 imo
992 4258 1090 4319 quum
1107 4240 1191 4301 dicat
1209 4237 1231 4298 l)
1246 4250 1297 4303 tur
1313 4243 1346 4304 in
1361 4242 1603 4323 sempiternum.
1614 4242 1689 4304 lnde
1700 4253 1858 4303 verterant
1874 4245 1910 4303 in
1923 4248 1985 4305 Coe-

314 4346 422 4395 eaxan.
447 4330 721 4414 psalmographus
739 4331 856 4395 Cadent
872 4353 890 4396 a
906 4335 1003 4398 latere
1019 4345 1073 4399 tuo
1089 4337 1188 4414 mille,
1246 4344 1347 4410 latha,
1363 4342 1448 4421 quod
1474 4340 1699 4421 intorpretatur
1722 4339 1856 4403 ecclesia
1881 4359 1888 4402 :
1914 4360 1986 4423 quo

448 4438 479 4492 et
494 4430 604 4493 decem
620 4430 720 4493 millia
735 4452 753 4494 a
769 4432 887 4495 dextris
904 4434 977 4495 tuis.
1246 4436 1330 4498 niam
1356 4436 1443 4499 Beati
1465 4437 1504 4499 ad
1526 4437 1662 4500 viatores
1684 4444 1716 4500 ct
1736 4438 1775 4499 ad
1797 4437 1985 4501 militantem

487 4528 562 4591 lnde
580 4539 736 4592 venerunt
751 4530 784 4592 in
799 4532 960 4594 desertum
976 4535 1089 4604 Sinai,
1104 4535 1189 4615 quod
1245 4537 1430 4614 Ecclesiam,
1448 4546 1478 4599 et
1494 4538 1533 4599 ad
1549 4556 1604 4600 eos
1620 4538 1674 4618 qui
1690 4538 1723 4600 in
1739 4539 1925 4620 purgatorio
1940 4540 1986 4601 de

446 4627 672 4711 interpretatur
696 4628 821 4691 rubus:
844 4648 907 4712 quo
928 4630 1112 4710 designatur
1134 4632 1191 4695 Ec·
1246 4636 1399 4713 tinentur,
1412 4636 1540 4698 oculum
1557 4636 1695 4717 pietatis,
1713 4653 1806 4717 opem
1821 4637 1984 4706 orationis,

444 4726 552 4804 alesia,
579 4727 655 4809 quia
679 4727 821 4809 praefatis
845 4729 1015 4793 exercitata
1039 4730 1189 4812 profecti·
1243 4732 1396 4796 affectum
1413 4732 1594 4795 dilectionis
1609 4734 1792 4795 extendunt.

444 4825 515 4903 bna,
534 4825 633 4888 instar
659 4825 730 4887 rubi
752 4845 771 4887 a
793 4826 895 4909 Moyse
920 4827 981 4892 visi
1007 4828 1187 4893 inflamma·
1280 4828 1354 4890 lnde
1365 4834 1522 4890 venerunt
1535 4827 1568 4888 in
1579 4835 1719 4889 montem
1730 4831 1862 4904 Sepher.
1872 4828 1985 4911 Sepher

445 4934 506 5002 tur,
524 4933 556 4987 ιι
572 4924 753 5005 cooperitur
776 4925 850 5005 igne
866 4926 967 4989 divini
982 4928 1112 5004 ameria,
1131 4948 1188 4992 nec
1244 4926 1449 5008 pulchritudo
1474 4926 1699 5007 interpretatur
1721 4944 1728 4989 :
1756 4925 1868 5007 sicque
1898 4945 1985 4989 mons

445 5022 570 5086 laeditur
591 5022 677 5099 inde,
695 5023 750 5085 sed
773 5023 876 5105 eulpae
898 5024 1010 5105 rubigo
1031 5028 1189 5088 consumi·
1244 5026 1363 5107 Sepber
1388 5033 1435 5086 est
1460 5024 1639 5087 sublimitas
1666 5024 1915 5106 pulchritudinis
1943 5027 1985 5087 in·
2067 5036 2072 5045 '

446 5130 515 5183 tur:
534 5122 643 5202 sicque
669 5121 701 5182 in
726 5141 798 5184 arce
823 5122 964 5185 Ecclesia
989 5125 1130 5205 ponitur,
1157 5136 1188 5189 et
1243 5123 1444 5199 tellectuafis,
1463 5124 1527 5184 imo
1543 5124 1624 5185 Deus
1644 5122 1982 5205 superpulcberrimus,

296 5238 427 5290 coartatas.
444 5219 477 5281 in
503 5228 610 5283 monta
635 5220 777 5297 sublimi,
806 5229 956 5302 tanquam
982 5222 1112 5286 lucerna
1138 5226 1187 5286 lu·
1243 5222 1316 5285 fons
1332 5222 1474 5283 universi
1491 5221 1624 5297 decoris,
1642 5221 1675 5283 in
1689 5210 1786 5301 ouem
1804 5222 1890 5284 Beati
1911 5231 1983 5285 tota-

442 5337 518 5382 ιιιι
542 5328 574 5381 ιι
594 5318 720 5381 ardens.
739 5319 812 5383 lnde
837 5324 881 5381 ad
903 5326 1050 5399 sepulcra
1068 5326 1186 5384 Concu-
1242 5320 1316 5382 liter
1332 5318 1608 5395 transformantur,
1626 5319 1764 5382 viatores
1783 5337 1911 5401 quoquc
1930 5318 1981 5381 ali-
