4309 6259
424 475 483 540 ott

741 499 915 546 annonario
936 500 967 545 m
988 500 1056 546 CAP.
1079 499 1145 545 1¹11
1166 499 1399 546 bzwsnoholtt.
1422 520 1462 530 -
1482 501 1553 546 ΛΒΤ.
1575 501 1651 547 xxnt

424 684 466 728 no
481 667 591 730 eodem
608 677 752 751 tempore
773 670 944 748 ollerendi,
962 679 1070 754 utpote
1086 671 1208 733 deci-A
1224 671 1289 734 lere
1310 672 1427 754 populo
1451 692 1520 750 suo,
1544 671 1576 734 in
1601 692 1665 754 quo
1689 673 1777 736 nullo
1802 671 1967 752 indigebat

423 784 483 828 mat
505 774 600 848 atque
622 768 771 850 primitiae
793 769 907 832 horum
927 787 933 830 :
956 771 1041 851 quod
1062 777 1168 832 tamen

423 865 649 928 convenienter
670 865 742 929 lieri
766 868 887 949 nequit,
904 869 1055 949 quoniam
1075 868 1170 930 blada

423 982 494 1043 quat
518 973 690 1028 nascuntur
712 985 749 1028 ex
770 966 957 1044 seminibus,
976 968 1070 1030 citius
1095 977 1170 1029 sunt

424 1069 547 1123 matura
567 1083 662 1144 quam
681 1084 770 1141 uvae3
788 1074 819 1127 et
842 1066 868 1126 si
892 1065 924 1127 in
941 1085 1043 1128 messe
1063 1066 1170 1129 blado

424 1178 494 1221 rum
511 1161 710 1224 solverentur
729 1182 838 1226 eorum
857 1165 988 1227 decimae
1008 1185 1044 1227 ac
1060 1165 1170 1247 primi-

425 1259 488 1335 tiae,
515 1269 621 1341 posset
643 1262 746 1343 putari
772 1264 857 1344 quod
878 1264 917 1325 de
943 1263 1048 1326 fructu
1068 1264 1170 1326 vincae

424 1356 490 1438 agri
515 1359 670 1440 ejusdem,
689 1379 752 1423 non
776 1371 881 1424 essent
901 1360 1032 1424 decima
1054 1381 1091 1425 ac
1109 1363 1170 1444 pri-

425 1457 522 1519 mitiae
538 1457 650 1520 dandae
661 1476 667 1519 :
680 1459 765 1540 quod
781 1468 864 1522 esset
878 1468 989 1522 contra
1004 1460 1083 1540 legis
1094 1480 1170 1542 prat-

425 1563 565 1636 ceptum,
585 1563 615 1618 ot
639 1556 757 1619 Levitis
780 1558 1061 1639 sacerdotibusque
1085 1559 1171 1621 noci-

424 1672 510 1714 vum.
529 1653 624 1716 Porro
647 1653 679 1715 in
695 1655 825 1719 Hebraeo
846 1654 948 1718 lertur
963 1657 1084 1732 haberi,
1102 1657 1170 1719 Non

425 1770 511 1814 seres
531 1751 666 1828 mixtim,
692 1772 732 1816 ne
754 1754 915 1835 polluatur
935 1755 1100 1836 plenitudo
1126 1774 1172 1817 se-

1223 771 1369 847 consilio,
1381 772 1531 852 quoniam
1548 771 1610 834 tale
1625 771 1849 834 detrimentum
1865 770 1969 832 omni-

1223 869 1284 932 bus
1298 879 1431 933 constat.
1449 871 1549 932 Causa
1563 889 1638 951 ergo
1654 871 1687 931 in
1702 871 1761 932 hoc
1783 869 1846 930 luit
1861 868 1969 931 exstir-

1225 969 1310 1052 patio
1334 968 1520 1031 idololatriae
1540 968 1653 1030 Bacchi
1674 977 1706 1030 et
1728 967 1851 1030 (leceris
1869 985 1877 1028 :
1894 987 1970 1047 quo

1225 1086 1295 1129 rum
1311 1067 1449 1129 cultores
1460 1068 1542 1130 sicut
1554 1067 1632 1128 ritus
1642 1077 1674 1129 ct
1683 1067 1824 1129 culturas
1839 1065 1968 1129 illorum

1224 1167 1399 1228 miscebant
1416 1174 1448 1228 ct
1463 1167 1710 1246 conjungebant,
1728 1166 1820 1228 sicet
1845 1163 1968 1225 fructus

1224 1283 1304 1346 quos
1320 1262 1479 1326 bcnelicio
1494 1265 1626 1327 deorum
1647 1264 1773 1327 illorum
1794 1282 1828 1324 se
1847 1262 1969 1326 obtine

1225 1383 1258 1425 rc
1280 1362 1462 1436 credebant,
1487 1362 1521 1423 in
1543 1363 1654 1425 eodem
1676 1380 1752 1440 agro
1773 1361 1968 1440 conjungere

1224 1463 1308 1526 soliti
1330 1469 1430 1535 erant,
1449 1461 1591 1524 volentes
1606 1461 1749 1523 Cererem
1765 1469 1796 1521 et
1811 1459 1966 1521 Bacchum

1224 1559 1312 1622 cultu
1328 1568 1423 1641 atque
1438 1559 1589 1641 operibus
1604 1559 1735 1621 sociare.
1753 1559 1823 1620 llaec
1838 1557 1969 1618 Guillel-

1225 1678 1306 1721 mus.
1324 1658 1393 1720 Alia
1408 1658 1513 1719 littera
1535 1658 1640 1734 habet,
1657 1657 1724 1719 Non
1739 1676 1825 1720 seres
1842 1657 1967 1718 vineam

1225 1767 1312 1820 tuam
1333 1757 1431 1819 altero
1452 1756 1585 1832 semine,
1603 1776 1643 1820 ne
1668 1757 1786 1837 pariter
1811 1754 1970 1818 sullocen-

425 1851 522 1912 minis
538 1851 624 1932 quod
636 1852 812 1929 seminasti,
822 1862 854 1916 et
865 1863 1039 1935 proventus
1050 1855 1168 1918 vincat:
1188 1857 1211 1919 ll
1226 1865 1296 1917 tur:
1309 1853 1971 1937 quodcomprobatlosephus,conjunctio

425 1950 517 2029 cujus
538 1968 650 2012 sensus
671 1959 729 2027 est,
747 1952 899 2032 quoniam
927 1951 1050 2015 fructus
1070 1953 1172 2016 vincte

426 2049 465 2110 de
481 2065 564 2111 novo
587 2048 745 2130 plantatae,
764 2049 865 2113 tribus
886 2051 998 2132 primis
1019 2052 1112 2114 annis
1127 2071 1172 2113 se-

427 2146 567 2209 cundum
588 2146 689 2226 legem
716 2146 778 2209 luit
798 2148 993 2226 immundus,
1017 2158 1053 2210 ut
1076 2169 1173 2230 supra

429 2245 593 2306 inductum
611 2252 668 2322 est,
686 2255 717 2308 et
738 2246 770 2307 in
787 2247 928 2310 Levitico
943 2247 1058 2327 legitur
1077 2267 1084 2309 :
1102 2267 1174 2330 pro

428 2351 498 2425 pter
514 2345 599 2424 quod
614 2352 688 2406 ante
703 2354 851 2425 quartum
871 2365 990 2408 annum
1006 2366 1069 2409 non
1087 2355 1174 2428 pote

429 2444 531 2505 ratde
548 2443 653 2507 lructu
671 2445 773 2508 rinetu
798 2445 870 2507 talis
892 2446 1010 2509 oblatio
1033 2448 1116 2522 licri,
1134 2448 1173 2509 dc

428 2541 532 2604 bladis
548 2560 623 2604 vero
639 2551 759 2623 poterat
777 2543 849 2605 lieri
867 2544 986 2607 oblatio
1002 2545 1106 2626 primo
1121 2564 1174 2607 an-

429 2659 481 2702 no.
501 2639 560 2702 Sed
581 2640 675 2703 blada
696 2640 752 2703 illa
768 2641 800 2703 in
821 2643 915 2705 vinea
937 2651 1016 2720 orta,
1035 2643 1172 2706 fructum

429 2739 504 2802 vitis
519 2740 689 2819 tangendo,
702 2739 910 2803 allicerentur
926 2741 1100 2817 immunda,
1112 2750 1174 2802 tan-

428 2838 531 2917 gendo
547 2837 748 2900 immundum
767 2856 774 2900 :
793 2839 838 2900 sic
858 2847 1030 2920 utrumque
1052 2847 1176 2922 reputa-

429 2943 515 2998 retur
538 2935 739 2998 immundum
764 2945 859 3019 atque
881 2937 1023 3020 ineptum
1049 2939 1089 3000 ad
1120 2938 1175 2999 im·

1227 1973 1301 2016 nem
1321 1954 1403 2016 hanc
1423 1971 1492 2016 esse
1511 1953 1703 2035 prohibitam
1723 1973 1879 2030 asserens,
1895 1954 1971 2034 quia

1227 2062 1340 2116 natura
1365 2072 1429 2116 non
1455 2053 1577 2115 laetatur
1596 2052 1800 2114 dissimilium
1819 2053 1973 2115 commix-

1228 2152 1324 2216 tione.

1268 2255 1342 2312 Non
1362 2252 1470 2310 arabis
1492 2251 1529 2309 in
1552 2252 1627 2310 bove
1650 2247 1972 2318 simulationem

1227 2359 1285 2425 est,
1309 2349 1422 2412 berem
1448 2357 1480 2410 et
1499 2347 1622 2410 asinum
1649 2366 1713 2409 non
1738 2347 1913 2428 conjunges
1938 2347 1972 2408 in

1227 2456 1331 2512 aratro
1352 2448 1392 2509 ad
1416 2447 1569 2509 arandum
1596 2463 1603 2507 :
1628 2447 1713 2526 quod
1737 2445 1836 2525 aliqui
1861 2445 1973 2508 dicunt

1227 2549 1351 2628 jussum
1368 2566 1384 2608 a
1401 2545 1545 2620 Domino,
1563 2553 1719 2625 quatenus
1733 2543 1831 2605 Judaei
1847 2563 1975 2606 exerce-

1229 2652 1339 2707 rentur
1359 2644 1398 2706 ad
1421 2644 1570 2726 pictatem
1595 2643 1679 2705 eirca
1702 2642 1845 2723 jumenta
1868 2651 1973 2712 terra,

1229 2742 1495 2824 quemadmodum
1507 2741 1591 2804 circa
1602 2741 1758 2817 uolucres,
1767 2748 1878 2821 utpote
1888 2741 1977 2803 circa

1229 2861 1303 2904 aves
1318 2849 1349 2902 et
1366 2839 1481 2921 pullos,
1499 2848 1535 2900 ut
1549 2838 1670 2902 dietum
1692 2845 1752 2900 est.
1768 2838 1869 2911 Quum
1886 2839 1976 2900 enim

1229 2939 1286 3002 bos
1311 2938 1353 3000 sit
1377 2936 1490 2999 lortior
1513 2936 1614 3012 asino,
1641 2937 1821 3016 habeatque
1844 2955 1977 3018 passum

429 3034 624 3096 molandum.
652 3034 740 3097 llatio
770 3036 916 3112 demum,
943 3038 1026 3118 quod
1052 3034 1174 3099 Hebraei
1192 3037 1214 3101 C
1230 3038 1394 3117 majorem,
1412 3035 1521 3097 asinus
1540 3035 1633 3098 valde
1652 3034 1872 3097 molestaretur
1887 3054 1981 3096 arau-

429 3133 550 3211 legunt,
567 3133 791 3211 Pollutionem,
803 3134 858 3196 ubi
874 3134 1039 3211 hebemus,
1058 3135 1176 3197 Sancti·

431 3231 626 3308 ficationem,
650 3240 709 3307 est,
730 3232 882 3313 quoniam
903 3233 1001 3295 dictio
1023 3232 1176 3295 Hebraico

429 3331 468 3392 ad
485 3338 656 3410 utrumque
672 3330 835 3410 aequivoca
845 3339 904 3408 est,
916 3339 947 3394 et
963 3331 1175 3394 diversimode

431 3436 644 3509 punctuatur;
661 3436 799 3491 attamen
824 3439 940 3510 puncta
962 3448 1024 3492 non
1046 3438 1121 3491 sunt
1135 3430 1175 3492 de

431 3525 608 3588 substantia
623 3525 747 3602 littorat,
758 3527 812 3589 sed
825 3528 948 3590 variant
959 3529 1089 3591 modum
1106 3546 1176 3610 pro

432 3624 600 3686 nuntiandi
620 3632 651 3687 et
671 3625 888 3704 significandi,
906 3627 1174 3707 quemadmodum

431 3723 577 3785 diversus
592 3732 741 3785 accentus
757 3725 841 3805 apud
852 3724 980 3786 Latinos
992 3724 1092 3786 variat
1107 3743 1176 3806 pro·

432 3821 663 3884 nuntiationem
680 3830 712 3884 et
726 3821 1007 3903 significationem.

471 3919 624 4001 Amplius,
637 3919 721 3982 circa
737 3920 803 3983 haec
818 3920 928 3982 scribit
942 3919 1130 3983 Guillelmus
1141 3920 1177 3982 li-

432 4018 490 4080 bro
506 4018 544 4080 dc
559 4017 635 4080 Fide
650 4025 682 4080 ct
697 4018 819 4097 legibus
838 4037 844 4080 :
862 4019 988 4080 Eisdem
1004 4019 1174 4095 decausis,

432 4115 473 4178 ob
488 4135 567 4196 quas
587 4115 709 4179 scilicet
729 4116 894 4198 prohibuit
913 4137 1005 4178 usum
1027 4117 1124 4180 restis
1139 4137 1177 4179 ex

1229 3137 1354 3199 docum
1371 3132 1659 3197 boreGuillelmns
1676 3141 1781 3195 autem
1797 3133 1875 3195 dicit
1891 3133 1980 3194 istud

1229 3253 1298 3297 esse
1318 3241 1509 3314 preceptum
1531 3229 1565 3292 in
1583 3231 1823 3294 detestationem
1844 3230 1982 3294 idolola-

1230 3332 1308 3395 triae.
1333 3331 1395 3392 Has
1417 3349 1555 3411 namque
1576 3331 1625 3408 (ut
1652 3329 1710 3409 ait)
1732 3330 1981 3409 conjunctiones

1229 3430 1414 3494 animalium
1440 3429 1638 3491 diversarum
1663 3428 1838 3510 specierum
1865 3427 1899 3489 in
1924 3447 1981 3490 eo-

1229 3532 1301 3593 dem
1317 3547 1413 3611 opere
1431 3527 1590 3590 faciebant
1606 3527 1790 3602 idololatra,
1795 3527 1886 3607 juxta
1900 3545 1981 3590 con-

1229 3626 1410 3709 junctiones
1439 3625 1637 3706 planetarum
1664 3634 1696 3687 et
1717 3623 1795 3685 alias
1819 3624 1979 3704 quasdam

1230 3724 1498 3799 constellationes,
1516 3742 1554 3786 ex
1569 3724 1630 3786 hoc
1650 3721 1830 3804 prosperari
1845 3722 1982 3784 creden-

1232 3833 1288 3886 tes.
1306 3821 1477 3903 Voluitque
1498 3823 1579 3884 [leus
1600 3821 1772 3884 vanitatem
1794 3820 1891 3900 hujus
1913 3840 1983 3882 cre

1231 3919 1373 3983 dulitatis
1398 3938 1559 3982 removere
1581 3939 1600 3982 a
1625 3919 1774 3983 cordibus
1796 3918 1980 3981 ludaeorum

1231 4029 1383 4100 tanquam
1399 4018 1537 4081 radicem
1559 4017 1756 4091 idololatriae,
1774 4036 1815 4079 ne
1830 4036 1887 4098 per
1906 4035 1981 4079 eam

1230 4119 1269 4180 ad
1285 4117 1450 4179 stellarum
1461 4115 1589 4178 servitia
1606 4116 1817 4190 traherentur,
1829 4115 1983 4178 Creatore

433 4214 498 4276 lino
524 4223 555 4277 et
576 4215 648 4276 lana
667 4222 832 4291 contextae,
850 4215 1015 4297 prohibuit
1034 4217 1117 4279 Deus
1137 4235 1177 4278 ne
1192 4222 1216 4283 ll
1232 4216 1353 4279 relicto.
1366 4215 1461 4277 Porro
1476 4214 1651 4277 seeundum
1661 4213 1813 4275 Thomam
1829 4212 1862 4273 in
1874 4213 1984 4293 prima

433 4311 527 4374 vinca
547 4321 704 4375 sereretur
721 4313 784 4376 alio
806 4313 937 4376 semine.
951 4314 1177 4376 Verumtamen

432 4429 528 4472 unam
553 4411 585 4472 in
602 4411 845 4474 Deuteronomio
865 4411 953 4473 addit
974 4431 1114 4488 causam,
1132 4412 1178 4474 vi-

434 4507 548 4572 delicet
565 4528 605 4571 ne
620 4509 771 4572 sementis
783 4518 813 4572 et
830 4509 950 4572 fructus
967 4510 1068 4573 vineat
1083 4510 1177 4571 simul

433 4606 566 4669 Domino
582 4606 835 4682 sanctificentur,
848 4607 908 4670 hoc
923 4616 981 4684 est,
994 4627 1033 4670 ne
1048 4607 1179 4670 decimat

433 4711 465 4766 et
479 4703 641 4785 primitiva
657 4722 765 4767 eorum
782 4705 900 4787 pariter
910 4705 1180 4787 odoranturque

433 4803 515 4865 Deus
530 4803 632 4865 voluit
646 4803 781 4866 diversis
799 4805 994 4886 temporibus
1005 4805 1106 4880 reddi,
1123 4804 1180 4868 sic-

433 4909 468 4962 ut
484 4900 617 4964 dirersis
631 4902 827 4983 temporibus
838 4902 1044 4983 colliguntur.
1054 4903 1180 4965 Utilitas

435 5000 585 5082 praecepti
599 5001 688 5080 juxta
704 5000 839 5064 litteram
857 5000 1027 5063 manifesta
1037 5002 1181 5083 est,quia

434 5098 579 5161 collectio
596 5098 746 5160 sementis
763 5098 833 5160 lieri
851 5117 914 5161 non
926 5099 1045 5162 valeret
1059 5100 1181 5180 absque

435 5195 625 5258 detrimento
640 5203 695 5258 aut
713 5195 855 5277 periculo
870 5196 982 5259 vineae.
1000 5197 1180 5259 Ridiculum

435 5312 511 5356 vero
526 5302 585 5370 est,
602 5303 713 5376 putare
729 5294 896 5357 Dominum
914 5295 1053 5357 voluisse
1068 5314 1182 5358 consu-

1232 4314 1389 4391 secunda,
1400 4313 1575 4393 quaestione
1591 4311 1659 4387 l02,
1678 4311 1762 4372 istud
1778 4319 1825 4373 cst
1846 4311 1984 4392 parabo-

1232 4413 1329 4475 licum
1345 4411 1490 4486 verbum,
1508 4418 1543 4472 ut
1566 4409 1608 4471 sit
1629 4428 1741 4471 sensus
1759 4427 1766 4470 :
1784 4409 1851 4471 Non
1871 4409 1983 4471 arabis

1233 4512 1266 4572 in
1282 4512 1363 4574 bove
1385 4518 1417 4572 et
1437 4509 1538 4582 asino,
1556 4509 1588 4570 id
1610 4517 1669 4583 est,
1687 4507 1720 4568 in
1743 4507 1983 4589 predicationis

1233 4609 1344 4675 ollicio
1374 4627 1438 4671 non
1468 4608 1641 4688 conjunges
1666 4606 1840 4688 sapientem
1870 4626 1907 4669 ac
1936 4606 1985 4669 la·

1234 4718 1335 4783 tuum,
1360 4706 1511 4788 quoniam
1534 4725 1617 4767 unus
1640 4705 1774 4786 impedit
1796 4704 1907 4766 alium,
1926 4705 1986 4768 Su-

1235 4807 1325 4889 piens
1337 4805 1456 4886 quippo
1467 4823 1523 4886 per
1531 4803 1777 4880 boren,stuttns
1785 4821 1841 4885 per
1851 4803 1983 4865 asinum

1235 4903 1430 4982 designatur.
1448 4902 1542 4965 Porro
1562 4901 1718 4982 Iosephus
1736 4900 1781 4963 sic
1803 4900 1955 4981 exposuit
1974 4922 1982 4966 :

1235 5002 1301 5064 Non
1317 4999 1423 5063 arabis
1438 4999 1472 5060 in
1488 5000 1568 5062 hove
1582 5007 1614 5060 et
1629 4999 1730 5073 asino,
1748 4999 1780 5061 id
1799 5006 1857 5073 cst,
1874 4997 1985 5061 bobus

1237 5107 1358 5161 tantum
1378 5105 1460 5160 terra
1479 5097 1596 5158 aranda
1611 5104 1670 5167 est,
1687 5105 1722 5158 ut
1743 5097 1871 5159 nomine
1893 5097 1983 5159 asini

1236 5204 1340 5260 cetera
1354 5195 1462 5258 omnia
1478 5194 1628 5257 animalia
1644 5194 1862 5275 intelligantur
1876 5195 1986 5258 exclu-

1236 5315 1280 5358 sa.
1300 5294 1399 5357 ludaei
1418 5303 1526 5356 autem
1545 5293 1657 5356 dicunt
1676 5293 1736 5356 hoc
1755 5293 1826 5356 idco
1839 5293 1983 5372 jussum,
