<?xml version="1.0" encoding="UTF-8"?>
<!DOCTYPE html PUBLIC "-//W3C//DTD XHTML 1.0 Transitional//EN"
    "http://www.w3.org/TR/xhtml1/DTD/xhtml1-transitional.dtd">
<html xmlns="http://www.w3.org/1999/xhtml" xml:lang="en" lang="en">
 <head>
  <title>
</title>
<meta http-equiv="Content-Type" content="text/html;charset=utf-8" />
  <meta name='ocr-system' content='tesseract 3.04.00' />
  <meta name='ocr-capabilities' content='ocr_page ocr_carea ocr_par ocr_line ocrx_word'/>
</head>
<body>
  <div class='ocr_page' id='page_1' title='image "./doctorisecstati00unkngoog_0749.png"; bbox 0 0 4309 6259; ppageno 0'>
   <div class='ocr_carea' id='block_1_1' title="bbox 507 524 1747 594">
    <p class='ocr_par' dir='ltr' id='par_1_1' title="bbox 507 524 1747 594">
     <span class='ocr_line' id='line_1_1' title="bbox 507 524 1747 594; baseline 0.011 -14"><span class='ocrx_word' id='word_1_1' title='bbox 507 535 681 582; x_wconf 65' lang='lat' dir='ltr'>carnunto</span> <span class='ocrx_word' id='word_1_2' title='bbox 703 537 734 582; x_wconf 83' lang='grc' dir='ltr'>ΙΝ</span> <span class='ocrx_word' id='word_1_3' title='bbox 755 538 823 582; x_wconf 78' lang='lat' dir='ltr'>GAP.</span> <span class='ocrx_word' id='word_1_4' title='bbox 847 529 940 584; x_wconf 80' lang='lat' dir='ltr'>xxxtt&#39;</span> <span class='ocrx_word' id='word_1_5' title='bbox 955 540 1188 590; x_wconf 77' lang='lat' dir='ltr'>neuruuottorttt.</span> <span class='ocrx_word' id='word_1_6' title='bbox 1211 564 1252 575; x_wconf 93' lang='lat'><em>-</em></span> <span class='ocrx_word' id='word_1_7' title='bbox 1272 547 1342 592; x_wconf 73' lang='grc' dir='ltr'>ΛΒΤ.</span> <span class='ocrx_word' id='word_1_8' title='bbox 1366 547 1450 594; x_wconf 84' lang='lat' dir='ltr'>XXXV</span> <span class='ocrx_word' id='word_1_9' title='bbox 1690 524 1747 594; x_wconf 67' lang='lat' dir='ltr'>(llll</span> 
     </span>
    </p>
   </div>
   <div class='ocr_carea' id='block_1_2' title="bbox 198 702 1749 798">
    <p class='ocr_par' dir='ltr' id='par_1_2' title="bbox 198 702 1749 798">
     <span class='ocr_line' id='line_1_2' title="bbox 198 702 1749 798; baseline 0.013 -36"><span class='ocrx_word' id='word_1_10' title='bbox 198 702 319 764; x_wconf 78' lang='lat' dir='ltr'>reddas</span> <span class='ocrx_word' id='word_1_11' title='bbox 343 705 521 787; x_wconf 90' lang='lat' dir='ltr'>unicuique</span> <span class='ocrx_word' id='word_1_12' title='bbox 547 709 721 772; x_wconf 87' lang='lat' dir='ltr'>secundum</span> <span class='ocrx_word' id='word_1_13' title='bbox 748 729 859 772; x_wconf 88' lang='lat' dir='ltr'>omnes</span> <span class='ocrx_word' id='word_1_14' title='bbox 884 710 991 772; x_wconf 85' lang='lat' dir='ltr'>viasA</span> <span class='ocrx_word' id='word_1_15' title='bbox 1046 716 1138 789; x_wconf 71' lang='lat' dir='ltr'>Ignis</span> <span class='ocrx_word' id='word_1_16' title='bbox 1159 736 1326 778; x_wconf 76' lang='lat' dir='ltr'>succensus</span> <span class='ocrx_word' id='word_1_17' title='bbox 1346 730 1392 780; x_wconf 78' lang='lat' dir='ltr'>ert</span> <span class='ocrx_word' id='word_1_18' title='bbox 1421 723 1457 780; x_wconf 81' lang='lat' dir='ltr'>ia</span> <span class='ocrx_word' id='word_1_19' title='bbox 1479 722 1592 798; x_wconf 83' lang='lat' dir='ltr'>farore</span> <span class='ocrx_word' id='word_1_20' title='bbox 1617 741 1697 791; x_wconf 85' lang='lat' dir='ltr'>meo,</span> <span class='ocrx_word' id='word_1_21' title='bbox 1718 720 1749 783; x_wconf 94' lang='lat' dir='ltr'>id</span> 
     </span>
    </p>
   </div>
   <div class='ocr_carea' id='block_1_3' title="bbox 199 811 1752 997">
    <p class='ocr_par' dir='ltr' id='par_1_3' title="bbox 199 811 1752 997">
     <span class='ocr_line' id='line_1_3' title="bbox 199 811 1752 899; baseline 0.013 -38"><span class='ocrx_word' id='word_1_22' title='bbox 199 818 289 862; x_wconf 87' lang='lat' dir='ltr'>suas.</span> <span class='ocrx_word' id='word_1_23' title='bbox 1006 818 1064 887; x_wconf 87' lang='lat' dir='ltr'>est,</span> <span class='ocrx_word' id='word_1_24' title='bbox 1082 811 1221 877; x_wconf 77' lang='lat' dir='ltr'>dictante</span> <span class='ocrx_word' id='word_1_25' title='bbox 1238 815 1341 895; x_wconf 89' lang='lat' dir='ltr'>rigore</span> <span class='ocrx_word' id='word_1_26' title='bbox 1354 816 1486 899; x_wconf 80' lang='lat' dir='ltr'>justitia</span> <span class='ocrx_word' id='word_1_27' title='bbox 1502 837 1589 895; x_wconf 80' lang='lat' dir='ltr'>mea,</span> <span class='ocrx_word' id='word_1_28' title='bbox 1601 819 1752 881; x_wconf 89' lang='lat' dir='ltr'>accendo-</span> 
     </span>
     <span class='ocr_line' id='line_1_4' title="bbox 246 902 1752 997; baseline 0.012 -37"><span class='ocrx_word' id='word_1_29' title='bbox 246 902 419 962; x_wconf 78' lang='lat' dir='ltr'>Generotio</span> <span class='ocrx_word' id='word_1_30' title='bbox 438 906 526 964; x_wconf 82' lang='lat' dir='ltr'>enim</span> <span class='ocrx_word' id='word_1_31' title='bbox 541 923 695 980; x_wconf 78' lang='lat' dir='ltr'>perverso</span> <span class='ocrx_word' id='word_1_32' title='bbox 713 917 768 978; x_wconf 83' lang='lat' dir='ltr'>est,</span> <span class='ocrx_word' id='word_1_33' title='bbox 787 907 818 968; x_wconf 92' lang='lat' dir='ltr'>id</span> <span class='ocrx_word' id='word_1_34' title='bbox 839 915 886 969; x_wconf 86' lang='lat' dir='ltr'>cst</span> <span class='ocrx_word' id='word_1_35' title='bbox 905 907 952 968; x_wconf 91' lang='lat' dir='ltr'>in·</span> <span class='ocrx_word' id='word_1_36' title='bbox 1005 917 1058 971; x_wconf 87' lang='lat' dir='ltr'>tur</span> <span class='ocrx_word' id='word_1_37' title='bbox 1074 911 1158 991; x_wconf 90' lang='lat' dir='ltr'>ignis</span> <span class='ocrx_word' id='word_1_38' title='bbox 1174 912 1207 973; x_wconf 93' lang='lat' dir='ltr'>in</span> <span class='ocrx_word' id='word_1_39' title='bbox 1223 932 1276 976; x_wconf 90' lang='lat' dir='ltr'>ecs</span> <span class='ocrx_word' id='word_1_40' title='bbox 1295 931 1302 975; x_wconf 93' lang='lat'>:</span> <span class='ocrx_word' id='word_1_41' title='bbox 1325 917 1411 996; x_wconf 88' lang='lat' dir='ltr'>quod</span> <span class='ocrx_word' id='word_1_42' title='bbox 1426 935 1445 978; x_wconf 89' lang='lat' dir='ltr'>a</span> <span class='ocrx_word' id='word_1_43' title='bbox 1459 916 1613 978; x_wconf 76' lang='lat' dir='ltr'>Chaldaeis</span> <span class='ocrx_word' id='word_1_44' title='bbox 1632 915 1752 997; x_wconf 90' lang='lat' dir='ltr'>aliqua·</span> 
     </span>
    </p>
   </div>
   <div class='ocr_carea' id='block_1_4' title="bbox 197 999 1752 1097">
    <p class='ocr_par' dir='ltr' id='par_1_4' title="bbox 197 999 1752 1097">
     <span class='ocr_line' id='line_1_5' title="bbox 197 999 1752 1097; baseline 0.011 -38"><span class='ocrx_word' id='word_1_45' title='bbox 197 1007 302 1078; x_wconf 87' lang='lat' dir='ltr'>grata·</span> <span class='ocrx_word' id='word_1_46' title='bbox 319 1007 351 1062; x_wconf 91' lang='lat' dir='ltr'>ct</span> <span class='ocrx_word' id='word_1_47' title='bbox 377 999 533 1084; x_wconf 91' lang='lat' dir='ltr'>improba,</span> <span class='ocrx_word' id='word_1_48' title='bbox 560 1014 589 1063; x_wconf 84' lang='lat' dir='ltr'>et</span> <span class='ocrx_word' id='word_1_49' title='bbox 615 1005 762 1083; x_wconf 75' lang='lat' dir='ltr'>infideles</span> <span class='ocrx_word' id='word_1_50' title='bbox 790 1008 868 1082; x_wconf 76' lang='lat' dir='ltr'>filii,</span> <span class='ocrx_word' id='word_1_51' title='bbox 895 1006 951 1088; x_wconf 87' lang='lat' dir='ltr'>qui</span> <span class='ocrx_word' id='word_1_52' title='bbox 1008 1008 1080 1072; x_wconf 88' lang='lat' dir='ltr'>liter</span> <span class='ocrx_word' id='word_1_53' title='bbox 1096 1019 1144 1072; x_wconf 87' lang='lat' dir='ltr'>est</span> <span class='ocrx_word' id='word_1_54' title='bbox 1159 1010 1337 1094; x_wconf 88' lang='lat' dir='ltr'>impletum,</span> <span class='ocrx_word' id='word_1_55' title='bbox 1351 1015 1405 1094; x_wconf 89' lang='lat' dir='ltr'>qui</span> <span class='ocrx_word' id='word_1_56' title='bbox 1424 1015 1577 1097; x_wconf 91' lang='lat' dir='ltr'>templum</span> <span class='ocrx_word' id='word_1_57' title='bbox 1593 1023 1625 1078; x_wconf 92' lang='lat' dir='ltr'>et</span> <span class='ocrx_word' id='word_1_58' title='bbox 1639 1016 1752 1078; x_wconf 92' lang='lat' dir='ltr'>urbem</span> 
     </span>
    </p>
   </div>
   <div class='ocr_carea' id='block_1_5' title="bbox 196 1095 1895 5124">
    <p class='ocr_par' dir='ltr' id='par_1_5' title="bbox 196 1095 1895 5124">
     <span class='ocr_line' id='line_1_6' title="bbox 198 1095 1752 1187; baseline 0.012 -31"><span class='ocrx_word' id='word_1_59' title='bbox 198 1095 288 1158; x_wconf 89' lang='lat' dir='ltr'>Patri</span> <span class='ocrx_word' id='word_1_60' title='bbox 304 1098 480 1179; x_wconf 80' lang='lat' dir='ltr'><strong>spirituum</strong></span> <span class='ocrx_word' id='word_1_61' title='bbox 496 1119 560 1164; x_wconf 90' lang='lat' dir='ltr'>non</span> <span class='ocrx_word' id='word_1_62' title='bbox 571 1103 804 1185; x_wconf 89' lang='lat' dir='ltr'>obtemperant.</span> <span class='ocrx_word' id='word_1_63' title='bbox 818 1107 888 1181; x_wconf 80' lang='lat' dir='ltr'>Ipsi</span> <span class='ocrx_word' id='word_1_64' title='bbox 904 1125 952 1164; x_wconf 86' lang='lat' dir='ltr'>me</span> <span class='ocrx_word' id='word_1_65' title='bbox 1007 1107 1180 1172; x_wconf 88' lang='lat' dir='ltr'>Jerusalem</span> <span class='ocrx_word' id='word_1_66' title='bbox 1200 1110 1463 1187; x_wconf 81' lang='lat' dir='ltr'>combusserunt3</span> <span class='ocrx_word' id='word_1_67' title='bbox 1485 1114 1600 1184; x_wconf 87' lang='lat' dir='ltr'>deinde</span> <span class='ocrx_word' id='word_1_68' title='bbox 1619 1113 1752 1177; x_wconf 86' lang='lat' dir='ltr'>Romani</span> 
     </span>
     <span class='ocr_line' id='line_1_7' title="bbox 196 1203 1753 1293; baseline 0.013 -38"><span class='ocrx_word' id='word_1_69' title='bbox 196 1210 460 1273; x_wconf 70' lang='lat' dir='ltr'>provocaverant</span> <span class='ocrx_word' id='word_1_70' title='bbox 475 1203 511 1261; x_wconf 84' lang='lat' dir='ltr'>ia</span> <span class='ocrx_word' id='word_1_71' title='bbox 526 1222 561 1261; x_wconf 84' lang='lat' dir='ltr'>eo</span> <span class='ocrx_word' id='word_1_72' title='bbox 576 1205 635 1282; x_wconf 82' lang='lat' dir='ltr'>qui</span> <span class='ocrx_word' id='word_1_73' title='bbox 645 1223 709 1263; x_wconf 82' lang='lat' dir='ltr'>aon</span> <span class='ocrx_word' id='word_1_74' title='bbox 724 1213 794 1263; x_wconf 86' lang='lat' dir='ltr'>crat</span> <span class='ocrx_word' id='word_1_75' title='bbox 803 1206 903 1274; x_wconf 83' lang='lat' dir='ltr'>Deua,</span> <span class='ocrx_word' id='word_1_76' title='bbox 919 1203 950 1265; x_wconf 94' lang='lat' dir='ltr'>id</span> <span class='ocrx_word' id='word_1_77' title='bbox 1009 1207 1067 1270; x_wconf 94' lang='lat' dir='ltr'>sub</span> <span class='ocrx_word' id='word_1_78' title='bbox 1084 1207 1153 1271; x_wconf 81' lang='lat' dir='ltr'>Tito</span> <span class='ocrx_word' id='word_1_79' title='bbox 1169 1210 1278 1272; x_wconf 84' lang='lat' dir='ltr'>cadem</span> <span class='ocrx_word' id='word_1_80' title='bbox 1294 1218 1326 1272; x_wconf 89' lang='lat' dir='ltr'>et</span> <span class='ocrx_word' id='word_1_81' title='bbox 1341 1212 1462 1293; x_wconf 87' lang='lat' dir='ltr'>majora</span> <span class='ocrx_word' id='word_1_82' title='bbox 1478 1211 1556 1293; x_wconf 91' lang='lat' dir='ltr'>ipsis</span> <span class='ocrx_word' id='word_1_83' title='bbox 1575 1212 1690 1275; x_wconf 74' lang='lat' dir='ltr'>ludatis</span> <span class='ocrx_word' id='word_1_84' title='bbox 1706 1212 1753 1275; x_wconf 89' lang='lat' dir='ltr'>in-</span> 
     </span>
     <span class='ocr_line' id='line_1_8' title="bbox 200 1294 1753 1390; baseline 0.011 -35"><span class='ocrx_word' id='word_1_85' title='bbox 200 1303 253 1356; x_wconf 90' lang='lat' dir='ltr'>est</span> <span class='ocrx_word' id='word_1_86' title='bbox 269 1294 303 1356; x_wconf 90' lang='lat' dir='ltr'>in</span> <span class='ocrx_word' id='word_1_87' title='bbox 321 1295 474 1359; x_wconf 85' lang='lat' dir='ltr'>falsorum</span> <span class='ocrx_word' id='word_1_88' title='bbox 494 1299 581 1362; x_wconf 90' lang='lat' dir='ltr'>cultu</span> <span class='ocrx_word' id='word_1_89' title='bbox 596 1301 735 1376; x_wconf 90' lang='lat' dir='ltr'>deorum,</span> <span class='ocrx_word' id='word_1_90' title='bbox 752 1312 781 1362; x_wconf 89' lang='lat' dir='ltr'>et</span> <span class='ocrx_word' id='word_1_91' title='bbox 803 1304 952 1363; x_wconf 80' lang='lat' dir='ltr'>irritave-</span> <span class='ocrx_word' id='word_1_92' title='bbox 1008 1305 1150 1368; x_wconf 88' lang='lat' dir='ltr'>tulerunt</span> <span class='ocrx_word' id='word_1_93' title='bbox 1175 1307 1333 1389; x_wconf 90' lang='lat' dir='ltr'>supplicia</span> <span class='ocrx_word' id='word_1_94' title='bbox 1352 1332 1359 1382; x_wconf 85' lang='lat'>3</span> <span class='ocrx_word' id='word_1_95' title='bbox 1381 1318 1411 1368; x_wconf 88' lang='lat' dir='ltr'>et</span> <span class='ocrx_word' id='word_1_96' title='bbox 1436 1312 1561 1370; x_wconf 78' lang='lat' dir='ltr'><strong><em>ardebit</em></strong></span> <span class='ocrx_word' id='word_1_97' title='bbox 1585 1327 1685 1390; x_wconf 78' lang='lat' dir='ltr'>usqae</span> <span class='ocrx_word' id='word_1_98' title='bbox 1708 1315 1753 1372; x_wconf 82' lang='lat' dir='ltr'>od</span> 
     </span>
     <span class='ocr_line' id='line_1_9' title="bbox 200 1395 1751 1491; baseline 0.012 -39"><span class='ocrx_word' id='word_1_99' title='bbox 200 1402 284 1454; x_wconf 76' lang='lat' dir='ltr'>‘runt</span> <span class='ocrx_word' id='word_1_100' title='bbox 296 1395 332 1454; x_wconf 75' lang='lat' dir='ltr'>in</span> <span class='ocrx_word' id='word_1_101' title='bbox 345 1397 545 1457; x_wconf 79' lang='lat' dir='ltr'>vanitatibus</span> <span class='ocrx_word' id='word_1_102' title='bbox 559 1398 681 1470; x_wconf 79' lang='lat' dir='ltr'>sais,id</span> <span class='ocrx_word' id='word_1_103' title='bbox 698 1407 745 1460; x_wconf 89' lang='lat' dir='ltr'>est</span> <span class='ocrx_word' id='word_1_104' title='bbox 761 1398 951 1462; x_wconf 87' lang='lat' dir='ltr'>idololatriis</span> <span class='ocrx_word' id='word_1_105' title='bbox 1007 1405 1134 1482; x_wconf 80' lang='lat' dir='ltr'>inferni</span> <span class='ocrx_word' id='word_1_106' title='bbox 1163 1408 1351 1477; x_wconf 80' lang='lat' dir='ltr'>novissima,</span> <span class='ocrx_word' id='word_1_107' title='bbox 1383 1406 1414 1468; x_wconf 91' lang='lat' dir='ltr'>ld</span> <span class='ocrx_word' id='word_1_108' title='bbox 1444 1415 1503 1484; x_wconf 86' lang='lat' dir='ltr'>ost,</span> <span class='ocrx_word' id='word_1_109' title='bbox 1534 1408 1573 1472; x_wconf 84' lang='lat' dir='ltr'>do</span> <span class='ocrx_word' id='word_1_110' title='bbox 1603 1409 1751 1491; x_wconf 72' lang='lat' dir='ltr'>presenti</span> 
     </span>
     <span class='ocr_line' id='line_1_10' title="bbox 200 1490 1753 1588; baseline 0.012 -37"><span class='ocrx_word' id='word_1_111' title='bbox 200 1497 234 1552; x_wconf 92' lang='lat' dir='ltr'>at</span> <span class='ocrx_word' id='word_1_112' title='bbox 251 1490 325 1554; x_wconf 90' lang='lat' dir='ltr'>aliis</span> <span class='ocrx_word' id='word_1_113' title='bbox 341 1493 465 1556; x_wconf 88' lang='lat' dir='ltr'>actibus</span> <span class='ocrx_word' id='word_1_114' title='bbox 481 1494 616 1572; x_wconf 90' lang='lat' dir='ltr'>vitiosis,</span> <span class='ocrx_word' id='word_1_115' title='bbox 630 1497 686 1578; x_wconf 87' lang='lat' dir='ltr'>qui</span> <span class='ocrx_word' id='word_1_116' title='bbox 703 1515 766 1560; x_wconf 93' lang='lat' dir='ltr'>non</span> <span class='ocrx_word' id='word_1_117' title='bbox 783 1505 857 1559; x_wconf 89' lang='lat' dir='ltr'>sunt</span> <span class='ocrx_word' id='word_1_118' title='bbox 873 1496 953 1560; x_wconf 82' lang='lat' dir='ltr'>relc-</span> <span class='ocrx_word' id='word_1_119' title='bbox 1007 1502 1167 1584; x_wconf 90' lang='lat' dir='ltr'>supplicio</span> <span class='ocrx_word' id='word_1_120' title='bbox 1186 1504 1349 1585; x_wconf 77' lang='lat' dir='ltr'>pertrahet</span> <span class='ocrx_word' id='word_1_121' title='bbox 1369 1523 1423 1568; x_wconf 89' lang='lat' dir='ltr'>eos</span> <span class='ocrx_word' id='word_1_122' title='bbox 1444 1505 1477 1566; x_wconf 90' lang='lat' dir='ltr'>in</span> <span class='ocrx_word' id='word_1_123' title='bbox 1498 1505 1564 1567; x_wconf 90' lang='lat' dir='ltr'>suis</span> <span class='ocrx_word' id='word_1_124' title='bbox 1584 1505 1753 1588; x_wconf 89' lang='lat' dir='ltr'>impietati·</span> 
     </span>
     <span class='ocr_line' id='line_1_11' title="bbox 200 1589 1753 1684; baseline 0.011 -34"><span class='ocrx_word' id='word_1_125' title='bbox 200 1589 318 1652; x_wconf 90' lang='lat' dir='ltr'>rihiles</span> <span class='ocrx_word' id='word_1_126' title='bbox 339 1593 377 1654; x_wconf 90' lang='lat' dir='ltr'>ad</span> <span class='ocrx_word' id='word_1_127' title='bbox 399 1592 549 1655; x_wconf 90' lang='lat' dir='ltr'>ultimum</span> <span class='ocrx_word' id='word_1_128' title='bbox 568 1593 667 1657; x_wconf 89' lang='lat' dir='ltr'>linem</span> <span class='ocrx_word' id='word_1_129' title='bbox 689 1613 725 1658; x_wconf 88' lang='lat' dir='ltr'>ac</span> <span class='ocrx_word' id='word_1_130' title='bbox 746 1614 853 1658; x_wconf 89' lang='lat' dir='ltr'>veram</span> <span class='ocrx_word' id='word_1_131' title='bbox 871 1595 954 1658; x_wconf 89' lang='lat' dir='ltr'>salu·</span> <span class='ocrx_word' id='word_1_132' title='bbox 1008 1600 1067 1662; x_wconf 88' lang='lat' dir='ltr'>bus</span> <span class='ocrx_word' id='word_1_133' title='bbox 1084 1610 1323 1683; x_wconf 87' lang='lat' dir='ltr'>perseverantes</span> <span class='ocrx_word' id='word_1_134' title='bbox 1337 1621 1440 1684; x_wconf 89' lang='lat' dir='ltr'>usque</span> <span class='ocrx_word' id='word_1_135' title='bbox 1454 1603 1494 1665; x_wconf 91' lang='lat' dir='ltr'>ad</span> <span class='ocrx_word' id='word_1_136' title='bbox 1514 1611 1657 1667; x_wconf 87' lang='lat' dir='ltr'>tartaros.</span> <span class='ocrx_word' id='word_1_137' title='bbox 1674 1603 1753 1678; x_wconf 83' lang='lat' dir='ltr'>Quo</span> 
     </span>
     <span class='ocr_line' id='line_1_12' title="bbox 201 1689 1753 1784; baseline 0.009 -34"><span class='ocrx_word' id='word_1_138' title='bbox 201 1697 269 1751; x_wconf 85' lang='lat' dir='ltr'>tem</span> <span class='ocrx_word' id='word_1_139' title='bbox 281 1707 288 1751; x_wconf 94' lang='lat'><strong>:</strong></span> <span class='ocrx_word' id='word_1_140' title='bbox 301 1689 420 1754; x_wconf 88' lang='lat' dir='ltr'>idcirco</span> <span class='ocrx_word' id='word_1_141' title='bbox 437 1700 512 1753; x_wconf 90' lang='lat' dir='ltr'>sunt</span> <span class='ocrx_word' id='word_1_142' title='bbox 527 1693 601 1756; x_wconf 88' lang='lat' dir='ltr'>vani</span> <span class='ocrx_word' id='word_1_143' title='bbox 618 1703 649 1756; x_wconf 90' lang='lat' dir='ltr'>et</span> <span class='ocrx_word' id='word_1_144' title='bbox 664 1694 765 1770; x_wconf 91' lang='lat' dir='ltr'>stulti,</span> <span class='ocrx_word' id='word_1_145' title='bbox 780 1694 953 1757; x_wconf 85' lang='lat' dir='ltr'>sicutvana</span> <span class='ocrx_word' id='word_1_146' title='bbox 1007 1699 1153 1760; x_wconf 82' lang='lat' dir='ltr'>rumdam</span> <span class='ocrx_word' id='word_1_147' title='bbox 1169 1699 1287 1761; x_wconf 90' lang='lat' dir='ltr'>etenim</span> <span class='ocrx_word' id='word_1_148' title='bbox 1308 1718 1402 1781; x_wconf 87' lang='lat' dir='ltr'>poena</span> <span class='ocrx_word' id='word_1_149' title='bbox 1422 1721 1507 1764; x_wconf 88' lang='lat' dir='ltr'>nunc</span> <span class='ocrx_word' id='word_1_150' title='bbox 1527 1700 1651 1784; x_wconf 78' lang='lat' dir='ltr'>incipit,</span> <span class='ocrx_word' id='word_1_151' title='bbox 1663 1702 1753 1764; x_wconf 90' lang='lat' dir='ltr'>dein-</span> 
     </span>
     <span class='ocr_line' id='line_1_13' title="bbox 202 1789 1750 1881; baseline 0.009 -33"><span class='ocrx_word' id='word_1_152' title='bbox 202 1794 252 1849; x_wconf 88' lang='lat' dir='ltr'>est</span> <span class='ocrx_word' id='word_1_153' title='bbox 272 1789 525 1871; x_wconf 76' lang='lat' dir='ltr'>medicinaque</span> <span class='ocrx_word' id='word_1_154' title='bbox 545 1791 692 1855; x_wconf 86' lang='lat' dir='ltr'>conterre</span> <span class='ocrx_word' id='word_1_155' title='bbox 709 1810 772 1854; x_wconf 92' lang='lat' dir='ltr'>non</span> <span class='ocrx_word' id='word_1_156' title='bbox 794 1799 898 1874; x_wconf 89' lang='lat' dir='ltr'>potest</span> <span class='ocrx_word' id='word_1_157' title='bbox 914 1793 951 1854; x_wconf 92' lang='lat' dir='ltr'>ad</span> <span class='ocrx_word' id='word_1_158' title='bbox 1007 1795 1096 1858; x_wconf 90' lang='lat' dir='ltr'>dein</span> <span class='ocrx_word' id='word_1_159' title='bbox 1119 1796 1246 1860; x_wconf 84' lang='lat' dir='ltr'>interno</span> <span class='ocrx_word' id='word_1_160' title='bbox 1267 1799 1459 1862; x_wconf 71' lang='lat' dir='ltr'>eternaliter</span> <span class='ocrx_word' id='word_1_161' title='bbox 1479 1800 1581 1876; x_wconf 90' lang='lat' dir='ltr'>durat,</span> <span class='ocrx_word' id='word_1_162' title='bbox 1600 1800 1750 1881; x_wconf 88' lang='lat' dir='ltr'>quoniam</span> 
     </span>
     <span class='ocr_line' id='line_1_14' title="bbox 203 1885 1753 1980; baseline 0.009 -34"><span class='ocrx_word' id='word_1_163' title='bbox 203 1885 385 1949; x_wconf 87' lang='lat' dir='ltr'>sanitatem.</span> <span class='ocrx_word' id='word_1_164' title='bbox 406 1891 448 1950; x_wconf 76' lang='lat' dir='ltr'>Iit</span> <span class='ocrx_word' id='word_1_165' title='bbox 461 1909 517 1966; x_wconf 73' lang='lat' dir='ltr'>eqo</span> <span class='ocrx_word' id='word_1_166' title='bbox 532 1893 709 1967; x_wconf 79' lang='lat' dir='ltr'>provocabo</span> <span class='ocrx_word' id='word_1_167' title='bbox 724 1911 774 1951; x_wconf 85' lang='lat' dir='ltr'>eos</span> <span class='ocrx_word' id='word_1_168' title='bbox 791 1893 827 1951; x_wconf 81' lang='lat' dir='ltr'>in</span> <span class='ocrx_word' id='word_1_169' title='bbox 845 1911 879 1951; x_wconf 90' lang='lat' dir='ltr'>eo</span> <span class='ocrx_word' id='word_1_170' title='bbox 895 1893 953 1970; x_wconf 79' lang='lat' dir='ltr'>poi</span> <span class='ocrx_word' id='word_1_171' title='bbox 971 1893 993 1954; x_wconf 90' lang='lat' dir='ltr'>B</span> <span class='ocrx_word' id='word_1_172' title='bbox 1007 1895 1173 1977; x_wconf 90' lang='lat' dir='ltr'>temporali</span> <span class='ocrx_word' id='word_1_173' title='bbox 1186 1894 1314 1976; x_wconf 88' lang='lat' dir='ltr'>llagello</span> <span class='ocrx_word' id='word_1_174' title='bbox 1325 1915 1389 1960; x_wconf 89' lang='lat' dir='ltr'>non</span> <span class='ocrx_word' id='word_1_175' title='bbox 1400 1899 1618 1975; x_wconf 87' lang='lat' dir='ltr'>emendantur,</span> <span class='ocrx_word' id='word_1_176' title='bbox 1631 1899 1671 1960; x_wconf 90' lang='lat' dir='ltr'>de</span> <span class='ocrx_word' id='word_1_177' title='bbox 1685 1898 1753 1980; x_wconf 91' lang='lat' dir='ltr'>qui·</span> 
     </span>
     <span class='ocr_line' id='line_1_15' title="bbox 203 1986 1884 2070; baseline 0.007 -26"><span class='ocrx_word' id='word_1_178' title='bbox 203 2005 269 2046; x_wconf 80' lang='lat' dir='ltr'>noa</span> <span class='ocrx_word' id='word_1_179' title='bbox 285 1995 330 2045; x_wconf 80' lang='lat' dir='ltr'>eat</span> <span class='ocrx_word' id='word_1_180' title='bbox 342 1991 497 2064; x_wconf 79' lang='lat' dir='ltr'>popalus,</span> <span class='ocrx_word' id='word_1_181' title='bbox 515 1986 547 2049; x_wconf 90' lang='lat' dir='ltr'>id</span> <span class='ocrx_word' id='word_1_182' title='bbox 566 1997 624 2064; x_wconf 90' lang='lat' dir='ltr'>cst,</span> <span class='ocrx_word' id='word_1_183' title='bbox 643 1997 707 2050; x_wconf 92' lang='lat' dir='ltr'>tam</span> <span class='ocrx_word' id='word_1_184' title='bbox 723 1989 953 2070; x_wconf 85' lang='lat' dir='ltr'>superstitiosis</span> <span class='ocrx_word' id='word_1_185' title='bbox 1006 1992 1066 2054; x_wconf 90' lang='lat' dir='ltr'>bns</span> <span class='ocrx_word' id='word_1_186' title='bbox 1076 1994 1227 2055; x_wconf 78' lang='lat' dir='ltr'>Ieremias</span> <span class='ocrx_word' id='word_1_187' title='bbox 1242 1995 1306 2057; x_wconf 90' lang='lat' dir='ltr'>ait:</span> <span class='ocrx_word' id='word_1_188' title='bbox 1325 1996 1555 2058; x_wconf 88' lang='lat' dir='ltr'>Induraverunt</span> <span class='ocrx_word' id='word_1_189' title='bbox 1566 1995 1663 2060; x_wconf 83' lang='lat' dir='ltr'>iacies</span> <span class='ocrx_word' id='word_1_190' title='bbox 1678 2017 1751 2059; x_wconf 90' lang='lat' dir='ltr'>suas</span> <span class='ocrx_word' id='word_1_191' title='bbox 1772 2011 1818 2054; x_wconf 73' lang='lat' dir='ltr'>re.</span> <span class='ocrx_word' id='word_1_192' title='bbox 1829 2023 1851 2060; x_wconf 80' lang='lat' dir='ltr'>v,</span> <span class='ocrx_word' id='word_1_193' title='bbox 1863 2012 1884 2052; x_wconf 73' lang='lat' dir='ltr'>a.</span> 
     </span>
     <span class='ocr_line' id='line_1_16' title="bbox 203 2082 1748 2176; baseline 0.007 -30"><span class='ocrx_word' id='word_1_194' title='bbox 203 2082 390 2164; x_wconf 86' lang='lat' dir='ltr'>vilibusque</span> <span class='ocrx_word' id='word_1_195' title='bbox 409 2084 595 2148; x_wconf 90' lang='lat' dir='ltr'>hominibus</span> <span class='ocrx_word' id='word_1_196' title='bbox 611 2105 665 2149; x_wconf 90' lang='lat' dir='ltr'>cos</span> <span class='ocrx_word' id='word_1_197' title='bbox 681 2086 815 2149; x_wconf 84' lang='lat' dir='ltr'>subdam</span> <span class='ocrx_word' id='word_1_198' title='bbox 836 2088 875 2149; x_wconf 94' lang='lat' dir='ltr'>ad</span> <span class='ocrx_word' id='word_1_199' title='bbox 892 2106 954 2150; x_wconf 91' lang='lat' dir='ltr'>ser·</span> <span class='ocrx_word' id='word_1_200' title='bbox 1008 2110 1105 2173; x_wconf 89' lang='lat' dir='ltr'>supra</span> <span class='ocrx_word' id='word_1_201' title='bbox 1120 2101 1250 2173; x_wconf 86' lang='lat' dir='ltr'>petram,</span> <span class='ocrx_word' id='word_1_202' title='bbox 1261 2094 1434 2156; x_wconf 91' lang='lat' dir='ltr'>noluerunt</span> <span class='ocrx_word' id='word_1_203' title='bbox 1450 2095 1577 2157; x_wconf 89' lang='lat' dir='ltr'>reverti.</span> <span class='ocrx_word' id='word_1_204' title='bbox 1591 2094 1748 2176; x_wconf 84' lang='lat' dir='ltr'>ltcmquc:</span> 
     </span>
     <span class='ocr_line' id='line_1_17' title="bbox 203 2181 1883 2269; baseline 0.002 -25"><span class='ocrx_word' id='word_1_205' title='bbox 203 2181 370 2260; x_wconf 90' lang='lat' dir='ltr'>viendum,</span> <span class='ocrx_word' id='word_1_206' title='bbox 383 2184 468 2264; x_wconf 89' lang='lat' dir='ltr'>quod</span> <span class='ocrx_word' id='word_1_207' title='bbox 484 2184 766 2248; x_wconf 87' lang='lat' dir='ltr'>vehementissime</span> <span class='ocrx_word' id='word_1_208' title='bbox 781 2185 955 2248; x_wconf 91' lang='lat' dir='ltr'>turbabun·</span> <span class='ocrx_word' id='word_1_209' title='bbox 1007 2190 1192 2253; x_wconf 91' lang='lat' dir='ltr'>Pcroussisti</span> <span class='ocrx_word' id='word_1_210' title='bbox 1203 2210 1268 2269; x_wconf 93' lang='lat' dir='ltr'>cos,</span> <span class='ocrx_word' id='word_1_211' title='bbox 1281 2201 1312 2253; x_wconf 92' lang='lat' dir='ltr'>et</span> <span class='ocrx_word' id='word_1_212' title='bbox 1323 2211 1387 2254; x_wconf 93' lang='lat' dir='ltr'>non</span> <span class='ocrx_word' id='word_1_213' title='bbox 1398 2192 1568 2255; x_wconf 86' lang='lat' dir='ltr'>doluerunt</span> <span class='ocrx_word' id='word_1_214' title='bbox 1580 2217 1588 2267; x_wconf 80' lang='lat'><em>3</em></span> <span class='ocrx_word' id='word_1_215' title='bbox 1600 2193 1751 2256; x_wconf 84' lang='lat' dir='ltr'>attrivisti</span> <span class='ocrx_word' id='word_1_216' title='bbox 1789 2206 1883 2250; x_wconf 70' lang='lat' dir='ltr'>latret.</span> 
     </span>
     <span class='ocr_line' id='line_1_18' title="bbox 204 2275 1749 2374; baseline 0.008 -32"><span class='ocrx_word' id='word_1_217' title='bbox 204 2288 257 2342; x_wconf 90' lang='lat' dir='ltr'>tur</span> <span class='ocrx_word' id='word_1_218' title='bbox 277 2281 359 2362; x_wconf 89' lang='lat' dir='ltr'>:qui</span> <span class='ocrx_word' id='word_1_219' title='bbox 382 2280 528 2345; x_wconf 92' lang='lat' dir='ltr'>homines</span> <span class='ocrx_word' id='word_1_220' title='bbox 552 2281 593 2345; x_wconf 92' lang='lat' dir='ltr'>cb</span> <span class='ocrx_word' id='word_1_221' title='bbox 617 2303 706 2346; x_wconf 88' lang='lat' dir='ltr'>suam</span> <span class='ocrx_word' id='word_1_222' title='bbox 731 2275 955 2346; x_wconf 88' lang='lat' dir='ltr'>irrationabili·</span> <span class='ocrx_word' id='word_1_223' title='bbox 1009 2308 1074 2364; x_wconf 90' lang='lat' dir='ltr'>cos,</span> <span class='ocrx_word' id='word_1_224' title='bbox 1096 2297 1127 2352; x_wconf 89' lang='lat' dir='ltr'>et</span> <span class='ocrx_word' id='word_1_225' title='bbox 1156 2299 1331 2352; x_wconf 88' lang='lat' dir='ltr'>renuerunt</span> <span class='ocrx_word' id='word_1_226' title='bbox 1359 2291 1504 2372; x_wconf 89' lang='lat' dir='ltr'>accipere</span> <span class='ocrx_word' id='word_1_227' title='bbox 1534 2290 1749 2374; x_wconf 88' lang='lat' dir='ltr'>disciplinam.</span> 
     </span>
     <span class='ocr_line' id='line_1_19' title="bbox 204 2379 1750 2472; baseline 0.007 -32"><span class='ocrx_word' id='word_1_228' title='bbox 204 2386 304 2442; x_wconf 86' lang='lat' dir='ltr'>talem</span> <span class='ocrx_word' id='word_1_229' title='bbox 327 2379 452 2459; x_wconf 88' lang='lat' dir='ltr'>indigni</span> <span class='ocrx_word' id='word_1_230' title='bbox 473 2390 568 2443; x_wconf 91' lang='lat' dir='ltr'>erunt</span> <span class='ocrx_word' id='word_1_231' title='bbox 592 2382 730 2464; x_wconf 91' lang='lat' dir='ltr'>populus</span> <span class='ocrx_word' id='word_1_232' title='bbox 752 2381 951 2464; x_wconf 88' lang='lat' dir='ltr'>nuncupari;</span> <span class='ocrx_word' id='word_1_233' title='bbox 1008 2387 1075 2451; x_wconf 91' lang='lat' dir='ltr'>Non</span> <span class='ocrx_word' id='word_1_234' title='bbox 1089 2394 1194 2449; x_wconf 90' lang='lat' dir='ltr'>tamen</span> <span class='ocrx_word' id='word_1_235' title='bbox 1205 2387 1326 2469; x_wconf 89' lang='lat' dir='ltr'>judicat</span> <span class='ocrx_word' id='word_1_236' title='bbox 1337 2388 1545 2452; x_wconf 90' lang='lat' dir='ltr'>Dominusbis</span> <span class='ocrx_word' id='word_1_237' title='bbox 1556 2389 1750 2472; x_wconf 92' lang='lat' dir='ltr'>inidipsum:</span> 
     </span>
     <span class='ocr_line' id='line_1_20' title="bbox 202 2481 1752 2571; baseline 0.007 -33"><span class='ocrx_word' id='word_1_238' title='bbox 202 2489 234 2538; x_wconf 87' lang='lat' dir='ltr'>et</span> <span class='ocrx_word' id='word_1_239' title='bbox 257 2481 631 2562; x_wconf 61' lang='lat' dir='ltr'>immortalemque</span> <span class='ocrx_word' id='word_1_240' title='bbox 654 2481 776 2544; x_wconf 89' lang='lat' dir='ltr'>scilicet</span> <span class='ocrx_word' id='word_1_241' title='bbox 795 2481 952 2544; x_wconf 92' lang='lat' dir='ltr'>idolorum</span> <span class='ocrx_word' id='word_1_242' title='bbox 1008 2486 1084 2566; x_wconf 91' lang='lat' dir='ltr'>quia</span> <span class='ocrx_word' id='word_1_243' title='bbox 1104 2494 1138 2547; x_wconf 94' lang='lat' dir='ltr'>ut</span> <span class='ocrx_word' id='word_1_244' title='bbox 1157 2486 1202 2548; x_wconf 87' lang='lat' dir='ltr'>ait</span> <span class='ocrx_word' id='word_1_245' title='bbox 1225 2485 1404 2566; x_wconf 83' lang='lat' dir='ltr'>Gregorius,</span> <span class='ocrx_word' id='word_1_246' title='bbox 1426 2487 1530 2549; x_wconf 92' lang='lat' dir='ltr'>Unum</span> <span class='ocrx_word' id='word_1_247' title='bbox 1555 2488 1752 2571; x_wconf 89' lang='lat' dir='ltr'>supplicium</span> 
     </span>
     <span class='ocr_line' id='line_1_21' title="bbox 203 2579 1753 2668; baseline 0.006 -30"><span class='ocrx_word' id='word_1_248' title='bbox 203 2584 354 2658; x_wconf 89' lang='lat' dir='ltr'>portenta</span> <span class='ocrx_word' id='word_1_249' title='bbox 369 2585 546 2649; x_wconf 89' lang='lat' dir='ltr'>veneratur,</span> <span class='ocrx_word' id='word_1_250' title='bbox 564 2581 700 2640; x_wconf 81' lang='lat' dir='ltr'>irritabo</span> <span class='ocrx_word' id='word_1_251' title='bbox 717 2582 789 2640; x_wconf 80' lang='lat' dir='ltr'>illos</span> <span class='ocrx_word' id='word_1_252' title='bbox 800 2598 811 2640; x_wconf 92' lang='grc'>.·</span> <span class='ocrx_word' id='word_1_253' title='bbox 828 2580 906 2661; x_wconf 89' lang='lat' dir='ltr'>quia</span> <span class='ocrx_word' id='word_1_254' title='bbox 922 2579 956 2641; x_wconf 93' lang='lat' dir='ltr'>il·</span> <span class='ocrx_word' id='word_1_255' title='bbox 1008 2593 1067 2660; x_wconf 89' lang='lat' dir='ltr'>est,</span> <span class='ocrx_word' id='word_1_256' title='bbox 1084 2585 1169 2665; x_wconf 88' lang='lat' dir='ltr'>quod</span> <span class='ocrx_word' id='word_1_257' title='bbox 1190 2585 1406 2667; x_wconf 87' lang='lat' dir='ltr'>temporaliter</span> <span class='ocrx_word' id='word_1_258' title='bbox 1421 2585 1545 2668; x_wconf 88' lang='lat' dir='ltr'>incipit,</span> <span class='ocrx_word' id='word_1_259' title='bbox 1564 2594 1595 2648; x_wconf 86' lang='lat' dir='ltr'>ct</span> <span class='ocrx_word' id='word_1_260' title='bbox 1615 2585 1648 2648; x_wconf 95' lang='lat' dir='ltr'>in</span> <span class='ocrx_word' id='word_1_261' title='bbox 1668 2594 1753 2650; x_wconf 78' lang='lat' dir='ltr'>tater-</span> 
     </span>
     <span class='ocr_line' id='line_1_22' title="bbox 204 2675 1754 2765; baseline 0.006 -29"><span class='ocrx_word' id='word_1_262' title='bbox 204 2675 309 2737; x_wconf 90' lang='lat' dir='ltr'>larum</span> <span class='ocrx_word' id='word_1_263' title='bbox 328 2675 474 2740; x_wconf 89' lang='lat' dir='ltr'>servituti</span> <span class='ocrx_word' id='word_1_264' title='bbox 492 2695 545 2739; x_wconf 92' lang='lat' dir='ltr'>eos</span> <span class='ocrx_word' id='word_1_265' title='bbox 564 2676 743 2760; x_wconf 89' lang='lat' dir='ltr'>subjiciam,</span> <span class='ocrx_word' id='word_1_266' title='bbox 762 2677 872 2759; x_wconf 89' lang='lat' dir='ltr'>sicque</span> <span class='ocrx_word' id='word_1_267' title='bbox 889 2695 954 2760; x_wconf 88' lang='lat' dir='ltr'>poe-</span> <span class='ocrx_word' id='word_1_268' title='bbox 1009 2683 1059 2745; x_wconf 92' lang='lat' dir='ltr'>nis</span> <span class='ocrx_word' id='word_1_269' title='bbox 1075 2683 1243 2765; x_wconf 91' lang='lat' dir='ltr'>suppliciis</span> <span class='ocrx_word' id='word_1_270' title='bbox 1257 2693 1506 2746; x_wconf 89' lang='lat' dir='ltr'>consummatur.</span> <span class='ocrx_word' id='word_1_271' title='bbox 1519 2687 1754 2765; x_wconf 79' lang='lat' dir='ltr'>Decorabitque</span> 
     </span>
     <span class='ocr_line' id='line_1_23' title="bbox 204 2769 1837 2860; baseline 0.005 -24"><span class='ocrx_word' id='word_1_272' title='bbox 204 2793 247 2836; x_wconf 82' lang='lat' dir='ltr'>na</span> <span class='ocrx_word' id='word_1_273' title='bbox 272 2773 535 2856; x_wconf 80' lang='lat' dir='ltr'>correspondebit</span> <span class='ocrx_word' id='word_1_274' title='bbox 559 2776 672 2858; x_wconf 78' lang='lat' dir='ltr'>culpto,</span> <span class='ocrx_word' id='word_1_275' title='bbox 695 2775 846 2857; x_wconf 87' lang='lat' dir='ltr'>quoniam</span> <span class='ocrx_word' id='word_1_276' title='bbox 872 2777 955 2840; x_wconf 87' lang='lat' dir='ltr'>sicut</span> <span class='ocrx_word' id='word_1_277' title='bbox 1010 2791 1130 2842; x_wconf 83' lang='lat' dir='ltr'>terram</span> <span class='ocrx_word' id='word_1_278' title='bbox 1145 2785 1492 2859; x_wconf 60' lang='lat' dir='ltr'>comportatorum</span> <span class='ocrx_word' id='word_1_279' title='bbox 1508 2786 1668 2844; x_wconf 79' lang='lat' dir='ltr'>montium</span> <span class='ocrx_word' id='word_1_280' title='bbox 1678 2785 1754 2860; x_wconf 77' lang='lat' dir='ltr'><em>fun·</em></span> <span class='ocrx_word' id='word_1_281' title='bbox 1832 2769 1837 2774; x_wconf 20' lang='grc' dir='ltr'><strong>Δ</strong></span> 
     </span>
     <span class='ocr_line' id='line_1_24' title="bbox 204 2873 1753 2963; baseline 0.005 -27"><span class='ocrx_word' id='word_1_282' title='bbox 204 2873 287 2936; x_wconf 92' lang='lat' dir='ltr'>mihi</span> <span class='ocrx_word' id='word_1_283' title='bbox 298 2891 356 2955; x_wconf 89' lang='lat' dir='ltr'>per</span> <span class='ocrx_word' id='word_1_284' title='bbox 372 2873 584 2938; x_wconf 89' lang='lat' dir='ltr'>idololatriam</span> <span class='ocrx_word' id='word_1_285' title='bbox 597 2876 701 2938; x_wconf 82' lang='lat' dir='ltr'>etalio</span> <span class='ocrx_word' id='word_1_286' title='bbox 716 2875 795 2938; x_wconf 87' lang='lat' dir='ltr'>vitia</span> <span class='ocrx_word' id='word_1_287' title='bbox 809 2875 956 2958; x_wconf 86' lang='lat' dir='ltr'>praetule-</span> <span class='ocrx_word' id='word_1_288' title='bbox 1008 2884 1161 2941; x_wconf 79' lang='lat' dir='ltr'>domeato</span> <span class='ocrx_word' id='word_1_289' title='bbox 1175 2882 1345 2942; x_wconf 82' lang='lat' dir='ltr'>comburet.</span> <span class='ocrx_word' id='word_1_290' title='bbox 1364 2880 1428 2943; x_wconf 89' lang='lat' dir='ltr'>Hoc</span> <span class='ocrx_word' id='word_1_291' title='bbox 1448 2898 1512 2942; x_wconf 93' lang='lat' dir='ltr'>non</span> <span class='ocrx_word' id='word_1_292' title='bbox 1534 2880 1661 2943; x_wconf 86' lang='lat' dir='ltr'>videtur</span> <span class='ocrx_word' id='word_1_293' title='bbox 1682 2897 1753 2963; x_wconf 91' lang='lat' dir='ltr'>pro-</span> 
     </span>
     <span class='ocr_line' id='line_1_25' title="bbox 205 2973 1755 3061; baseline 0.005 -27"><span class='ocrx_word' id='word_1_294' title='bbox 205 2980 282 3035; x_wconf 91' lang='lat' dir='ltr'>runt</span> <span class='ocrx_word' id='word_1_295' title='bbox 292 2981 454 3036; x_wconf 89' lang='lat' dir='ltr'>creaturas</span> <span class='ocrx_word' id='word_1_296' title='bbox 465 2973 649 3051; x_wconf 61' lang='lat' dir='ltr'>vilissimas</span> <span class='ocrx_word' id='word_1_297' title='bbox 662 2973 708 3036; x_wconf 88' lang='lat' dir='ltr'>sic</span> <span class='ocrx_word' id='word_1_298' title='bbox 720 2974 766 3036; x_wconf 89' lang='lat' dir='ltr'>cis</span> <span class='ocrx_word' id='word_1_299' title='bbox 778 2973 953 3056; x_wconf 59' lang='lat' dir='ltr'>praeficiam</span> <span class='ocrx_word' id='word_1_300' title='bbox 1009 2978 1077 3061; x_wconf 86' lang='lat' dir='ltr'>pria</span> <span class='ocrx_word' id='word_1_301' title='bbox 1098 2995 1192 3059; x_wconf 90' lang='lat' dir='ltr'>posse</span> <span class='ocrx_word' id='word_1_302' title='bbox 1214 2977 1349 3058; x_wconf 89' lang='lat' dir='ltr'>intelligi</span> <span class='ocrx_word' id='word_1_303' title='bbox 1372 2979 1412 3040; x_wconf 89' lang='lat' dir='ltr'>dc</span> <span class='ocrx_word' id='word_1_304' title='bbox 1433 2978 1581 3041; x_wconf 91' lang='lat' dir='ltr'>incendio</span> <span class='ocrx_word' id='word_1_305' title='bbox 1595 2978 1755 3041; x_wconf 74' lang='lat' dir='ltr'>Chaldaeo</span> 
     </span>
     <span class='ocr_line' id='line_1_26' title="bbox 205 3071 1754 3158; baseline 0.005 -25"><span class='ocrx_word' id='word_1_306' title='bbox 205 3071 448 3152; x_wconf 90' lang='lat' dir='ltr'>indignissimas</span> <span class='ocrx_word' id='word_1_307' title='bbox 472 3073 628 3136; x_wconf 89' lang='lat' dir='ltr'>nationes.</span> <span class='ocrx_word' id='word_1_308' title='bbox 653 3073 742 3136; x_wconf 88' lang='lat' dir='ltr'>Circa</span> <span class='ocrx_word' id='word_1_309' title='bbox 763 3073 830 3136; x_wconf 83' lang='lat' dir='ltr'>haec</span> <span class='ocrx_word' id='word_1_310' title='bbox 854 3073 990 3143; x_wconf 86' lang='lat' dir='ltr'>RabbiC</span> <span class='ocrx_word' id='word_1_311' title='bbox 1010 3095 1081 3139; x_wconf 92' lang='lat' dir='ltr'>rum</span> <span class='ocrx_word' id='word_1_312' title='bbox 1096 3084 1151 3139; x_wconf 89' lang='lat' dir='ltr'>ant</span> <span class='ocrx_word' id='word_1_313' title='bbox 1165 3077 1378 3140; x_wconf 86' lang='lat' dir='ltr'>Romanorum</span> <span class='ocrx_word' id='word_1_314' title='bbox 1399 3075 1526 3140; x_wconf 85' lang='lat' dir='ltr'>inllicto</span> <span class='ocrx_word' id='word_1_315' title='bbox 1545 3075 1672 3153; x_wconf 80' lang='lat' dir='ltr'>rudeis,</span> <span class='ocrx_word' id='word_1_316' title='bbox 1689 3095 1754 3158; x_wconf 88' lang='lat' dir='ltr'>quo</span> 
     </span>
     <span class='ocr_line' id='line_1_27' title="bbox 204 3169 1754 3258; baseline 0.003 -26"><span class='ocrx_word' id='word_1_317' title='bbox 204 3171 322 3232; x_wconf 90' lang='lat' dir='ltr'>Paulus</span> <span class='ocrx_word' id='word_1_318' title='bbox 346 3169 401 3248; x_wconf 91' lang='lat' dir='ltr'>ait,</span> <span class='ocrx_word' id='word_1_319' title='bbox 425 3172 512 3253; x_wconf 89' lang='lat' dir='ltr'>quod</span> <span class='ocrx_word' id='word_1_320' title='bbox 535 3172 634 3235; x_wconf 78' lang='lat' dir='ltr'>Iudai</span> <span class='ocrx_word' id='word_1_321' title='bbox 659 3172 797 3235; x_wconf 86' lang='lat' dir='ltr'>maxime</span> <span class='ocrx_word' id='word_1_322' title='bbox 822 3191 956 3235; x_wconf 88' lang='lat' dir='ltr'>reccsse</span> <span class='ocrx_word' id='word_1_323' title='bbox 1010 3176 1128 3258; x_wconf 90' lang='lat' dir='ltr'>templa</span> <span class='ocrx_word' id='word_1_324' title='bbox 1154 3193 1273 3251; x_wconf 84' lang='lat' dir='ltr'>eorum,</span> <span class='ocrx_word' id='word_1_325' title='bbox 1297 3176 1394 3238; x_wconf 88' lang='lat' dir='ltr'>urbes</span> <span class='ocrx_word' id='word_1_326' title='bbox 1419 3183 1450 3238; x_wconf 91' lang='lat' dir='ltr'>et</span> <span class='ocrx_word' id='word_1_327' title='bbox 1474 3175 1655 3238; x_wconf 86' lang='lat' dir='ltr'>habitacula</span> <span class='ocrx_word' id='word_1_328' title='bbox 1679 3183 1754 3237; x_wconf 91' lang='lat' dir='ltr'>sunt</span> 
     </span>
     <span class='ocr_line' id='line_1_28' title="bbox 206 3269 1754 3357; baseline 0.005 -26"><span class='ocrx_word' id='word_1_329' title='bbox 206 3279 282 3332; x_wconf 91' lang='lat' dir='ltr'>runt</span> <span class='ocrx_word' id='word_1_330' title='bbox 297 3289 316 3332; x_wconf 91' lang='lat' dir='ltr'>a</span> <span class='ocrx_word' id='word_1_331' title='bbox 332 3270 395 3333; x_wconf 85' lang='lat' dir='ltr'>lleo</span> <span class='ocrx_word' id='word_1_332' title='bbox 416 3270 449 3332; x_wconf 93' lang='lat' dir='ltr'>in</span> <span class='ocrx_word' id='word_1_333' title='bbox 472 3269 608 3348; x_wconf 91' lang='lat' dir='ltr'>duobus,</span> <span class='ocrx_word' id='word_1_334' title='bbox 625 3271 777 3334; x_wconf 91' lang='lat' dir='ltr'>videlicet</span> <span class='ocrx_word' id='word_1_335' title='bbox 799 3270 884 3333; x_wconf 87' lang='lat' dir='ltr'>idola</span> <span class='ocrx_word' id='word_1_336' title='bbox 905 3289 957 3335; x_wconf 84' lang='lat' dir='ltr'>ve</span> <span class='ocrx_word' id='word_1_337' title='bbox 1010 3276 1151 3351; x_wconf 87' lang='lat' dir='ltr'>incensa,</span> <span class='ocrx_word' id='word_1_338' title='bbox 1166 3273 1754 3357; x_wconf 82' lang='lat' dir='ltr'>nisilortepermcdumbyperbolica</span> 
     </span>
     <span class='ocr_line' id='line_1_29' title="bbox 207 3368 1754 3451; baseline 0.001 -19"><span class='ocrx_word' id='word_1_339' title='bbox 207 3371 362 3445; x_wconf 89' lang='lat' dir='ltr'>nerando,</span> <span class='ocrx_word' id='word_1_340' title='bbox 389 3377 420 3432; x_wconf 92' lang='lat' dir='ltr'>et</span> <span class='ocrx_word' id='word_1_341' title='bbox 446 3368 526 3432; x_wconf 90' lang='lat' dir='ltr'>lalsa</span> <span class='ocrx_word' id='word_1_342' title='bbox 552 3370 837 3451; x_wconf 83' lang='lat' dir='ltr'>superstitiosoque</span> <span class='ocrx_word' id='word_1_343' title='bbox 861 3370 957 3432; x_wconf 91' lang='lat' dir='ltr'>docu-</span> <span class='ocrx_word' id='word_1_344' title='bbox 1011 3372 1182 3436; x_wconf 87' lang='lat' dir='ltr'>locutionis</span> <span class='ocrx_word' id='word_1_345' title='bbox 1210 3380 1366 3434; x_wconf 88' lang='lat' dir='ltr'>sumatur.</span> <span class='ocrx_word' id='word_1_346' title='bbox 1393 3372 1617 3435; x_wconf 84' lang='lat' dir='ltr'>Verumtamen</span> <span class='ocrx_word' id='word_1_347' title='bbox 1647 3372 1754 3436; x_wconf 89' lang='lat' dir='ltr'>hostes</span> 
     </span>
     <span class='ocr_line' id='line_1_30' title="bbox 206 3467 1756 3550; baseline 0.001 -20"><span class='ocrx_word' id='word_1_348' title='bbox 206 3477 315 3530; x_wconf 87' lang='lat' dir='ltr'>menta</span> <span class='ocrx_word' id='word_1_349' title='bbox 328 3467 554 3550; x_wconf 89' lang='lat' dir='ltr'>lingendo,pcr</span> <span class='ocrx_word' id='word_1_350' title='bbox 564 3468 749 3549; x_wconf 79' lang='lat' dir='ltr'>quadivina</span> <span class='ocrx_word' id='word_1_351' title='bbox 760 3467 956 3549; x_wconf 84' lang='lat' dir='ltr'>infregerunt</span> <span class='ocrx_word' id='word_1_352' title='bbox 1010 3470 1114 3533; x_wconf 90' lang='lat' dir='ltr'>solent</span> <span class='ocrx_word' id='word_1_353' title='bbox 1129 3469 1223 3531; x_wconf 90' lang='lat' dir='ltr'>blada</span> <span class='ocrx_word' id='word_1_354' title='bbox 1232 3477 1264 3532; x_wconf 94' lang='lat' dir='ltr'>et</span> <span class='ocrx_word' id='word_1_355' title='bbox 1275 3468 1398 3533; x_wconf 84' lang='lat' dir='ltr'>tructus</span> <span class='ocrx_word' id='word_1_356' title='bbox 1414 3479 1504 3533; x_wconf 84' lang='lat' dir='ltr'>terrae</span> <span class='ocrx_word' id='word_1_357' title='bbox 1521 3470 1691 3533; x_wconf 89' lang='lat' dir='ltr'>incendere</span> <span class='ocrx_word' id='word_1_358' title='bbox 1700 3479 1756 3533; x_wconf 92' lang='lat' dir='ltr'>aut</span> 
     </span>
     <span class='ocr_line' id='line_1_31' title="bbox 207 3566 1752 3651; baseline 0.001 -23"><span class='ocrx_word' id='word_1_359' title='bbox 207 3576 380 3651; x_wconf 79' lang='lat' dir='ltr'>praccepta,</span> <span class='ocrx_word' id='word_1_360' title='bbox 397 3567 666 3648; x_wconf 89' lang='lat' dir='ltr'>quemadmodum</span> <span class='ocrx_word' id='word_1_361' title='bbox 688 3567 767 3629; x_wconf 87' lang='lat' dir='ltr'>dicit</span> <span class='ocrx_word' id='word_1_362' title='bbox 783 3568 829 3629; x_wconf 91' lang='lat' dir='ltr'>cis</span> <span class='ocrx_word' id='word_1_363' title='bbox 851 3567 956 3629; x_wconf 85' lang='lat' dir='ltr'>Salva·</span> <span class='ocrx_word' id='word_1_364' title='bbox 1010 3568 1072 3631; x_wconf 90' lang='lat' dir='ltr'>alio</span> <span class='ocrx_word' id='word_1_365' title='bbox 1088 3568 1182 3630; x_wconf 92' lang='lat' dir='ltr'>modo</span> <span class='ocrx_word' id='word_1_366' title='bbox 1197 3568 1383 3642; x_wconf 86' lang='lat' dir='ltr'>destrucre;</span> <span class='ocrx_word' id='word_1_367' title='bbox 1408 3568 1517 3649; x_wconf 89' lang='lat' dir='ltr'>sicque</span> <span class='ocrx_word' id='word_1_368' title='bbox 1534 3566 1752 3645; x_wconf 78' lang='lat' dir='ltr'>fundamento,</span> 
     </span>
     <span class='ocr_line' id='line_1_32' title="bbox 209 3665 1755 3748; baseline 0 -19"><span class='ocrx_word' id='word_1_369' title='bbox 209 3676 258 3730; x_wconf 90' lang='lat' dir='ltr'>tor</span> <span class='ocrx_word' id='word_1_370' title='bbox 272 3684 279 3728; x_wconf 77' lang='grc' dir='ltr'><strong><em>ε</em></strong></span> <span class='ocrx_word' id='word_1_371' title='bbox 293 3667 419 3728; x_wconf 92' lang='lat' dir='ltr'>lrritum</span> <span class='ocrx_word' id='word_1_372' title='bbox 433 3665 553 3729; x_wconf 86' lang='lat' dir='ltr'>lecistis</span> <span class='ocrx_word' id='word_1_373' title='bbox 564 3666 748 3728; x_wconf 90' lang='lat' dir='ltr'>mandatum</span> <span class='ocrx_word' id='word_1_374' title='bbox 759 3667 814 3728; x_wconf 84' lang='lat' dir='ltr'>llci</span> <span class='ocrx_word' id='word_1_375' title='bbox 826 3674 956 3748; x_wconf 88' lang='lat' dir='ltr'>propter</span> <span class='ocrx_word' id='word_1_376' title='bbox 1012 3667 1043 3729; x_wconf 92' lang='lat' dir='ltr'>id</span> <span class='ocrx_word' id='word_1_377' title='bbox 1059 3673 1106 3728; x_wconf 87' lang='lat' dir='ltr'>est</span> <span class='ocrx_word' id='word_1_378' title='bbox 1123 3665 1293 3728; x_wconf 84' lang='lat' dir='ltr'>interiores</span> <span class='ocrx_word' id='word_1_379' title='bbox 1310 3675 1426 3748; x_wconf 90' lang='lat' dir='ltr'>partes,</span> <span class='ocrx_word' id='word_1_380' title='bbox 1440 3665 1597 3729; x_wconf 90' lang='lat' dir='ltr'>montium</span> <span class='ocrx_word' id='word_1_381' title='bbox 1615 3666 1755 3729; x_wconf 83' lang='lat' dir='ltr'>tructile</span> 
     </span>
     <span class='ocr_line' id='line_1_33' title="bbox 208 3764 1754 3846; baseline 0 -18"><span class='ocrx_word' id='word_1_382' title='bbox 208 3765 413 3828; x_wconf 86' lang='lat' dir='ltr'>traditionem</span> <span class='ocrx_word' id='word_1_383' title='bbox 437 3772 585 3828; x_wconf 90' lang='lat' dir='ltr'>vostram.</span> <span class='ocrx_word' id='word_1_384' title='bbox 611 3764 649 3825; x_wconf 89' lang='lat' dir='ltr'>Et</span> <span class='ocrx_word' id='word_1_385' title='bbox 674 3783 732 3846; x_wconf 92' lang='lat' dir='ltr'>pro</span> <span class='ocrx_word' id='word_1_386' title='bbox 757 3765 807 3826; x_wconf 91' lang='lat' dir='ltr'>his</span> <span class='ocrx_word' id='word_1_387' title='bbox 831 3764 955 3827; x_wconf 90' lang='lat' dir='ltr'>duobus</span> <span class='ocrx_word' id='word_1_388' title='bbox 1011 3783 1129 3841; x_wconf 88' lang='lat' dir='ltr'>rorum,</span> <span class='ocrx_word' id='word_1_389' title='bbox 1146 3764 1298 3827; x_wconf 84' lang='lat' dir='ltr'>dicuntur</span> <span class='ocrx_word' id='word_1_390' title='bbox 1312 3764 1468 3843; x_wconf 89' lang='lat' dir='ltr'>comburi,</span> <span class='ocrx_word' id='word_1_391' title='bbox 1486 3765 1518 3826; x_wconf 94' lang='lat' dir='ltr'>id</span> <span class='ocrx_word' id='word_1_392' title='bbox 1538 3773 1587 3828; x_wconf 90' lang='lat' dir='ltr'>est</span> <span class='ocrx_word' id='word_1_393' title='bbox 1606 3765 1754 3828; x_wconf 88' lang='lat' dir='ltr'>incendio</span> 
     </span>
     <span class='ocr_line' id='line_1_34' title="bbox 207 3862 1895 3946; baseline -0.002 -18"><span class='ocrx_word' id='word_1_394' title='bbox 207 3863 364 3928; x_wconf 89' lang='lat' dir='ltr'>Dominus</span> <span class='ocrx_word' id='word_1_395' title='bbox 381 3863 426 3926; x_wconf 91' lang='lat' dir='ltr'>eis</span> <span class='ocrx_word' id='word_1_396' title='bbox 443 3864 635 3946; x_wconf 73' lang='lat' dir='ltr'>prenuntiat</span> <span class='ocrx_word' id='word_1_397' title='bbox 650 3863 811 3945; x_wconf 89' lang='lat' dir='ltr'>duplicem</span> <span class='ocrx_word' id='word_1_398' title='bbox 828 3880 956 3946; x_wconf 88' lang='lat' dir='ltr'>poenam</span> <span class='ocrx_word' id='word_1_399' title='bbox 1010 3863 1149 3926; x_wconf 85' lang='lat' dir='ltr'>alterari.</span> <span class='ocrx_word' id='word_1_400' title='bbox 1166 3863 1246 3925; x_wconf 94' lang='lat' dir='ltr'>Hinc</span> <span class='ocrx_word' id='word_1_401' title='bbox 1269 3863 1302 3924; x_wconf 91' lang='lat' dir='ltr'>in</span> <span class='ocrx_word' id='word_1_402' title='bbox 1323 3863 1389 3926; x_wconf 84' lang='lat' dir='ltr'>loel</span> <span class='ocrx_word' id='word_1_403' title='bbox 1412 3863 1572 3926; x_wconf 88' lang='lat' dir='ltr'>habetur:</span> <span class='ocrx_word' id='word_1_404' title='bbox 1598 3862 1680 3942; x_wconf 88' lang='lat' dir='ltr'>lgnis</span> <span class='ocrx_word' id='word_1_405' title='bbox 1703 3881 1755 3927; x_wconf 78' lang='lat' dir='ltr'>co</span> <span class='ocrx_word' id='word_1_406' title='bbox 1780 3883 1895 3935; x_wconf 66' lang='lat' dir='ltr'>terta.</span> 
     </span>
     <span class='ocr_line' id='line_1_35' title="bbox 207 3959 1756 4045; baseline -0.004 -17"><span class='ocrx_word' id='word_1_407' title='bbox 207 3963 509 4045; x_wconf 87' lang='lat' dir='ltr'>correspondentem</span> <span class='ocrx_word' id='word_1_408' title='bbox 529 3981 535 4025; x_wconf 95' lang='lat'><strong>:</strong></span> <span class='ocrx_word' id='word_1_409' title='bbox 558 3961 633 4044; x_wconf 92' lang='lat' dir='ltr'>quia</span> <span class='ocrx_word' id='word_1_410' title='bbox 653 3981 711 4045; x_wconf 90' lang='lat' dir='ltr'>pro</span> <span class='ocrx_word' id='word_1_411' title='bbox 731 3980 769 4025; x_wconf 91' lang='lat' dir='ltr'>eo</span> <span class='ocrx_word' id='word_1_412' title='bbox 788 3963 872 4043; x_wconf 88' lang='lat' dir='ltr'>quod</span> <span class='ocrx_word' id='word_1_413' title='bbox 893 3963 956 4025; x_wconf 86' lang='lat' dir='ltr'>ltco</span> <span class='ocrx_word' id='word_1_414' title='bbox 1011 3960 1110 4024; x_wconf 89' lang='lat' dir='ltr'>medit</span> <span class='ocrx_word' id='word_1_415' title='bbox 1124 3961 1268 4042; x_wconf 90' lang='lat' dir='ltr'>speciosa</span> <span class='ocrx_word' id='word_1_416' title='bbox 1283 3961 1411 4037; x_wconf 86' lang='lat' dir='ltr'>deserti,</span> <span class='ocrx_word' id='word_1_417' title='bbox 1428 3968 1459 4022; x_wconf 88' lang='lat' dir='ltr'>et</span> <span class='ocrx_word' id='word_1_418' title='bbox 1479 3959 1611 4023; x_wconf 82' lang='lat' dir='ltr'>flamma</span> <span class='ocrx_word' id='word_1_419' title='bbox 1627 3979 1756 4024; x_wconf 91' lang='lat' dir='ltr'>succen-</span> 
     </span>
     <span class='ocr_line' id='line_1_36' title="bbox 207 4059 1754 4144; baseline -0.003 -18"><span class='ocrx_word' id='word_1_420' title='bbox 207 4082 284 4127; x_wconf 88' lang='lat' dir='ltr'>vero</span> <span class='ocrx_word' id='word_1_421' title='bbox 301 4061 424 4140; x_wconf 88' lang='lat' dir='ltr'>relicto,</span> <span class='ocrx_word' id='word_1_422' title='bbox 442 4062 585 4125; x_wconf 84' lang='lat' dir='ltr'>venerati</span> <span class='ocrx_word' id='word_1_423' title='bbox 601 4071 675 4124; x_wconf 91' lang='lat' dir='ltr'>sunt</span> <span class='ocrx_word' id='word_1_424' title='bbox 691 4062 786 4139; x_wconf 89' lang='lat' dir='ltr'>idola,</span> <span class='ocrx_word' id='word_1_425' title='bbox 804 4069 957 4144; x_wconf 89' lang='lat' dir='ltr'>prolesta-</span> <span class='ocrx_word' id='word_1_426' title='bbox 1010 4062 1057 4123; x_wconf 87' lang='lat' dir='ltr'>dit</span> <span class='ocrx_word' id='word_1_427' title='bbox 1071 4059 1180 4123; x_wconf 92' lang='lat' dir='ltr'>omnia</span> <span class='ocrx_word' id='word_1_428' title='bbox 1196 4060 1283 4140; x_wconf 88' lang='lat' dir='ltr'>ligna</span> <span class='ocrx_word' id='word_1_429' title='bbox 1294 4059 1445 4140; x_wconf 85' lang='lat' dir='ltr'>regionis.</span> <span class='ocrx_word' id='word_1_430' title='bbox 1457 4059 1610 4123; x_wconf 75' lang='lat' dir='ltr'>Pratorea</span> <span class='ocrx_word' id='word_1_431' title='bbox 1624 4059 1754 4140; x_wconf 90' lang='lat' dir='ltr'>quidam</span> 
     </span>
     <span class='ocr_line' id='line_1_37' title="bbox 208 4155 1752 4243; baseline -0.003 -19"><span class='ocrx_word' id='word_1_432' title='bbox 208 4172 260 4225; x_wconf 89' lang='lat' dir='ltr'>tur</span> <span class='ocrx_word' id='word_1_433' title='bbox 285 4162 372 4243; x_wconf 92' lang='lat' dir='ltr'>quod</span> <span class='ocrx_word' id='word_1_434' title='bbox 397 4179 451 4224; x_wconf 90' lang='lat' dir='ltr'>eos</span> <span class='ocrx_word' id='word_1_435' title='bbox 482 4161 651 4242; x_wconf 89' lang='lat' dir='ltr'>relinquet,</span> <span class='ocrx_word' id='word_1_436' title='bbox 679 4170 710 4223; x_wconf 89' lang='lat' dir='ltr'>et</span> <span class='ocrx_word' id='word_1_437' title='bbox 739 4161 875 4243; x_wconf 89' lang='lat' dir='ltr'>gentiles</span> <span class='ocrx_word' id='word_1_438' title='bbox 898 4161 955 4242; x_wconf 82' lang='lat' dir='ltr'>qui</span> <span class='ocrx_word' id='word_1_439' title='bbox 1010 4166 1174 4241; x_wconf 85' lang='lat' dir='ltr'>exponunt</span> <span class='ocrx_word' id='word_1_440' title='bbox 1203 4159 1287 4220; x_wconf 87' lang='lat' dir='ltr'>istud</span> <span class='ocrx_word' id='word_1_441' title='bbox 1318 4157 1357 4220; x_wconf 93' lang='lat' dir='ltr'>de</span> <span class='ocrx_word' id='word_1_442' title='bbox 1383 4157 1456 4236; x_wconf 91' lang='lat' dir='ltr'>igne</span> <span class='ocrx_word' id='word_1_443' title='bbox 1480 4155 1752 4238; x_wconf 77' lang='lat' dir='ltr'>conflagrationis,</span> 
     </span>
     <span class='ocr_line' id='line_1_38' title="bbox 208 4255 1755 4342; baseline -0.003 -18"><span class='ocrx_word' id='word_1_444' title='bbox 208 4269 299 4324; x_wconf 91' lang='lat' dir='ltr'>crant</span> <span class='ocrx_word' id='word_1_445' title='bbox 315 4279 380 4323; x_wconf 92' lang='lat' dir='ltr'>non</span> <span class='ocrx_word' id='word_1_446' title='bbox 396 4260 546 4342; x_wconf 88' lang='lat' dir='ltr'>populus,</span> <span class='ocrx_word' id='word_1_447' title='bbox 564 4267 706 4322; x_wconf 87' lang='lat' dir='ltr'>assumet</span> <span class='ocrx_word' id='word_1_448' title='bbox 721 4259 783 4322; x_wconf 89' lang='lat' dir='ltr'>sibi</span> <span class='ocrx_word' id='word_1_449' title='bbox 804 4259 837 4321; x_wconf 91' lang='lat' dir='ltr'>in</span> <span class='ocrx_word' id='word_1_450' title='bbox 858 4278 956 4342; x_wconf 93' lang='lat' dir='ltr'>popu·</span> <span class='ocrx_word' id='word_1_451' title='bbox 971 4270 996 4331; x_wconf 82' lang='grc' dir='ltr'>Ι)</span> <span class='ocrx_word' id='word_1_452' title='bbox 1009 4258 1065 4340; x_wconf 88' lang='lat' dir='ltr'>qui</span> <span class='ocrx_word' id='word_1_453' title='bbox 1092 4258 1249 4340; x_wconf 73' lang='lat' dir='ltr'>praecedet</span> <span class='ocrx_word' id='word_1_454' title='bbox 1275 4255 1373 4319; x_wconf 90' lang='lat' dir='ltr'>linale</span> <span class='ocrx_word' id='word_1_455' title='bbox 1396 4256 1565 4336; x_wconf 89' lang='lat' dir='ltr'>judicium,</span> <span class='ocrx_word' id='word_1_456' title='bbox 1592 4275 1657 4337; x_wconf 84' lang='lat' dir='ltr'>quo</span> <span class='ocrx_word' id='word_1_457' title='bbox 1681 4256 1755 4336; x_wconf 90' lang='lat' dir='ltr'>igne</span> 
     </span>
     <span class='ocr_line' id='line_1_39' title="bbox 209 4354 1755 4442; baseline -0.003 -21"><span class='ocrx_word' id='word_1_458' title='bbox 209 4360 276 4422; x_wconf 93' lang='lat' dir='ltr'>lum</span> <span class='ocrx_word' id='word_1_459' title='bbox 295 4383 303 4434; x_wconf 83' lang='lat'>3</span> <span class='ocrx_word' id='word_1_460' title='bbox 326 4378 385 4442; x_wconf 94' lang='lat' dir='ltr'>pro</span> <span class='ocrx_word' id='word_1_461' title='bbox 409 4360 549 4421; x_wconf 90' lang='lat' dir='ltr'>secundo</span> <span class='ocrx_word' id='word_1_462' title='bbox 571 4357 649 4421; x_wconf 88' lang='lat' dir='ltr'>dicit</span> <span class='ocrx_word' id='word_1_463' title='bbox 669 4377 723 4422; x_wconf 90' lang='lat' dir='ltr'>ecs</span> <span class='ocrx_word' id='word_1_464' title='bbox 743 4359 913 4422; x_wconf 89' lang='lat' dir='ltr'>irritandos</span> <span class='ocrx_word' id='word_1_465' title='bbox 938 4378 957 4421; x_wconf 89' lang='lat' dir='ltr'>a</span> <span class='ocrx_word' id='word_1_466' title='bbox 1009 4375 1070 4434; x_wconf 88' lang='lat' dir='ltr'>aar,</span> <span class='ocrx_word' id='word_1_467' title='bbox 1087 4375 1169 4437; x_wconf 88' lang='lat' dir='ltr'>aqua</span> <span class='ocrx_word' id='word_1_468' title='bbox 1185 4362 1216 4418; x_wconf 88' lang='lat' dir='ltr'>et</span> <span class='ocrx_word' id='word_1_469' title='bbox 1235 4363 1319 4417; x_wconf 90' lang='lat' dir='ltr'>terra</span> <span class='ocrx_word' id='word_1_470' title='bbox 1339 4354 1578 4436; x_wconf 87' lang='lat' dir='ltr'>purgabuntur:</span> <span class='ocrx_word' id='word_1_471' title='bbox 1595 4355 1652 4436; x_wconf 87' lang='lat' dir='ltr'>qui</span> <span class='ocrx_word' id='word_1_472' title='bbox 1672 4355 1755 4434; x_wconf 88' lang='lat' dir='ltr'>ignis</span> 
     </span>
     <span class='ocr_line' id='line_1_40' title="bbox 208 4452 1757 4540; baseline -0.005 -18"><span class='ocrx_word' id='word_1_473' title='bbox 208 4467 304 4540; x_wconf 88' lang='lat' dir='ltr'>gente</span> <span class='ocrx_word' id='word_1_474' title='bbox 328 4457 436 4534; x_wconf 88' lang='lat' dir='ltr'>stulta,</span> <span class='ocrx_word' id='word_1_475' title='bbox 454 4457 603 4520; x_wconf 88' lang='lat' dir='ltr'>videlicet</span> <span class='ocrx_word' id='word_1_476' title='bbox 618 4477 636 4518; x_wconf 92' lang='lat' dir='ltr'>a</span> <span class='ocrx_word' id='word_1_477' title='bbox 652 4457 794 4539; x_wconf 88' lang='lat' dir='ltr'>paganis.</span> <span class='ocrx_word' id='word_1_478' title='bbox 812 4458 891 4519; x_wconf 92' lang='lat' dir='ltr'>llinc</span> <span class='ocrx_word' id='word_1_479' title='bbox 912 4457 957 4520; x_wconf 85' lang='lat' dir='ltr'>ait</span> <span class='ocrx_word' id='word_1_480' title='bbox 1011 4455 1161 4518; x_wconf 90' lang='lat' dir='ltr'>universa</span> <span class='ocrx_word' id='word_1_481' title='bbox 1185 4462 1277 4516; x_wconf 80' lang='lat' dir='ltr'>terra</span> <span class='ocrx_word' id='word_1_482' title='bbox 1302 4452 1465 4515; x_wconf 90' lang='lat' dir='ltr'>nascentia</span> <span class='ocrx_word' id='word_1_483' title='bbox 1488 4458 1618 4535; x_wconf 88' lang='lat' dir='ltr'>prorsus</span> <span class='ocrx_word' id='word_1_484' title='bbox 1642 4471 1757 4516; x_wconf 88' lang='lat' dir='ltr'>consu-</span> 
     </span>
     <span class='ocr_line' id='line_1_41' title="bbox 209 4551 1756 4633; baseline -0.005 -13"><span class='ocrx_word' id='word_1_485' title='bbox 209 4567 240 4620; x_wconf 90' lang='lat' dir='ltr'>et</span> <span class='ocrx_word' id='word_1_486' title='bbox 255 4557 367 4621; x_wconf 87' lang='lat' dir='ltr'>Glossa</span> <span class='ocrx_word' id='word_1_487' title='bbox 385 4574 392 4618; x_wconf 91' lang='lat'>:</span> <span class='ocrx_word' id='word_1_488' title='bbox 410 4556 497 4619; x_wconf 89' lang='lat' dir='ltr'>Sicut</span> <span class='ocrx_word' id='word_1_489' title='bbox 513 4556 719 4618; x_wconf 87' lang='lat' dir='ltr'>irritaverunt</span> <span class='ocrx_word' id='word_1_490' title='bbox 735 4574 796 4633; x_wconf 90' lang='lat' dir='ltr'>me,</span> <span class='ocrx_word' id='word_1_491' title='bbox 813 4556 958 4618; x_wconf 89' lang='lat' dir='ltr'>multitu·</span> <span class='ocrx_word' id='word_1_492' title='bbox 1011 4562 1086 4630; x_wconf 90' lang='lat' dir='ltr'>met,</span> <span class='ocrx_word' id='word_1_493' title='bbox 1113 4561 1145 4616; x_wconf 94' lang='lat' dir='ltr'>ct</span> <span class='ocrx_word' id='word_1_494' title='bbox 1173 4552 1338 4633; x_wconf 86' lang='lat' dir='ltr'>usquead</span> <span class='ocrx_word' id='word_1_495' title='bbox 1369 4551 1615 4632; x_wconf 89' lang='lat' dir='ltr'>completionem</span> <span class='ocrx_word' id='word_1_496' title='bbox 1642 4551 1756 4633; x_wconf 87' lang='lat' dir='ltr'>judicii</span> 
     </span>
     <span class='ocr_line' id='line_1_42' title="bbox 209 4649 1757 4735; baseline -0.004 -17"><span class='ocrx_word' id='word_1_497' title='bbox 209 4656 318 4719; x_wconf 89' lang='lat' dir='ltr'>dinem</span> <span class='ocrx_word' id='word_1_498' title='bbox 345 4653 497 4718; x_wconf 89' lang='lat' dir='ltr'>lalscrum</span> <span class='ocrx_word' id='word_1_499' title='bbox 525 4655 657 4717; x_wconf 90' lang='lat' dir='ltr'>deorum</span> <span class='ocrx_word' id='word_1_500' title='bbox 683 4654 826 4730; x_wconf 90' lang='lat' dir='ltr'>colendo,</span> <span class='ocrx_word' id='word_1_501' title='bbox 849 4663 880 4716; x_wconf 91' lang='lat' dir='ltr'>ct</span> <span class='ocrx_word' id='word_1_502' title='bbox 905 4674 956 4718; x_wconf 89' lang='lat' dir='ltr'>me</span> <span class='ocrx_word' id='word_1_503' title='bbox 1011 4651 1207 4735; x_wconf 88' lang='lat' dir='ltr'>perdurabit,</span> <span class='ocrx_word' id='word_1_504' title='bbox 1219 4669 1255 4713; x_wconf 91' lang='lat' dir='ltr'>ac</span> <span class='ocrx_word' id='word_1_505' title='bbox 1266 4652 1339 4713; x_wconf 91' lang='lat' dir='ltr'>data</span> <span class='ocrx_word' id='word_1_506' title='bbox 1350 4649 1509 4712; x_wconf 88' lang='lat' dir='ltr'>sententia</span> <span class='ocrx_word' id='word_1_507' title='bbox 1520 4649 1663 4712; x_wconf 86' lang='lat' dir='ltr'>involvet</span> <span class='ocrx_word' id='word_1_508' title='bbox 1673 4650 1757 4712; x_wconf 91' lang='lat' dir='ltr'>dam-</span> 
     </span>
     <span class='ocr_line' id='line_1_43' title="bbox 210 4747 1757 4836; baseline -0.005 -20"><span class='ocrx_word' id='word_1_509' title='bbox 210 4753 423 4836; x_wconf 88' lang='lat' dir='ltr'>reprobando,</span> <span class='ocrx_word' id='word_1_510' title='bbox 456 4753 502 4816; x_wconf 89' lang='lat' dir='ltr'>sic</span> <span class='ocrx_word' id='word_1_511' title='bbox 533 4752 667 4815; x_wconf 89' lang='lat' dir='ltr'>irritabo</span> <span class='ocrx_word' id='word_1_512' title='bbox 696 4771 750 4815; x_wconf 92' lang='lat' dir='ltr'>cos</span> <span class='ocrx_word' id='word_1_513' title='bbox 779 4752 957 4822; x_wconf 90' lang='lat' dir='ltr'>multitudi-</span> <span class='ocrx_word' id='word_1_514' title='bbox 1012 4759 1114 4827; x_wconf 90' lang='lat' dir='ltr'>natos,</span> <span class='ocrx_word' id='word_1_515' title='bbox 1131 4758 1227 4831; x_wconf 88' lang='lat' dir='ltr'>atquc</span> <span class='ocrx_word' id='word_1_516' title='bbox 1242 4767 1315 4811; x_wconf 91' lang='lat' dir='ltr'>cum</span> <span class='ocrx_word' id='word_1_517' title='bbox 1342 4747 1420 4830; x_wconf 89' lang='lat' dir='ltr'>ipsis</span> <span class='ocrx_word' id='word_1_518' title='bbox 1440 4748 1613 4811; x_wconf 89' lang='lat' dir='ltr'>descendet</span> <span class='ocrx_word' id='word_1_519' title='bbox 1637 4747 1671 4808; x_wconf 90' lang='lat' dir='ltr'>in</span> <span class='ocrx_word' id='word_1_520' title='bbox 1697 4756 1757 4811; x_wconf 92' lang='lat' dir='ltr'>tar·</span> 
     </span>
     <span class='ocr_line' id='line_1_44' title="bbox 210 4845 1754 4932; baseline -0.004 -18"><span class='ocrx_word' id='word_1_521' title='bbox 210 4871 284 4914; x_wconf 90' lang='lat' dir='ltr'>nem</span> <span class='ocrx_word' id='word_1_522' title='bbox 311 4851 454 4931; x_wconf 91' lang='lat' dir='ltr'>gentium</span> <span class='ocrx_word' id='word_1_523' title='bbox 476 4851 678 4924; x_wconf 89' lang='lat' dir='ltr'>assumendo,</span> <span class='ocrx_word' id='word_1_524' title='bbox 697 4858 728 4912; x_wconf 94' lang='lat' dir='ltr'>ct</span> <span class='ocrx_word' id='word_1_525' title='bbox 748 4850 835 4932; x_wconf 89' lang='lat' dir='ltr'>ipsos</span> <span class='ocrx_word' id='word_1_526' title='bbox 853 4869 958 4932; x_wconf 90' lang='lat' dir='ltr'>repro·</span> <span class='ocrx_word' id='word_1_527' title='bbox 1014 4857 1126 4912; x_wconf 87' lang='lat' dir='ltr'>tarum.</span> <span class='ocrx_word' id='word_1_528' title='bbox 1146 4847 1234 4909; x_wconf 91' lang='lat' dir='ltr'>Unde</span> <span class='ocrx_word' id='word_1_529' title='bbox 1259 4845 1465 4927; x_wconf 84' lang='lat' dir='ltr'>Septuaginta</span> <span class='ocrx_word' id='word_1_530' title='bbox 1489 4846 1722 4908; x_wconf 88' lang='lat' dir='ltr'>transtulemnt</span> <span class='ocrx_word' id='word_1_531' title='bbox 1746 4864 1754 4908; x_wconf 74' lang='grc' dir='ltr'>ε</span> 
     </span>
     <span class='ocr_line' id='line_1_45' title="bbox 210 4939 1758 5031; baseline -0.005 -17"><span class='ocrx_word' id='word_1_532' title='bbox 210 4950 328 5014; x_wconf 88' lang='lat' dir='ltr'>bando.</span> <span class='ocrx_word' id='word_1_533' title='bbox 346 4951 431 5013; x_wconf 90' lang='lat' dir='ltr'>llanc</span> <span class='ocrx_word' id='word_1_534' title='bbox 447 4939 636 5031; x_wconf 91' lang='lat' dir='ltr'>scripturam</span> <span class='ocrx_word' id='word_1_535' title='bbox 657 4949 772 5028; x_wconf 86' lang='lat' dir='ltr'>allegat</span> <span class='ocrx_word' id='word_1_536' title='bbox 787 4948 958 5030; x_wconf 79' lang='lat' dir='ltr'>Apostolus</span> <span class='ocrx_word' id='word_1_537' title='bbox 1013 4947 1096 5029; x_wconf 89' lang='lat' dir='ltr'>lgnis</span> <span class='ocrx_word' id='word_1_538' title='bbox 1112 4945 1229 5009; x_wconf 89' lang='lat' dir='ltr'>exarsit</span> <span class='ocrx_word' id='word_1_539' title='bbox 1243 4944 1283 5007; x_wconf 88' lang='lat' dir='ltr'>ab</span> <span class='ocrx_word' id='word_1_540' title='bbox 1299 4945 1346 5006; x_wconf 93' lang='lat' dir='ltr'>ira</span> <span class='ocrx_word' id='word_1_541' title='bbox 1361 4963 1442 5020; x_wconf 86' lang='lat' dir='ltr'>mea,</span> <span class='ocrx_word' id='word_1_542' title='bbox 1459 4952 1492 5006; x_wconf 88' lang='lat' dir='ltr'>et</span> <span class='ocrx_word' id='word_1_543' title='bbox 1510 4944 1635 5006; x_wconf 86' lang='lat' dir='ltr'>ardebit</span> <span class='ocrx_word' id='word_1_544' title='bbox 1655 4949 1758 5025; x_wconf 89' lang='lat' dir='ltr'>usque</span> 
     </span>
     <span class='ocr_line' id='line_1_46' title="bbox 211 5044 1409 5124; baseline -0.007 -13"><span class='ocrx_word' id='word_1_545' title='bbox 211 5050 388 5113; x_wconf 92' lang='lat' dir='ltr'>secundum</span> <span class='ocrx_word' id='word_1_546' title='bbox 414 5047 501 5110; x_wconf 89' lang='lat' dir='ltr'>illam</span> <span class='ocrx_word' id='word_1_547' title='bbox 527 5047 777 5122; x_wconf 88' lang='lat' dir='ltr'>translationem,</span> <span class='ocrx_word' id='word_1_548' title='bbox 795 5048 832 5108; x_wconf 90' lang='lat' dir='ltr'>ad</span> <span class='ocrx_word' id='word_1_549' title='bbox 849 5047 958 5109; x_wconf 85' lang='lat' dir='ltr'>Roma·</span> <span class='ocrx_word' id='word_1_550' title='bbox 1013 5046 1051 5108; x_wconf 91' lang='lat' dir='ltr'>ad</span> <span class='ocrx_word' id='word_1_551' title='bbox 1069 5044 1188 5107; x_wconf 89' lang='lat' dir='ltr'>inleros</span> <span class='ocrx_word' id='word_1_552' title='bbox 1204 5053 1235 5107; x_wconf 91' lang='lat' dir='ltr'>ct</span> <span class='ocrx_word' id='word_1_553' title='bbox 1250 5045 1409 5124; x_wconf 88' lang='lat' dir='ltr'>deorsum.</span> 
     </span>
    </p>
   </div>
   <div class='ocr_carea' id='block_1_6' title="bbox 58 5141 1758 5227">
    <p class='ocr_par' dir='ltr' id='par_1_6' title="bbox 58 5141 1758 5227">
     <span class='ocr_line' id='line_1_47' title="bbox 58 5141 1758 5227; baseline -0.006 -10"><span class='ocrx_word' id='word_1_554' title='bbox 58 5173 196 5222; x_wconf 48' lang='lat' dir='ltr'>nonanto.</span> <span class='ocrx_word' id='word_1_555' title='bbox 212 5165 269 5212; x_wconf 90' lang='lat' dir='ltr'>nos</span> <span class='ocrx_word' id='word_1_556' title='bbox 291 5148 428 5210; x_wconf 86' lang='lat' dir='ltr'>dicens:</span> <span class='ocrx_word' id='word_1_557' title='bbox 449 5146 573 5207; x_wconf 90' lang='lat' dir='ltr'>Primus</span> <span class='ocrx_word' id='word_1_558' title='bbox 589 5145 708 5227; x_wconf 79' lang='lat' dir='ltr'>Moyses</span> <span class='ocrx_word' id='word_1_559' title='bbox 728 5144 816 5221; x_wconf 89' lang='lat' dir='ltr'>dicit,</span> <span class='ocrx_word' id='word_1_560' title='bbox 835 5145 898 5223; x_wconf 83' lang='lat' dir='ltr'>Ego</span> <span class='ocrx_word' id='word_1_561' title='bbox 918 5145 958 5206; x_wconf 90' lang='lat' dir='ltr'>ad</span> <span class='ocrx_word' id='word_1_562' title='bbox 1056 5145 1254 5220; x_wconf 72' lang='lat' dir='ltr'>Cooprooobo</span> <span class='ocrx_word' id='word_1_563' title='bbox 1275 5163 1371 5220; x_wconf 80' lang='lat' dir='ltr'>sopor</span> <span class='ocrx_word' id='word_1_564' title='bbox 1390 5163 1439 5201; x_wconf 82' lang='lat' dir='ltr'>cos</span> <span class='ocrx_word' id='word_1_565' title='bbox 1461 5147 1561 5214; x_wconf 70' lang='lat' dir='ltr'>azoto,</span> <span class='ocrx_word' id='word_1_566' title='bbox 1578 5141 1610 5203; x_wconf 92' lang='lat' dir='ltr'>id</span> <span class='ocrx_word' id='word_1_567' title='bbox 1631 5150 1688 5219; x_wconf 90' lang='lat' dir='ltr'>est,</span> <span class='ocrx_word' id='word_1_568' title='bbox 1706 5160 1758 5206; x_wconf 91' lang='lat' dir='ltr'>co-</span> 
     </span>
    </p>
   </div>
   <div class='ocr_carea' id='block_1_7' title="bbox 211 5239 1760 5425">
    <p class='ocr_par' dir='ltr' id='par_1_7' title="bbox 211 5239 1760 5425">
     <span class='ocr_line' id='line_1_48' title="bbox 211 5239 1758 5325; baseline -0.005 -15"><span class='ocrx_word' id='word_1_569' title='bbox 211 5246 450 5310; x_wconf 82' lang='lat' dir='ltr'>aamulationcm</span> <span class='ocrx_word' id='word_1_570' title='bbox 462 5263 518 5309; x_wconf 87' lang='lat' dir='ltr'>vos</span> <span class='ocrx_word' id='word_1_571' title='bbox 533 5243 687 5306; x_wconf 90' lang='lat' dir='ltr'>adducam</span> <span class='ocrx_word' id='word_1_572' title='bbox 700 5244 733 5306; x_wconf 93' lang='lat' dir='ltr'>in</span> <span class='ocrx_word' id='word_1_573' title='bbox 745 5252 955 5322; x_wconf 87' lang='lat' dir='ltr'>ncngcntcm,</span> <span class='ocrx_word' id='word_1_574' title='bbox 1014 5242 1099 5325; x_wconf 94' lang='lat' dir='ltr'>piam</span> <span class='ocrx_word' id='word_1_575' title='bbox 1123 5249 1354 5303; x_wconf 89' lang='lat' dir='ltr'>tormentorum</span> <span class='ocrx_word' id='word_1_576' title='bbox 1368 5239 1416 5302; x_wconf 91' lang='lat' dir='ltr'>eis</span> <span class='ocrx_word' id='word_1_577' title='bbox 1433 5239 1589 5320; x_wconf 90' lang='lat' dir='ltr'>inlligam.</span> <span class='ocrx_word' id='word_1_578' title='bbox 1607 5241 1686 5303; x_wconf 88' lang='lat' dir='ltr'>llinc</span> <span class='ocrx_word' id='word_1_579' title='bbox 1701 5259 1758 5323; x_wconf 89' lang='lat' dir='ltr'>par</span> 
     </span>
     <span class='ocr_line' id='line_1_49' title="bbox 213 5337 1760 5425; baseline -0.005 -18"><span class='ocrx_word' id='word_1_580' title='bbox 213 5346 386 5425; x_wconf 86' lang='lat' dir='ltr'>ingentem</span> <span class='ocrx_word' id='word_1_581' title='bbox 399 5342 611 5425; x_wconf 89' lang='lat' dir='ltr'>insipientem,</span> <span class='ocrx_word' id='word_1_582' title='bbox 621 5341 653 5404; x_wconf 94' lang='lat' dir='ltr'>in</span> <span class='ocrx_word' id='word_1_583' title='bbox 665 5341 744 5404; x_wconf 92' lang='lat' dir='ltr'>iram</span> <span class='ocrx_word' id='word_1_584' title='bbox 757 5361 813 5404; x_wconf 86' lang='lat' dir='ltr'>vos</span> <span class='ocrx_word' id='word_1_585' title='bbox 823 5342 957 5403; x_wconf 87' lang='lat' dir='ltr'>mittam.</span> <span class='ocrx_word' id='word_1_586' title='bbox 1014 5337 1211 5402; x_wconf 83' lang='lat' dir='ltr'>Ezechielem</span> <span class='ocrx_word' id='word_1_587' title='bbox 1223 5337 1374 5400; x_wconf 85' lang='lat' dir='ltr'>[lominus</span> <span class='ocrx_word' id='word_1_588' title='bbox 1385 5339 1676 5419; x_wconf 87' lang='lat' dir='ltr'>protestatur,qucd</span> <span class='ocrx_word' id='word_1_589' title='bbox 1685 5358 1760 5419; x_wconf 88' lang='lat' dir='ltr'>qua·</span> 
     </span>
    </p>
   </div>
   <div class='ocr_carea' id='block_1_8' title="bbox 0 0 2176 6259">
    <p class='ocr_par' dir='ltr' id='par_1_8' title="bbox 0 0 2176 6259">
     <span class='ocr_line' id='line_1_50' title="bbox 0 0 2176 6259; baseline 0 0"><span class='ocrx_word' id='word_1_590' title='bbox 0 0 2176 6259; x_wconf 95' lang='lat' dir='ltr'> </span> 
     </span>
    </p>
   </div>
  </div>
 </body>
</html>
