4309 6259
398 464 401 471 ’
451 476 509 539 toa
772 491 946 537 enxnnxrro
967 491 997 536 m
1019 490 1087 535 cnr.
1110 488 1184 535 xxxv
1204 487 1402 535 nunnonuu.
1424 508 1464 518 —
1484 490 1556 536 aur.
1578 491 1675 537 xxxm

449 665 566 728 talibus
586 664 763 728 visionibus
785 662 858 725 fieri
878 662 968 726 solet.
985 662 1073 725 Unde
1093 668 1126 723 et
1140 658 1235 721 lla-h
1289 661 1441 725 Praeterea
1464 663 1741 740 considerandum,
1762 665 1849 745 quod
1866 665 1991 727 Balaam

300 764 512 828 cenomanici
541 782 548 825 :
574 764 738 845 (lollapsus
763 781 844 837 sum,
873 762 987 843 inquit,
1015 779 1135 843 pronus
1160 758 1193 820 in
1250 758 1300 819 vir
1315 759 1499 840 ingeniosus
1509 770 1540 824 et
1555 780 1705 841 arrogans
1719 763 1801 825 dona
1818 762 1879 824 sibi
1896 783 1991 846 supra

306 878 432 928 ruerem.
449 872 576 926 terram.
594 860 736 925 Ezechiel
760 879 888 941 quoque
905 877 913 920 :
931 858 1015 933 Vidi,
1037 868 1067 920 et
1090 857 1192 921 cecidi
1249 858 1361 920 merita
1377 879 1433 921 sua
1448 861 1573 935 collata,
1584 861 1766 941 intelligens
1781 866 1850 937 ea',
1861 881 1924 925 non
1940 882 1991 944 pa-
2014 883 2118 924 wne

314 981 429 1034 renea
447 962 611 1025 infaciem
634 980 748 1025 meam.
765 961 803 1021 Et
823 960 917 1022 isaias
935 976 942 1020 :
959 958 1068 1021 Corrui
1092 943 1191 1038 quum
1248 975 1317 1017 rum
1334 958 1507 1035 extollitur,
1519 969 1550 1021 et
1566 960 1605 1023 de
1618 960 1738 1023 eisdem
1754 980 1788 1023 se
1803 961 1908 1043 ipsum
1925 980 1988 1023 non
2002 947 2116 1049 {ffl‘ff

444 1061 598 1125 audirem.
612 1062 650 1123 Et
665 1068 736 1143 post
752 1057 937 1141 hujusmodi
948 1076 1056 1119 casum
1074 1055 1190 1117 illumi·
1247 1056 1448 1120 mediocriter
1463 1058 1620 1135 elevat,ac
1636 1058 1670 1120 in
1685 1060 1855 1141 prasentia
1865 1062 1948 1139 regis
1959 1070 1987 1123 et
2002 1073 2115 1126 nepe.
2132 1119 2133 1126 ,

444 1161 510 1223 nati
532 1169 607 1223 sunt
628 1160 744 1241 spiritu
767 1156 942 1240 prophetia
962 1154 1046 1218 oculi
1063 1153 1189 1216 Balaam
1246 1154 1429 1237 principum
1453 1156 1570 1233 laudat,
1589 1166 1623 1219 ut
1648 1158 1746 1221 moris
1768 1168 1816 1221 est
1842 1160 1990 1241 superbe
2132 1143 2133 1170 ³

441 1258 594 1322 infelicis.
607 1258 712 1320 Tertio
728 1256 775 1319 sic
793 1274 800 1317 ε
817 1255 875 1329 Oui
891 1254 987 1330 cadit,
1005 1253 1066 1315 hoc
1082 1260 1142 1329 est,
1155 1252 1189 1313 in
1246 1272 1327 1330 rum,
1345 1262 1381 1315 ut
1394 1254 1517 1318 scilicet
1538 1257 1686 1320 omnibus
1706 1267 1790 1320 esset
1811 1258 1989 1321 admiratio

441 1377 588 1421 somnum
607 1356 787 1432 resolvitur,
800 1354 888 1417 etsie
904 1349 1188 1435 aperiunturoeuli
1246 1350 1290 1420 ni,
1308 1353 1473 1434 magisque
1488 1353 1706 1417 honoraretur.

441 1456 522 1537 ejus,
539 1454 616 1538 quia
633 1455 664 1515 in
681 1472 794 1517 somno
810 1451 1019 1514 revelationes
1034 1449 1187 1530 quasdam
1285 1453 1389 1519 Quam
1400 1456 1542 1529 pulchra
1566 1456 1774 1516 tabernacula
1795 1466 1865 1524 tea,
1879 1459 1985 1526 Jacob,

441 1555 572 1620 sortitus
587 1561 647 1616 est.
664 1553 763 1627 Unde,
777 1560 811 1613 ut
825 1550 924 1631 aliqui
941 1548 1065 1623 dicunt,
1082 1547 1116 1609 in
1132 1546 1188 1608 lle·
1242 1557 1271 1607 et
1288 1554 1425 1611 tenwria
1441 1562 1510 1621 tua,
1529 1554 1629 1612 Israel
1639 1555 1653 1611 l
1666 1551 1737 1614 Alia
1750 1552 1858 1615 littera
1873 1554 1984 1617 habet:

441 1654 526 1717 braeo
546 1651 680 1715 habetur
699 1668 707 1712 ι
723 1649 781 1724 Qui
802 1648 903 1732 ponit,
922 1648 954 1709 id
974 1654 1032 1720 est,
1051 1646 1084 1707 in
1105 1644 1187 1707 lecto
1241 1644 1340 1719 Quam
1356 1647 1448 1712 bona
1467 1650 1580 1713 domus
1602 1659 1672 1727 tuae,
1688 1651 1801 1715 Jacob!
1818 1652 1854 1714 ln
1869 1652 1987 1734 quibus

441 1753 575 1816 reclinat
600 1771 648 1829 se,
675 1750 769 1813 utin
799 1746 942 1811 historiis
972 1744 1103 1827 exponit
1129 1744 1188 1805 Ma·
1242 1745 1359 1823 verbis,
1387 1749 1560 1811 secundum
1585 1748 1763 1831 Origencm,
1789 1769 1853 1813 non
1879 1751 1987 1813 laudat

441 1851 550 1932 gister.
1070 1887 1072 1891 -
1201 1845 1353 1909 Bdomos
1370 1853 1520 1924 terrenas,
1538 1849 1594 1911 sed
1614 1849 1768 1930 populum
1788 1849 1986 1913 habitantem

481 1951 566 2012 lianc
581 1949 727 2011 ultimam
738 1944 970 2027 expositionem
982 1942 1127 2024 sequitur
1138 1940 1187 2002 hl·
1242 1944 1275 2005 in
1288 1944 1346 2006 cis,
1356 1944 1463 2026 ltaque
1479 1946 1681 2010 tabernacula
1692 1947 1748 2009 illa
1759 1948 1904 2010 nominat
1915 1949 1984 2029 pul-

303 2063 381 2109 ιοιιι.
392 2069 424 2110 n.
440 2048 558 2121 bertus,
577 2048 685 2111 dicens
706 2063 802 2127 super
820 2044 899 2105 illud
914 2041 983 2117 lob,
1001 2042 1034 2104 ln
1054 2040 1186 2103 horrore
1241 2043 1329 2120 chra,
1341 2044 1489 2107 similiter
1503 2046 1573 2126 ejus
1589 2046 1744 2109 tentoria:
1758 2047 1909 2129 quoniam
1921 2047 1983 2110 lilii

439 2148 573 2213 visionis
590 2154 763 2220 nocturnae,
780 2143 907 2225 quando
924 2160 1018 2222 sopor
1035 2140 1116 2203 solet
1136 2158 1186 2203 oc·
1242 2143 1335 2205 lsrael
1351 2152 1442 2206 erant
1456 2143 1610 2220 ordinate,
1623 2145 1765 2226 pulchre,
1776 2155 1809 2209 et
1822 2148 1984 2228 sapienter

439 2266 555 2330 cupere
579 2246 725 2309 homines
743 2262 750 2306 :
769 2243 869 2324 Sopor
886 2250 934 2305 est
955 2258 1087 2304 somnus
1114 2257 1184 2319 pro
1240 2241 1336 2304 divisi
1352 2260 1410 2323 per
1424 2242 1493 2305 loca
1507 2251 1539 2306 et
1555 2243 1736 2306 habitacula
1750 2264 1817 2322 sua,
1834 2255 1866 2307 et
1886 2244 1920 2307 in
1937 2256 1982 2308 ta·
2010 2268 2116 2310 ,rma

439 2346 570 2422 fundus,
598 2345 701 2426 ligans
725 2361 836 2405 sensus
860 2348 891 2403 et
917 2337 1181 2419 imaginationes3
1239 2340 1403 2403 bernaculi
1427 2359 1514 2423 gyro.
1531 2342 1569 2403 Et
1588 2342 1692 2424 primo
1715 2352 1805 2405 erant
1825 2344 1923 2407 dirisi
1947 2346 1979 2408 in
1995 2336 2068 2384 Μ’
2132 2347 2133 2384 ῑ

438 2447 493 2509 scd
515 2447 555 2508 ad
575 2444 772 2507 intellectum
794 2459 857 2503 non
881 2438 1081 2521 perveniam,
1107 2436 1183 2518 quia
1237 2440 1405 2502 duodecim
1417 2440 1528 2516 tribus,
1539 2449 1652 2522 praeter
1668 2440 1784 2503 tribum
1795 2442 1979 2507 Leviticam.

437 2545 618 2607 intellectus
636 2562 698 2606 non
715 2539 879 2603 cstvirtus
896 2538 929 2599 in
945 2554 1078 2618 corpore
1092 2554 1099 2597 :
1113 2554 1183 2617 pro·
1236 2537 1389 2612 Qualibet
1403 2557 1530 2620 quoque
1546 2539 1648 2601 tribus
1669 2540 1730 2601 luit
1743 2540 1847 2602 divisa
1862 2561 1919 2623 per
1935 2541 1983 2603 la-

435 2652 505 2727 pter
521 2642 607 2723 quod
628 2642 661 2703 in
677 2658 791 2722 soporo
807 2636 907 2717 magis
925 2644 1085 2718 operatur,
1103 2635 1180 2716 quia
1236 2636 1352 2713 milies,
1365 2638 1486 2714 domos,
1496 2657 1532 2700 ac
1548 2638 1662 2719 capita.
1674 2639 1792 2701 llursus
1812 2640 1980 2704 duodecim

435 2761 493 2805 nec
524 2740 708 2823 operatione
737 2736 964 2810 membrorum,
990 2754 1048 2797 nec
1073 2734 1182 2815 imagi·
1236 2733 1337 2796 trihus
1357 2744 1447 2798 erant
1465 2735 1576 2798 divisae
1598 2734 1631 2796 in
1651 2745 1787 2816 quatuor
1810 2746 1928 2818 partes,
1948 2739 1982 2804 in

434 2840 563 2903 natione
583 2854 733 2902 sensuum
757 2843 905 2899 evocatur
921 2832 970 2895 vel
993 2832 1176 2914 impeditur.
1234 2853 1368 2915 quarum
1398 2833 1542 2915 qualibet
1566 2843 1656 2896 erant
1681 2844 1744 2897 tres
1767 2835 1880 2913 tribus,
1906 2857 1980 2919 quan

434 2938 569 3001 Somnus
585 2945 691 2999 autem
711 2950 881 2998 commune
896 2940 944 2994 est
969 2930 1177 3009 ligamentum
1233 2940 1370 3013 quatuor
1393 2940 1498 3013 partes
1520 2940 1610 2995 erant
1630 2932 1814 2995 incircuitu
1833 2936 1982 2999 taberna-

433 3056 596 3113 sensuum,
615 3053 677 3115 non
701 3031 875 3116 phantasia
901 3049 959 3092 nee
980 3028 1179 3111 imaginatio
1195 3027 1216 3091 C
1233 3031 1297 3094 culi
1314 3031 1348 3093 in
1370 3039 1506 3113 quatuor
1530 3030 1619 3107 locis,
1645 3033 1819 3094 secundum
1841 3042 1981 3115 quatuor

434 3136 494 3198 nis.
507 3135 595 3197 Unde
610 3133 655 3196 ait
665 3130 875 3212 Philosophus
891 3128 994 3211 primo
1010 3128 1052 3191 de
1061 3128 1178 3193 Somno
1233 3130 1342 3212 plagas
1357 3129 1479 3193 mundi.
1493 3129 1608 3193 Levitae
1624 3149 1750 3211 quoque
1761 3140 1851 3193 erant
1862 3133 1896 3195 in
1913 3144 1978 3199 tres
2020 3155 2077 3197 roa.
2091 3170 2115 3199 a.

431 3244 463 3299 et
483 3234 603 3314 vigilia,
620 3231 705 3313 quod
725 3228 892 3310 phantasia
913 3234 1057 3289 movetur
1079 3226 1113 3288 in
1134 3227 1179 3290 vi·
1232 3238 1337 3311 partes
1359 3228 1466 3306 divisi,
1483 3237 1515 3291 et
1540 3227 1742 3293 tabernaculo
1766 3230 1820 3291 llei
1848 3234 1979 3315 propin·
1996 3222 2099 3272 ΠΜ·
2132 3303 2133 3314 q

431 3332 518 3416 gilla,
541 3340 573 3394 et
596 3330 697 3410 magis
723 3327 756 3388 in
782 3344 904 3389 somno.
926 3324 1024 3406 Hujus
1050 3324 1177 3405 signum
1232 3328 1371 3409 quiores
1389 3328 1464 3389 Tam
1487 3327 1654 3409 multiplex
1673 3336 1777 3390 autem
1801 3337 1833 3392 et
1857 3334 1978 3397 condo-

430 3441 488 3508 est,
507 3429 592 3512 quod
602 3427 719 3490 dicitur
735 3426 767 3487 in
778 3423 903 3499 Genesi,
917 3423 993 3505 quia
1007 3442 1108 3506 quum
1121 3424 1176 3486 llo
1232 3446 1307 3489 cens
1318 3427 1406 3502 ordo,
1416 3425 1551 3488 multum
1563 3435 1712 3508 perornat
1725 3434 1821 3508 atque
1836 3431 1981 3510 pulchri-

430 3529 537 3593 minus
553 3524 737 3593 vellethdae
753 3522 893 3588 revelare
910 3521 1119 3585 intellectuali
1132 3541 1178 3585 re.
1234 3524 1309 3587 licat
1331 3533 1394 3586 tam
1420 3524 1600 3586 habitacula
1618 3543 1715 3605 quam
1737 3524 1919 3592 habitantes
1941 3532 1976 3594 in

431 3627 599 3703 velatione,
620 3624 758 3706 qualiter
783 3623 823 3685 de
849 3622 947 3683 latere
971 3620 1088 3683 Christi
1115 3621 1177 3685 lor·
1234 3624 1290 3685 eis.
1312 3622 1388 3684 Nam
1402 3631 1434 3685 et
1448 3622 1526 3685 ordo
1547 3629 1595 3685 est
1609 3621 1765 3704 optimum
1782 3625 1859 3705 quid
1876 3628 1911 3689 in
1926 3649 1980 3693 re·

294 3748 413 3799 cenna.
431 3728 547 3790 manda
562 3733 645 3789 esset
660 3721 811 3799 Ecclesia,
828 3720 962 3782 immisit
978 3740 1124 3803 soporem
1142 3722 1174 3783 in
1230 3721 1300 3784 bus,
1327 3721 1457 3782 hlultum
1482 3739 1609 3802 quoque
1636 3720 1797 3785 intuentes
1820 3726 1970 3791 delectat.

311 3834 317 3841 '
431 3828 541 3903 Adam,
559 3833 594 3886 ut
609 3822 731 3885 scilicet
747 3838 810 3883 non
828 3818 981 3901 impedito
998 3820 1173 3897 intellectu,
1231 3821 1275 3882 Ex
1294 3840 1357 3902 qua
1377 3819 1629 3883 consideratione
1649 3822 1840 3885 venerabilis
1863 3826 1976 3890 doctor

432 3925 564 4007 limpide
575 3922 751 4005 perciperet
763 3918 1091 3983 revelationem.Hinc
1102 3921 1177 3983 scri·
1231 3920 1405 3983 Richardus
1432 3920 1471 3982 de
1497 3918 1682 3996 hlediavilla,
1709 3940 1805 4003 super
1830 3923 1973 4005 primurn

289 4044 415 4095 eertum.
430 4034 520 4107 ptum
536 4030 584 4085 cst
599 4018 842 4083 inCanticorum
858 4017 1029 4097 libro:Ego
1040 4019 1172 4095 dormio,
1231 4019 1464 4082 Sententiarum
1480 4017 1602 4099 probat,
1622 4020 1706 4098 quod
1723 4020 1833 4086 relatio
1850 4023 1893 4085 sit
1913 4044 1972 4088 cns

430 4131 462 4185 et
481 4138 657 4186 cormeum
676 4116 798 4197 vigilat.
816 4116 854 4177 Et
874 4116 907 4177 in
928 4117 1176 4180 commendatio
1230 4118 1325 4194 reale,
1337 4116 1487 4198 quoniam
1503 4116 1581 4179 ordo
1596 4116 1652 4196 qui
1667 4125 1716 4179 est
1731 4118 1848 4194 relatio,
1861 4132 1970 4187 actum

431 4239 471 4283 ne
487 4218 620 4282 visionis
636 4216 771 4291 Balaam,
789 4234 853 4295 qua
868 4214 995 4291 dicitur,
1012 4214 1175 4278 Visionem
1190 4218 1215 4279 ll
1231 4216 1325 4279 habet
1345 4215 1474 4278 realem.

429 4316 661 4401 Omnipotentis
677 4314 813 4376 intuitus
828 4321 887 4390 est,
899 4312 1114 4395 premittitur,
1124 4315 1175 4376 bi-
1277 4318 1313 4376 Ut
1329 4318 1427 4374 ealles
1441 4332 1624 4381 nemorose,
1635 4312 1694 4375 hoc
1709 4323 1768 4391 est,
1783 4320 1973 4386 nemoribus

428 4419 475 4481 xit
490 4418 585 4481 homo
600 4414 692 4495 cujus
703 4411 868 4475 obturatus
884 4419 931 4473 est
946 4411 1069 4487 oculus
1087 4414 1176 4476 etsie
1230 4413 1360 4477 consitae
1375 4430 1446 4493 quae
1461 4418 1535 4473 sunt
1550 4412 1690 4493 pulchra
1705 4413 1744 4474 ad
1767 4412 1971 4498 intuendum,

427 4517 614 4601 aperiuntur
639 4511 723 4577 oculi
743 4510 812 4592 ejus
840 4526 847 4571 τ
870 4518 901 4572 et
926 4509 1063 4573 intendit
1086 4514 1172 4593 quod
1230 4521 1261 4575 et
1275 4509 1479 4574 delectabiles
1489 4510 1528 4571 ad
1543 4508 1797 4588 inhabitandum,
1814 4523 1846 4576 et
1862 4516 1972 4582 valent

427 4623 548 4699 quanto
559 4615 724 4677 obturatus
740 4617 787 4671 est
803 4608 914 4671 oculus
930 4609 1077 4686 exterior,
1087 4619 1174 4676 tanto
1228 4611 1267 4673 ad
1278 4609 1505 4691 protegendum
1516 4617 1626 4670 contra
1636 4607 1975 4682 solisardorem.llndc

429 4712 594 4795 limpidius
614 4710 700 4773 videt
723 4707 876 4780 interior3
894 4714 925 4769 ct
944 4716 1063 4789 quanto
1089 4711 1174 4772 cadit
1227 4709 1289 4772 alia
1304 4709 1399 4770 habet
1419 4706 1583 4769 translatio
1601 4724 1608 4768 :
1625 4706 1664 4768 Ut
1680 4726 1807 4771 nemora
1822 4712 1976 4778 umbran-

426 4812 563 4879 extcrior
574 4806 775 4893 profundiori
786 4806 956 4869 destitutus
972 4824 1096 4888 sopore,
1106 4816 1173 4870 tan-
1229 4809 1281 4871 tia.
1309 4810 1348 4867 Ut
1363 4806 1560 4882 bortijueta
1574 4808 1692 4880 fluvios
1707 4809 1840 4885 irrepat.
1859 4809 1974 4884 Quom.

426 4921 459 4975 ιο
483 4909 657 4992 apertiores
686 4905 783 4969 habet
807 4904 915 4967 oculos
939 4903 1106 4968 interiores
1131 4909 1171 4970 ad
1227 4906 1398 4970 admodum
1422 4904 1508 4966 enim
1528 4904 1612 4967 horti
1632 4904 1687 4985 qui
1710 4904 1819 4969 lluviis
1839 4908 1973 4992 irrigan-

426 5010 569 5075 veritatis
591 5003 903 5086 contemplationem.
922 5002 992 5066 Haec
1008 5005 1105 5066 verba
1123 5006 1172 5068 hl·
1228 5015 1288 5081 tur,
1306 5011 1381 5065 sunt
1400 5001 1566 5078 fructuosi,
1583 5002 1755 5084 herbisque
1770 5005 1920 5087 virentes,
1936 5021 1972 5073 et

426 5108 519 5187 berti,
547 5126 618 5188 quae
647 5103 764 5187 partim
789 5101 963 5182 procedunt
994 5104 1171 5166 secundum
1226 5101 1344 5166 amoeni
1361 5102 1400 5164 ad
1420 5102 1689 5182 conspectandum
1711 5122 1747 5165 ac
1766 5106 1971 5185 spatiandum

425 5205 662 5291 philosophiam
674 5200 783 5283 ipsius,
791 5198 952 5261 recitative
964 5200 1064 5279 magis
1074 5220 1170 5281 quam
1226 5202 1259 5263 in
1275 5202 1332 5277 eis,
1350 5201 1396 5263 sic
1411 5199 1548 5282 populus
1563 5199 1657 5262 lsrael
1673 5200 1761 5281 prole
1775 5210 1871 5283 atque
1889 5206 1972 5269 divi-

424 5306 579 5371 assertive
593 5318 817 5367 commemoro.
1226 5299 1280 5361 tiis
1298 5298 1409 5377 crevit,
1425 5306 1581 5380 potestate
1599 5307 1631 5360 et
1651 5297 1822 5363 virtutibus
1843 5300 1967 5383 floruit,
