<?xml version="1.0" encoding="UTF-8"?>
<!DOCTYPE html PUBLIC "-//W3C//DTD XHTML 1.0 Transitional//EN"
    "http://www.w3.org/TR/xhtml1/DTD/xhtml1-transitional.dtd">
<html xmlns="http://www.w3.org/1999/xhtml" xml:lang="en" lang="en">
 <head>
  <title>
</title>
<meta http-equiv="Content-Type" content="text/html;charset=utf-8" />
  <meta name='ocr-system' content='tesseract 3.04.00' />
  <meta name='ocr-capabilities' content='ocr_page ocr_carea ocr_par ocr_line ocrx_word'/>
</head>
<body>
  <div class='ocr_page' id='page_1' title='image "./doctorisecstati00unkngoog_0196.png"; bbox 0 0 4309 6259; ppageno 0'>
   <div class='ocr_carea' id='block_1_1' title="bbox 423 483 1550 558">
    <p class='ocr_par' dir='ltr' id='par_1_1' title="bbox 423 483 1550 558">
     <span class='ocr_line' id='line_1_1' title="bbox 423 483 1550 558; baseline -0.001 -1"><span class='ocrx_word' id='word_1_1' title='bbox 423 483 481 550; x_wconf 68' lang='lat'><strong>140</strong></span> <span class='ocrx_word' id='word_1_2' title='bbox 836 510 1009 558; x_wconf 78' lang='lat' dir='ltr'><strong>manuario</strong></span> <span class='ocrx_word' id='word_1_3' title='bbox 1030 510 1062 556; x_wconf 86' lang='lat' dir='ltr'><strong>ru</strong></span> <span class='ocrx_word' id='word_1_4' title='bbox 1083 510 1151 557; x_wconf 80' lang='lat' dir='ltr'><strong>aar.</strong></span> <span class='ocrx_word' id='word_1_5' title='bbox 1174 510 1185 556; x_wconf 89' lang='lat' dir='ltr'><strong>r</strong></span> <span class='ocrx_word' id='word_1_6' title='bbox 1205 510 1342 556; x_wconf 82' lang='lat' dir='ltr'><strong>runnu.</strong></span> <span class='ocrx_word' id='word_1_7' title='bbox 1365 529 1406 542; x_wconf 93' lang='lat'><strong>·-</strong></span> <span class='ocrx_word' id='word_1_8' title='bbox 1425 511 1496 558; x_wconf 79' lang='lat' dir='ltr'><strong>aar.</strong></span> <span class='ocrx_word' id='word_1_9' title='bbox 1519 512 1550 557; x_wconf 81' lang='grc' dir='ltr'><strong>ιν</strong></span> 
     </span>
    </p>
   </div>
   <div class='ocr_carea' id='block_1_2' title="bbox 421 677 1968 863">
    <p class='ocr_par' dir='ltr' id='par_1_2' title="bbox 421 677 1968 863">
     <span class='ocr_line' id='line_1_2' title="bbox 421 677 1967 764; baseline 0.002 -26"><span class='ocrx_word' id='word_1_10' title='bbox 421 683 495 739; x_wconf 90' lang='lat' dir='ltr'><strong>ante</strong></span> <span class='ocrx_word' id='word_1_11' title='bbox 510 677 552 739; x_wconf 92' lang='lat' dir='ltr'><strong>sit</strong></span> <span class='ocrx_word' id='word_1_12' title='bbox 571 679 691 743; x_wconf 90' lang='lat' dir='ltr'><strong>dictum</strong></span> <span class='ocrx_word' id='word_1_13' title='bbox 711 682 751 744; x_wconf 88' lang='lat' dir='ltr'><strong>dc</strong></span> <span class='ocrx_word' id='word_1_14' title='bbox 771 681 864 758; x_wconf 88' lang='lat' dir='ltr'><strong>bove,</strong></span> <span class='ocrx_word' id='word_1_15' title='bbox 881 701 938 745; x_wconf 90' lang='lat' dir='ltr'><strong>cur</strong></span> <span class='ocrx_word' id='word_1_16' title='bbox 962 700 1049 744; x_wconf 94' lang='lat' dir='ltr'><strong>nunc</strong></span> <span class='ocrx_word' id='word_1_17' title='bbox 1064 680 1167 764; x_wconf 86' lang='lat' dir='ltr'><strong>expri-</strong></span> <span class='ocrx_word' id='word_1_18' title='bbox 1182 680 1207 742; x_wconf 87' lang='grc' dir='ltr'><strong>Α</strong></span> <span class='ocrx_word' id='word_1_19' title='bbox 1223 679 1316 758; x_wconf 90' lang='lat' dir='ltr'><strong>ravit,</strong></span> <span class='ocrx_word' id='word_1_20' title='bbox 1333 688 1448 744; x_wconf 87' lang='lat' dir='ltr'><strong>etanta</strong></span> <span class='ocrx_word' id='word_1_21' title='bbox 1464 680 1551 744; x_wconf 92' lang='lat' dir='ltr'><strong>illius</strong></span> <span class='ocrx_word' id='word_1_22' title='bbox 1573 681 1656 762; x_wconf 94' lang='lat' dir='ltr'><strong>ignis</strong></span> <span class='ocrx_word' id='word_1_23' title='bbox 1675 682 1863 744; x_wconf 80' lang='lat' dir='ltr'><strong>descensum</strong></span> <span class='ocrx_word' id='word_1_24' title='bbox 1891 679 1967 743; x_wconf 88' lang='lat' dir='ltr'><strong>iecit</strong></span> 
     </span>
     <span class='ocr_line' id='line_1_3' title="bbox 421 775 1968 863; baseline 0.006 -27"><span class='ocrx_word' id='word_1_25' title='bbox 421 775 480 837; x_wconf 90' lang='lat' dir='ltr'><strong>mit</strong></span> <span class='ocrx_word' id='word_1_26' title='bbox 495 776 631 841; x_wconf 91' lang='lat' dir='ltr'><strong>vitulum</strong></span> <span class='ocrx_word' id='word_1_27' title='bbox 642 783 655 841; x_wconf 84' lang='lat' dir='ltr'><strong>l</strong></span> <span class='ocrx_word' id='word_1_28' title='bbox 665 781 884 863; x_wconf 88' lang='lat' dir='ltr'><strong>Respondetur</strong></span> <span class='ocrx_word' id='word_1_29' title='bbox 899 781 984 862; x_wconf 92' lang='lat' dir='ltr'><strong>quod</strong></span> <span class='ocrx_word' id='word_1_30' title='bbox 1000 779 1059 843; x_wconf 90' lang='lat' dir='ltr'><strong>bos</strong></span> <span class='ocrx_word' id='word_1_31' title='bbox 1074 788 1106 843; x_wconf 89' lang='lat' dir='ltr'><strong>at</strong></span> <span class='ocrx_word' id='word_1_32' title='bbox 1121 780 1167 843; x_wconf 91' lang='lat' dir='ltr'><strong>vi·</strong></span> <span class='ocrx_word' id='word_1_33' title='bbox 1222 779 1342 863; x_wconf 84' lang='lat' dir='ltr'>Moyses</span> <span class='ocrx_word' id='word_1_34' title='bbox 1359 789 1519 843; x_wconf 89' lang='lat' dir='ltr'><strong>terrenum</strong></span> <span class='ocrx_word' id='word_1_35' title='bbox 1542 781 1648 862; x_wconf 82' lang='lat' dir='ltr'><strong>ignem</strong></span> <span class='ocrx_word' id='word_1_36' title='bbox 1660 780 1701 844; x_wconf 94' lang='lat' dir='ltr'><strong>ab</strong></span> <span class='ocrx_word' id='word_1_37' title='bbox 1711 781 1802 843; x_wconf 89' lang='lat' dir='ltr'><strong>altari</strong></span> <span class='ocrx_word' id='word_1_38' title='bbox 1818 781 1968 845; x_wconf 92' lang='lat' dir='ltr'><strong>holocau-</strong></span> 
     </span>
    </p>
   </div>
   <div class='ocr_carea' id='block_1_3' title="bbox 279 875 2112 5391">
    <p class='ocr_par' dir='ltr' id='par_1_3' title="bbox 279 875 2112 5391">
     <span class='ocr_line' id='line_1_4' title="bbox 421 875 1968 962; baseline 0.005 -26"><span class='ocrx_word' id='word_1_39' title='bbox 421 875 509 938; x_wconf 89' lang='lat' dir='ltr'><strong>tulus</strong></span> <span class='ocrx_word' id='word_1_40' title='bbox 524 896 588 940; x_wconf 92' lang='lat' dir='ltr'><strong>nou</strong></span> <span class='ocrx_word' id='word_1_41' title='bbox 606 877 762 942; x_wconf 85' lang='lat' dir='ltr'><strong>differunt</strong></span> <span class='ocrx_word' id='word_1_42' title='bbox 778 880 895 960; x_wconf 87' lang='lat' dir='ltr'><strong>specie,</strong></span> <span class='ocrx_word' id='word_1_43' title='bbox 913 880 997 943; x_wconf 89' lang='lat' dir='ltr'><strong>sicut</strong></span> <span class='ocrx_word' id='word_1_44' title='bbox 1011 897 1070 942; x_wconf 89' lang='lat' dir='ltr'><strong>nec</strong></span> <span class='ocrx_word' id='word_1_45' title='bbox 1087 898 1167 960; x_wconf 89' lang='lat' dir='ltr'><strong>puer</strong></span> <span class='ocrx_word' id='word_1_46' title='bbox 1223 885 1342 941; x_wconf 92' lang='lat' dir='ltr'><strong>storum</strong></span> <span class='ocrx_word' id='word_1_47' title='bbox 1360 879 1527 944; x_wconf 84' lang='lat' dir='ltr'><strong>removeri.</strong></span> <span class='ocrx_word' id='word_1_48' title='bbox 1540 881 1642 962; x_wconf 80' lang='lat' dir='ltr'><strong>Atque</strong></span> <span class='ocrx_word' id='word_1_49' title='bbox 1658 881 1807 962; x_wconf 77' lang='lat' dir='ltr'><strong>deinceps</strong></span> <span class='ocrx_word' id='word_1_50' title='bbox 1818 880 1902 960; x_wconf 91' lang='lat' dir='ltr'><strong>ignis</strong></span> <span class='ocrx_word' id='word_1_51' title='bbox 1913 881 1968 944; x_wconf 87' lang='lat' dir='ltr'><strong>ille</strong></span> 
     </span>
     <span class='ocr_line' id='line_1_5' title="bbox 420 974 1970 1062; baseline 0.003 -25"><span class='ocrx_word' id='word_1_52' title='bbox 420 982 452 1037; x_wconf 90' lang='lat' dir='ltr'><strong>et</strong></span> <span class='ocrx_word' id='word_1_53' title='bbox 473 974 534 1038; x_wconf 84' lang='lat' dir='ltr'><strong>vir.</strong></span> <span class='ocrx_word' id='word_1_54' title='bbox 551 977 675 1039; x_wconf 77' lang='lat' dir='ltr'><strong>Poterat</strong></span> <span class='ocrx_word' id='word_1_55' title='bbox 696 987 801 1041; x_wconf 90' lang='lat' dir='ltr'><strong>autem</strong></span> <span class='ocrx_word' id='word_1_56' title='bbox 822 979 880 1042; x_wconf 91' lang='lat' dir='ltr'><strong>bos</strong></span> <span class='ocrx_word' id='word_1_57' title='bbox 903 978 1071 1055; x_wconf 92' lang='lat' dir='ltr'><strong>immolari,</strong></span> <span class='ocrx_word' id='word_1_58' title='bbox 1090 978 1166 1040; x_wconf 93' lang='lat' dir='ltr'><strong>dum</strong></span> <span class='ocrx_word' id='word_1_59' title='bbox 1222 977 1361 1040; x_wconf 88' lang='lat' dir='ltr'><strong>coelestis</strong></span> <span class='ocrx_word' id='word_1_60' title='bbox 1383 987 1588 1041; x_wconf 88' lang='lat' dir='ltr'><strong>conservatus</strong></span> <span class='ocrx_word' id='word_1_61' title='bbox 1610 979 1706 1042; x_wconf 89' lang='lat' dir='ltr'><strong>estin</strong></span> <span class='ocrx_word' id='word_1_62' title='bbox 1726 979 1817 1042; x_wconf 87' lang='lat' dir='ltr'><strong>altari</strong></span> <span class='ocrx_word' id='word_1_63' title='bbox 1839 999 1895 1061; x_wconf 89' lang='lat' dir='ltr'><strong>per</strong></span> <span class='ocrx_word' id='word_1_64' title='bbox 1914 999 1970 1062; x_wconf 92' lang='lat' dir='ltr'><strong>ap-</strong></span> 
     </span>
     <span class='ocr_line' id='line_1_6' title="bbox 420 1075 1970 1159; baseline 0.003 -23"><span class='ocrx_word' id='word_1_65' title='bbox 420 1081 488 1136; x_wconf 86' lang='lat' dir='ltr'><strong>erat</strong></span> <span class='ocrx_word' id='word_1_66' title='bbox 502 1075 684 1153; x_wconf 86' lang='lat' dir='ltr'><strong>anniculus,</strong></span> <span class='ocrx_word' id='word_1_67' title='bbox 702 1076 734 1138; x_wconf 96' lang='lat' dir='ltr'><strong>id</strong></span> <span class='ocrx_word' id='word_1_68' title='bbox 750 1085 798 1139; x_wconf 91' lang='lat' dir='ltr'><strong>est</strong></span> <span class='ocrx_word' id='word_1_69' title='bbox 812 1077 889 1140; x_wconf 94' lang='lat' dir='ltr'><strong>anni</strong></span> <span class='ocrx_word' id='word_1_70' title='bbox 906 1077 1013 1154; x_wconf 92' lang='lat' dir='ltr'><strong>unius,</strong></span> <span class='ocrx_word' id='word_1_71' title='bbox 1024 1086 1056 1140; x_wconf 92' lang='lat' dir='ltr'><strong>et</strong></span> <span class='ocrx_word' id='word_1_72' title='bbox 1070 1077 1167 1140; x_wconf 90' lang='lat' dir='ltr'><strong>etiam</strong></span> <span class='ocrx_word' id='word_1_73' title='bbox 1222 1075 1414 1159; x_wconf 80' lang='lat' dir='ltr'><strong>positionem</strong></span> <span class='ocrx_word' id='word_1_74' title='bbox 1441 1076 1616 1157; x_wconf 91' lang='lat' dir='ltr'><strong>lignorum,</strong></span> <span class='ocrx_word' id='word_1_75' title='bbox 1636 1097 1736 1159; x_wconf 87' lang='lat' dir='ltr'><strong>usquc</strong></span> <span class='ocrx_word' id='word_1_76' title='bbox 1759 1079 1799 1140; x_wconf 91' lang='lat' dir='ltr'><strong>ad</strong></span> <span class='ocrx_word' id='word_1_77' title='bbox 1824 1079 1970 1140; x_wconf 91' lang='lat' dir='ltr'><strong>transmi-</strong></span> 
     </span>
     <span class='ocr_line' id='line_1_7' title="bbox 420 1174 1970 1258; baseline 0.005 -24"><span class='ocrx_word' id='word_1_78' title='bbox 420 1192 526 1254; x_wconf 83' lang='lat' dir='ltr'><strong>supm,</strong></span> <span class='ocrx_word' id='word_1_79' title='bbox 545 1182 580 1235; x_wconf 95' lang='lat' dir='ltr'><strong>ut</strong></span> <span class='ocrx_word' id='word_1_80' title='bbox 603 1174 759 1257; x_wconf 77' lang='lat' dir='ltr'><strong>Iosephus</strong></span> <span class='ocrx_word' id='word_1_81' title='bbox 779 1176 834 1239; x_wconf 92' lang='lat' dir='ltr'><strong>ait.</strong></span> <span class='ocrx_word' id='word_1_82' title='bbox 852 1176 972 1239; x_wconf 89' lang='lat' dir='ltr'><strong>ldcirco</strong></span> <span class='ocrx_word' id='word_1_83' title='bbox 989 1194 1074 1238; x_wconf 89' lang='lat' dir='ltr'><strong>nunc</strong></span> <span class='ocrx_word' id='word_1_84' title='bbox 1096 1177 1164 1254; x_wconf 84' lang='lat' dir='ltr'><strong>boa,</strong></span> <span class='ocrx_word' id='word_1_85' title='bbox 1221 1174 1397 1253; x_wconf 91' lang='lat' dir='ltr'><strong>grationem</strong></span> <span class='ocrx_word' id='word_1_86' title='bbox 1419 1176 1451 1236; x_wconf 92' lang='lat' dir='ltr'><strong>in</strong></span> <span class='ocrx_word' id='word_1_87' title='bbox 1471 1175 1673 1258; x_wconf 80' lang='lat' dir='ltr'><strong>Babylonem.</strong></span> <span class='ocrx_word' id='word_1_88' title='bbox 1691 1176 1778 1251; x_wconf 84' lang='lat' dir='ltr'><strong>Quod</strong></span> <span class='ocrx_word' id='word_1_89' title='bbox 1793 1195 1868 1258; x_wconf 90' lang='lat' dir='ltr'><strong>ergo</strong></span> <span class='ocrx_word' id='word_1_90' title='bbox 1884 1197 1970 1242; x_wconf 91' lang='lat' dir='ltr'><strong>nunc</strong></span> 
     </span>
     <span class='ocr_line' id='line_1_8' title="bbox 419 1272 1970 1355; baseline 0.004 -23"><span class='ocrx_word' id='word_1_91' title='bbox 419 1289 506 1334; x_wconf 93' lang='lat' dir='ltr'><strong>nunc</strong></span> <span class='ocrx_word' id='word_1_92' title='bbox 521 1272 642 1335; x_wconf 90' lang='lat' dir='ltr'><strong>vitulus</strong></span> <span class='ocrx_word' id='word_1_93' title='bbox 661 1273 790 1337; x_wconf 89' lang='lat' dir='ltr'><strong>dicitur.</strong></span> <span class='ocrx_word' id='word_1_94' title='bbox 808 1279 851 1337; x_wconf 76' lang='lat' dir='ltr'><strong>Et</strong></span> <span class='ocrx_word' id='word_1_95' title='bbox 869 1281 1002 1352; x_wconf 81' lang='lat' dir='ltr'><strong>offerent</strong></span> <span class='ocrx_word' id='word_1_96' title='bbox 1021 1277 1089 1353; x_wconf 80' lang='lat' dir='ltr'><strong>fitir&#39;</strong></span> <span class='ocrx_word' id='word_1_97' title='bbox 1103 1278 1167 1336; x_wconf 84' lang='lat' dir='ltr'><strong>Aa·</strong></span> <span class='ocrx_word' id='word_1_98' title='bbox 1223 1272 1350 1350; x_wconf 88' lang='lat' dir='ltr'><strong>dicitur,</strong></span> <span class='ocrx_word' id='word_1_99' title='bbox 1369 1273 1546 1354; x_wconf 86' lang='lat' dir='ltr'><strong>Subjicient</strong></span> <span class='ocrx_word' id='word_1_100' title='bbox 1564 1275 1596 1336; x_wconf 94' lang='lat' dir='ltr'><strong>in</strong></span> <span class='ocrx_word' id='word_1_101' title='bbox 1613 1274 1705 1338; x_wconf 90' lang='lat' dir='ltr'><strong>altari</strong></span> <span class='ocrx_word' id='word_1_102' title='bbox 1721 1275 1838 1355; x_wconf 91' lang='lat' dir='ltr'><strong>ignem,</strong></span> <span class='ocrx_word' id='word_1_103' title='bbox 1852 1275 1970 1339; x_wconf 91' lang='lat' dir='ltr'><strong>intelli-</strong></span> 
     </span>
     <span class='ocr_line' id='line_1_9' title="bbox 422 1371 1967 1454; baseline 0.004 -25"><span class='ocrx_word' id='word_1_104' title='bbox 422 1390 482 1430; x_wconf 83' lang='lat' dir='ltr'><strong>ron.</strong></span> <span class='ocrx_word' id='word_1_105' title='bbox 496 1375 683 1444; x_wconf 78' lang='lat' dir='ltr'><strong>sacerdotes,</strong></span> <span class='ocrx_word' id='word_1_106' title='bbox 699 1376 893 1450; x_wconf 69' lang='lat' dir='ltr'><strong>sanguinem</strong></span> <span class='ocrx_word' id='word_1_107' title='bbox 907 1375 978 1452; x_wconf 83' lang='lat' dir='ltr'><strong>ejus</strong></span> <span class='ocrx_word' id='word_1_108' title='bbox 992 1377 1167 1453; x_wconf 79' lang='lat' dir='ltr'><strong>suadentes</strong></span> <span class='ocrx_word' id='word_1_109' title='bbox 1222 1371 1360 1448; x_wconf 82' lang='lat' dir='ltr'><strong>gendum</strong></span> <span class='ocrx_word' id='word_1_110' title='bbox 1387 1381 1444 1448; x_wconf 91' lang='lat' dir='ltr'><strong>est,</strong></span> <span class='ocrx_word' id='word_1_111' title='bbox 1468 1373 1553 1453; x_wconf 90' lang='lat' dir='ltr'><strong>qnod</strong></span> <span class='ocrx_word' id='word_1_112' title='bbox 1580 1372 1793 1454; x_wconf 85' lang='lat' dir='ltr'><strong>subjiciebant</strong></span> <span class='ocrx_word' id='word_1_113' title='bbox 1818 1372 1904 1452; x_wconf 85' lang='lat' dir='ltr'><strong>ligna</strong></span> <span class='ocrx_word' id='word_1_114' title='bbox 1928 1375 1967 1435; x_wconf 87' lang='lat' dir='ltr'><strong>ad</strong></span> 
     </span>
     <span class='ocr_line' id='line_1_10' title="bbox 419 1467 1968 1552; baseline 0.004 -24"><span class='ocrx_word' id='word_1_115' title='bbox 419 1487 476 1546; x_wconf 87' lang='lat' dir='ltr'><strong>per</strong></span> <span class='ocrx_word' id='word_1_116' title='bbox 496 1473 613 1530; x_wconf 63' lang='lat' dir='ltr'><strong>altares</strong></span> <span class='ocrx_word' id='word_1_117' title='bbox 638 1473 828 1542; x_wconf 74' lang='lat' dir='ltr'><strong>circuitam,</strong></span> <span class='ocrx_word' id='word_1_118' title='bbox 848 1471 880 1533; x_wconf 95' lang='lat' dir='ltr'><strong>id</strong></span> <span class='ocrx_word' id='word_1_119' title='bbox 906 1480 965 1549; x_wconf 88' lang='lat' dir='ltr'><strong>cst,</strong></span> <span class='ocrx_word' id='word_1_120' title='bbox 986 1472 1166 1534; x_wconf 89' lang='lat' dir='ltr'><strong>sacerdotes</strong></span> <span class='ocrx_word' id='word_1_121' title='bbox 1225 1467 1313 1530; x_wconf 91' lang='lat' dir='ltr'><strong>illius</strong></span> <span class='ocrx_word' id='word_1_122' title='bbox 1329 1471 1475 1552; x_wconf 90' lang='lat' dir='ltr'><strong>perpetui</strong></span> <span class='ocrx_word' id='word_1_123' title='bbox 1487 1471 1569 1550; x_wconf 92' lang='lat' dir='ltr'><strong>ignis</strong></span> <span class='ocrx_word' id='word_1_124' title='bbox 1585 1471 1856 1534; x_wconf 83' lang='lat' dir='ltr'><strong>continuationem</strong></span> <span class='ocrx_word' id='word_1_125' title='bbox 1870 1480 1902 1534; x_wconf 90' lang='lat' dir='ltr'><strong>et</strong></span> <span class='ocrx_word' id='word_1_126' title='bbox 1912 1491 1968 1534; x_wconf 94' lang='lat' dir='ltr'><strong>nu-</strong></span> 
     </span>
     <span class='ocr_line' id='line_1_11' title="bbox 424 1566 1967 1652; baseline 0.004 -24"><span class='ocrx_word' id='word_1_127' title='bbox 424 1566 593 1630; x_wconf 90' lang='lat' dir='ltr'><strong>inleriores</strong></span> <span class='ocrx_word' id='word_1_128' title='bbox 614 1588 651 1631; x_wconf 86' lang='lat' dir='ltr'><strong>ex</strong></span> <span class='ocrx_word' id='word_1_129' title='bbox 673 1569 776 1632; x_wconf 79' lang='lat' dir='ltr'><strong>Aaron</strong></span> <span class='ocrx_word' id='word_1_130' title='bbox 794 1571 871 1646; x_wconf 92' lang='lat' dir='ltr'><strong>nati,</strong></span> <span class='ocrx_word' id='word_1_131' title='bbox 893 1570 1080 1651; x_wconf 91' lang='lat' dir='ltr'><strong>sanguinem</strong></span> <span class='ocrx_word' id='word_1_132' title='bbox 1101 1569 1167 1632; x_wconf 91' lang='lat' dir='ltr'><strong>ani·-</strong></span> <span class='ocrx_word' id='word_1_133' title='bbox 1224 1567 1420 1643; x_wconf 86' lang='lat' dir='ltr'><strong>trimentum,</strong></span> <span class='ocrx_word' id='word_1_134' title='bbox 1442 1588 1501 1632; x_wconf 90' lang='lat' dir='ltr'><strong>nec</strong></span> <span class='ocrx_word' id='word_1_135' title='bbox 1525 1569 1666 1632; x_wconf 92' lang='lat' dir='ltr'><strong>alienum</strong></span> <span class='ocrx_word' id='word_1_136' title='bbox 1693 1569 1783 1632; x_wconf 92' lang='lat' dir='ltr'><strong>licuit</strong></span> <span class='ocrx_word' id='word_1_137' title='bbox 1806 1589 1967 1652; x_wconf 89' lang='lat' dir='ltr'><strong>apponere</strong></span> 
     </span>
     <span class='ocr_line' id='line_1_12' title="bbox 423 1664 2112 1750; baseline 0 -23"><span class='ocrx_word' id='word_1_138' title='bbox 423 1665 516 1727; x_wconf 92' lang='lat' dir='ltr'><strong>malis</strong></span> <span class='ocrx_word' id='word_1_139' title='bbox 536 1666 636 1730; x_wconf 87' lang='lat' dir='ltr'><strong>oblati</strong></span> <span class='ocrx_word' id='word_1_140' title='bbox 653 1667 694 1730; x_wconf 93' lang='lat' dir='ltr'><strong>ad</strong></span> <span class='ocrx_word' id='word_1_141' title='bbox 709 1668 764 1731; x_wconf 88' lang='lat' dir='ltr'><strong>Dei</strong></span> <span class='ocrx_word' id='word_1_142' title='bbox 784 1669 937 1732; x_wconf 83' lang='lat' dir='ltr'><strong>honorem</strong></span> <span class='ocrx_word' id='word_1_143' title='bbox 958 1669 1095 1731; x_wconf 87' lang='lat' dir='ltr'><strong>fundent</strong></span> <span class='ocrx_word' id='word_1_144' title='bbox 1110 1687 1166 1750; x_wconf 91' lang='lat' dir='ltr'><strong>per</strong></span> <span class='ocrx_word' id='word_1_145' title='bbox 1223 1664 1328 1746; x_wconf 89' lang='lat' dir='ltr'><strong>ignem</strong></span> <span class='ocrx_word' id='word_1_146' title='bbox 1348 1683 1355 1728; x_wconf 93' lang='lat'>:</span> <span class='ocrx_word' id='word_1_147' title='bbox 1377 1669 1463 1748; x_wconf 93' lang='lat' dir='ltr'><strong>quod</strong></span> <span class='ocrx_word' id='word_1_148' title='bbox 1483 1666 1545 1730; x_wconf 90' lang='lat' dir='ltr'><strong>filii</strong></span> <span class='ocrx_word' id='word_1_149' title='bbox 1562 1669 1664 1732; x_wconf 80' lang='lat' dir='ltr'><strong>Aaron</strong></span> <span class='ocrx_word' id='word_1_150' title='bbox 1685 1669 1962 1748; x_wconf 77' lang='lat' dir='ltr'><strong>transgredientes,</strong></span> <span class='ocrx_word' id='word_1_151' title='bbox 1979 1689 2112 1736; x_wconf 48' lang='lat' dir='ltr'><strong>amara.</strong></span> 
     </span>
     <span class='ocr_line' id='line_1_13' title="bbox 422 1765 1962 1849; baseline 0.001 -24"><span class='ocrx_word' id='word_1_152' title='bbox 422 1783 535 1846; x_wconf 75' lang='lat' dir='ltr'><strong>gyrum</strong></span> <span class='ocrx_word' id='word_1_153' title='bbox 551 1765 671 1844; x_wconf 87' lang='lat' dir='ltr'><strong>altaris,</strong></span> <span class='ocrx_word' id='word_1_154' title='bbox 688 1768 774 1848; x_wconf 92' lang='lat' dir='ltr'><strong>quod</strong></span> <span class='ocrx_word' id='word_1_155' title='bbox 789 1767 845 1830; x_wconf 90' lang='lat' dir='ltr'><strong>alii</strong></span> <span class='ocrx_word' id='word_1_156' title='bbox 861 1776 974 1830; x_wconf 90' lang='lat' dir='ltr'><strong>vocant</strong></span> <span class='ocrx_word' id='word_1_157' title='bbox 991 1787 1047 1849; x_wconf 91' lang='lat' dir='ltr'><strong>per</strong></span> <span class='ocrx_word' id='word_1_158' title='bbox 1062 1767 1165 1830; x_wconf 91' lang='lat' dir='ltr'><strong>basim</strong></span> <span class='ocrx_word' id='word_1_159' title='bbox 1222 1765 1348 1828; x_wconf 87' lang='lat' dir='ltr'><strong>coelitus</strong></span> <span class='ocrx_word' id='word_1_160' title='bbox 1373 1775 1447 1828; x_wconf 91' lang='lat' dir='ltr'><strong>sunt</strong></span> <span class='ocrx_word' id='word_1_161' title='bbox 1472 1766 1642 1844; x_wconf 88' lang='lat' dir='ltr'><strong>combusti,</strong></span> <span class='ocrx_word' id='word_1_162' title='bbox 1669 1775 1703 1829; x_wconf 92' lang='lat' dir='ltr'><strong>ut</strong></span> <span class='ocrx_word' id='word_1_163' title='bbox 1726 1765 1811 1829; x_wconf 90' lang='lat' dir='ltr'><strong>infra</strong></span> <span class='ocrx_word' id='word_1_164' title='bbox 1830 1767 1962 1830; x_wconf 91' lang='lat' dir='ltr'><strong>dicetur.</strong></span> 
     </span>
     <span class='ocr_line' id='line_1_14' title="bbox 422 1863 1966 1947; baseline -0.001 -22"><span class='ocrx_word' id='word_1_165' title='bbox 422 1882 477 1926; x_wconf 89' lang='lat' dir='ltr'><strong>scu</strong></span> <span class='ocrx_word' id='word_1_166' title='bbox 492 1865 690 1945; x_wconf 88' lang='lat' dir='ltr'><strong>crepidinem</strong></span> <span class='ocrx_word' id='word_1_167' title='bbox 701 1864 811 1928; x_wconf 89' lang='lat' dir='ltr'><strong>altaris</strong></span> <span class='ocrx_word' id='word_1_168' title='bbox 821 1865 1165 1930; x_wconf 84' lang='lat' dir='ltr'><strong>holocaustorumPor-</strong></span> <span class='ocrx_word' id='word_1_169' title='bbox 1184 1863 1283 1926; x_wconf 88' lang='lat' dir='ltr'><strong>BNec</strong></span> <span class='ocrx_word' id='word_1_170' title='bbox 1306 1863 1356 1925; x_wconf 92' lang='lat' dir='ltr'><strong>his</strong></span> <span class='ocrx_word' id='word_1_171' title='bbox 1382 1874 1537 1945; x_wconf 82' lang='lat' dir='ltr'><strong>repugnat</strong></span> <span class='ocrx_word' id='word_1_172' title='bbox 1552 1866 1638 1946; x_wconf 91' lang='lat' dir='ltr'><strong>quod</strong></span> <span class='ocrx_word' id='word_1_173' title='bbox 1654 1865 1809 1947; x_wconf 86' lang='lat' dir='ltr'><strong>sequitur,</strong></span> <span class='ocrx_word' id='word_1_174' title='bbox 1824 1876 1911 1926; x_wconf 82' lang='lat' dir='ltr'><strong>strue</strong></span> <span class='ocrx_word' id='word_1_175' title='bbox 1927 1868 1966 1924; x_wconf 77' lang='lat' dir='ltr'><strong>tr·-</strong></span> 
     </span>
     <span class='ocr_line' id='line_1_15' title="bbox 421 1962 1966 2046; baseline 0.003 -25"><span class='ocrx_word' id='word_1_176' title='bbox 421 1981 457 2026; x_wconf 91' lang='lat' dir='ltr'><strong>ro</strong></span> <span class='ocrx_word' id='word_1_177' title='bbox 472 1962 601 2044; x_wconf 88' lang='lat' dir='ltr'><strong>quidam</strong></span> <span class='ocrx_word' id='word_1_178' title='bbox 618 1963 794 2040; x_wconf 83' lang='lat' dir='ltr'><strong>affirmant,</strong></span> <span class='ocrx_word' id='word_1_179' title='bbox 812 1965 899 2046; x_wconf 88' lang='lat' dir='ltr'><strong>quod</strong></span> <span class='ocrx_word' id='word_1_180' title='bbox 915 1965 1094 2029; x_wconf 78' lang='lat' dir='ltr'><strong>sacerdotes</strong></span> <span class='ocrx_word' id='word_1_181' title='bbox 1111 1983 1165 2046; x_wconf 93' lang='lat' dir='ltr'><strong>p0-</strong></span> <span class='ocrx_word' id='word_1_182' title='bbox 1217 1981 1358 2038; x_wconf 69' lang='lat' dir='ltr'><strong>gnaram</strong></span> <span class='ocrx_word' id='word_1_183' title='bbox 1370 1973 1445 2023; x_wconf 78' lang='lat' dir='ltr'><strong>arete</strong></span> <span class='ocrx_word' id='word_1_184' title='bbox 1455 1968 1638 2042; x_wconf 77' lang='lat' dir='ltr'><strong>coraposita.</strong></span> <span class='ocrx_word' id='word_1_185' title='bbox 1650 1963 1819 2044; x_wconf 82' lang='lat' dir='ltr'><strong>Congeries</strong></span> <span class='ocrx_word' id='word_1_186' title='bbox 1829 1983 1966 2046; x_wconf 89' lang='lat' dir='ltr'><strong>namque</strong></span> 
     </span>
     <span class='ocr_line' id='line_1_16' title="bbox 421 2059 1966 2145; baseline 0.001 -23"><span class='ocrx_word' id='word_1_187' title='bbox 421 2060 540 2123; x_wconf 90' lang='lat' dir='ltr'><strong>nebant</strong></span> <span class='ocrx_word' id='word_1_188' title='bbox 555 2061 677 2144; x_wconf 93' lang='lat' dir='ltr'><strong>aliquid</strong></span> <span class='ocrx_word' id='word_1_189' title='bbox 693 2063 859 2145; x_wconf 90' lang='lat' dir='ltr'><strong>sanguinis</strong></span> <span class='ocrx_word' id='word_1_190' title='bbox 875 2063 907 2125; x_wconf 97' lang='lat' dir='ltr'><strong>in</strong></span> <span class='ocrx_word' id='word_1_191' title='bbox 928 2062 1054 2126; x_wconf 90' lang='lat' dir='ltr'><strong>duobus</strong></span> <span class='ocrx_word' id='word_1_192' title='bbox 1069 2081 1166 2144; x_wconf 90' lang='lat' dir='ltr'><strong>angu-</strong></span> <span class='ocrx_word' id='word_1_193' title='bbox 1223 2059 1382 2140; x_wconf 88' lang='lat' dir='ltr'><strong>lignorum</strong></span> <span class='ocrx_word' id='word_1_194' title='bbox 1403 2069 1496 2124; x_wconf 86' lang='lat' dir='ltr'><strong>antea</strong></span> <span class='ocrx_word' id='word_1_195' title='bbox 1518 2062 1687 2143; x_wconf 88' lang='lat' dir='ltr'><strong>parabatur</strong></span> <span class='ocrx_word' id='word_1_196' title='bbox 1702 2063 1741 2125; x_wconf 90' lang='lat' dir='ltr'><strong>ad</strong></span> <span class='ocrx_word' id='word_1_197' title='bbox 1763 2062 1966 2125; x_wconf 90' lang='lat' dir='ltr'><strong>nutriendum</strong></span> 
     </span>
     <span class='ocr_line' id='line_1_17' title="bbox 422 2157 1968 2243; baseline 0 -21"><span class='ocrx_word' id='word_1_198' title='bbox 422 2160 462 2222; x_wconf 93' lang='lat' dir='ltr'><strong>lis</strong></span> <span class='ocrx_word' id='word_1_199' title='bbox 481 2159 600 2237; x_wconf 91' lang='lat' dir='ltr'><strong>altaris,</strong></span> <span class='ocrx_word' id='word_1_200' title='bbox 619 2161 680 2224; x_wconf 92' lang='lat' dir='ltr'><strong>sihi</strong></span> <span class='ocrx_word' id='word_1_201' title='bbox 701 2163 821 2225; x_wconf 87' lang='lat' dir='ltr'><strong>directe</strong></span> <span class='ocrx_word' id='word_1_202' title='bbox 836 2172 890 2225; x_wconf 92' lang='lat' dir='ltr'><strong>aut</strong></span> <span class='ocrx_word' id='word_1_203' title='bbox 910 2162 1166 2225; x_wconf 87' lang='lat' dir='ltr'><strong>transversalitor</strong></span> <span class='ocrx_word' id='word_1_204' title='bbox 1222 2157 1329 2239; x_wconf 92' lang='lat' dir='ltr'><strong>ignem</strong></span> <span class='ocrx_word' id='word_1_205' title='bbox 1346 2159 1543 2240; x_wconf 83' lang='lat' dir='ltr'><strong>praedictum,</strong></span> <span class='ocrx_word' id='word_1_206' title='bbox 1554 2179 1617 2223; x_wconf 94' lang='lat' dir='ltr'><strong>non</strong></span> <span class='ocrx_word' id='word_1_207' title='bbox 1634 2169 1739 2224; x_wconf 90' lang='lat' dir='ltr'><strong>autem</strong></span> <span class='ocrx_word' id='word_1_208' title='bbox 1757 2160 1861 2243; x_wconf 93' lang='lat' dir='ltr'><strong>primo</strong></span> <span class='ocrx_word' id='word_1_209' title='bbox 1877 2161 1911 2222; x_wconf 94' lang='lat' dir='ltr'><strong>in</strong></span> <span class='ocrx_word' id='word_1_210' title='bbox 1926 2159 1968 2223; x_wconf 90' lang='lat' dir='ltr'><strong>al-</strong></span> 
     </span>
     <span class='ocr_line' id='line_1_18' title="bbox 421 2257 1968 2344; baseline 0 -22"><span class='ocrx_word' id='word_1_211' title='bbox 421 2259 587 2340; x_wconf 87' lang='lat' dir='ltr'><strong>oppositis.</strong></span> <span class='ocrx_word' id='word_1_212' title='bbox 615 2261 652 2322; x_wconf 88' lang='lat' dir='ltr'><strong>Et</strong></span> <span class='ocrx_word' id='word_1_213' title='bbox 681 2261 833 2342; x_wconf 91' lang='lat' dir='ltr'><strong>quoniam</strong></span> <span class='ocrx_word' id='word_1_214' title='bbox 864 2261 1001 2344; x_wconf 86' lang='lat' dir='ltr'><strong>quilibet</strong></span> <span class='ocrx_word' id='word_1_215' title='bbox 1029 2261 1167 2341; x_wconf 90' lang='lat' dir='ltr'><strong>angulus</strong></span> <span class='ocrx_word' id='word_1_216' title='bbox 1222 2257 1282 2319; x_wconf 90' lang='lat' dir='ltr'><strong>tari</strong></span> <span class='ocrx_word' id='word_1_217' title='bbox 1297 2257 1559 2339; x_wconf 89' lang='lat' dir='ltr'><strong>componebatur,</strong></span> <span class='ocrx_word' id='word_1_218' title='bbox 1570 2266 1605 2321; x_wconf 91' lang='lat' dir='ltr'><strong>ut</strong></span> <span class='ocrx_word' id='word_1_219' title='bbox 1617 2258 1663 2322; x_wconf 91' lang='lat' dir='ltr'><strong>sic</strong></span> <span class='ocrx_word' id='word_1_220' title='bbox 1675 2278 1732 2340; x_wconf 91' lang='lat' dir='ltr'><strong>per</strong></span> <span class='ocrx_word' id='word_1_221' title='bbox 1747 2259 1853 2340; x_wconf 91' lang='lat' dir='ltr'><strong>ignem</strong></span> <span class='ocrx_word' id='word_1_222' title='bbox 1864 2260 1905 2322; x_wconf 90' lang='lat' dir='ltr'><strong>de</strong></span> <span class='ocrx_word' id='word_1_223' title='bbox 1916 2278 1968 2322; x_wconf 85' lang='lat' dir='ltr'><strong>no</strong></span> 
     </span>
     <span class='ocr_line' id='line_1_19' title="bbox 422 2356 1719 2442; baseline 0.002 -24"><span class='ocrx_word' id='word_1_224' title='bbox 422 2359 560 2440; x_wconf 81' lang='lat' dir='ltr'><strong>respenit</strong></span> <span class='ocrx_word' id='word_1_225' title='bbox 579 2359 642 2421; x_wconf 92' lang='lat' dir='ltr'><strong>duo</strong></span> <span class='ocrx_word' id='word_1_226' title='bbox 668 2360 766 2423; x_wconf 89' lang='lat' dir='ltr'><strong>latera</strong></span> <span class='ocrx_word' id='word_1_227' title='bbox 791 2361 824 2421; x_wconf 92' lang='lat' dir='ltr'><strong>in</strong></span> <span class='ocrx_word' id='word_1_228' title='bbox 849 2360 919 2442; x_wconf 94' lang='lat' dir='ltr'><strong>ipso</strong></span> <span class='ocrx_word' id='word_1_229' title='bbox 944 2359 1167 2422; x_wconf 88' lang='lat' dir='ltr'><strong>concurrentia</strong></span> <span class='ocrx_word' id='word_1_230' title='bbox 1222 2375 1261 2420; x_wconf 86' lang='lat' dir='ltr'><strong>vo</strong></span> <span class='ocrx_word' id='word_1_231' title='bbox 1273 2356 1445 2419; x_wconf 92' lang='lat' dir='ltr'><strong>adductum</strong></span> <span class='ocrx_word' id='word_1_232' title='bbox 1462 2356 1719 2420; x_wconf 90' lang='lat' dir='ltr'><strong>incenderentur.</strong></span> 
     </span>
     <span class='ocr_line' id='line_1_20' title="bbox 422 2457 1968 2540; baseline -0.001 -22"><span class='ocrx_word' id='word_1_233' title='bbox 422 2475 479 2518; x_wconf 90' lang='lat' dir='ltr'><strong>scu</strong></span> <span class='ocrx_word' id='word_1_234' title='bbox 501 2457 683 2539; x_wconf 88' lang='lat' dir='ltr'><strong>conjuncta,</strong></span> <span class='ocrx_word' id='word_1_235' title='bbox 702 2467 850 2540; x_wconf 65' lang='lat' dir='ltr'><strong>praetacta</strong></span> <span class='ocrx_word' id='word_1_236' title='bbox 875 2457 981 2520; x_wconf 93' lang='lat' dir='ltr'><strong>linitio</strong></span> <span class='ocrx_word' id='word_1_237' title='bbox 1002 2458 1167 2539; x_wconf 90' lang='lat' dir='ltr'><strong>sauguinis</strong></span> <span class='ocrx_word' id='word_1_238' title='bbox 1263 2458 1306 2516; x_wconf 82' lang='lat' dir='ltr'><strong>Et</strong></span> <span class='ocrx_word' id='word_1_239' title='bbox 1321 2457 1462 2515; x_wconf 78' lang='lat' dir='ltr'><strong>merahra</strong></span> <span class='ocrx_word' id='word_1_240' title='bbox 1477 2477 1549 2535; x_wconf 82' lang='lat' dir='ltr'><strong>pace</strong></span> <span class='ocrx_word' id='word_1_241' title='bbox 1564 2467 1746 2526; x_wconf 79' lang='lat' dir='ltr'><strong>coerceant,</strong></span> <span class='ocrx_word' id='word_1_242' title='bbox 1765 2459 1901 2534; x_wconf 81' lang='lat' dir='ltr'><strong>desuper</strong></span> <span class='ocrx_word' id='word_1_243' title='bbox 1919 2478 1968 2518; x_wconf 87' lang='lat' dir='ltr'><strong>cr·</strong></span> 
     </span>
     <span class='ocr_line' id='line_1_21' title="bbox 422 2552 1968 2630; baseline 0.005 -13"><span class='ocrx_word' id='word_1_244' title='bbox 422 2556 634 2618; x_wconf 88' lang='lat' dir='ltr'><strong>concernebat</strong></span> <span class='ocrx_word' id='word_1_245' title='bbox 659 2564 758 2619; x_wconf 90' lang='lat' dir='ltr'><strong>totum</strong></span> <span class='ocrx_word' id='word_1_246' title='bbox 784 2557 893 2619; x_wconf 90' lang='lat' dir='ltr'><strong>altaris</strong></span> <span class='ocrx_word' id='word_1_247' title='bbox 919 2557 1101 2620; x_wconf 90' lang='lat' dir='ltr'><strong>circuitum.</strong></span> <span class='ocrx_word' id='word_1_248' title='bbox 1133 2558 1166 2619; x_wconf 95' lang='lat' dir='ltr'><strong>ln</strong></span> <span class='ocrx_word' id='word_1_249' title='bbox 1221 2555 1386 2624; x_wconf 74' lang='lat' dir='ltr'><strong>dieentes,</strong></span> <span class='ocrx_word' id='word_1_250' title='bbox 1408 2552 1440 2614; x_wconf 74' lang='lat' dir='ltr'><strong>id</strong></span> <span class='ocrx_word' id='word_1_251' title='bbox 1465 2562 1524 2630; x_wconf 70' lang='lat' dir='ltr'><strong>est,</strong></span> <span class='ocrx_word' id='word_1_252' title='bbox 1544 2552 1646 2616; x_wconf 69' lang='lat' dir='ltr'><strong>frusta</strong></span> <span class='ocrx_word' id='word_1_253' title='bbox 1668 2554 1774 2617; x_wconf 70' lang='lat' dir='ltr'><strong>carnis</strong></span> <span class='ocrx_word' id='word_1_254' title='bbox 1799 2554 1968 2618; x_wconf 62' lang='lat' dir='ltr'><strong>immolat&amp;</strong></span> 
     </span>
     <span class='ocr_line' id='line_1_22' title="bbox 422 2652 1968 2737; baseline 0 -21"><span class='ocrx_word' id='word_1_255' title='bbox 422 2653 572 2716; x_wconf 91' lang='lat' dir='ltr'><strong>omuibus</strong></span> <span class='ocrx_word' id='word_1_256' title='bbox 588 2672 663 2717; x_wconf 82' lang='lat' dir='ltr'><strong>vero</strong></span> <span class='ocrx_word' id='word_1_257' title='bbox 679 2655 792 2717; x_wconf 89' lang='lat' dir='ltr'><strong>hostiis</strong></span> <span class='ocrx_word' id='word_1_258' title='bbox 813 2655 1003 2737; x_wconf 89' lang='lat' dir='ltr'><strong>generaliter</strong></span> <span class='ocrx_word' id='word_1_259' title='bbox 1022 2655 1168 2718; x_wconf 89' lang='lat' dir='ltr'><strong>ohserva—</strong></span> <span class='ocrx_word' id='word_1_260' title='bbox 1222 2661 1318 2733; x_wconf 87' lang='lat' dir='ltr'><strong>atquc</strong></span> <span class='ocrx_word' id='word_1_261' title='bbox 1334 2652 1455 2726; x_wconf 74' lang='lat' dir='ltr'><strong>divisas,</strong></span> <span class='ocrx_word' id='word_1_262' title='bbox 1474 2671 1569 2733; x_wconf 89' lang='lat' dir='ltr'><strong>super</strong></span> <span class='ocrx_word' id='word_1_263' title='bbox 1591 2652 1696 2733; x_wconf 90' lang='lat' dir='ltr'><strong>ignem</strong></span> <span class='ocrx_word' id='word_1_264' title='bbox 1717 2652 1809 2714; x_wconf 93' lang='lat' dir='ltr'><strong>illum</strong></span> <span class='ocrx_word' id='word_1_265' title='bbox 1824 2653 1968 2717; x_wconf 88' lang='lat' dir='ltr'><strong>ordinate</strong></span> 
     </span>
     <span class='ocr_line' id='line_1_23' title="bbox 423 2751 1969 2836; baseline 0 -22"><span class='ocrx_word' id='word_1_266' title='bbox 423 2751 527 2827; x_wconf 87' lang='lat' dir='ltr'><strong>hatur,</strong></span> <span class='ocrx_word' id='word_1_267' title='bbox 545 2753 631 2834; x_wconf 92' lang='lat' dir='ltr'><strong>quod</strong></span> <span class='ocrx_word' id='word_1_268' title='bbox 648 2772 706 2816; x_wconf 90' lang='lat' dir='ltr'><strong>nec</strong></span> <span class='ocrx_word' id='word_1_269' title='bbox 729 2754 858 2834; x_wconf 90' lang='lat' dir='ltr'><strong>sanguis</strong></span> <span class='ocrx_word' id='word_1_270' title='bbox 874 2774 932 2817; x_wconf 86' lang='lat' dir='ltr'><strong>nec</strong></span> <span class='ocrx_word' id='word_1_271' title='bbox 948 2755 1046 2836; x_wconf 85' lang='lat' dir='ltr'><strong>adeps</strong></span> <span class='ocrx_word' id='word_1_272' title='bbox 1062 2754 1168 2817; x_wconf 83' lang='lat' dir='ltr'><strong>venie·</strong></span> <span class='ocrx_word' id='word_1_273' title='bbox 1222 2759 1389 2834; x_wconf 81' lang='lat' dir='ltr'><strong>ponentes,</strong></span> <span class='ocrx_word' id='word_1_274' title='bbox 1415 2761 1510 2828; x_wconf 81' lang='lat' dir='ltr'><strong>eaput</strong></span> <span class='ocrx_word' id='word_1_275' title='bbox 1530 2752 1676 2811; x_wconf 81' lang='lat' dir='ltr'><strong>videlieet</strong></span> <span class='ocrx_word' id='word_1_276' title='bbox 1705 2761 1734 2812; x_wconf 90' lang='lat' dir='ltr'><strong>et</strong></span> <span class='ocrx_word' id='word_1_277' title='bbox 1754 2762 1870 2813; x_wconf 83' lang='lat' dir='ltr'><strong>cuncta</strong></span> <span class='ocrx_word' id='word_1_278' title='bbox 1897 2774 1969 2832; x_wconf 75' lang='lat' dir='ltr'><strong>pare</strong></span> 
     </span>
     <span class='ocr_line' id='line_1_24' title="bbox 423 2849 1969 2931; baseline 0.001 -19"><span class='ocrx_word' id='word_1_279' title='bbox 423 2849 500 2913; x_wconf 91' lang='lat' dir='ltr'><strong>hant</strong></span> <span class='ocrx_word' id='word_1_280' title='bbox 516 2851 549 2912; x_wconf 92' lang='lat' dir='ltr'><strong>in</strong></span> <span class='ocrx_word' id='word_1_281' title='bbox 563 2872 656 2913; x_wconf 89' lang='lat' dir='ltr'><strong>usam</strong></span> <span class='ocrx_word' id='word_1_282' title='bbox 668 2873 723 2916; x_wconf 91' lang='lat' dir='ltr'><strong>seu</strong></span> <span class='ocrx_word' id='word_1_283' title='bbox 736 2852 942 2916; x_wconf 86' lang='lat' dir='ltr'><strong>refectionem</strong></span> <span class='ocrx_word' id='word_1_284' title='bbox 955 2854 1165 2927; x_wconf 89' lang='lat' dir='ltr'><strong>sacerdotum,</strong></span> <span class='ocrx_word' id='word_1_285' title='bbox 1223 2853 1388 2910; x_wconf 72' lang='lat' dir='ltr'><strong>adhaereat</strong></span> <span class='ocrx_word' id='word_1_286' title='bbox 1405 2851 1522 2926; x_wconf 83' lang='lat' dir='ltr'><strong>jecori,</strong></span> <span class='ocrx_word' id='word_1_287' title='bbox 1541 2868 1597 2930; x_wconf 93' lang='lat' dir='ltr'><strong>per</strong></span> <span class='ocrx_word' id='word_1_288' title='bbox 1617 2867 1689 2930; x_wconf 80' lang='lat' dir='ltr'><strong>quaa</strong></span> <span class='ocrx_word' id='word_1_289' title='bbox 1705 2849 1927 2931; x_wconf 89' lang='lat' dir='ltr'><strong>intelliguntur</strong></span> <span class='ocrx_word' id='word_1_290' title='bbox 1937 2860 1969 2914; x_wconf 89' lang='lat' dir='ltr'><strong>et</strong></span> 
     </span>
     <span class='ocr_line' id='line_1_25' title="bbox 422 2946 1969 3032; baseline -0.001 -20"><span class='ocrx_word' id='word_1_291' title='bbox 422 2968 527 3031; x_wconf 89' lang='lat' dir='ltr'><strong>neque</strong></span> <span class='ocrx_word' id='word_1_292' title='bbox 547 2950 580 3012; x_wconf 94' lang='lat' dir='ltr'><strong>in</strong></span> <span class='ocrx_word' id='word_1_293' title='bbox 601 2950 808 3014; x_wconf 89' lang='lat' dir='ltr'><strong>offerentium</strong></span> <span class='ocrx_word' id='word_1_294' title='bbox 830 2971 944 3026; x_wconf 89' lang='lat' dir='ltr'><strong>usum;</strong></span> <span class='ocrx_word' id='word_1_295' title='bbox 962 2952 1018 3014; x_wconf 90' lang='lat' dir='ltr'><strong>scd</strong></span> <span class='ocrx_word' id='word_1_296' title='bbox 1038 2953 1167 3032; x_wconf 88' lang='lat' dir='ltr'><strong>sanguis</strong></span> <span class='ocrx_word' id='word_1_297' title='bbox 1223 2946 1278 3010; x_wconf 91' lang='lat' dir='ltr'><strong>alii</strong></span> <span class='ocrx_word' id='word_1_298' title='bbox 1299 2955 1386 3009; x_wconf 90' lang='lat' dir='ltr'><strong>artus</strong></span> <span class='ocrx_word' id='word_1_299' title='bbox 1398 2946 1602 3020; x_wconf 90' lang='lat' dir='ltr'><strong>immolandi;</strong></span> <span class='ocrx_word' id='word_1_300' title='bbox 1617 2950 1778 3008; x_wconf 79' lang='lat' dir='ltr'><strong>intestinis</strong></span> <span class='ocrx_word' id='word_1_301' title='bbox 1792 2951 1969 3027; x_wconf 78' lang='lat' dir='ltr'><strong>etpedibus</strong></span> 
     </span>
     <span class='ocr_line' id='line_1_26' title="bbox 422 3045 1970 3131; baseline 0 -21"><span class='ocrx_word' id='word_1_302' title='bbox 422 3049 517 3111; x_wconf 90' lang='lat' dir='ltr'><strong>modo</strong></span> <span class='ocrx_word' id='word_1_303' title='bbox 532 3049 665 3130; x_wconf 80' lang='lat' dir='ltr'><strong>praelato</strong></span> <span class='ocrx_word' id='word_1_304' title='bbox 678 3049 871 3113; x_wconf 87' lang='lat' dir='ltr'><strong>fundebatur</strong></span> <span class='ocrx_word' id='word_1_305' title='bbox 885 3059 917 3113; x_wconf 90' lang='lat' dir='ltr'><strong>et</strong></span> <span class='ocrx_word' id='word_1_306' title='bbox 932 3052 1029 3131; x_wconf 90' lang='lat' dir='ltr'><strong>adeps</strong></span> <span class='ocrx_word' id='word_1_307' title='bbox 1040 3050 1168 3113; x_wconf 89' lang='lat' dir='ltr'><strong>combu-</strong></span> <span class='ocrx_word' id='word_1_308' title='bbox 1186 3045 1208 3109; x_wconf 85' lang='lat' dir='ltr'>C</span> <span class='ocrx_word' id='word_1_309' title='bbox 1224 3049 1297 3106; x_wconf 86' lang='lat' dir='ltr'><strong>totis</strong></span> <span class='ocrx_word' id='word_1_310' title='bbox 1313 3067 1409 3126; x_wconf 84' lang='lat' dir='ltr'><strong>apua.</strong></span> <span class='ocrx_word' id='word_1_311' title='bbox 1423 3045 1575 3108; x_wconf 88' lang='lat' dir='ltr'><strong>Intestina</strong></span> <span class='ocrx_word' id='word_1_312' title='bbox 1589 3045 1737 3108; x_wconf 91' lang='lat' dir='ltr'><strong>animalis</strong></span> <span class='ocrx_word' id='word_1_313' title='bbox 1751 3045 1850 3110; x_wconf 89' lang='lat' dir='ltr'><strong>oblati</strong></span> <span class='ocrx_word' id='word_1_314' title='bbox 1866 3054 1897 3109; x_wconf 90' lang='lat' dir='ltr'><strong>et</strong></span> <span class='ocrx_word' id='word_1_315' title='bbox 1916 3066 1970 3129; x_wconf 73' lang='lat' dir='ltr'><strong>pe·</strong></span> 
     </span>
     <span class='ocr_line' id='line_1_27' title="bbox 423 3144 1968 3230; baseline -0.001 -22"><span class='ocrx_word' id='word_1_316' title='bbox 423 3146 562 3225; x_wconf 87' lang='lat' dir='ltr'><strong>rebatur,</strong></span> <span class='ocrx_word' id='word_1_317' title='bbox 580 3158 674 3230; x_wconf 92' lang='lat' dir='ltr'><strong>prout</strong></span> <span class='ocrx_word' id='word_1_318' title='bbox 691 3147 775 3210; x_wconf 87' lang='lat' dir='ltr'><strong>infra</strong></span> <span class='ocrx_word' id='word_1_319' title='bbox 791 3149 824 3210; x_wconf 90' lang='lat' dir='ltr'><strong>iu</strong></span> <span class='ocrx_word' id='word_1_320' title='bbox 841 3158 928 3211; x_wconf 87' lang='lat' dir='ltr'><strong>textu</strong></span> <span class='ocrx_word' id='word_1_321' title='bbox 943 3149 1124 3226; x_wconf 85' lang='lat' dir='ltr'><strong>habebitur,</strong></span> <span class='ocrx_word' id='word_1_322' title='bbox 1137 3158 1169 3210; x_wconf 89' lang='lat' dir='ltr'><strong>et</strong></span> <span class='ocrx_word' id='word_1_323' title='bbox 1224 3145 1279 3207; x_wconf 92' lang='lat' dir='ltr'><strong>des</strong></span> <span class='ocrx_word' id='word_1_324' title='bbox 1295 3145 1375 3226; x_wconf 84' lang='lat' dir='ltr'><strong>ejus,</strong></span> <span class='ocrx_word' id='word_1_325' title='bbox 1385 3144 1573 3207; x_wconf 87' lang='lat' dir='ltr'><strong>lavabantur</strong></span> <span class='ocrx_word' id='word_1_326' title='bbox 1588 3163 1605 3206; x_wconf 95' lang='lat' dir='ltr'><strong>a</strong></span> <span class='ocrx_word' id='word_1_327' title='bbox 1622 3146 1784 3208; x_wconf 89' lang='lat' dir='ltr'><strong>sacerdota</strong></span> <span class='ocrx_word' id='word_1_328' title='bbox 1799 3154 1968 3226; x_wconf 89' lang='lat' dir='ltr'><strong>antequam</strong></span> 
     </span>
     <span class='ocr_line' id='line_1_28' title="bbox 425 3243 1971 3324; baseline 0 -18"><span class='ocrx_word' id='word_1_329' title='bbox 425 3245 469 3307; x_wconf 95' lang='lat' dir='ltr'><strong>ibi</strong></span> <span class='ocrx_word' id='word_1_330' title='bbox 496 3246 576 3308; x_wconf 90' lang='lat' dir='ltr'><strong>ratio</strong></span> <span class='ocrx_word' id='word_1_331' title='bbox 601 3247 713 3309; x_wconf 92' lang='lat' dir='ltr'><strong>horum</strong></span> <span class='ocrx_word' id='word_1_332' title='bbox 741 3248 894 3309; x_wconf 89' lang='lat' dir='ltr'><strong>tradetur.</strong></span> <span class='ocrx_word' id='word_1_333' title='bbox 913 3251 1004 3317; x_wconf 78' lang='lat' dir='ltr'><strong>Quod</strong></span> <span class='ocrx_word' id='word_1_334' title='bbox 1023 3259 1068 3308; x_wconf 80' lang='lat' dir='ltr'><strong>est</strong></span> <span class='ocrx_word' id='word_1_335' title='bbox 1093 3258 1169 3308; x_wconf 81' lang='lat' dir='ltr'><strong>ante</strong></span> <span class='ocrx_word' id='word_1_336' title='bbox 1224 3243 1503 3318; x_wconf 88' lang='lat' dir='ltr'><strong>comburebantur,</strong></span> <span class='ocrx_word' id='word_1_337' title='bbox 1520 3251 1649 3324; x_wconf 89' lang='lat' dir='ltr'><strong>propter</strong></span> <span class='ocrx_word' id='word_1_338' title='bbox 1672 3244 1880 3306; x_wconf 87' lang='lat' dir='ltr'><strong>reverentiam</strong></span> <span class='ocrx_word' id='word_1_339' title='bbox 1903 3265 1971 3306; x_wconf 91' lang='lat' dir='ltr'><strong>san·</strong></span> 
     </span>
     <span class='ocr_line' id='line_1_29' title="bbox 423 3341 1970 3425; baseline 0 -21"><span class='ocrx_word' id='word_1_340' title='bbox 423 3346 542 3404; x_wconf 80' lang='lat' dir='ltr'><strong>ostium</strong></span> <span class='ocrx_word' id='word_1_341' title='bbox 568 3347 779 3415; x_wconf 77' lang='lat' dir='ltr'><strong>tabernaculi,</strong></span> <span class='ocrx_word' id='word_1_342' title='bbox 804 3344 880 3425; x_wconf 92' lang='lat' dir='ltr'><strong>quia</strong></span> <span class='ocrx_word' id='word_1_343' title='bbox 903 3345 1001 3408; x_wconf 85' lang='lat' dir='ltr'><strong>altare</strong></span> <span class='ocrx_word' id='word_1_344' title='bbox 1024 3345 1169 3408; x_wconf 89' lang='lat' dir='ltr'><strong>holocau·</strong></span> <span class='ocrx_word' id='word_1_345' title='bbox 1224 3341 1343 3405; x_wconf 89' lang='lat' dir='ltr'><strong>ctitatis</strong></span> <span class='ocrx_word' id='word_1_346' title='bbox 1358 3341 1485 3420; x_wconf 80' lang='lat' dir='ltr'><strong>divinae,</strong></span> <span class='ocrx_word' id='word_1_347' title='bbox 1495 3341 1571 3422; x_wconf 93' lang='lat' dir='ltr'><strong>quia</strong></span> <span class='ocrx_word' id='word_1_348' title='bbox 1581 3360 1645 3423; x_wconf 77' lang='lat' dir='ltr'><strong>praa</strong></span> <span class='ocrx_word' id='word_1_349' title='bbox 1656 3341 1769 3404; x_wconf 86' lang='lat' dir='ltr'><strong>ceteris</strong></span> <span class='ocrx_word' id='word_1_350' title='bbox 1780 3343 1923 3424; x_wconf 91' lang='lat' dir='ltr'><strong>partibus</strong></span> <span class='ocrx_word' id='word_1_351' title='bbox 1938 3353 1970 3406; x_wconf 90' lang='lat' dir='ltr'><strong>ct</strong></span> 
     </span>
     <span class='ocr_line' id='line_1_30' title="bbox 424 3439 1968 3518; baseline 0 -15"><span class='ocrx_word' id='word_1_352' title='bbox 424 3450 557 3518; x_wconf 92' lang='lat' dir='ltr'><strong>storum,</strong></span> <span class='ocrx_word' id='word_1_353' title='bbox 579 3450 667 3504; x_wconf 81' lang='lat' dir='ltr'><strong>entra</strong></span> <span class='ocrx_word' id='word_1_354' title='bbox 689 3443 929 3506; x_wconf 88' lang='lat' dir='ltr'><strong>tabernaculum</strong></span> <span class='ocrx_word' id='word_1_355' title='bbox 950 3453 1017 3507; x_wconf 91' lang='lat' dir='ltr'><strong>erat</strong></span> <span class='ocrx_word' id='word_1_356' title='bbox 1037 3444 1070 3505; x_wconf 96' lang='lat' dir='ltr'><strong>in</strong></span> <span class='ocrx_word' id='word_1_357' title='bbox 1087 3443 1168 3507; x_wconf 91' lang='lat' dir='ltr'><strong>atrio</strong></span> <span class='ocrx_word' id='word_1_358' title='bbox 1224 3441 1356 3503; x_wconf 91' lang='lat' dir='ltr'><strong>artubus</strong></span> <span class='ocrx_word' id='word_1_359' title='bbox 1381 3440 1486 3503; x_wconf 91' lang='lat' dir='ltr'><strong>carnis</strong></span> <span class='ocrx_word' id='word_1_360' title='bbox 1511 3439 1676 3501; x_wconf 91' lang='lat' dir='ltr'><strong>immunda</strong></span> <span class='ocrx_word' id='word_1_361' title='bbox 1702 3449 1786 3518; x_wconf 89' lang='lat' dir='ltr'><strong>sunt,</strong></span> <span class='ocrx_word' id='word_1_362' title='bbox 1814 3460 1872 3503; x_wconf 92' lang='lat' dir='ltr'><strong>nec</strong></span> <span class='ocrx_word' id='word_1_363' title='bbox 1896 3461 1968 3504; x_wconf 89' lang='lat' dir='ltr'><strong>cum</strong></span> 
     </span>
     <span class='ocr_line' id='line_1_31' title="bbox 425 3537 1969 3620; baseline -0.001 -18"><span class='ocrx_word' id='word_1_364' title='bbox 425 3539 495 3620; x_wconf 80' lang='lat' dir='ltr'><strong>ejus</strong></span> <span class='ocrx_word' id='word_1_365' title='bbox 511 3541 571 3602; x_wconf 93' lang='lat' dir='ltr'><strong>sub</strong></span> <span class='ocrx_word' id='word_1_366' title='bbox 587 3540 650 3616; x_wconf 90' lang='lat' dir='ltr'><strong>dio,</strong></span> <span class='ocrx_word' id='word_1_367' title='bbox 669 3559 709 3602; x_wconf 94' lang='lat' dir='ltr'><strong>ne</strong></span> <span class='ocrx_word' id='word_1_368' title='bbox 726 3539 833 3602; x_wconf 90' lang='lat' dir='ltr'><strong>fumus</strong></span> <span class='ocrx_word' id='word_1_369' title='bbox 849 3549 881 3604; x_wconf 89' lang='lat' dir='ltr'><strong>et</strong></span> <span class='ocrx_word' id='word_1_370' title='bbox 900 3542 978 3604; x_wconf 93' lang='lat' dir='ltr'><strong>odor</strong></span> <span class='ocrx_word' id='word_1_371' title='bbox 992 3542 1168 3605; x_wconf 91' lang='lat' dir='ltr'><strong>hostiarum</strong></span> <span class='ocrx_word' id='word_1_372' title='bbox 1224 3537 1437 3601; x_wconf 90' lang='lat' dir='ltr'><strong>immunditiis</strong></span> <span class='ocrx_word' id='word_1_373' title='bbox 1453 3537 1519 3600; x_wconf 90' lang='lat' dir='ltr'><strong>suis</strong></span> <span class='ocrx_word' id='word_1_374' title='bbox 1534 3547 1624 3600; x_wconf 87' lang='lat' dir='ltr'><strong>erant</strong></span> <span class='ocrx_word' id='word_1_375' title='bbox 1640 3538 1672 3600; x_wconf 91' lang='lat' dir='ltr'><strong>in</strong></span> <span class='ocrx_word' id='word_1_376' title='bbox 1684 3538 1738 3602; x_wconf 88' lang='lat' dir='ltr'><strong>Dei</strong></span> <span class='ocrx_word' id='word_1_377' title='bbox 1750 3538 1969 3602; x_wconf 89' lang='lat' dir='ltr'><strong>holocaustum</strong></span> 
     </span>
     <span class='ocr_line' id='line_1_32' title="bbox 424 3637 1970 3728; baseline -0.001 -29"><span class='ocrx_word' id='word_1_378' title='bbox 424 3657 496 3718; x_wconf 87' lang='lat' dir='ltr'><strong>quaa</strong></span> <span class='ocrx_word' id='word_1_379' title='bbox 516 3637 785 3702; x_wconf 90' lang='lat' dir='ltr'><strong>comburebantur</strong></span> <span class='ocrx_word' id='word_1_380' title='bbox 805 3639 838 3701; x_wconf 97' lang='lat' dir='ltr'><strong>in</strong></span> <span class='ocrx_word' id='word_1_381' title='bbox 861 3658 909 3717; x_wconf 91' lang='lat' dir='ltr'><strong>eo,</strong></span> <span class='ocrx_word' id='word_1_382' title='bbox 935 3641 1091 3728; x_wconf 84' lang='lat' dir='ltr'><strong>templum</strong></span> <span class='ocrx_word' id='word_1_383' title='bbox 1115 3650 1169 3703; x_wconf 91' lang='lat' dir='ltr'><strong>aut</strong></span> <span class='ocrx_word' id='word_1_384' title='bbox 1225 3638 1382 3719; x_wconf 89' lang='lat' dir='ltr'><strong>ponenda.</strong></span> <span class='ocrx_word' id='word_1_385' title='bbox 1400 3639 1620 3716; x_wconf 82' lang='lat' dir='ltr'><strong>Adctebr&#39;tqae,</strong></span> <span class='ocrx_word' id='word_1_386' title='bbox 1636 3637 1667 3698; x_wconf 91' lang='lat' dir='ltr'><strong>id</strong></span> <span class='ocrx_word' id='word_1_387' title='bbox 1684 3646 1732 3699; x_wconf 91' lang='lat' dir='ltr'><strong>est</strong></span> <span class='ocrx_word' id='word_1_388' title='bbox 1746 3637 1970 3712; x_wconf 86' lang='lat' dir='ltr'><strong>comburat,ea</strong></span> 
     </span>
     <span class='ocr_line' id='line_1_33' title="bbox 426 3735 1970 3816; baseline -0.001 -18"><span class='ocrx_word' id='word_1_389' title='bbox 426 3735 665 3799; x_wconf 89' lang='lat' dir='ltr'><strong>tabernaculum</strong></span> <span class='ocrx_word' id='word_1_390' title='bbox 688 3747 719 3800; x_wconf 90' lang='lat' dir='ltr'><strong>et</strong></span> <span class='ocrx_word' id='word_1_391' title='bbox 739 3738 926 3802; x_wconf 83' lang='lat' dir='ltr'><strong>exsistentes</strong></span> <span class='ocrx_word' id='word_1_392' title='bbox 947 3740 979 3801; x_wconf 92' lang='lat' dir='ltr'><strong>in</strong></span> <span class='ocrx_word' id='word_1_393' title='bbox 1000 3739 1046 3802; x_wconf 91' lang='lat' dir='ltr'><strong>eis</strong></span> <span class='ocrx_word' id='word_1_394' title='bbox 1068 3739 1170 3801; x_wconf 89' lang='lat' dir='ltr'><strong>fusca·</strong></span> <span class='ocrx_word' id='word_1_395' title='bbox 1223 3739 1367 3796; x_wconf 82' lang='lat' dir='ltr'><strong>sacerdos</strong></span> <span class='ocrx_word' id='word_1_396' title='bbox 1389 3756 1485 3814; x_wconf 85' lang='lat' dir='ltr'><strong>saper</strong></span> <span class='ocrx_word' id='word_1_397' title='bbox 1505 3739 1608 3796; x_wconf 85' lang='lat' dir='ltr'><strong>attare</strong></span> <span class='ocrx_word' id='word_1_398' title='bbox 1628 3735 1799 3816; x_wconf 90' lang='lat' dir='ltr'><strong>quoderat</strong></span> <span class='ocrx_word' id='word_1_399' title='bbox 1821 3735 1853 3796; x_wconf 93' lang='lat' dir='ltr'><strong>in</strong></span> <span class='ocrx_word' id='word_1_400' title='bbox 1876 3735 1970 3805; x_wconf 90' lang='lat' dir='ltr'><strong>atrio,</strong></span> 
     </span>
     <span class='ocr_line' id='line_1_34' title="bbox 426 3834 1972 3916; baseline -0.003 -20"><span class='ocrx_word' id='word_1_401' title='bbox 426 3843 497 3897; x_wconf 88' lang='lat' dir='ltr'><strong>rent</strong></span> <span class='ocrx_word' id='word_1_402' title='bbox 512 3843 543 3897; x_wconf 88' lang='lat' dir='ltr'><strong>et</strong></span> <span class='ocrx_word' id='word_1_403' title='bbox 558 3834 751 3916; x_wconf 78' lang='lat' dir='ltr'><strong>affligerent.</strong></span> <span class='ocrx_word' id='word_1_404' title='bbox 1225 3837 1262 3894; x_wconf 83' lang='lat' dir='ltr'><strong>r&#39;rr</strong></span> <span class='ocrx_word' id='word_1_405' title='bbox 1276 3837 1496 3894; x_wconf 75' lang='lat' dir='ltr'><strong>holocaustam</strong></span> <span class='ocrx_word' id='word_1_406' title='bbox 1512 3843 1541 3893; x_wconf 90' lang='lat' dir='ltr'><strong>et</strong></span> <span class='ocrx_word' id='word_1_407' title='bbox 1562 3854 1693 3894; x_wconf 80' lang='lat' dir='ltr'><strong>suavem</strong></span> <span class='ocrx_word' id='word_1_408' title='bbox 1714 3837 1841 3895; x_wconf 86' lang='lat' dir='ltr'><strong>odorem</strong></span> <span class='ocrx_word' id='word_1_409' title='bbox 1860 3836 1972 3896; x_wconf 82' lang='lat' dir='ltr'><strong>Domi-</strong></span> 
     </span>
     <span class='ocr_line' id='line_1_35' title="bbox 290 3930 1972 4018; baseline 0.003 -27"><span class='ocrx_word' id='word_1_410' title='bbox 290 3947 410 3998; x_wconf 70' lang='lat' dir='ltr'><strong>nemna.</strong></span> <span class='ocrx_word' id='word_1_411' title='bbox 466 3937 676 4014; x_wconf 84' lang='lat' dir='ltr'><strong>Detractaque</strong></span> <span class='ocrx_word' id='word_1_412' title='bbox 687 3939 772 4012; x_wconf 83' lang='lat' dir='ltr'><strong>pelte</strong></span> <span class='ocrx_word' id='word_1_413' title='bbox 786 3938 918 3997; x_wconf 76' lang='lat' dir='ltr'><strong>hostia:</strong></span> <span class='ocrx_word' id='word_1_414' title='bbox 933 3955 1004 4017; x_wconf 86' lang='lat' dir='ltr'><strong>quae</strong></span> <span class='ocrx_word' id='word_1_415' title='bbox 1019 3936 1114 4018; x_wconf 90' lang='lat' dir='ltr'><strong>pellis</strong></span> <span class='ocrx_word' id='word_1_416' title='bbox 1129 3936 1169 3998; x_wconf 90' lang='lat' dir='ltr'><strong>ad</strong></span> <span class='ocrx_word' id='word_1_417' title='bbox 1225 3953 1276 3993; x_wconf 83' lang='lat' dir='ltr'><strong>ac.</strong></span> <span class='ocrx_word' id='word_1_418' title='bbox 1289 3930 1373 3995; x_wconf 89' lang='lat' dir='ltr'><strong>Odor</strong></span> <span class='ocrx_word' id='word_1_419' title='bbox 1389 3931 1444 3993; x_wconf 85' lang='lat' dir='ltr'><strong>ille</strong></span> <span class='ocrx_word' id='word_1_420' title='bbox 1458 3951 1496 3993; x_wconf 84' lang='lat' dir='ltr'><strong>en</strong></span> <span class='ocrx_word' id='word_1_421' title='bbox 1510 3932 1654 3994; x_wconf 91' lang='lat' dir='ltr'><strong>carnium</strong></span> <span class='ocrx_word' id='word_1_422' title='bbox 1671 3931 1798 3993; x_wconf 92' lang='lat' dir='ltr'><strong>illarum</strong></span> <span class='ocrx_word' id='word_1_423' title='bbox 1815 3932 1972 3996; x_wconf 88' lang='lat' dir='ltr'><strong>incensio-</strong></span> 
     </span>
     <span class='ocr_line' id='line_1_36' title="bbox 426 4030 1972 4114; baseline 0.002 -23"><span class='ocrx_word' id='word_1_424' title='bbox 426 4031 606 4094; x_wconf 90' lang='lat' dir='ltr'><strong>sacerdotes</strong></span> <span class='ocrx_word' id='word_1_425' title='bbox 621 4032 786 4114; x_wconf 89' lang='lat' dir='ltr'><strong>pertinuit,</strong></span> <span class='ocrx_word' id='word_1_426' title='bbox 805 4041 840 4094; x_wconf 89' lang='lat' dir='ltr'><strong>ut</strong></span> <span class='ocrx_word' id='word_1_427' title='bbox 855 4032 939 4095; x_wconf 90' lang='lat' dir='ltr'><strong>infra</strong></span> <span class='ocrx_word' id='word_1_428' title='bbox 954 4034 1106 4106; x_wconf 66' lang='lat' dir='ltr'><strong>hebetum</strong></span> <span class='ocrx_word' id='word_1_429' title='bbox 1120 4055 1171 4095; x_wconf 85' lang='lat' dir='ltr'><strong>ar·</strong></span> <span class='ocrx_word' id='word_1_430' title='bbox 1227 4050 1267 4092; x_wconf 91' lang='lat' dir='ltr'><strong>ne</strong></span> <span class='ocrx_word' id='word_1_431' title='bbox 1286 4048 1468 4112; x_wconf 66' lang='lat' dir='ltr'><strong>erumpens</strong></span> <span class='ocrx_word' id='word_1_432' title='bbox 1486 4048 1549 4093; x_wconf 92' lang='lat' dir='ltr'><strong>non</strong></span> <span class='ocrx_word' id='word_1_433' title='bbox 1573 4037 1640 4093; x_wconf 89' lang='lat' dir='ltr'><strong>erat</strong></span> <span class='ocrx_word' id='word_1_434' title='bbox 1665 4030 1772 4092; x_wconf 86' lang='lat' dir='ltr'><strong>suavis</strong></span> <span class='ocrx_word' id='word_1_435' title='bbox 1795 4031 1828 4092; x_wconf 93' lang='lat' dir='ltr'><strong>in</strong></span> <span class='ocrx_word' id='word_1_436' title='bbox 1851 4050 1894 4108; x_wconf 87' lang='lat' dir='ltr'><strong>se,</strong></span> <span class='ocrx_word' id='word_1_437' title='bbox 1912 4050 1972 4094; x_wconf 89' lang='lat' dir='ltr'><strong>nee</strong></span> 
     </span>
     <span class='ocr_line' id='line_1_37' title="bbox 427 4127 1972 4210; baseline 0.001 -22"><span class='ocrx_word' id='word_1_438' title='bbox 427 4139 488 4199; x_wconf 87' lang='lat' dir='ltr'><strong>tas,</strong></span> <span class='ocrx_word' id='word_1_439' title='bbox 506 4127 539 4191; x_wconf 91' lang='lat' dir='ltr'><strong>id</strong></span> <span class='ocrx_word' id='word_1_440' title='bbox 558 4138 607 4192; x_wconf 92' lang='lat' dir='ltr'><strong>est</strong></span> <span class='ocrx_word' id='word_1_441' title='bbox 626 4130 770 4193; x_wconf 88' lang='lat' dir='ltr'><strong>membra</strong></span> <span class='ocrx_word' id='word_1_442' title='bbox 786 4131 933 4193; x_wconf 89' lang='lat' dir='ltr'><strong>animalis</strong></span> <span class='ocrx_word' id='word_1_443' title='bbox 956 4131 1051 4194; x_wconf 90' lang='lat' dir='ltr'><strong>occisi</strong></span> <span class='ocrx_word' id='word_1_444' title='bbox 1068 4140 1099 4193; x_wconf 93' lang='lat' dir='ltr'><strong>et</strong></span> <span class='ocrx_word' id='word_1_445' title='bbox 1121 4151 1170 4194; x_wconf 87' lang='lat' dir='ltr'><strong>ex·</strong></span> <span class='ocrx_word' id='word_1_446' title='bbox 1226 4128 1289 4191; x_wconf 87' lang='lat' dir='ltr'><strong>Deo</strong></span> <span class='ocrx_word' id='word_1_447' title='bbox 1305 4128 1440 4190; x_wconf 91' lang='lat' dir='ltr'><strong>dulciter</strong></span> <span class='ocrx_word' id='word_1_448' title='bbox 1457 4128 1602 4210; x_wconf 88' lang='lat' dir='ltr'><strong>fragrans</strong></span> <span class='ocrx_word' id='word_1_449' title='bbox 1618 4129 1686 4191; x_wconf 90' lang='lat' dir='ltr'><strong>sive</strong></span> <span class='ocrx_word' id='word_1_450' title='bbox 1701 4138 1861 4209; x_wconf 89' lang='lat' dir='ltr'><strong>acceptus,</strong></span> <span class='ocrx_word' id='word_1_451' title='bbox 1874 4148 1972 4210; x_wconf 93' lang='lat' dir='ltr'><strong>quau-</strong></span> 
     </span>
     <span class='ocr_line' id='line_1_38' title="bbox 426 4225 1971 4307; baseline 0.001 -18"><span class='ocrx_word' id='word_1_452' title='bbox 426 4226 537 4289; x_wconf 90' lang='lat' dir='ltr'><strong>coriati</strong></span> <span class='ocrx_word' id='word_1_453' title='bbox 559 4247 596 4290; x_wconf 89' lang='lat' dir='ltr'><strong>ac</strong></span> <span class='ocrx_word' id='word_1_454' title='bbox 619 4227 785 4303; x_wconf 88' lang='lat' dir='ltr'><strong>immolati,</strong></span> <span class='ocrx_word' id='word_1_455' title='bbox 803 4233 839 4290; x_wconf 82' lang='lat' dir='ltr'><strong>in</strong></span> <span class='ocrx_word' id='word_1_456' title='bbox 861 4231 968 4307; x_wconf 79' lang='lat' dir='ltr'><strong>frasta</strong></span> <span class='ocrx_word' id='word_1_457' title='bbox 990 4232 1167 4302; x_wconf 76' lang='lat' dir='ltr'><strong>concident,</strong></span> <span class='ocrx_word' id='word_1_458' title='bbox 1186 4231 1212 4294; x_wconf 90' lang='lat' dir='ltr'><strong>D</strong></span> <span class='ocrx_word' id='word_1_459' title='bbox 1229 4235 1292 4288; x_wconf 90' lang='lat' dir='ltr'><strong>tum</strong></span> <span class='ocrx_word' id='word_1_460' title='bbox 1310 4227 1348 4288; x_wconf 94' lang='lat' dir='ltr'><strong>ad</strong></span> <span class='ocrx_word' id='word_1_461' title='bbox 1365 4246 1452 4289; x_wconf 91' lang='lat' dir='ltr'><strong>suam</strong></span> <span class='ocrx_word' id='word_1_462' title='bbox 1475 4227 1645 4290; x_wconf 90' lang='lat' dir='ltr'><strong>essentiam</strong></span> <span class='ocrx_word' id='word_1_463' title='bbox 1661 4235 1716 4288; x_wconf 90' lang='lat' dir='ltr'><strong>aut</strong></span> <span class='ocrx_word' id='word_1_464' title='bbox 1737 4225 1898 4304; x_wconf 88' lang='lat' dir='ltr'><strong>virtutem,</strong></span> <span class='ocrx_word' id='word_1_465' title='bbox 1914 4245 1971 4290; x_wconf 85' lang='lat' dir='ltr'><strong>sou</strong></span> 
     </span>
     <span class='ocr_line' id='line_1_39' title="bbox 427 4325 1971 4408; baseline 0.003 -24"><span class='ocrx_word' id='word_1_466' title='bbox 427 4332 461 4385; x_wconf 92' lang='lat' dir='ltr'><strong>ut</strong></span> <span class='ocrx_word' id='word_1_467' title='bbox 477 4344 573 4406; x_wconf 91' lang='lat' dir='ltr'><strong>super</strong></span> <span class='ocrx_word' id='word_1_468' title='bbox 587 4325 686 4388; x_wconf 88' lang='lat' dir='ltr'><strong>altare</strong></span> <span class='ocrx_word' id='word_1_469' title='bbox 701 4327 805 4407; x_wconf 89' lang='lat' dir='ltr'><strong>aptius</strong></span> <span class='ocrx_word' id='word_1_470' title='bbox 822 4336 1016 4408; x_wconf 84' lang='lat' dir='ltr'><strong>ponerentur</strong></span> <span class='ocrx_word' id='word_1_471' title='bbox 1031 4329 1070 4390; x_wconf 92' lang='lat' dir='ltr'><strong>ad</strong></span> <span class='ocrx_word' id='word_1_472' title='bbox 1087 4347 1170 4391; x_wconf 87' lang='lat' dir='ltr'><strong>com·</strong></span> <span class='ocrx_word' id='word_1_473' title='bbox 1226 4334 1367 4407; x_wconf 86' lang='lat' dir='ltr'><strong>exparte</strong></span> <span class='ocrx_word' id='word_1_474' title='bbox 1388 4325 1493 4407; x_wconf 88' lang='lat' dir='ltr'><strong>operis</strong></span> <span class='ocrx_word' id='word_1_475' title='bbox 1509 4326 1641 4407; x_wconf 88' lang='lat' dir='ltr'><strong>operati,</strong></span> <span class='ocrx_word' id='word_1_476' title='bbox 1658 4334 1768 4407; x_wconf 90' lang='lat' dir='ltr'><strong>utpote</strong></span> <span class='ocrx_word' id='word_1_477' title='bbox 1789 4325 1835 4388; x_wconf 90' lang='lat' dir='ltr'><strong>rei</strong></span> <span class='ocrx_word' id='word_1_478' title='bbox 1858 4325 1971 4388; x_wconf 76' lang='lat' dir='ltr'><strong>abiatar</strong></span> 
     </span>
     <span class='ocr_line' id='line_1_40' title="bbox 426 4423 1970 4506; baseline 0.001 -23"><span class='ocrx_word' id='word_1_479' title='bbox 426 4423 683 4486; x_wconf 82' lang='lat' dir='ltr'><strong>burendum.l&#39;el</strong></span> <span class='ocrx_word' id='word_1_480' title='bbox 699 4424 811 4506; x_wconf 89' lang='lat' dir='ltr'><strong>magis,</strong></span> <span class='ocrx_word' id='word_1_481' title='bbox 823 4435 857 4487; x_wconf 91' lang='lat' dir='ltr'><strong>ut</strong></span> <span class='ocrx_word' id='word_1_482' title='bbox 867 4426 968 4506; x_wconf 89' lang='lat' dir='ltr'><strong>tangit</strong></span> <span class='ocrx_word' id='word_1_483' title='bbox 982 4426 1169 4489; x_wconf 88' lang='lat' dir='ltr'><strong>Guillelmus</strong></span> <span class='ocrx_word' id='word_1_484' title='bbox 1225 4424 1399 4487; x_wconf 91' lang='lat' dir='ltr'><strong>secundum</strong></span> <span class='ocrx_word' id='word_1_485' title='bbox 1426 4443 1470 4502; x_wconf 91' lang='lat' dir='ltr'><strong>se,</strong></span> <span class='ocrx_word' id='word_1_486' title='bbox 1497 4426 1551 4487; x_wconf 88' lang='lat' dir='ltr'><strong>sed</strong></span> <span class='ocrx_word' id='word_1_487' title='bbox 1578 4444 1615 4487; x_wconf 91' lang='lat' dir='ltr'><strong>ex</strong></span> <span class='ocrx_word' id='word_1_488' title='bbox 1642 4424 1717 4500; x_wconf 88' lang='lat' dir='ltr'><strong>lide,</strong></span> <span class='ocrx_word' id='word_1_489' title='bbox 1750 4423 1918 4488; x_wconf 86' lang='lat' dir='ltr'><strong>devotione</strong></span> <span class='ocrx_word' id='word_1_490' title='bbox 1937 4433 1970 4486; x_wconf 91' lang='lat' dir='ltr'><strong>et</strong></span> 
     </span>
     <span class='ocr_line' id='line_1_41' title="bbox 426 4520 1971 4605; baseline 0.002 -24"><span class='ocrx_word' id='word_1_491' title='bbox 426 4520 612 4584; x_wconf 90' lang='lat' dir='ltr'><strong>Parisiensis</strong></span> <span class='ocrx_word' id='word_1_492' title='bbox 629 4521 710 4586; x_wconf 93' lang='lat' dir='ltr'><strong>libro</strong></span> <span class='ocrx_word' id='word_1_493' title='bbox 726 4524 765 4586; x_wconf 92' lang='lat' dir='ltr'><strong>de</strong></span> <span class='ocrx_word' id='word_1_494' title='bbox 781 4524 857 4587; x_wconf 81' lang='lat' dir='ltr'><strong>Fide</strong></span> <span class='ocrx_word' id='word_1_495' title='bbox 872 4533 903 4586; x_wconf 92' lang='lat' dir='ltr'><strong>et</strong></span> <span class='ocrx_word' id='word_1_496' title='bbox 919 4525 1054 4605; x_wconf 62' lang='lat' dir='ltr'><strong>legibus</strong></span> <span class='ocrx_word' id='word_1_497' title='bbox 1064 4526 1105 4588; x_wconf 91' lang='lat' dir='ltr'><strong>ad</strong></span> <span class='ocrx_word' id='word_1_498' title='bbox 1121 4545 1170 4587; x_wconf 86' lang='lat' dir='ltr'><strong>ex·</strong></span> <span class='ocrx_word' id='word_1_499' title='bbox 1225 4523 1406 4586; x_wconf 87' lang='lat' dir='ltr'><strong>obedientia</strong></span> <span class='ocrx_word' id='word_1_500' title='bbox 1421 4522 1600 4600; x_wconf 88' lang='lat' dir='ltr'><strong>offerentis,</strong></span> <span class='ocrx_word' id='word_1_501' title='bbox 1610 4531 1641 4586; x_wconf 90' lang='lat' dir='ltr'><strong>et</strong></span> <span class='ocrx_word' id='word_1_502' title='bbox 1652 4531 1781 4604; x_wconf 89' lang='lat' dir='ltr'><strong>propter</strong></span> <span class='ocrx_word' id='word_1_503' title='bbox 1797 4542 1861 4585; x_wconf 89' lang='lat' dir='ltr'><strong>rem</strong></span> <span class='ocrx_word' id='word_1_504' title='bbox 1874 4522 1971 4603; x_wconf 88' lang='lat' dir='ltr'><strong>signi-</strong></span> 
     </span>
     <span class='ocr_line' id='line_1_42' title="bbox 426 4620 1970 4704; baseline -0.001 -21"><span class='ocrx_word' id='word_1_505' title='bbox 426 4620 619 4683; x_wconf 90' lang='lat' dir='ltr'><strong>cludendum</strong></span> <span class='ocrx_word' id='word_1_506' title='bbox 635 4621 732 4682; x_wconf 91' lang='lat' dir='ltr'><strong>ritum</strong></span> <span class='ocrx_word' id='word_1_507' title='bbox 749 4621 999 4699; x_wconf 91' lang='lat' dir='ltr'><strong>idololatrarum,</strong></span> <span class='ocrx_word' id='word_1_508' title='bbox 1017 4643 1036 4685; x_wconf 90' lang='lat' dir='ltr'><strong>a</strong></span> <span class='ocrx_word' id='word_1_509' title='bbox 1051 4623 1169 4704; x_wconf 91' lang='lat' dir='ltr'><strong>quihus</strong></span> <span class='ocrx_word' id='word_1_510' title='bbox 1226 4621 1354 4684; x_wconf 87' lang='lat' dir='ltr'><strong>ficatam</strong></span> <span class='ocrx_word' id='word_1_511' title='bbox 1370 4620 1625 4703; x_wconf 88' lang='lat' dir='ltr'><strong>potissimum,in</strong></span> <span class='ocrx_word' id='word_1_512' title='bbox 1640 4629 1794 4702; x_wconf 89' lang='lat' dir='ltr'><strong>quantum</strong></span> <span class='ocrx_word' id='word_1_513' title='bbox 1810 4621 1970 4684; x_wconf 87' lang='lat' dir='ltr'><strong>Christum</strong></span> 
     </span>
     <span class='ocr_line' id='line_1_43' title="bbox 427 4709 1969 4803; baseline -0.001 -23"><span class='ocrx_word' id='word_1_514' title='bbox 427 4718 527 4781; x_wconf 87' lang='lat' dir='ltr'><strong>voluit</strong></span> <span class='ocrx_word' id='word_1_515' title='bbox 541 4719 624 4781; x_wconf 89' lang='lat' dir='ltr'><strong>Deus</strong></span> <span class='ocrx_word' id='word_1_516' title='bbox 639 4720 792 4801; x_wconf 92' lang='lat' dir='ltr'><strong>populum</strong></span> <span class='ocrx_word' id='word_1_517' title='bbox 809 4741 901 4783; x_wconf 91' lang='lat' dir='ltr'><strong>suum</strong></span> <span class='ocrx_word' id='word_1_518' title='bbox 917 4721 1083 4801; x_wconf 89' lang='lat' dir='ltr'><strong>distingui,</strong></span> <span class='ocrx_word' id='word_1_519' title='bbox 1096 4742 1171 4803; x_wconf 82' lang='lat' dir='ltr'><strong>quo</strong></span> <span class='ocrx_word' id='word_1_520' title='bbox 1225 4728 1257 4782; x_wconf 86' lang='lat' dir='ltr'><strong>ct</strong></span> <span class='ocrx_word' id='word_1_521' title='bbox 1272 4720 1341 4801; x_wconf 87' lang='lat' dir='ltr'><strong>ejus</strong></span> <span class='ocrx_word' id='word_1_522' title='bbox 1358 4719 1510 4800; x_wconf 83' lang='lat' dir='ltr'><strong>figuravit</strong></span> <span class='ocrx_word' id='word_1_523' title='bbox 1525 4719 1685 4802; x_wconf 88' lang='lat' dir='ltr'><strong>mysteria.</strong></span> <span class='ocrx_word' id='word_1_524' title='bbox 1698 4718 1786 4782; x_wconf 92' lang='lat' dir='ltr'><strong>Unde</strong></span> <span class='ocrx_word' id='word_1_525' title='bbox 1801 4709 1864 4782; x_wconf 84' lang='lat' dir='ltr'><strong>diei</strong></span> <span class='ocrx_word' id='word_1_526' title='bbox 1880 4719 1969 4794; x_wconf 90' lang='lat' dir='ltr'><strong>solet,</strong></span> 
     </span>
     <span class='ocr_line' id='line_1_44' title="bbox 428 4805 1972 4899; baseline 0.001 -22"><span class='ocrx_word' id='word_1_527' title='bbox 428 4835 495 4877; x_wconf 93' lang='lat' dir='ltr'><strong>rum</strong></span> <span class='ocrx_word' id='word_1_528' title='bbox 513 4817 661 4878; x_wconf 90' lang='lat' dir='ltr'><strong>nonnulli</strong></span> <span class='ocrx_word' id='word_1_529' title='bbox 672 4836 784 4879; x_wconf 89' lang='lat' dir='ltr'><strong>carnes</strong></span> <span class='ocrx_word' id='word_1_530' title='bbox 794 4805 980 4882; x_wconf 89' lang='lat' dir='ltr'><strong>animalium</strong></span> <span class='ocrx_word' id='word_1_531' title='bbox 992 4821 1169 4883; x_wconf 90' lang='lat' dir='ltr'><strong>occisorum</strong></span> <span class='ocrx_word' id='word_1_532' title='bbox 1225 4818 1311 4899; x_wconf 92' lang='lat' dir='ltr'><strong>quod</strong></span> <span class='ocrx_word' id='word_1_533' title='bbox 1336 4817 1495 4880; x_wconf 89' lang='lat' dir='ltr'><strong>sacrificia</strong></span> <span class='ocrx_word' id='word_1_534' title='bbox 1520 4817 1585 4895; x_wconf 87' lang='lat' dir='ltr'><strong>illa,</strong></span> <span class='ocrx_word' id='word_1_535' title='bbox 1612 4817 1775 4880; x_wconf 88' lang='lat' dir='ltr'><strong>meritoria</strong></span> <span class='ocrx_word' id='word_1_536' title='bbox 1799 4827 1829 4880; x_wconf 88' lang='lat' dir='ltr'><strong>et</strong></span> <span class='ocrx_word' id='word_1_537' title='bbox 1853 4817 1972 4899; x_wconf 87' lang='lat' dir='ltr'><strong>justifi-</strong></span> 
     </span>
     <span class='ocr_line' id='line_1_45' title="bbox 427 4913 1974 4999; baseline 0.001 -24"><span class='ocrx_word' id='word_1_538' title='bbox 427 4915 567 4994; x_wconf 83' lang='lat' dir='ltr'><strong>integras</strong></span> <span class='ocrx_word' id='word_1_539' title='bbox 582 4913 774 4978; x_wconf 87' lang='lat' dir='ltr'><strong>offerebant.</strong></span> <span class='ocrx_word' id='word_1_540' title='bbox 786 4920 1011 4996; x_wconf 74' lang='lat' dir='ltr'><strong>Etsalrjr&#39;cr&#39;eat</strong></span> <span class='ocrx_word' id='word_1_541' title='bbox 1022 4921 1058 4978; x_wconf 83' lang='lat' dir='ltr'><strong>r&#39;n</strong></span> <span class='ocrx_word' id='word_1_542' title='bbox 1068 4921 1171 4979; x_wconf 84' lang='lat' dir='ltr'><strong>attari</strong></span> <span class='ocrx_word' id='word_1_543' title='bbox 1226 4915 1331 4980; x_wconf 90' lang='lat' dir='ltr'><strong>cantia</strong></span> <span class='ocrx_word' id='word_1_544' title='bbox 1346 4926 1437 4979; x_wconf 90' lang='lat' dir='ltr'><strong>erant</strong></span> <span class='ocrx_word' id='word_1_545' title='bbox 1451 4935 1489 4979; x_wconf 87' lang='lat' dir='ltr'><strong>ex</strong></span> <span class='ocrx_word' id='word_1_546' title='bbox 1505 4927 1595 4999; x_wconf 90' lang='lat' dir='ltr'><strong>parte</strong></span> <span class='ocrx_word' id='word_1_547' title='bbox 1611 4916 1716 4998; x_wconf 93' lang='lat' dir='ltr'><strong>operis</strong></span> <span class='ocrx_word' id='word_1_548' title='bbox 1737 4916 1909 4998; x_wconf 92' lang='lat' dir='ltr'><strong>operantis,</strong></span> <span class='ocrx_word' id='word_1_549' title='bbox 1927 4917 1974 4979; x_wconf 91' lang='lat' dir='ltr'><strong>vi-</strong></span> 
     </span>
     <span class='ocr_line' id='line_1_46' title="bbox 428 5011 1973 5098; baseline 0.004 -27"><span class='ocrx_word' id='word_1_550' title='bbox 428 5015 546 5089; x_wconf 75' lang='lat' dir='ltr'><strong>ipncm.</strong></span> <span class='ocrx_word' id='word_1_551' title='bbox 557 5011 642 5074; x_wconf 88' lang='lat' dir='ltr'><strong>lnlra</strong></span> <span class='ocrx_word' id='word_1_552' title='bbox 658 5013 1078 5095; x_wconf 89' lang='lat' dir='ltr'><strong>habetur‚quemadmodum</strong></span> <span class='ocrx_word' id='word_1_553' title='bbox 1094 5025 1171 5080; x_wconf 90' lang='lat' dir='ltr'><strong>octa·</strong></span> <span class='ocrx_word' id='word_1_554' title='bbox 1227 5015 1343 5078; x_wconf 89' lang='lat' dir='ltr'><strong>delicet</strong></span> <span class='ocrx_word' id='word_1_555' title='bbox 1358 5013 1435 5078; x_wconf 90' lang='lat' dir='ltr'><strong>fidei</strong></span> <span class='ocrx_word' id='word_1_556' title='bbox 1451 5023 1483 5079; x_wconf 90' lang='lat' dir='ltr'><strong>et</strong></span> <span class='ocrx_word' id='word_1_557' title='bbox 1498 5015 1559 5098; x_wconf 72' lang='lat' dir='ltr'><strong>piar</strong></span> <span class='ocrx_word' id='word_1_558' title='bbox 1573 5013 1757 5078; x_wconf 88' lang='lat' dir='ltr'><strong>affectionis</strong></span> <span class='ocrx_word' id='word_1_559' title='bbox 1773 5023 1805 5077; x_wconf 89' lang='lat' dir='ltr'><strong>et</strong></span> <span class='ocrx_word' id='word_1_560' title='bbox 1818 5015 1973 5077; x_wconf 90' lang='lat' dir='ltr'><strong>obeditio-</strong></span> 
     </span>
     <span class='ocr_line' id='line_1_47' title="bbox 427 5110 1974 5195; baseline 0.003 -23"><span class='ocrx_word' id='word_1_561' title='bbox 427 5128 467 5172; x_wconf 87' lang='lat' dir='ltr'><strong>vo</strong></span> <span class='ocrx_word' id='word_1_562' title='bbox 489 5110 541 5172; x_wconf 91' lang='lat' dir='ltr'><strong>die</strong></span> <span class='ocrx_word' id='word_1_563' title='bbox 561 5128 626 5191; x_wconf 90' lang='lat' dir='ltr'><strong>quo</strong></span> <span class='ocrx_word' id='word_1_564' title='bbox 641 5110 744 5172; x_wconf 84' lang='lat' dir='ltr'><strong>Aaron</strong></span> <span class='ocrx_word' id='word_1_565' title='bbox 770 5121 801 5173; x_wconf 92' lang='lat' dir='ltr'><strong>et</strong></span> <span class='ocrx_word' id='word_1_566' title='bbox 823 5112 886 5174; x_wconf 90' lang='lat' dir='ltr'><strong>lilii</strong></span> <span class='ocrx_word' id='word_1_567' title='bbox 911 5113 980 5195; x_wconf 85' lang='lat' dir='ltr'><strong>ejus</strong></span> <span class='ocrx_word' id='word_1_568' title='bbox 1005 5123 1171 5195; x_wconf 86' lang='lat' dir='ltr'><strong>coeperunt</strong></span> <span class='ocrx_word' id='word_1_569' title='bbox 1228 5113 1364 5190; x_wconf 91' lang='lat' dir='ltr'><strong>nis,non</strong></span> <span class='ocrx_word' id='word_1_570' title='bbox 1381 5133 1419 5176; x_wconf 87' lang='lat' dir='ltr'><strong>ex</strong></span> <span class='ocrx_word' id='word_1_571' title='bbox 1434 5121 1523 5195; x_wconf 85' lang='lat' dir='ltr'><strong>parte</strong></span> <span class='ocrx_word' id='word_1_572' title='bbox 1538 5113 1643 5195; x_wconf 91' lang='lat' dir='ltr'><strong>operis</strong></span> <span class='ocrx_word' id='word_1_573' title='bbox 1659 5113 1791 5195; x_wconf 91' lang='lat' dir='ltr'><strong>operati.</strong></span> <span class='ocrx_word' id='word_1_574' title='bbox 1805 5111 1974 5194; x_wconf 85' lang='lat' dir='ltr'><strong>Hucusque</strong></span> 
     </span>
     <span class='ocr_line' id='line_1_48' title="bbox 427 5208 1973 5287; baseline 0.001 -17"><span class='ocrx_word' id='word_1_575' title='bbox 427 5226 520 5270; x_wconf 90' lang='lat' dir='ltr'><strong>suum</strong></span> <span class='ocrx_word' id='word_1_576' title='bbox 537 5227 682 5270; x_wconf 83' lang='lat' dir='ltr'><strong>exercere</strong></span> <span class='ocrx_word' id='word_1_577' title='bbox 697 5208 898 5287; x_wconf 75' lang='lat' dir='ltr'><strong>officiumet</strong></span> <span class='ocrx_word' id='word_1_578' title='bbox 913 5211 1031 5274; x_wconf 90' lang='lat' dir='ltr'><strong>hostias</strong></span> <span class='ocrx_word' id='word_1_579' title='bbox 1051 5211 1172 5275; x_wconf 79' lang='lat' dir='ltr'><strong>obtule</strong></span> <span class='ocrx_word' id='word_1_580' title='bbox 1228 5212 1473 5274; x_wconf 89' lang='lat' dir='ltr'><strong>determinatum</strong></span> <span class='ocrx_word' id='word_1_581' title='bbox 1497 5221 1545 5274; x_wconf 90' lang='lat' dir='ltr'><strong>est</strong></span> <span class='ocrx_word' id='word_1_582' title='bbox 1568 5212 1606 5273; x_wconf 91' lang='lat' dir='ltr'><strong>de</strong></span> <span class='ocrx_word' id='word_1_583' title='bbox 1629 5211 1813 5274; x_wconf 86' lang='lat' dir='ltr'><strong>holocausto</strong></span> <span class='ocrx_word' id='word_1_584' title='bbox 1836 5210 1918 5273; x_wconf 89' lang='lat' dir='ltr'><strong>lacto</strong></span> <span class='ocrx_word' id='word_1_585' title='bbox 1934 5231 1973 5272; x_wconf 83' lang='lat' dir='ltr'><strong>en</strong></span> 
     </span>
     <span class='ocr_line' id='line_1_49' title="bbox 279 5295 1876 5391; baseline -0.003 -19"><span class='ocrx_word' id='word_1_586' title='bbox 279 5328 412 5381; x_wconf 56' lang='lat' dir='ltr'><strong>toronen.</strong></span> <span class='ocrx_word' id='word_1_587' title='bbox 428 5316 513 5384; x_wconf 89' lang='lat' dir='ltr'><strong>rum,</strong></span> <span class='ocrx_word' id='word_1_588' title='bbox 530 5306 618 5370; x_wconf 91' lang='lat' dir='ltr'><strong>venit</strong></span> <span class='ocrx_word' id='word_1_589' title='bbox 633 5307 716 5388; x_wconf 92' lang='lat' dir='ltr'><strong>ignis</strong></span> <span class='ocrx_word' id='word_1_590' title='bbox 731 5309 771 5372; x_wconf 93' lang='lat' dir='ltr'><strong>de</strong></span> <span class='ocrx_word' id='word_1_591' title='bbox 781 5310 862 5374; x_wconf 88' lang='lat' dir='ltr'><strong>coelo</strong></span> <span class='ocrx_word' id='word_1_592' title='bbox 873 5310 928 5391; x_wconf 90' lang='lat' dir='ltr'><strong>qui</strong></span> <span class='ocrx_word' id='word_1_593' title='bbox 944 5310 1063 5375; x_wconf 91' lang='lat' dir='ltr'><strong>hostias</strong></span> <span class='ocrx_word' id='word_1_594' title='bbox 1079 5295 1172 5376; x_wconf 81' lang='lat' dir='ltr'><strong>devo</strong></span> <span class='ocrx_word' id='word_1_595' title='bbox 1228 5308 1403 5391; x_wconf 73' lang='lat' dir='ltr'><strong>maioribus</strong></span> <span class='ocrx_word' id='word_1_596' title='bbox 1418 5307 1622 5386; x_wconf 89' lang='lat' dir='ltr'><strong>animalibus,</strong></span> <span class='ocrx_word' id='word_1_597' title='bbox 1640 5316 1748 5389; x_wconf 89' lang='lat' dir='ltr'><strong>utpote</strong></span> <span class='ocrx_word' id='word_1_598' title='bbox 1763 5306 1876 5370; x_wconf 93' lang='lat' dir='ltr'><strong>bobus.</strong></span> 
     </span>
    </p>
   </div>
   <div class='ocr_carea' id='block_1_4' title="bbox 0 0 2169 6259">
    <p class='ocr_par' dir='ltr' id='par_1_4' title="bbox 0 0 2169 6259">
     <span class='ocr_line' id='line_1_50' title="bbox 0 0 2169 6259; baseline 0 0"><span class='ocrx_word' id='word_1_599' title='bbox 0 0 2169 6259; x_wconf 95' lang='lat' dir='ltr'><strong> </strong></span> 
     </span>
    </p>
   </div>
  </div>
 </body>
</html>
