4309 6259
447 482 507 546 tlt
795 491 967 541 1111111116
988 490 1018 537 rn
1040 489 1109 536 cae.
1132 485 1227 533 11111
1247 484 1444 533 menonem
1466 505 1507 515 -
1526 485 1599 533 aar.
1619 486 1656 533 11

448 690 506 734 166
532 678 681 733 maneant
709 668 791 729 sicut
818 686 837 728 a
863 663 998 727 Domino
1026 667 1117 737 erant
1144 657 1192 719 di·
1208 654 1354 720 litamen
1384 656 1434 720 lex
1458 658 1543 720 circa
1571 658 1631 721 hoc
1656 657 1797 723 debitam
1821 658 1982 733 cautelam,

449 769 583 832 sfinetae,
1249 756 1439 837 praecipiens
1452 766 1490 818 ut
1503 756 1654 819 mulieres
1669 758 1876 821 succedentes
1890 757 1922 818 in
1937 757 1985 819 he

487 868 664 945 Respondit
674 870 846 942 1161166661
861 862 999 923 Domino
1006 858 1194 936 6116611166-
1249 854 1382 917 reditate
1398 863 1541 936 paterna,
1558 855 1716 921 nuberent
1737 875 1804 918 sue
1818 854 1920 917 trihus
1934 855 1986 916 ho-

450 960 1069 1041 16611166161ν111161111611161166611
1089 961 1194 1016 1661116
1248 952 1400 1029 minibus,
1418 953 1457 1015 ad
1473 953 1533 1016 hoc
1549 954 1634 1033 quod
1654 962 1755 1017 sortes
1771 954 1911 1016 tribuum
1926 972 1985 1015 non

447 1076 492 1127 est
508 1086 519 1125 .·
535 1065 596 1128 hoc
611 1072 670 1140 ast,
686 1062 748 1125 viri
766 1060 818 1123 isti
835 1061 874 1123 (16
891 1058 976 1121 trihu
992 1056 1142 1119 illanassae
1158 1051 1196 1113 11-
1249 1050 1532 1115 contunderentur.
1549 1052 1620 1115 liae
1635 1052 1783 1116 Thomas.
1800 1051 1881 1115 ilinc
1895 1053 1985 1113 etiarn

450 1164 486 1227 lii
496 1164 611 1246 loseph
628 1162 704 1239 nati,
714 1160 873 1241 sapienter
888 1155 1098 1239 questionem
1113 1153 1196 1214 hanc
1249 1149 1362 1212 asserit
1372 1150 1578 1230 Augustinus,
1586 1152 1672 1232 quod
1686 1151 1837 1214 mulieres
1852 1170 1916 1215 non
1926 1170 1988 1213 suc-

449 1268 695 1345 proposuerunt,
712 1260 751 1323 ad
767 1257 953 1321 evitandum
969 1249 1196 1316 inconvenicn·
1250 1248 1398 1312 cedentes
1409 1249 1442 1310 in
1458 1249 1645 1328 hereditate,
1653 1258 1801 1333 poterant
1815 1250 1986 1314 successive

450 1360 495 1423 tia
507 1361 573 1443 jam
589 1366 748 1442 pratacta.
766 1359 809 1419 Et
824 1359 890 1417 hec
906 1359 970 1424 len,
987 1353 1048 1414 hoc
1070 1357 1119 1413 est
1132 1348 1196 1430 jus·
1251 1347 1373 1410 nubere
1387 1348 1510 1410 maritis
1525 1348 1667 1411 tribuum
1677 1349 1985 1431 diversarum‚quum

452 1459 510 1535 sio,
531 1479 627 1538 snper
650 1460 783 1535 filiabus
806 1454 990 1533 salphaad,
1012 1472 1031 1511 a
1057 1451 1197 1511 Domino
1251 1445 1481 1509 etinludicum
1497 1446 1749 1531 tihronscriptum
1765 1448 2102 1538 sit,qu0dpostnte.1,r.

449 1562 658 1636 promulgata
677 1566 734 1626 est,
756 1554 816 1617 hoc
837 1560 895 1629 est,
920 1549 1001 1613 mihi
1023 1568 1043 1611 a
1063 1548 1127 1610 Deo
1148 1553 1197 1609 661
1251 1543 1434 1607 Ahimelcch
1465 1545 1603 1608 surrexit
1625 1546 1689 1608 dux
1718 1546 1750 1608 in
1776 1547 1870 1609 israel
1895 1547 1985 1609 'l'hola

452 1656 590 1719 revelata
601 1674 657 1737 per
667 1653 827 1735 angelum,
837 1660 950 1714 uteam
962 1646 1113 1711 omnibus
1123 1664 1198 1727 pan·
1253 1642 1341 1705 iilius
1354 1643 1442 1706 Phua
1462 1644 1567 1725 patrui
1582 1645 1778 1723 ahimelech,
1794 1646 1844 1707 vir
1861 1646 1986 1710 (161661-

452 1756 537 1817 dam.
555 1756 689 1817 Nubant
708 1754 823 1833 quiens
846 1753 965 1820 volunt,
983 1756 1112 1808 tantum
1130 1764 1198 1804 suoe
1251 1741 1463 1823 maestoque
1475 1743 1562 1805 Phua
1577 1742 1640 1806 tuit
1654 1743 1751 1807 irater
1764 1744 1987 1827 Gedeonis,qui

453 1856 553 1914 tribas
569 1854 753 1913 hominibus
768 1871 780 1911 .·
802 1867 865 1912 161
883 1855 987 1910 tamen
1007 1842 1198 1906 indilieren-
1213 1838 1237 1901 B
1254 1840 1315 1903 luit
1330 1850 1419 1921 pater
1439 1842 1540 1924 ipsius
1555 1842 1750 1921 abimelech,
1766 1864 1868 1925 quum
1887 1853 1986 1907 tamen

451 1960 498 2015 ter
513 1950 769 2033 quibuscumque
783 1948 862 2012 viris
884 1947 923 2009 de
945 1943 1031 2006 trihu
1054 1961 1122 2017 sua,
1141 1940 1195 2003 sed
1250 1940 1377 2003 Gedeon
1399 1949 1483 2003 esset
1504 1942 1544 2004 de
1565 1942 1651 2003 trihu
1675 1942 1826 2005 llanasse.
1842 1944 1888 2005 hd
1908 1943 1988 2025 qaod

451 2049 508 2125 616,
524 2050 579 2131 qui
597 2048 771 2112 secundum
788 2046 890 2125 legem
906 2060 970 2105 non
987 2038 1196 2103 excludeban-
1250 2039 1446 2118 Augustinus
1467 2042 1647 2122 respondet,
1666 2042 1751 2122 quod
1772 2040 1859 2105 Phua
1880 2049 1911 2105 et
1932 2042 1988 2103 lie·

451 2154 503 2209 tur
512 2147 552 2209 ab
562 2165 671 2209 earum
682 2143 855 2219 connuhio,
866 2148 996 2224 propter
1007 2134 1196 2216 consangui·
1251 2137 1332 2200 deon
1349 2136 1479 2200 luerunt
1494 2138 1661 2202 iratresarr
1676 2148 1767 2222 parte
1781 2141 1905 2217 matris,
1920 2158 1987 2221 qun

452 2244 582 2308 uitatem
598 2244 649 2307 vel
669 2242 875 2306 allinitetem.
894 2239 1013 2302 Deinde
1027 2234 1196 2300 occasione
1252 2236 1431 2299 successive
1452 2238 1561 2319 nupsit
1580 2238 1721 2302 univiro
1741 2241 1781 2303 de
1795 2239 1944 2314 Manassc,
1960 2248 1990 2301 et

452 2363 544 2407 casus
569 2342 661 2405 istius
686 2344 779 2405 datur
804 2340 853 2403 lex
877 2336 1060 2419 generalis:
1082 2340 1197 2397 Omnes
1251 2334 1343 2397 alteri
1358 2335 1428 2398 viro
1447 2336 1487 2399 de
1502 2336 1643 2400 issachar
1659 2356 1667 2399 :
1684 2338 1771 2419 qued
1789 2347 1823 2402 61
1841 2338 1991 2421 exposite

451 2445 540 2503 enim
561 2443 628 2502 oiri
649 2444 767 2502 ducent
789 2458 905 2500 noceres
924 2440 964 2497 de
989 2436 1076 2495 tribu
1100 2442 1198 2493 6166
1253 2452 1303 2497 res
1318 2434 1531 2498 communiter
1545 2436 1734 2518 approbant.
1809 2476 1813 2488 ·

449 2542 605 2617 pontione
628 2560 688 2601 sna
710 2558 721 2599 .·
744 2555 808 2600 non
838 2535 931 2618 quod.
952 2552 1064 2609 omnes
1094 2548 1198 2592 mares
1293 2531 1353 2594 Sed
1377 2532 1508 2599 obviare
1533 2534 1658 2597 uidetur
1681 2536 1854 2598 auctoritas
1884 2536 1991 2598 littere

452 2645 543 2701 erant
553 2637 684 2719 obligati
696 2634 884 2717 simpliciter
894 2634 934 2696 ad
944 2630 1198 2697 contrahendum
1253 2630 1361 2711 hujus.
1385 2631 1462 2693 Nam
1486 2634 1657 2713 sequitur:
1679 2655 1737 2695 nec
1757 2636 1821 2695 sihi
1841 2638 1993 2696 miscean-

450 2736 648 2819 coujugium,
666 2753 766 2817 quum
790 2753 848 2797 nec
864 2732 950 2796 Elias
971 2749 1029 2793 noc
1045 2726 1198 2792 Ieremias
1254 2742 1308 2792 tur
1324 2733 1436 2803 tribes,
1452 2735 1507 2793 seri
1522 2734 1570 2794 ite
1585 2743 1751 2802 maneam,
1767 2743 1804 2794 nt
1819 2754 1840 2794 a
1855 2735 1991 2795 Domino

453 2834 512 2897 hoc
541 2834 709 2907 iecerunt3
736 2832 791 2895 sed
821 2850 933 2895 omnes
958 2824 1197 2892 matrimonium
1251 2840 1408 2907 separate
1430 2841 1518 2892 aunt.
1536 2830 1678 2913 lienique
1700 2832 1835 2893 maritus
1860 2841 1893 2895 et
1916 2851 1991 2895 uxor

452 2932 660 3009 contracturi,
687 2931 876 2994 contrahant
904 2948 978 2992 curn
1008 2922 1197 2989 mulieribus
1253 2928 1441 2992 correlativa
1470 2937 1555 3005 sunt,
1581 2937 1614 2993 et
1642 2930 1701 2992 rite
1730 2931 1941 3005 concluditur,
1966 2930 1991 2991 61

453 3051 518 3095 sue
535 3031 652 3105 tribus;
668 3040 698 3091 et
714 3038 837 3090 cuncte
852 3030 984 3108 semine
998 3022 1234 3096 maritande,(l
1255 3026 1375 3090 femina
1400 3027 1499 3090 nubat
1523 3027 1591 3091 viro
1615 3027 1746 3090 alterius
1772 3028 1885 3107 tribus,
1909 3028 1993 3110 quod

451 3132 616 3191 (1666116111
633 3128 857 3208 mendaque
874 3126 950 3208 ipse
967 3132 1051 3200 sunt,
1064 3124 1197 3183 maritos
1252 3127 1348 3188 etiam
1363 3124 1413 3188 vir
1428 3127 1594 3189 contrahat
1615 3145 1687 3189 cum
1710 3126 1845 3191 muliere
1866 3127 1993 3191 alterins

450 3230 623 3306 accipient,
642 3236 678 3287 nt
698 3228 859 3287 hereditas
881 3232 1071 3301 permaneat
1091 3223 1128 3281 in
1148 3221 1198 3296 fa·
1253 3222 1992 3307 111111161116116661161611111116111(1116161161οά

451 3324 632 3397 michehae
648 3322 864 3405 est,quaelihet
880 3320 1002 3384 familia
1017 3326 1134 3395 teneat,
1143 3325 1198 3379 aut
1252 3320 1340 3383 nulia
1355 3320 1471 3384 mulier
1486 3324 1661 3385 secundum
1676 3324 1780 3403 legem
1795 3332 1919 3406 poterat
1933 3343 1992 3385 nu·

452 3424 564 3488 saltem
580 3423 614 3485 in
628 3422 758 3504 jubileo
774 3420 908 3503 recipiat
923 3418 1130 3482 hereditatem
1146 3436 1196 3498 pa·
1252 3419 1327 3483 bere
1342 3420 1411 3483 viro
1432 3420 1565 3483 alterius
1587 3421 1700 3499 trihus,
1718 3440 1776 3485 nec
1791 3439 1992 3486 econverso:

452 3532 538 3586 trum
554 3539 778 3602 suorumque
793 3519 822 3582 61
838 3519 1012 3583 secundum
1029 3518 1130 3596 legem
1146 3516 1197 3578 de
1250 3536 1331 3599 quos
1360 3518 1505 3599 sequitur
1534 3519 1615 3601 Lyra
1642 3520 1703 3583 hoc
1733 3521 1820 3597 loeo,
1847 3520 1992 3601 quamvis

453 3622 556 3685 betur,
627 3670 630 3675 i
1252 3635 1348 3699 super
1369 3617 1516 3680 iudicum
1542 3618 1624 3682 libro
1647 3619 1740 3682 aliter
1758 3619 1855 3682 dicat.
1879 3620 1994 3701 Nempe

492 3720 538 3782 Ex
554 3720 613 3782 hoe
624 3717 873 3781 verbodoetores
884 3715 1027 3792 eliciunt,
1038 3714 1122 3777 istud
1133 3731 1198 3775 non
1252 3715 1304 3779 hic
1329 3716 1441 3779 scribit
1466 3734 1473 3778 :
1501 3716 1568 3780 Non
1593 3726 1741 3800 poterant
1764 3717 1825 3781 viri
1850 3720 1992 3800 accipere

453 3837 522 3883 esse
538 3816 781 3897 intelligendum
801 3816 840 3878 (16
862 3814 1051 3877 mulieribus
1066 3813 1198 3895 quihus·
1253 3815 1413 3892 mulieres,
1436 3815 1533 3879 etiam
1558 3817 1765 3880 hereditatem
1788 3817 1995 3880 uon-hahen-

453 3934 600 3997 cumque,
618 3915 673 3977 sed
690 3915 729 3977 de
744 3914 805 3992 his,
824 3912 990 3996 inquibus
1012 3912 1119 3976 locum
1143 3912 1198 3973 ha·
1255 3921 1312 3989 tes,
1329 3914 1368 3975 de
1382 3914 1444 3977 alia
1466 3914 1572 3988 trihu;
1590 3934 1650 3978 neo
1665 3934 1722 3997 per
1742 3934 1942 3997 consequeus
1962 3915 1996 3977 il·

453 4016 524 4079 huit
544 4014 624 4077 ratio
646 4014 743 4095 hujus
765 4012 987 4089 institutionis,
1004 4011 1065 4075 hoc
1088 4019 1137 4074 est
1157 4011 1198 4073 de
1255 4011 1302 4087 lae,
1316 4012 1465 4076 videlicet
1479 4012 1641 4090 mulieres,
1650 4021 1796 4096 poterant
1810 4014 1996 4078 contrahere

453 4113 582 4177 leminis
603 4112 636 4173 in
653 4111 826 4175 hereditate
842 4120 974 4193 paterna
997 4110 1196 4174 succedenti·
1253 4129 1326 4174 cum
1336 4110 1414 4172 viris
1428 4110 1562 4173 alterius
1577 4111 1851 4194 trihus‚quoniam
1861 4122 1903 4175 ‘ex
1916 4120 1997 4174 utra·

451 4211 523 4286 hus,
545 4229 582 4273 61
597 4228 731 4291 quarum
754 4208 915 4273 connuhio
930 4228 1004 4272 cum
1019 4209 1099 4272 viris
1120 4208 1198 4270 alia·
1212 4210 1237 4271 1)
1252 4228 1316 4291 que
1335 4218 1424 4291 parte
1445 4211 1556 4275 eadem
1579 4210 1659 4274 ratio
1680 4211 1871 4292 assignatur,
1889 4220 1995 4294 utpote

453 4327 523 4369 rum
539 4308 681 4370 tribuum
696 4307 787 4384 inito,
801 4307 891 4389 sequi
907 4315 1031 4390 poterat
1046 4307 1198 4369 heredita·
1252 4307 1466 4389 impermixtio
1482 4308 1635 4371 tribuum.
1647 4309 1870 4391 Dispensatum
1889 4319 1993 4373 tamen

452 4416 519 4469 tum
529 4407 569 4469 ad
578 4406 674 4468 aliam
686 4405 805 4467 tribum
817 4404 990 4483 translatio,
998 4406 1197 4486 sortiumque
1253 4406 1324 4483 luit,
1337 4408 1423 4489 quod
1445 4406 1548 4469 trihus
1570 4407 1656 4487 regia
1671 4415 1702 4470 61
1724 4407 1929 4472 sacerdotalis
1944 4426 1996 4490 po

452 4503 608 4569 conlusio.
634 4503 722 4567 Unde
747 4512 779 4567 61
804 4504 940 4567 Thomas
965 4505 1010 4566 ait
1035 4504 1067 4565 in
1093 4504 1198 4587 prima
1253 4513 1356 4567 terant
1369 4504 1573 4569 matrimonio
1588 4504 1712 4583 sociari,
1731 4514 1861 4588 propter
1876 4506 1993 4569 utrius-

453 4603 610 4680 secundae,
628 4602 802 4684 questione
818 4602 896 4665 too:
914 4603 976 4666 Lex
994 4622 1057 4665 non
1073 4602 1195 4678 statuit,
1253 4621 1316 4683 que
1345 4603 1447 4665 trihus
1471 4603 1670 4667 nobilitatem
1687 4628 1695 4679 ;
1721 4612 1753 4666 61
1781 4604 1870 4682 item,
1897 4612 1932 4667 ut
1957 4624 1994 4668 61

453 4702 538 4784 quod
564 4702 714 4765 mulieres
738 4702 944 4765 succederent
968 4701 1120 4764 inbonis
1144 4720 1198 4782 pa·
1253 4709 1363 4763 mutua
1379 4700 1594 4765 familiaritate
1610 4720 1699 4784 reges
1719 4710 1904 4766 tenerentur
1923 4701 1996 4765 iaci-

454 4802 564 4878 ternis,
582 4802 644 4863 nisi
666 4800 700 4862 in
722 4800 848 4863 deiectu
863 4799 1014 4863 illiorum
1041 4800 1197 4862 masculo
1254 4799 1317 4861 lius
1332 4800 1363 4862 in
1380 4800 1992 4882 6111106166161666116166ς6111116116,

454 4918 536 4961 rum.
559 4900 647 4961 'lunc
669 4917 807 4980 namque
833 4898 1047 4961 necessarium
1074 4897 1196 4961 eratin
1255 4906 1289 4960 ut
1309 4918 1366 4981 per
1391 4899 1474 4979 regis
1498 4908 1530 4960 61
1554 4900 1753 4962 sacerdotum
1778 4900 1991 4976 concordiam,

453 4996 508 5058 tali
521 5016 607 5073 casu,
625 5004 661 5057 ut
676 4996 834 5059 successio
847 4996 1031 5059 hereditatis
1047 4997 1199 5059 concede·
1252 4998 1433 5060 communis
1448 5016 1509 5079 pax
1524 4997 1624 5077 magis
1639 5006 1880 5061 conservaretur
1894 4999 1928 5061 in
1944 5018 1995 5080 po

452 5104 539 5157 retur
553 5093 741 5157 mulieribus
764 5094 796 5155 in
811 5094 1062 5158 consolationem
1079 5094 1193 5176 patris,
1253 5095 1340 5177 pulo.
1357 5096 1428 5159 llaec
1442 5096 1533 5177 Lyra.

450 5193 502 5255 cui
519 5193 610 5255 valde
630 5210 726 5273 grave
749 5191 873 5269 luisset,
892 5194 919 5255 si
941 5194 1011 5275 ojus
1034 5193 1195 5256 hereditas
1293 5193 1354 5256 Sed
1377 5194 1477 5256 liahhi
1502 5194 1617 5257 Paulus
1641 5195 1691 5258 his
1716 5193 1905 5259 contradicit
1928 5214 1936 5257 :
1962 5196 1994 5257 ln

451 5292 617 5355 transisset
637 5291 676 5353 ad
698 5291 830 5355 omnino
850 5300 1026 5355 extraneos.
1043 5292 1197 5355 Adhibuit
1252 5292 1323 5370 hoc,
1349 5292 1510 5375 inquiens,
1536 5303 1694 5376 praecepto
1723 5293 1859 5357 multum
1888 5294 1993 5357 deviat
