<?xml version="1.0" encoding="UTF-8"?>
<!DOCTYPE html PUBLIC "-//W3C//DTD XHTML 1.0 Transitional//EN"
    "http://www.w3.org/TR/xhtml1/DTD/xhtml1-transitional.dtd">
<html xmlns="http://www.w3.org/1999/xhtml" xml:lang="en" lang="en">
 <head>
  <title>
</title>
<meta http-equiv="Content-Type" content="text/html;charset=utf-8" />
  <meta name='ocr-system' content='tesseract 3.04.00' />
  <meta name='ocr-capabilities' content='ocr_page ocr_carea ocr_par ocr_line ocrx_word'/>
</head>
<body>
  <div class='ocr_page' id='page_1' title='image "./doctorisecstati00unkngoog_0707.png"; bbox 0 0 4309 6259; ppageno 0'>
   <div class='ocr_carea' id='block_1_1' title="bbox 511 538 1441 594">
    <p class='ocr_par' dir='ltr' id='par_1_1' title="bbox 511 538 1441 594">
     <span class='ocr_line' id='line_1_1' title="bbox 511 538 1441 594; baseline 0 -8"><span class='ocrx_word' id='word_1_1' title='bbox 511 539 685 588; x_wconf 66' lang='lat' dir='ltr'>monuerit)</span> <span class='ocrx_word' id='word_1_2' title='bbox 707 538 738 587; x_wconf 74' lang='lat' dir='ltr'>lu</span> <span class='ocrx_word' id='word_1_3' title='bbox 759 543 827 588; x_wconf 76' lang='lat' dir='ltr'>CAl’.</span> <span class='ocrx_word' id='word_1_4' title='bbox 850 542 924 594; x_wconf 69' lang='grc' dir='ltr'>ΠΝ</span> <span class='ocrx_word' id='word_1_5' title='bbox 945 541 1179 590; x_wconf 70' lang='lat' dir='ltr'>nubumouollu.</span> <span class='ocrx_word' id='word_1_6' title='bbox 1201 563 1241 572; x_wconf 91' lang='lat'><em>-</em></span> <span class='ocrx_word' id='word_1_7' title='bbox 1262 543 1333 588; x_wconf 72' lang='lat' dir='ltr'>aar.</span> <span class='ocrx_word' id='word_1_8' title='bbox 1355 542 1441 589; x_wconf 78' lang='lat' dir='ltr'>nvn</span> 
     </span>
    </p>
   </div>
   <div class='ocr_carea' id='block_1_2' title="bbox 1686 521 1746 584">
    <p class='ocr_par' dir='ltr' id='par_1_2' title="bbox 1686 521 1746 584">
     <span class='ocr_line' id='line_1_2' title="bbox 1686 521 1746 584; baseline 0 0"><span class='ocrx_word' id='word_1_9' title='bbox 1686 521 1746 584; x_wconf 79' lang='lat' dir='ltr'>otu</span> 
     </span>
    </p>
   </div>
   <div class='ocr_carea' id='block_1_3' title="bbox 199 709 1748 796">
    <p class='ocr_par' dir='ltr' id='par_1_3' title="bbox 199 709 1748 796">
     <span class='ocr_line' id='line_1_3' title="bbox 199 709 1748 796; baseline 0.005 -26"><span class='ocrx_word' id='word_1_10' title='bbox 199 727 328 790; x_wconf 81' lang='lat' dir='ltr'>gressor</span> <span class='ocrx_word' id='word_1_11' title='bbox 344 709 440 792; x_wconf 89' lang='lat' dir='ltr'>hujus</span> <span class='ocrx_word' id='word_1_12' title='bbox 463 731 519 774; x_wconf 91' lang='lat' dir='ltr'>seu</span> <span class='ocrx_word' id='word_1_13' title='bbox 538 711 675 795; x_wconf 89' lang='lat' dir='ltr'>alicujus</span> <span class='ocrx_word' id='word_1_14' title='bbox 695 713 846 796; x_wconf 80' lang='lat' dir='ltr'>praecepti</span> <span class='ocrx_word' id='word_1_15' title='bbox 869 717 988 778; x_wconf 76' lang='lat' dir='ltr'>velen</span> <span class='ocrx_word' id='word_1_16' title='bbox 1006 731 1069 777; x_wconf 93' lang='lat' dir='ltr'>nou</span> <span class='ocrx_word' id='word_1_17' title='bbox 1094 713 1219 776; x_wconf 89' lang='lat' dir='ltr'>babeat.</span> <span class='ocrx_word' id='word_1_18' title='bbox 1241 714 1465 776; x_wconf 79' lang='lat' dir='ltr'><strong>Verumtamen</strong></span> <span class='ocrx_word' id='word_1_19' title='bbox 1489 714 1635 796; x_wconf 90' lang='lat' dir='ltr'>quamvis</span> <span class='ocrx_word' id='word_1_20' title='bbox 1653 734 1748 778; x_wconf 78' lang='lat' dir='ltr'>vene</span> 
     </span>
    </p>
   </div>
   <div class='ocr_carea' id='block_1_4' title="bbox 196 807 951 1880">
    <p class='ocr_par' dir='ltr' id='par_1_4' title="bbox 196 807 951 1880">
     <span class='ocr_line' id='line_1_4' title="bbox 200 807 949 895; baseline 0.012 -28"><span class='ocrx_word' id='word_1_21' title='bbox 200 807 244 869; x_wconf 90' lang='lat' dir='ltr'>ris</span> <span class='ocrx_word' id='word_1_22' title='bbox 261 809 467 885; x_wconf 78' lang='lat' dir='ltr'>Testamenti,</span> <span class='ocrx_word' id='word_1_23' title='bbox 493 812 548 873; x_wconf 91' lang='lat' dir='ltr'>sed</span> <span class='ocrx_word' id='word_1_24' title='bbox 574 811 660 875; x_wconf 84' lang='lat' dir='ltr'>novi.</span> <span class='ocrx_word' id='word_1_25' title='bbox 678 813 760 890; x_wconf 81' lang='lat' dir='ltr'>llaee,</span> <span class='ocrx_word' id='word_1_26' title='bbox 784 813 949 895; x_wconf 89' lang='lat' dir='ltr'>multaque</span> 
     </span>
     <span class='ocr_line' id='line_1_5' title="bbox 199 906 925 977; baseline 0.011 -9"><span class='ocrx_word' id='word_1_27' title='bbox 199 906 263 969; x_wconf 91' lang='lat' dir='ltr'>alia</span> <span class='ocrx_word' id='word_1_28' title='bbox 278 908 393 970; x_wconf 79' lang='lat' dir='ltr'><strong>scribit</strong></span> <span class='ocrx_word' id='word_1_29' title='bbox 408 909 508 971; x_wconf 87' lang='lat' dir='ltr'>Rabbi</span> <span class='ocrx_word' id='word_1_30' title='bbox 524 910 637 973; x_wconf 91' lang='lat' dir='ltr'>Paulus</span> <span class='ocrx_word' id='word_1_31' title='bbox 653 912 693 975; x_wconf 93' lang='lat' dir='ltr'>de</span> <span class='ocrx_word' id='word_1_32' title='bbox 709 912 770 975; x_wconf 91' lang='lat' dir='ltr'>ista</span> <span class='ocrx_word' id='word_1_33' title='bbox 783 913 925 977; x_wconf 87' lang='lat' dir='ltr'>materia.</span> 
     </span>
     <span class='ocr_line' id='line_1_6' title="bbox 240 1006 950 1094; baseline 0.01 -25"><span class='ocrx_word' id='word_1_34' title='bbox 240 1006 395 1081; x_wconf 77' lang='lat' dir='ltr'>Quocirca</span> <span class='ocrx_word' id='word_1_35' title='bbox 410 1009 482 1072; x_wconf 91' lang='lat' dir='ltr'>dico</span> <span class='ocrx_word' id='word_1_36' title='bbox 497 1029 569 1072; x_wconf 91' lang='lat' dir='ltr'>eum</span> <span class='ocrx_word' id='word_1_37' title='bbox 582 1011 612 1074; x_wconf 90' lang='lat' dir='ltr'>S.</span> <span class='ocrx_word' id='word_1_38' title='bbox 625 1011 755 1090; x_wconf 85' lang='lat' dir='ltr'>Thema,</span> <span class='ocrx_word' id='word_1_39' title='bbox 767 1015 852 1094; x_wconf 91' lang='lat' dir='ltr'>quod</span> <span class='ocrx_word' id='word_1_40' title='bbox 868 1023 950 1076; x_wconf 90' lang='lat' dir='ltr'>utra-</span> 
     </span>
     <span class='ocr_line' id='line_1_7' title="bbox 199 1108 951 1195; baseline 0.011 -28"><span class='ocrx_word' id='word_1_41' title='bbox 199 1125 263 1187; x_wconf 91' lang='lat' dir='ltr'>que</span> <span class='ocrx_word' id='word_1_42' title='bbox 285 1126 360 1188; x_wconf 91' lang='lat' dir='ltr'>pars</span> <span class='ocrx_word' id='word_1_43' title='bbox 381 1108 567 1189; x_wconf 71' lang='lat' dir='ltr'>questionis</span> <span class='ocrx_word' id='word_1_44' title='bbox 591 1111 683 1174; x_wconf 90' lang='lat' dir='ltr'>istius</span> <span class='ocrx_word' id='word_1_45' title='bbox 704 1112 780 1174; x_wconf 94' lang='lat' dir='ltr'>satis</span> <span class='ocrx_word' id='word_1_46' title='bbox 805 1112 951 1195; x_wconf 91' lang='lat' dir='ltr'>probabi·</span> 
     </span>
     <span class='ocr_line' id='line_1_8' title="bbox 199 1205 950 1294; baseline 0.012 -28"><span class='ocrx_word' id='word_1_47' title='bbox 199 1205 275 1268; x_wconf 91' lang='lat' dir='ltr'>liter</span> <span class='ocrx_word' id='word_1_48' title='bbox 291 1215 396 1287; x_wconf 92' lang='lat' dir='ltr'>potest</span> <span class='ocrx_word' id='word_1_49' title='bbox 411 1208 532 1283; x_wconf 83' lang='lat' dir='ltr'>teneri3</span> <span class='ocrx_word' id='word_1_50' title='bbox 551 1218 582 1271; x_wconf 90' lang='lat' dir='ltr'>et</span> <span class='ocrx_word' id='word_1_51' title='bbox 604 1229 724 1289; x_wconf 90' lang='lat' dir='ltr'>rursus,</span> <span class='ocrx_word' id='word_1_52' title='bbox 742 1212 827 1293; x_wconf 92' lang='lat' dir='ltr'>quod</span> <span class='ocrx_word' id='word_1_53' title='bbox 848 1213 950 1294; x_wconf 94' lang='lat' dir='ltr'>prima</span> 
     </span>
     <span class='ocr_line' id='line_1_9' title="bbox 199 1303 951 1391; baseline 0.009 -25"><span class='ocrx_word' id='word_1_54' title='bbox 199 1303 318 1385; x_wconf 88' lang='lat' dir='ltr'>positio</span> <span class='ocrx_word' id='word_1_55' title='bbox 348 1314 474 1369; x_wconf 90' lang='lat' dir='ltr'>tenetur</span> <span class='ocrx_word' id='word_1_56' title='bbox 496 1309 709 1387; x_wconf 91' lang='lat' dir='ltr'>communius,</span> <span class='ocrx_word' id='word_1_57' title='bbox 735 1311 881 1391; x_wconf 90' lang='lat' dir='ltr'>quamvis</span> <span class='ocrx_word' id='word_1_58' title='bbox 903 1330 951 1373; x_wconf 88' lang='lat' dir='ltr'>se-</span> 
     </span>
     <span class='ocr_line' id='line_1_10' title="bbox 198 1404 949 1491; baseline 0.008 -25"><span class='ocrx_word' id='word_1_59' title='bbox 198 1404 305 1466; x_wconf 87' lang='lat' dir='ltr'>cunda</span> <span class='ocrx_word' id='word_1_60' title='bbox 321 1404 363 1466; x_wconf 92' lang='lat' dir='ltr'>sit</span> <span class='ocrx_word' id='word_1_61' title='bbox 374 1405 511 1467; x_wconf 91' lang='lat' dir='ltr'>multum</span> <span class='ocrx_word' id='word_1_62' title='bbox 523 1407 708 1489; x_wconf 92' lang='lat' dir='ltr'>probabilis.</span> <span class='ocrx_word' id='word_1_63' title='bbox 721 1408 781 1472; x_wconf 85' lang='lat' dir='ltr'>Sed</span> <span class='ocrx_word' id='word_1_64' title='bbox 792 1409 949 1491; x_wconf 86' lang='lat' dir='ltr'>quidquid</span> 
     </span>
     <span class='ocr_line' id='line_1_11' title="bbox 198 1501 949 1585; baseline 0.013 -23"><span class='ocrx_word' id='word_1_65' title='bbox 198 1501 315 1564; x_wconf 92' lang='lat' dir='ltr'>horum</span> <span class='ocrx_word' id='word_1_66' title='bbox 347 1503 419 1584; x_wconf 91' lang='lat' dir='ltr'>quis</span> <span class='ocrx_word' id='word_1_67' title='bbox 445 1504 555 1585; x_wconf 88' lang='lat' dir='ltr'>eligat,</span> <span class='ocrx_word' id='word_1_68' title='bbox 583 1507 682 1569; x_wconf 88' lang='lat' dir='ltr'>multa</span> <span class='ocrx_word' id='word_1_69' title='bbox 708 1507 741 1569; x_wconf 96' lang='lat' dir='ltr'>in</span> <span class='ocrx_word' id='word_1_70' title='bbox 767 1508 817 1570; x_wconf 91' lang='lat' dir='ltr'>his</span> <span class='ocrx_word' id='word_1_71' title='bbox 842 1509 949 1572; x_wconf 90' lang='lat' dir='ltr'>verbis</span> 
     </span>
     <span class='ocr_line' id='line_1_12' title="bbox 197 1601 948 1688; baseline 0.009 -26"><span class='ocrx_word' id='word_1_72' title='bbox 197 1601 300 1664; x_wconf 84' lang='lat' dir='ltr'>Rabbi</span> <span class='ocrx_word' id='word_1_73' title='bbox 317 1603 404 1664; x_wconf 90' lang='lat' dir='ltr'>Pauli</span> <span class='ocrx_word' id='word_1_74' title='bbox 427 1613 577 1668; x_wconf 90' lang='lat' dir='ltr'>contenta</span> <span class='ocrx_word' id='word_1_75' title='bbox 593 1616 677 1684; x_wconf 89' lang='lat' dir='ltr'>sunt,</span> <span class='ocrx_word' id='word_1_76' title='bbox 700 1627 771 1688; x_wconf 82' lang='lat' dir='ltr'>quae</span> <span class='ocrx_word' id='word_1_77' title='bbox 787 1615 869 1670; x_wconf 85' lang='lat' dir='ltr'>stare</span> <span class='ocrx_word' id='word_1_78' title='bbox 884 1627 948 1671; x_wconf 92' lang='lat' dir='ltr'>non</span> 
     </span>
     <span class='ocr_line' id='line_1_13' title="bbox 198 1701 947 1788; baseline 0.011 -28"><span class='ocrx_word' id='word_1_79' title='bbox 198 1708 345 1780; x_wconf 83' lang='lat' dir='ltr'>possunt.</span> <span class='ocrx_word' id='word_1_80' title='bbox 363 1701 401 1762; x_wconf 87' lang='lat' dir='ltr'>Et</span> <span class='ocrx_word' id='word_1_81' title='bbox 417 1701 520 1783; x_wconf 91' lang='lat' dir='ltr'>primo</span> <span class='ocrx_word' id='word_1_82' title='bbox 536 1704 628 1766; x_wconf 84' lang='lat' dir='ltr'>valde</span> <span class='ocrx_word' id='word_1_83' title='bbox 643 1705 769 1767; x_wconf 87' lang='lat' dir='ltr'>incaute</span> <span class='ocrx_word' id='word_1_84' title='bbox 789 1705 947 1788; x_wconf 90' lang='lat' dir='ltr'>prolatum</span> 
     </span>
     <span class='ocr_line' id='line_1_14' title="bbox 196 1799 949 1880; baseline 0.011 -22"><span class='ocrx_word' id='word_1_85' title='bbox 196 1807 257 1872; x_wconf 85' lang='lat' dir='ltr'>est,</span> <span class='ocrx_word' id='word_1_86' title='bbox 275 1800 361 1880; x_wconf 91' lang='lat' dir='ltr'>quod</span> <span class='ocrx_word' id='word_1_87' title='bbox 377 1799 433 1878; x_wconf 91' lang='lat' dir='ltr'>ait,</span> <span class='ocrx_word' id='word_1_88' title='bbox 446 1819 483 1862; x_wconf 84' lang='lat' dir='ltr'>ex</span> <span class='ocrx_word' id='word_1_89' title='bbox 498 1801 548 1862; x_wconf 92' lang='lat' dir='ltr'>his</span> <span class='ocrx_word' id='word_1_90' title='bbox 564 1801 670 1865; x_wconf 88' lang='lat' dir='ltr'>verbis</span> <span class='ocrx_word' id='word_1_91' title='bbox 686 1803 866 1880; x_wconf 87' lang='lat' dir='ltr'>Salvatoris‚</span> <span class='ocrx_word' id='word_1_92' title='bbox 879 1803 949 1878; x_wconf 84' lang='lat' dir='ltr'>Oui-</span> 
     </span>
    </p>
   </div>
   <div class='ocr_carea' id='block_1_5' title="bbox 1003 811 1755 1875">
    <p class='ocr_par' dir='ltr' id='par_1_5' title="bbox 1003 811 1755 1875">
     <span class='ocr_line' id='line_1_15' title="bbox 1006 811 1751 890; baseline 0.001 -16"><span class='ocrx_word' id='word_1_93' title='bbox 1006 812 1116 876; x_wconf 87' lang='lat' dir='ltr'>rabilis</span> <span class='ocrx_word' id='word_1_94' title='bbox 1141 812 1190 875; x_wconf 87' lang='lat' dir='ltr'>vir</span> <span class='ocrx_word' id='word_1_95' title='bbox 1210 811 1309 875; x_wconf 86' lang='lat' dir='ltr'>Rabbi</span> <span class='ocrx_word' id='word_1_96' title='bbox 1325 813 1450 890; x_wconf 91' lang='lat' dir='ltr'>Paulus,</span> <span class='ocrx_word' id='word_1_97' title='bbox 1470 814 1514 876; x_wconf 90' lang='lat' dir='ltr'>ita</span> <span class='ocrx_word' id='word_1_98' title='bbox 1532 815 1593 878; x_wconf 91' lang='lat' dir='ltr'>boc</span> <span class='ocrx_word' id='word_1_99' title='bbox 1613 814 1683 878; x_wconf 91' lang='lat' dir='ltr'>loco</span> <span class='ocrx_word' id='word_1_100' title='bbox 1702 833 1751 876; x_wconf 93' lang='lat' dir='ltr'>er-</span> 
     </span>
     <span class='ocr_line' id='line_1_16' title="bbox 1007 911 1752 993; baseline 0.003 -21"><span class='ocrx_word' id='word_1_101' title='bbox 1007 930 1093 974; x_wconf 90' lang='lat' dir='ltr'>rasse</span> <span class='ocrx_word' id='word_1_102' title='bbox 1107 911 1270 993; x_wconf 77' lang='lat' dir='ltr'>probetur,</span> <span class='ocrx_word' id='word_1_103' title='bbox 1289 930 1353 974; x_wconf 93' lang='lat' dir='ltr'>non</span> <span class='ocrx_word' id='word_1_104' title='bbox 1376 920 1481 975; x_wconf 91' lang='lat' dir='ltr'>tamen</span> <span class='ocrx_word' id='word_1_105' title='bbox 1503 933 1541 975; x_wconf 87' lang='lat' dir='ltr'>ex</span> <span class='ocrx_word' id='word_1_106' title='bbox 1561 913 1682 975; x_wconf 91' lang='lat' dir='ltr'>malitia</span> <span class='ocrx_word' id='word_1_107' title='bbox 1695 921 1752 976; x_wconf 89' lang='lat' dir='ltr'>aut</span> 
     </span>
     <span class='ocr_line' id='line_1_17' title="bbox 1007 1009 1751 1092; baseline 0 -20"><span class='ocrx_word' id='word_1_108' title='bbox 1007 1009 1192 1092; x_wconf 73' lang='lat' dir='ltr'>pertinacia,</span> <span class='ocrx_word' id='word_1_109' title='bbox 1210 1029 1314 1091; x_wconf 91' lang='lat' dir='ltr'>neque</span> <span class='ocrx_word' id='word_1_110' title='bbox 1335 1009 1512 1073; x_wconf 90' lang='lat' dir='ltr'>intentione</span> <span class='ocrx_word' id='word_1_111' title='bbox 1532 1011 1751 1075; x_wconf 89' lang='lat' dir='ltr'>contradicen-</span> 
     </span>
     <span class='ocr_line' id='line_1_18' title="bbox 1007 1108 1752 1185; baseline 0.004 -15"><span class='ocrx_word' id='word_1_112' title='bbox 1007 1108 1039 1170; x_wconf 98' lang='lat' dir='ltr'>di</span> <span class='ocrx_word' id='word_1_113' title='bbox 1055 1108 1204 1171; x_wconf 70' lang='lat' dir='ltr'>Ecclesiae</span> <span class='ocrx_word' id='word_1_114' title='bbox 1219 1108 1357 1171; x_wconf 80' lang='lat' dir='ltr'>arbitror</span> <span class='ocrx_word' id='word_1_115' title='bbox 1372 1129 1445 1172; x_wconf 93' lang='lat' dir='ltr'>eum</span> <span class='ocrx_word' id='word_1_116' title='bbox 1462 1109 1508 1172; x_wconf 90' lang='lat' dir='ltr'>sic</span> <span class='ocrx_word' id='word_1_117' title='bbox 1523 1110 1684 1185; x_wconf 82' lang='lat' dir='ltr'>deviasse;</span> <span class='ocrx_word' id='word_1_118' title='bbox 1697 1111 1752 1173; x_wconf 91' lang='lat' dir='ltr'>sed</span> 
     </span>
     <span class='ocr_line' id='line_1_19' title="bbox 1007 1207 1755 1290; baseline 0.003 -22"><span class='ocrx_word' id='word_1_119' title='bbox 1007 1207 1160 1288; x_wconf 89' lang='lat' dir='ltr'>quoniam</span> <span class='ocrx_word' id='word_1_120' title='bbox 1178 1207 1379 1290; x_wconf 76' lang='lat' dir='ltr'>praeallegata</span> <span class='ocrx_word' id='word_1_121' title='bbox 1393 1207 1509 1271; x_wconf 76' lang='lat' dir='ltr'>Christi</span> <span class='ocrx_word' id='word_1_122' title='bbox 1529 1207 1625 1272; x_wconf 89' lang='lat' dir='ltr'>verba</span> <span class='ocrx_word' id='word_1_123' title='bbox 1645 1227 1755 1272; x_wconf 87' lang='lat' dir='ltr'>secun-</span> 
     </span>
     <span class='ocr_line' id='line_1_20' title="bbox 1007 1305 1754 1389; baseline 0 -21"><span class='ocrx_word' id='word_1_124' title='bbox 1007 1307 1083 1368; x_wconf 91' lang='lat' dir='ltr'>dum</span> <span class='ocrx_word' id='word_1_125' title='bbox 1109 1305 1347 1387; x_wconf 79' lang='lat' dir='ltr'>superficialem</span> <span class='ocrx_word' id='word_1_126' title='bbox 1377 1324 1486 1368; x_wconf 87' lang='lat' dir='ltr'>eorum</span> <span class='ocrx_word' id='word_1_127' title='bbox 1511 1314 1653 1369; x_wconf 87' lang='lat' dir='ltr'>tenorem</span> <span class='ocrx_word' id='word_1_128' title='bbox 1681 1327 1754 1389; x_wconf 90' lang='lat' dir='ltr'>pen-</span> 
     </span>
     <span class='ocr_line' id='line_1_21' title="bbox 1007 1404 1753 1487; baseline 0.004 -22"><span class='ocrx_word' id='word_1_129' title='bbox 1007 1404 1100 1481; x_wconf 85' lang='lat' dir='ltr'>savit,</span> <span class='ocrx_word' id='word_1_130' title='bbox 1111 1404 1192 1466; x_wconf 91' lang='lat' dir='ltr'>nihil</span> <span class='ocrx_word' id='word_1_131' title='bbox 1208 1404 1488 1485; x_wconf 85' lang='lat' dir='ltr'>subintelligendo,</span> <span class='ocrx_word' id='word_1_132' title='bbox 1500 1424 1559 1467; x_wconf 91' lang='lat' dir='ltr'>nee</span> <span class='ocrx_word' id='word_1_133' title='bbox 1574 1407 1753 1487; x_wconf 77' lang='lat' dir='ltr'>preceden-</span> 
     </span>
     <span class='ocr_line' id='line_1_22' title="bbox 1008 1502 1749 1586; baseline 0.004 -22"><span class='ocrx_word' id='word_1_134' title='bbox 1008 1503 1060 1579; x_wconf 89' lang='lat' dir='ltr'>tia,</span> <span class='ocrx_word' id='word_1_135' title='bbox 1079 1522 1138 1565; x_wconf 90' lang='lat' dir='ltr'>nec</span> <span class='ocrx_word' id='word_1_136' title='bbox 1163 1502 1391 1584; x_wconf 88' lang='lat' dir='ltr'>subsequentia</span> <span class='ocrx_word' id='word_1_137' title='bbox 1414 1522 1452 1565; x_wconf 92' lang='lat' dir='ltr'>ea</span> <span class='ocrx_word' id='word_1_138' title='bbox 1477 1502 1553 1565; x_wconf 91' lang='lat' dir='ltr'>satis</span> <span class='ocrx_word' id='word_1_139' title='bbox 1575 1505 1749 1586; x_wconf 88' lang='lat' dir='ltr'>pensando.</span> 
     </span>
     <span class='ocr_line' id='line_1_23' title="bbox 1006 1601 1750 1684; baseline 0.003 -20"><span class='ocrx_word' id='word_1_140' title='bbox 1006 1601 1124 1684; x_wconf 90' lang='lat' dir='ltr'>Nempe</span> <span class='ocrx_word' id='word_1_141' title='bbox 1140 1601 1255 1664; x_wconf 87' lang='lat' dir='ltr'>Paulus</span> <span class='ocrx_word' id='word_1_142' title='bbox 1277 1602 1332 1664; x_wconf 89' lang='lat' dir='ltr'>ille</span> <span class='ocrx_word' id='word_1_143' title='bbox 1346 1622 1384 1664; x_wconf 87' lang='lat' dir='ltr'>ex</span> <span class='ocrx_word' id='word_1_144' title='bbox 1399 1602 1561 1666; x_wconf 83' lang='lat' dir='ltr'>ludaismo</span> <span class='ocrx_word' id='word_1_145' title='bbox 1578 1622 1750 1666; x_wconf 87' lang='lat' dir='ltr'>conversus</span> 
     </span>
     <span class='ocr_line' id='line_1_24' title="bbox 1005 1700 1749 1778; baseline 0.005 -16"><span class='ocrx_word' id='word_1_146' title='bbox 1005 1701 1043 1762; x_wconf 93' lang='lat' dir='ltr'>ad</span> <span class='ocrx_word' id='word_1_147' title='bbox 1055 1700 1225 1778; x_wconf 87' lang='lat' dir='ltr'>Christum,</span> <span class='ocrx_word' id='word_1_148' title='bbox 1240 1700 1301 1762; x_wconf 88' lang='lat' dir='ltr'>luit</span> <span class='ocrx_word' id='word_1_149' title='bbox 1316 1701 1365 1764; x_wconf 88' lang='lat' dir='ltr'>vir</span> <span class='ocrx_word' id='word_1_150' title='bbox 1381 1701 1447 1764; x_wconf 94' lang='lat' dir='ltr'>lide</span> <span class='ocrx_word' id='word_1_151' title='bbox 1462 1710 1493 1763; x_wconf 93' lang='lat' dir='ltr'>et</span> <span class='ocrx_word' id='word_1_152' title='bbox 1508 1702 1749 1766; x_wconf 88' lang='lat' dir='ltr'>conversatione</span> 
     </span>
     <span class='ocr_line' id='line_1_25' title="bbox 1003 1799 1616 1875; baseline 0.003 -15"><span class='ocrx_word' id='word_1_153' title='bbox 1003 1799 1189 1875; x_wconf 90' lang='lat' dir='ltr'>catholicus,</span> <span class='ocrx_word' id='word_1_154' title='bbox 1207 1819 1243 1862; x_wconf 88' lang='lat' dir='ltr'>ac</span> <span class='ocrx_word' id='word_1_155' title='bbox 1259 1800 1459 1864; x_wconf 82' lang='lat' dir='ltr'>venerandus</span> <span class='ocrx_word' id='word_1_156' title='bbox 1474 1800 1616 1862; x_wconf 88' lang='lat' dir='ltr'>antistes.</span> 
     </span>
    </p>
   </div>
   <div class='ocr_carea' id='block_1_6' title="bbox 197 1898 1748 1980">
    <p class='ocr_par' dir='ltr' id='par_1_6' title="bbox 197 1898 1748 1980">
     <span class='ocr_line' id='line_1_26' title="bbox 197 1898 1748 1980; baseline 0.003 -22"><span class='ocrx_word' id='word_1_157' title='bbox 197 1917 339 1979; x_wconf 89' lang='lat' dir='ltr'>cumque</span> <span class='ocrx_word' id='word_1_158' title='bbox 363 1899 522 1962; x_wconf 88' lang='lat' dir='ltr'>dimiserit</span> <span class='ocrx_word' id='word_1_159' title='bbox 544 1919 673 1964; x_wconf 88' lang='lat' dir='ltr'>uxorem</span> <span class='ocrx_word' id='word_1_160' title='bbox 700 1922 800 1980; x_wconf 92' lang='lat' dir='ltr'>suam,</span> <span class='ocrx_word' id='word_1_161' title='bbox 819 1903 882 1964; x_wconf 92' lang='lat' dir='ltr'>nisi</span> <span class='ocrx_word' id='word_1_162' title='bbox 907 1904 947 1966; x_wconf 92' lang='lat' dir='ltr'>oh</span> <span class='ocrx_word' id='word_1_163' title='bbox 966 1905 988 1966; x_wconf 89' lang='lat' dir='ltr'><strong>B</strong></span> <span class='ocrx_word' id='word_1_164' title='bbox 1042 1899 1137 1961; x_wconf 90' lang='lat' dir='ltr'>Porro</span> <span class='ocrx_word' id='word_1_165' title='bbox 1153 1898 1249 1961; x_wconf 91' lang='lat' dir='ltr'>verba</span> <span class='ocrx_word' id='word_1_166' title='bbox 1259 1898 1581 1976; x_wconf 88' lang='lat' dir='ltr'>Salvatorisinducta‚</span> <span class='ocrx_word' id='word_1_167' title='bbox 1594 1899 1748 1964; x_wconf 88' lang='lat' dir='ltr'>subintel-</span> 
     </span>
    </p>
   </div>
   <div class='ocr_carea' id='block_1_7' title="bbox 192 1995 949 3069">
    <p class='ocr_par' dir='ltr' id='par_1_7' title="bbox 192 1995 949 3069">
     <span class='ocr_line' id='line_1_27' title="bbox 198 1995 949 2077; baseline 0.011 -21"><span class='ocrx_word' id='word_1_168' title='bbox 198 1995 458 2076; x_wconf 89' lang='lat' dir='ltr'>lornicationem,</span> <span class='ocrx_word' id='word_1_169' title='bbox 482 2007 513 2060; x_wconf 92' lang='lat' dir='ltr'>et</span> <span class='ocrx_word' id='word_1_170' title='bbox 535 1999 631 2061; x_wconf 90' lang='lat' dir='ltr'>aliam</span> <span class='ocrx_word' id='word_1_171' title='bbox 653 2001 788 2077; x_wconf 88' lang='lat' dir='ltr'>duxerit,</span> <span class='ocrx_word' id='word_1_172' title='bbox 813 2002 949 2064; x_wconf 87' lang='lat' dir='ltr'>moeoha-</span> 
     </span>
     <span class='ocr_line' id='line_1_28' title="bbox 198 2095 947 2182; baseline 0.009 -26"><span class='ocrx_word' id='word_1_173' title='bbox 198 2103 262 2172; x_wconf 90' lang='lat' dir='ltr'>tur,</span> <span class='ocrx_word' id='word_1_174' title='bbox 274 2095 371 2176; x_wconf 90' lang='lat' dir='ltr'>plano</span> <span class='ocrx_word' id='word_1_175' title='bbox 386 2116 405 2158; x_wconf 94' lang='lat' dir='ltr'>a</span> <span class='ocrx_word' id='word_1_176' title='bbox 419 2098 579 2161; x_wconf 92' lang='lat' dir='ltr'>contrario</span> <span class='ocrx_word' id='word_1_177' title='bbox 593 2117 687 2161; x_wconf 91' lang='lat' dir='ltr'>sensu</span> <span class='ocrx_word' id='word_1_178' title='bbox 705 2099 851 2180; x_wconf 85' lang='lat' dir='ltr'>intelligi,</span> <span class='ocrx_word' id='word_1_179' title='bbox 862 2102 947 2182; x_wconf 89' lang='lat' dir='ltr'>quod</span> 
     </span>
     <span class='ocr_line' id='line_1_29' title="bbox 196 2192 949 2274; baseline 0.008 -20"><span class='ocrx_word' id='word_1_180' title='bbox 196 2193 255 2274; x_wconf 89' lang='lat' dir='ltr'>qui</span> <span class='ocrx_word' id='word_1_181' title='bbox 271 2192 430 2257; x_wconf 88' lang='lat' dir='ltr'>dimiserit</span> <span class='ocrx_word' id='word_1_182' title='bbox 449 2215 578 2258; x_wconf 91' lang='lat' dir='ltr'>uxorem</span> <span class='ocrx_word' id='word_1_183' title='bbox 600 2216 689 2259; x_wconf 90' lang='lat' dir='ltr'>suam</span> <span class='ocrx_word' id='word_1_184' title='bbox 712 2217 750 2260; x_wconf 89' lang='lat' dir='ltr'>ex</span> <span class='ocrx_word' id='word_1_185' title='bbox 774 2217 868 2262; x_wconf 89' lang='lat' dir='ltr'>eausa</span> <span class='ocrx_word' id='word_1_186' title='bbox 885 2198 949 2262; x_wconf 91' lang='lat' dir='ltr'>ior-</span> 
     </span>
     <span class='ocr_line' id='line_1_30' title="bbox 198 2291 949 2374; baseline 0.011 -21"><span class='ocrx_word' id='word_1_187' title='bbox 198 2291 382 2370; x_wconf 78' lang='lat' dir='ltr'>nicationiS‚</span> <span class='ocrx_word' id='word_1_188' title='bbox 400 2303 432 2357; x_wconf 87' lang='lat' dir='ltr'>et</span> <span class='ocrx_word' id='word_1_189' title='bbox 451 2295 545 2357; x_wconf 89' lang='lat' dir='ltr'>aliam</span> <span class='ocrx_word' id='word_1_190' title='bbox 569 2297 705 2374; x_wconf 86' lang='lat' dir='ltr'>duxerit,</span> <span class='ocrx_word' id='word_1_191' title='bbox 725 2316 788 2360; x_wconf 94' lang='lat' dir='ltr'>non</span> <span class='ocrx_word' id='word_1_192' title='bbox 812 2299 949 2362; x_wconf 86' lang='lat' dir='ltr'>moecha-</span> 
     </span>
     <span class='ocr_line' id='line_1_31' title="bbox 197 2391 948 2474; baseline 0.009 -22"><span class='ocrx_word' id='word_1_193' title='bbox 197 2399 260 2452; x_wconf 91' lang='lat' dir='ltr'>tur.</span> <span class='ocrx_word' id='word_1_194' title='bbox 284 2391 380 2467; x_wconf 92' lang='lat' dir='ltr'>lstud,</span> <span class='ocrx_word' id='word_1_195' title='bbox 405 2391 548 2474; x_wconf 91' lang='lat' dir='ltr'>inquam,</span> <span class='ocrx_word' id='word_1_196' title='bbox 568 2393 749 2457; x_wconf 90' lang='lat' dir='ltr'>nullatenus</span> <span class='ocrx_word' id='word_1_197' title='bbox 772 2404 819 2458; x_wconf 90' lang='lat' dir='ltr'>cst</span> <span class='ocrx_word' id='word_1_198' title='bbox 842 2405 948 2459; x_wconf 89' lang='lat' dir='ltr'>tenen·</span> 
     </span>
     <span class='ocr_line' id='line_1_32' title="bbox 198 2490 948 2570; baseline 0.011 -19"><span class='ocrx_word' id='word_1_199' title='bbox 198 2490 287 2564; x_wconf 89' lang='lat' dir='ltr'>dum,</span> <span class='ocrx_word' id='word_1_200' title='bbox 306 2508 405 2570; x_wconf 88' lang='lat' dir='ltr'>quum</span> <span class='ocrx_word' id='word_1_201' title='bbox 419 2491 460 2552; x_wconf 91' lang='lat' dir='ltr'>sit</span> <span class='ocrx_word' id='word_1_202' title='bbox 475 2501 585 2555; x_wconf 89' lang='lat' dir='ltr'>eontra</span> <span class='ocrx_word' id='word_1_203' title='bbox 601 2494 899 2558; x_wconf 87' lang='lat' dir='ltr'>determinationem</span> <span class='ocrx_word' id='word_1_204' title='bbox 916 2507 948 2559; x_wconf 91' lang='lat' dir='ltr'>et</span> 
     </span>
     <span class='ocr_line' id='line_1_33' title="bbox 196 2588 946 2671; baseline 0.009 -21"><span class='ocrx_word' id='word_1_205' title='bbox 196 2588 378 2651; x_wconf 89' lang='lat' dir='ltr'>doctrinam</span> <span class='ocrx_word' id='word_1_206' title='bbox 389 2589 537 2671; x_wconf 78' lang='lat' dir='ltr'>&#39;Ecclesiae</span> <span class='ocrx_word' id='word_1_207' title='bbox 551 2609 613 2654; x_wconf 95' lang='lat' dir='ltr'>non</span> <span class='ocrx_word' id='word_1_208' title='bbox 625 2593 768 2655; x_wconf 81' lang='lat' dir='ltr'>errantis</span> <span class='ocrx_word' id='word_1_209' title='bbox 775 2594 946 2657; x_wconf 86' lang='lat' dir='ltr'>Vinculum</span> 
     </span>
     <span class='ocr_line' id='line_1_34' title="bbox 197 2688 948 2771; baseline 0.011 -26"><span class='ocrx_word' id='word_1_210' title='bbox 197 2703 339 2766; x_wconf 87' lang='lat' dir='ltr'>namque</span> <span class='ocrx_word' id='word_1_211' title='bbox 354 2688 598 2766; x_wconf 89' lang='lat' dir='ltr'>matrimoniale,</span> <span class='ocrx_word' id='word_1_212' title='bbox 612 2691 786 2771; x_wconf 80' lang='lat' dir='ltr'>praesertim</span> <span class='ocrx_word' id='word_1_213' title='bbox 805 2691 836 2753; x_wconf 93' lang='lat' dir='ltr'>in</span> <span class='ocrx_word' id='word_1_214' title='bbox 853 2712 948 2755; x_wconf 86' lang='lat' dir='ltr'>cvan-</span> 
     </span>
     <span class='ocr_line' id='line_1_35' title="bbox 194 2784 947 2865; baseline 0.013 -20"><span class='ocrx_word' id='word_1_215' title='bbox 194 2784 300 2862; x_wconf 82' lang='lat' dir='ltr'>gelica</span> <span class='ocrx_word' id='word_1_216' title='bbox 323 2785 403 2865; x_wconf 86' lang='lat' dir='ltr'>lego,</span> <span class='ocrx_word' id='word_1_217' title='bbox 421 2796 469 2848; x_wconf 91' lang='lat' dir='ltr'>est</span> <span class='ocrx_word' id='word_1_218' title='bbox 489 2788 711 2852; x_wconf 87' lang='lat' dir='ltr'>indissolubile</span> <span class='ocrx_word' id='word_1_219' title='bbox 727 2791 860 2853; x_wconf 89' lang='lat' dir='ltr'>durante</span> <span class='ocrx_word' id='word_1_220' title='bbox 875 2810 947 2854; x_wconf 92' lang='lat' dir='ltr'>eon·</span> 
     </span>
     <span class='ocr_line' id='line_1_36' title="bbox 192 2883 944 2971; baseline 0.009 -26"><span class='ocrx_word' id='word_1_221' title='bbox 192 2883 354 2964; x_wconf 82' lang='lat' dir='ltr'>jugalium</span> <span class='ocrx_word' id='word_1_222' title='bbox 378 2885 455 2962; x_wconf 85' lang='lat' dir='ltr'>rita,</span> <span class='ocrx_word' id='word_1_223' title='bbox 472 2907 571 2968; x_wconf 89' lang='lat' dir='ltr'>quum</span> <span class='ocrx_word' id='word_1_224' title='bbox 597 2897 628 2950; x_wconf 91' lang='lat' dir='ltr'>et</span> <span class='ocrx_word' id='word_1_225' title='bbox 643 2889 813 2971; x_wconf 78' lang='lat' dir='ltr'>Apostolus</span> <span class='ocrx_word' id='word_1_226' title='bbox 835 2890 944 2953; x_wconf 91' lang='lat' dir='ltr'>dicat:</span> 
     </span>
     <span class='ocr_line' id='line_1_37' title="bbox 195 2981 947 3069; baseline 0.015 -27"><span class='ocrx_word' id='word_1_227' title='bbox 195 2981 309 3046; x_wconf 79' lang='lat' dir='ltr'>Mulier</span> <span class='ocrx_word' id='word_1_228' title='bbox 334 2983 464 3066; x_wconf 79' lang='lat' dir='ltr'>alligata</span> <span class='ocrx_word' id='word_1_229' title='bbox 486 2996 534 3050; x_wconf 89' lang='lat' dir='ltr'>est</span> <span class='ocrx_word' id='word_1_230' title='bbox 560 2987 633 3069; x_wconf 84' lang='lat' dir='ltr'>legi,</span> <span class='ocrx_word' id='word_1_231' title='bbox 661 2988 721 3051; x_wconf 88' lang='lat' dir='ltr'>hoe</span> <span class='ocrx_word' id='word_1_232' title='bbox 747 2997 794 3051; x_wconf 87' lang='lat' dir='ltr'>est</span> <span class='ocrx_word' id='word_1_233' title='bbox 817 2989 947 3053; x_wconf 89' lang='lat' dir='ltr'>vinculo</span> 
     </span>
    </p>
   </div>
   <div class='ocr_carea' id='block_1_8' title="bbox 1002 1997 1892 3064">
    <p class='ocr_par' dir='ltr' id='par_1_8' title="bbox 1002 1997 1892 3064">
     <span class='ocr_line' id='line_1_38' title="bbox 1003 1997 1892 2078; baseline 0.002 -20"><span class='ocrx_word' id='word_1_234' title='bbox 1003 1997 1119 2059; x_wconf 86' lang='lat' dir='ltr'>lectum</span> <span class='ocrx_word' id='word_1_235' title='bbox 1136 1997 1312 2078; x_wconf 88' lang='lat' dir='ltr'>requirunt,</span> <span class='ocrx_word' id='word_1_236' title='bbox 1330 2006 1364 2059; x_wconf 92' lang='lat' dir='ltr'>ut</span> <span class='ocrx_word' id='word_1_237' title='bbox 1386 1998 1427 2060; x_wconf 92' lang='lat' dir='ltr'>sit</span> <span class='ocrx_word' id='word_1_238' title='bbox 1446 2017 1558 2060; x_wconf 90' lang='lat' dir='ltr'>sensus</span> <span class='ocrx_word' id='word_1_239' title='bbox 1576 2017 1582 2060; x_wconf 92' lang='lat'>:</span> <span class='ocrx_word' id='word_1_240' title='bbox 1600 1998 1748 2072; x_wconf 78' lang='lat' dir='ltr'>Quicum·</span> <span class='ocrx_word' id='word_1_241' title='bbox 1761 2021 1892 2070; x_wconf 61' lang='lat' dir='ltr'>taranta</span> 
     </span>
     <span class='ocr_line' id='line_1_39' title="bbox 1003 2095 1748 2180; baseline 0.003 -24"><span class='ocrx_word' id='word_1_242' title='bbox 1003 2115 1065 2176; x_wconf 88' lang='lat' dir='ltr'>que</span> <span class='ocrx_word' id='word_1_243' title='bbox 1091 2095 1248 2158; x_wconf 90' lang='lat' dir='ltr'>dimiserit</span> <span class='ocrx_word' id='word_1_244' title='bbox 1273 2115 1418 2173; x_wconf 87' lang='lat' dir='ltr'>uxorem,</span> <span class='ocrx_word' id='word_1_245' title='bbox 1446 2097 1509 2159; x_wconf 91' lang='lat' dir='ltr'>nisi</span> <span class='ocrx_word' id='word_1_246' title='bbox 1533 2107 1661 2180; x_wconf 86' lang='lat' dir='ltr'>propter</span> <span class='ocrx_word' id='word_1_247' title='bbox 1684 2098 1748 2160; x_wconf 90' lang='lat' dir='ltr'>lor-</span> 
     </span>
     <span class='ocr_line' id='line_1_40' title="bbox 1005 2194 1748 2277; baseline 0.004 -22"><span class='ocrx_word' id='word_1_248' title='bbox 1005 2194 1222 2258; x_wconf 89' lang='lat' dir='ltr'>nieationem:</span> <span class='ocrx_word' id='word_1_249' title='bbox 1248 2194 1462 2277; x_wconf 92' lang='lat' dir='ltr'>supplendum</span> <span class='ocrx_word' id='word_1_250' title='bbox 1484 2205 1542 2272; x_wconf 90' lang='lat' dir='ltr'>cst,</span> <span class='ocrx_word' id='word_1_251' title='bbox 1565 2204 1694 2277; x_wconf 88' lang='lat' dir='ltr'>peccat;</span> <span class='ocrx_word' id='word_1_252' title='bbox 1716 2206 1748 2259; x_wconf 91' lang='lat' dir='ltr'>et</span> 
     </span>
     <span class='ocr_line' id='line_1_41' title="bbox 1003 2293 1745 2376; baseline 0.003 -22"><span class='ocrx_word' id='word_1_253' title='bbox 1003 2293 1098 2355; x_wconf 93' lang='lat' dir='ltr'>aliam</span> <span class='ocrx_word' id='word_1_254' title='bbox 1124 2293 1249 2355; x_wconf 84' lang='lat' dir='ltr'>duxerit</span> <span class='ocrx_word' id='word_1_255' title='bbox 1270 2294 1376 2376; x_wconf 90' lang='lat' dir='ltr'>priore</span> <span class='ocrx_word' id='word_1_256' title='bbox 1398 2294 1537 2371; x_wconf 83' lang='lat' dir='ltr'>vivente,</span> <span class='ocrx_word' id='word_1_257' title='bbox 1559 2295 1745 2357; x_wconf 73' lang='lat' dir='ltr'>moechatur.</span> 
     </span>
     <span class='ocr_line' id='line_1_42' title="bbox 1003 2391 1748 2474; baseline 0.004 -21"><span class='ocrx_word' id='word_1_258' title='bbox 1003 2393 1041 2453; x_wconf 87' lang='lat' dir='ltr'>Et</span> <span class='ocrx_word' id='word_1_259' title='bbox 1051 2392 1137 2473; x_wconf 92' lang='lat' dir='ltr'>quod</span> <span class='ocrx_word' id='word_1_260' title='bbox 1151 2391 1211 2453; x_wconf 91' lang='lat' dir='ltr'>iste</span> <span class='ocrx_word' id='word_1_261' title='bbox 1226 2392 1267 2454; x_wconf 91' lang='lat' dir='ltr'>sit</span> <span class='ocrx_word' id='word_1_262' title='bbox 1280 2411 1403 2469; x_wconf 87' lang='lat' dir='ltr'>sensus,</span> <span class='ocrx_word' id='word_1_263' title='bbox 1418 2393 1560 2474; x_wconf 90' lang='lat' dir='ltr'>pandunt</span> <span class='ocrx_word' id='word_1_264' title='bbox 1572 2392 1748 2474; x_wconf 74' lang='lat' dir='ltr'>verbaque</span> 
     </span>
     <span class='ocr_line' id='line_1_43' title="bbox 1003 2489 1879 2573; baseline 0.007 -20"><span class='ocrx_word' id='word_1_265' title='bbox 1003 2490 1146 2554; x_wconf 84' lang='lat' dir='ltr'>Christus</span> <span class='ocrx_word' id='word_1_266' title='bbox 1163 2489 1344 2572; x_wconf 81' lang='lat' dir='ltr'>subjunxit:</span> <span class='ocrx_word' id='word_1_267' title='bbox 1358 2491 1395 2553; x_wconf 90' lang='lat' dir='ltr'>Et</span> <span class='ocrx_word' id='word_1_268' title='bbox 1410 2493 1466 2573; x_wconf 87' lang='lat' dir='ltr'>qui</span> <span class='ocrx_word' id='word_1_269' title='bbox 1478 2492 1643 2554; x_wconf 90' lang='lat' dir='ltr'>dimissam</span> <span class='ocrx_word' id='word_1_270' title='bbox 1655 2493 1749 2555; x_wconf 76' lang='lat' dir='ltr'>dure</span> <span class='ocrx_word' id='word_1_271' title='bbox 1784 2515 1879 2559; x_wconf 69' lang='lat' dir='ltr'>rerum.</span> 
     </span>
     <span class='ocr_line' id='line_1_44' title="bbox 1004 2589 1749 2672; baseline 0.003 -21"><span class='ocrx_word' id='word_1_272' title='bbox 1004 2589 1055 2666; x_wconf 91' lang='lat' dir='ltr'>rit,</span> <span class='ocrx_word' id='word_1_273' title='bbox 1073 2589 1179 2671; x_wconf 91' lang='lat' dir='ltr'>priore</span> <span class='ocrx_word' id='word_1_274' title='bbox 1195 2590 1317 2652; x_wconf 88' lang='lat' dir='ltr'>scilicet</span> <span class='ocrx_word' id='word_1_275' title='bbox 1332 2589 1401 2653; x_wconf 89' lang='lat' dir='ltr'>viro</span> <span class='ocrx_word' id='word_1_276' title='bbox 1417 2590 1599 2672; x_wconf 86' lang='lat' dir='ltr'>superstite,</span> <span class='ocrx_word' id='word_1_277' title='bbox 1612 2591 1749 2654; x_wconf 90' lang='lat' dir='ltr'>moecba-</span> 
     </span>
     <span class='ocr_line' id='line_1_45' title="bbox 1004 2688 1749 2772; baseline 0.003 -22"><span class='ocrx_word' id='word_1_278' title='bbox 1004 2697 1064 2750; x_wconf 91' lang='lat' dir='ltr'>tur.</span> <span class='ocrx_word' id='word_1_279' title='bbox 1078 2689 1122 2750; x_wconf 85' lang='lat' dir='ltr'>lle</span> <span class='ocrx_word' id='word_1_280' title='bbox 1138 2697 1272 2769; x_wconf 86' lang='lat' dir='ltr'>utroque</span> <span class='ocrx_word' id='word_1_281' title='bbox 1285 2688 1370 2750; x_wconf 91' lang='lat' dir='ltr'>enim</span> <span class='ocrx_word' id='word_1_282' title='bbox 1387 2697 1436 2751; x_wconf 90' lang='lat' dir='ltr'>est</span> <span class='ocrx_word' id='word_1_283' title='bbox 1450 2690 1560 2751; x_wconf 88' lang='lat' dir='ltr'>eadem</span> <span class='ocrx_word' id='word_1_284' title='bbox 1573 2689 1749 2772; x_wconf 87' lang='lat' dir='ltr'>ratio‚quia</span> 
     </span>
     <span class='ocr_line' id='line_1_46' title="bbox 1003 2785 1747 2868; baseline 0.001 -21"><span class='ocrx_word' id='word_1_285' title='bbox 1003 2786 1035 2848; x_wconf 92' lang='lat' dir='ltr'>in</span> <span class='ocrx_word' id='word_1_286' title='bbox 1063 2787 1123 2848; x_wconf 87' lang='lat' dir='ltr'>hoc</span> <span class='ocrx_word' id='word_1_287' title='bbox 1145 2785 1328 2867; x_wconf 90' lang='lat' dir='ltr'>judicantur</span> <span class='ocrx_word' id='word_1_288' title='bbox 1347 2787 1387 2848; x_wconf 92' lang='lat' dir='ltr'>ad</span> <span class='ocrx_word' id='word_1_289' title='bbox 1413 2787 1511 2868; x_wconf 91' lang='lat' dir='ltr'>paria,</span> <span class='ocrx_word' id='word_1_290' title='bbox 1539 2795 1571 2849; x_wconf 88' lang='lat' dir='ltr'>et</span> <span class='ocrx_word' id='word_1_291' title='bbox 1596 2788 1747 2868; x_wconf 90' lang='lat' dir='ltr'>quoniam</span> 
     </span>
     <span class='ocr_line' id='line_1_47' title="bbox 1003 2884 1747 2966; baseline -0.001 -19"><span class='ocrx_word' id='word_1_292' title='bbox 1003 2884 1167 2947; x_wconf 90' lang='lat' dir='ltr'>vinculum</span> <span class='ocrx_word' id='word_1_293' title='bbox 1190 2884 1331 2965; x_wconf 80' lang='lat' dir='ltr'>conjugii</span> <span class='ocrx_word' id='word_1_294' title='bbox 1354 2903 1418 2947; x_wconf 91' lang='lat' dir='ltr'>non</span> <span class='ocrx_word' id='word_1_295' title='bbox 1442 2893 1545 2966; x_wconf 90' lang='lat' dir='ltr'>potest</span> <span class='ocrx_word' id='word_1_296' title='bbox 1563 2884 1747 2949; x_wconf 82' lang='lat' dir='ltr'>viventibus</span> 
     </span>
     <span class='ocr_line' id='line_1_48' title="bbox 1002 2982 1747 3064; baseline -0.003 -18"><span class='ocrx_word' id='word_1_297' title='bbox 1002 2982 1182 3064; x_wconf 85' lang='lat' dir='ltr'>conjugatis</span> <span class='ocrx_word' id='word_1_298' title='bbox 1198 2982 1341 3059; x_wconf 91' lang='lat' dir='ltr'>dissolvi,</span> <span class='ocrx_word' id='word_1_299' title='bbox 1359 2984 1444 3063; x_wconf 90' lang='lat' dir='ltr'>qued</span> <span class='ocrx_word' id='word_1_300' title='bbox 1461 2984 1556 3046; x_wconf 88' lang='lat' dir='ltr'>eliam</span> <span class='ocrx_word' id='word_1_301' title='bbox 1572 2992 1695 3046; x_wconf 89' lang='lat' dir='ltr'>constat</span> <span class='ocrx_word' id='word_1_302' title='bbox 1709 3003 1747 3046; x_wconf 84' lang='lat' dir='ltr'>ex</span> 
     </span>
    </p>
   </div>
   <div class='ocr_carea' id='block_1_9' title="bbox 194 3081 1892 3169">
    <p class='ocr_par' dir='ltr' id='par_1_9' title="bbox 194 3081 1892 3169">
     <span class='ocr_line' id='line_1_49' title="bbox 194 3081 1892 3169; baseline 0.004 -27"><span class='ocrx_word' id='word_1_303' title='bbox 194 3081 364 3160; x_wconf 92' lang='lat' dir='ltr'>connubii,</span> <span class='ocrx_word' id='word_1_304' title='bbox 391 3093 425 3145; x_wconf 88' lang='lat' dir='ltr'>ut</span> <span class='ocrx_word' id='word_1_305' title='bbox 454 3102 564 3148; x_wconf 90' lang='lat' dir='ltr'>omnes</span> <span class='ocrx_word' id='word_1_306' title='bbox 595 3095 767 3168; x_wconf 87' lang='lat' dir='ltr'>exponunt,</span> <span class='ocrx_word' id='word_1_307' title='bbox 795 3088 946 3169; x_wconf 91' lang='lat' dir='ltr'>quamdin</span> <span class='ocrx_word' id='word_1_308' title='bbox 966 3091 986 3153; x_wconf 82' lang='lat' dir='ltr'>C</span> <span class='ocrx_word' id='word_1_309' title='bbox 1003 3081 1109 3144; x_wconf 89' lang='lat' dir='ltr'>verbis</span> <span class='ocrx_word' id='word_1_310' title='bbox 1133 3081 1259 3144; x_wconf 89' lang='lat' dir='ltr'>Domini</span> <span class='ocrx_word' id='word_1_311' title='bbox 1281 3101 1354 3162; x_wconf 82' lang='lat' dir='ltr'>quae</span> <span class='ocrx_word' id='word_1_312' title='bbox 1375 3083 1538 3164; x_wconf 84' lang='lat' dir='ltr'>praemisit,</span> <span class='ocrx_word' id='word_1_313' title='bbox 1562 3081 1892 3156; x_wconf 74' lang='lat' dir='ltr'>Quoslleusnaaeu.1u,</span> 
     </span>
    </p>
   </div>
   <div class='ocr_carea' id='block_1_10' title="bbox 191 3179 947 4252">
    <p class='ocr_par' dir='ltr' id='par_1_10' title="bbox 191 3179 947 4252">
     <span class='ocr_line' id='line_1_50' title="bbox 195 3179 947 3266; baseline 0.009 -24"><span class='ocrx_word' id='word_1_314' title='bbox 195 3179 277 3242; x_wconf 86' lang='lat' dir='ltr'>vivit</span> <span class='ocrx_word' id='word_1_315' title='bbox 293 3181 435 3263; x_wconf 89' lang='lat' dir='ltr'>vircjus.</span> <span class='ocrx_word' id='word_1_316' title='bbox 449 3182 601 3266; x_wconf 81' lang='lat' dir='ltr'>lienique,</span> <span class='ocrx_word' id='word_1_317' title='bbox 613 3187 787 3248; x_wconf 91' lang='lat' dir='ltr'>secundum</span> <span class='ocrx_word' id='word_1_318' title='bbox 803 3187 947 3250; x_wconf 90' lang='lat' dir='ltr'>doctores</span> 
     </span>
     <span class='ocr_line' id='line_1_51' title="bbox 194 3280 946 3364; baseline 0.009 -24"><span class='ocrx_word' id='word_1_319' title='bbox 194 3280 399 3343; x_wconf 90' lang='lat' dir='ltr'>concorditer</span> <span class='ocrx_word' id='word_1_320' title='bbox 415 3301 512 3364; x_wconf 93' lang='lat' dir='ltr'>super</span> <span class='ocrx_word' id='word_1_321' title='bbox 534 3291 682 3363; x_wconf 91' lang='lat' dir='ltr'>quartum</span> <span class='ocrx_word' id='word_1_322' title='bbox 700 3284 946 3363; x_wconf 85' lang='lat' dir='ltr'>Sententiarum,</span> 
     </span>
     <span class='ocr_line' id='line_1_52' title="bbox 194 3377 946 3461; baseline 0.012 -24"><span class='ocrx_word' id='word_1_323' title='bbox 194 3386 227 3438; x_wconf 91' lang='lat' dir='ltr'>et</span> <span class='ocrx_word' id='word_1_324' title='bbox 254 3377 340 3441; x_wconf 93' lang='lat' dir='ltr'>idem</span> <span class='ocrx_word' id='word_1_325' title='bbox 365 3379 477 3442; x_wconf 92' lang='lat' dir='ltr'>dicunt</span> <span class='ocrx_word' id='word_1_326' title='bbox 502 3380 636 3461; x_wconf 79' lang='lat' dir='ltr'>juristae,</span> <span class='ocrx_word' id='word_1_327' title='bbox 653 3381 702 3442; x_wconf 92' lang='lat' dir='ltr'>vir</span> <span class='ocrx_word' id='word_1_328' title='bbox 727 3391 758 3444; x_wconf 88' lang='lat' dir='ltr'>et</span> <span class='ocrx_word' id='word_1_329' title='bbox 783 3383 898 3446; x_wconf 91' lang='lat' dir='ltr'>mulier</span> <span class='ocrx_word' id='word_1_330' title='bbox 915 3385 946 3445; x_wconf 97' lang='lat' dir='ltr'>in</span> 
     </span>
     <span class='ocr_line' id='line_1_53' title="bbox 194 3477 945 3563; baseline 0.008 -25"><span class='ocrx_word' id='word_1_331' title='bbox 194 3494 293 3538; x_wconf 91' lang='lat' dir='ltr'>causa</span> <span class='ocrx_word' id='word_1_332' title='bbox 304 3477 434 3540; x_wconf 84' lang='lat' dir='ltr'>divortii</span> <span class='ocrx_word' id='word_1_333' title='bbox 445 3477 629 3559; x_wconf 85' lang='lat' dir='ltr'>judicantur</span> <span class='ocrx_word' id='word_1_334' title='bbox 639 3481 678 3541; x_wconf 91' lang='lat' dir='ltr'>ad</span> <span class='ocrx_word' id='word_1_335' title='bbox 695 3481 793 3561; x_wconf 92' lang='lat' dir='ltr'>paria,</span> <span class='ocrx_word' id='word_1_336' title='bbox 808 3481 851 3543; x_wconf 90' lang='lat' dir='ltr'>ita</span> <span class='ocrx_word' id='word_1_337' title='bbox 861 3483 945 3563; x_wconf 87' lang='lat' dir='ltr'>quod</span> 
     </span>
     <span class='ocr_line' id='line_1_54' title="bbox 193 3574 945 3661; baseline 0.008 -25"><span class='ocrx_word' id='word_1_338' title='bbox 193 3574 280 3637; x_wconf 90' lang='lat' dir='ltr'>sicut</span> <span class='ocrx_word' id='word_1_339' title='bbox 296 3575 423 3639; x_wconf 89' lang='lat' dir='ltr'>mulieri</span> <span class='ocrx_word' id='word_1_340' title='bbox 444 3585 596 3658; x_wconf 81' lang='lat' dir='ltr'>separatae</span> <span class='ocrx_word' id='word_1_341' title='bbox 615 3587 669 3639; x_wconf 88' lang='lat' dir='ltr'>aut</span> <span class='ocrx_word' id='word_1_342' title='bbox 690 3579 862 3661; x_wconf 71' lang='lat' dir='ltr'>repudiatae</span> <span class='ocrx_word' id='word_1_343' title='bbox 882 3601 945 3644; x_wconf 95' lang='lat' dir='ltr'>non</span> 
     </span>
     <span class='ocr_line' id='line_1_55' title="bbox 193 3673 943 3758; baseline 0.009 -23"><span class='ocrx_word' id='word_1_344' title='bbox 193 3673 271 3736; x_wconf 93' lang='lat' dir='ltr'>lieet</span> <span class='ocrx_word' id='word_1_345' title='bbox 295 3674 393 3736; x_wconf 88' lang='lat' dir='ltr'>alium</span> <span class='ocrx_word' id='word_1_346' title='bbox 416 3675 532 3738; x_wconf 89' lang='lat' dir='ltr'>ducere</span> <span class='ocrx_word' id='word_1_347' title='bbox 552 3676 656 3738; x_wconf 90' lang='lat' dir='ltr'>virum</span> <span class='ocrx_word' id='word_1_348' title='bbox 678 3676 785 3758; x_wconf 90' lang='lat' dir='ltr'>priore</span> <span class='ocrx_word' id='word_1_349' title='bbox 807 3678 943 3756; x_wconf 84' lang='lat' dir='ltr'>vivente,</span> 
     </span>
     <span class='ocr_line' id='line_1_56' title="bbox 192 3771 947 3857; baseline 0.008 -24"><span class='ocrx_word' id='word_1_350' title='bbox 192 3771 238 3834; x_wconf 89' lang='lat' dir='ltr'>ita</span> <span class='ocrx_word' id='word_1_351' title='bbox 264 3791 322 3836; x_wconf 88' lang='lat' dir='ltr'>nec</span> <span class='ocrx_word' id='word_1_352' title='bbox 346 3773 416 3836; x_wconf 88' lang='lat' dir='ltr'>viro</span> <span class='ocrx_word' id='word_1_353' title='bbox 439 3773 534 3836; x_wconf 87' lang='lat' dir='ltr'>aliam</span> <span class='ocrx_word' id='word_1_354' title='bbox 557 3794 682 3838; x_wconf 90' lang='lat' dir='ltr'>sumere</span> <span class='ocrx_word' id='word_1_355' title='bbox 707 3777 876 3857; x_wconf 84' lang='lat' dir='ltr'>conjugem</span> <span class='ocrx_word' id='word_1_356' title='bbox 901 3779 947 3839; x_wconf 94' lang='lat' dir='ltr'>vi-</span> 
     </span>
     <span class='ocr_line' id='line_1_57' title="bbox 193 3871 947 3955; baseline 0.009 -24"><span class='ocrx_word' id='word_1_357' title='bbox 193 3877 292 3934; x_wconf 86' lang='lat' dir='ltr'>vente</span> <span class='ocrx_word' id='word_1_358' title='bbox 307 3871 424 3953; x_wconf 87' lang='lat' dir='ltr'>priore.</span> <span class='ocrx_word' id='word_1_359' title='bbox 450 3872 528 3935; x_wconf 88' lang='lat' dir='ltr'>ilinc</span> <span class='ocrx_word' id='word_1_360' title='bbox 550 3883 813 3955; x_wconf 84' lang='lat' dir='ltr'>superquartam</span> <span class='ocrx_word' id='word_1_361' title='bbox 835 3877 947 3938; x_wconf 87' lang='lat' dir='ltr'>asserit</span> 
     </span>
     <span class='ocr_line' id='line_1_58' title="bbox 192 3969 947 4056; baseline 0.008 -26"><span class='ocrx_word' id='word_1_362' title='bbox 192 3969 333 4032; x_wconf 84' lang='lat' dir='ltr'>Thomas</span> <span class='ocrx_word' id='word_1_363' title='bbox 347 3969 415 4031; x_wconf 90' lang='lat' dir='ltr'>:Nil</span> <span class='ocrx_word' id='word_1_364' title='bbox 428 3971 658 4052; x_wconf 90' lang='lat' dir='ltr'>superveniens</span> <span class='ocrx_word' id='word_1_365' title='bbox 669 3972 883 4049; x_wconf 86' lang='lat' dir='ltr'>matrimonio,</span> <span class='ocrx_word' id='word_1_366' title='bbox 895 3993 947 4056; x_wconf 93' lang='lat' dir='ltr'>po-</span> 
     </span>
     <span class='ocr_line' id='line_1_59' title="bbox 192 4067 947 4153; baseline 0.008 -25"><span class='ocrx_word' id='word_1_367' title='bbox 192 4076 256 4130; x_wconf 87' lang='lat' dir='ltr'>test</span> <span class='ocrx_word' id='word_1_368' title='bbox 269 4067 373 4149; x_wconf 93' lang='lat' dir='ltr'>ipsum</span> <span class='ocrx_word' id='word_1_369' title='bbox 386 4069 579 4133; x_wconf 89' lang='lat' dir='ltr'>dissolvere:</span> <span class='ocrx_word' id='word_1_370' title='bbox 591 4071 709 4134; x_wconf 88' lang='lat' dir='ltr'>ideireo</span> <span class='ocrx_word' id='word_1_371' title='bbox 720 4072 947 4153; x_wconf 88' lang='lat' dir='ltr'>propteradul-</span> 
     </span>
     <span class='ocr_line' id='line_1_60' title="bbox 191 4166 946 4252; baseline 0.007 -24"><span class='ocrx_word' id='word_1_372' title='bbox 191 4166 312 4229; x_wconf 91' lang='lat' dir='ltr'>terium</span> <span class='ocrx_word' id='word_1_373' title='bbox 339 4185 402 4229; x_wconf 93' lang='lat' dir='ltr'>non</span> <span class='ocrx_word' id='word_1_374' title='bbox 426 4167 584 4250; x_wconf 92' lang='lat' dir='ltr'>rumpitur</span> <span class='ocrx_word' id='word_1_375' title='bbox 609 4169 772 4232; x_wconf 90' lang='lat' dir='ltr'>vinculum</span> <span class='ocrx_word' id='word_1_376' title='bbox 796 4171 946 4252; x_wconf 82' lang='lat' dir='ltr'>conjuga-</span> 
     </span>
    </p>
   </div>
   <div class='ocr_carea' id='block_1_11' title="bbox 1001 3172 1781 4253">
    <p class='ocr_par' dir='ltr' id='par_1_11' title="bbox 1003 3172 1781 3560">
     <span class='ocr_line' id='line_1_61' title="bbox 1003 3172 1781 3263; baseline -0.003 -19"><span class='ocrx_word' id='word_1_377' title='bbox 1003 3180 1180 3261; x_wconf 84' lang='lat' dir='ltr'>conjunxit,</span> <span class='ocrx_word' id='word_1_378' title='bbox 1197 3180 1293 3242; x_wconf 92' lang='lat' dir='ltr'>homo</span> <span class='ocrx_word' id='word_1_379' title='bbox 1309 3199 1373 3243; x_wconf 93' lang='lat' dir='ltr'>non</span> <span class='ocrx_word' id='word_1_380' title='bbox 1389 3189 1529 3263; x_wconf 89' lang='lat' dir='ltr'>separet:</span> <span class='ocrx_word' id='word_1_381' title='bbox 1543 3180 1632 3262; x_wconf 90' lang='lat' dir='ltr'>quasi</span> <span class='ocrx_word' id='word_1_382' title='bbox 1650 3180 1744 3257; x_wconf 92' lang='lat' dir='ltr'>dicat,</span> <span class='ocrx_word' id='word_1_383' title='bbox 1761 3172 1781 3211; x_wconf 75' lang='lat'>⁶·</span> 
     </span>
     <span class='ocr_line' id='line_1_62' title="bbox 1003 3279 1748 3362; baseline 0 -18"><span class='ocrx_word' id='word_1_384' title='bbox 1003 3281 1169 3362; x_wconf 83' lang='lat' dir='ltr'>Conjugali</span> <span class='ocrx_word' id='word_1_385' title='bbox 1189 3289 1250 3341; x_wconf 91' lang='lat' dir='ltr'>tam</span> <span class='ocrx_word' id='word_1_386' title='bbox 1272 3279 1527 3361; x_wconf 89' lang='lat' dir='ltr'>inseparabiliter</span> <span class='ocrx_word' id='word_1_387' title='bbox 1543 3290 1617 3342; x_wconf 89' lang='lat' dir='ltr'>sunt</span> <span class='ocrx_word' id='word_1_388' title='bbox 1633 3300 1748 3344; x_wconf 89' lang='lat' dir='ltr'>conne-</span> 
     </span>
     <span class='ocr_line' id='line_1_63' title="bbox 1004 3379 1748 3461; baseline 0 -19"><span class='ocrx_word' id='word_1_389' title='bbox 1004 3380 1042 3456; x_wconf 81' lang='lat' dir='ltr'>xi,</span> <span class='ocrx_word' id='word_1_390' title='bbox 1052 3380 1139 3461; x_wconf 89' lang='lat' dir='ltr'>quod</span> <span class='ocrx_word' id='word_1_391' title='bbox 1155 3379 1294 3440; x_wconf 90' lang='lat' dir='ltr'>humana</span> <span class='ocrx_word' id='word_1_392' title='bbox 1309 3388 1472 3460; x_wconf 87' lang='lat' dir='ltr'>noqueunt</span> <span class='ocrx_word' id='word_1_393' title='bbox 1482 3381 1670 3443; x_wconf 88' lang='lat' dir='ltr'>auctoritate</span> <span class='ocrx_word' id='word_1_394' title='bbox 1685 3381 1748 3442; x_wconf 86' lang='lat' dir='ltr'>dis-</span> 
     </span>
     <span class='ocr_line' id='line_1_64' title="bbox 1003 3478 1107 3560; baseline 0 -20"><span class='ocrx_word' id='word_1_395' title='bbox 1003 3478 1107 3560; x_wconf 86' lang='lat' dir='ltr'>jungi.</span> 
     </span>
    </p>

    <p class='ocr_par' dir='ltr' id='par_1_12' title="bbox 1001 3576 1751 4253">
     <span class='ocr_line' id='line_1_65' title="bbox 1043 3576 1747 3658; baseline 0.001 -19"><span class='ocrx_word' id='word_1_396' title='bbox 1043 3576 1170 3653; x_wconf 87' lang='lat' dir='ltr'>Deinde,</span> <span class='ocrx_word' id='word_1_397' title='bbox 1180 3578 1265 3658; x_wconf 91' lang='lat' dir='ltr'>quod</span> <span class='ocrx_word' id='word_1_398' title='bbox 1275 3576 1375 3639; x_wconf 88' lang='lat' dir='ltr'>Rabbi</span> <span class='ocrx_word' id='word_1_399' title='bbox 1387 3577 1500 3639; x_wconf 91' lang='lat' dir='ltr'>Paulus</span> <span class='ocrx_word' id='word_1_400' title='bbox 1511 3577 1665 3655; x_wconf 87' lang='lat' dir='ltr'>ailirmat,</span> <span class='ocrx_word' id='word_1_401' title='bbox 1675 3597 1747 3641; x_wconf 91' lang='lat' dir='ltr'>eum</span> 
     </span>
     <span class='ocr_line' id='line_1_66' title="bbox 1003 3675 1751 3759; baseline 0.003 -21"><span class='ocrx_word' id='word_1_402' title='bbox 1003 3676 1058 3759; x_wconf 89' lang='lat' dir='ltr'>qui</span> <span class='ocrx_word' id='word_1_403' title='bbox 1075 3676 1223 3738; x_wconf 91' lang='lat' dir='ltr'>irascitur</span> <span class='ocrx_word' id='word_1_404' title='bbox 1233 3675 1247 3736; x_wconf 86' lang='lat' dir='ltr'>l</span> <span class='ocrx_word' id='word_1_405' title='bbox 1249 3676 1323 3737; x_wconf 89' lang='lat' dir='ltr'>ratri</span> <span class='ocrx_word' id='word_1_406' title='bbox 1341 3695 1398 3739; x_wconf 91' lang='lat' dir='ltr'>suo</span> <span class='ocrx_word' id='word_1_407' title='bbox 1414 3695 1477 3738; x_wconf 93' lang='lat' dir='ltr'>non</span> <span class='ocrx_word' id='word_1_408' title='bbox 1493 3696 1563 3739; x_wconf 86' lang='lat' dir='ltr'>esse</span> <span class='ocrx_word' id='word_1_409' title='bbox 1578 3686 1751 3759; x_wconf 83' lang='lat' dir='ltr'>transgres-</span> 
     </span>
     <span class='ocr_line' id='line_1_67' title="bbox 1003 3775 1748 3857; baseline 0 -19"><span class='ocrx_word' id='word_1_410' title='bbox 1003 3793 1107 3838; x_wconf 92' lang='lat' dir='ltr'>sorem</span> <span class='ocrx_word' id='word_1_411' title='bbox 1118 3775 1250 3857; x_wconf 86' lang='lat' dir='ltr'>alicujus</span> <span class='ocrx_word' id='word_1_412' title='bbox 1261 3775 1411 3857; x_wconf 84' lang='lat' dir='ltr'>praeoepti</span> <span class='ocrx_word' id='word_1_413' title='bbox 1424 3776 1539 3839; x_wconf 90' lang='lat' dir='ltr'>veteris</span> <span class='ocrx_word' id='word_1_414' title='bbox 1548 3777 1748 3855; x_wconf 86' lang='lat' dir='ltr'>Testamenti,</span> 
     </span>
     <span class='ocr_line' id='line_1_68' title="bbox 1003 3873 1748 3956; baseline 0.001 -20"><span class='ocrx_word' id='word_1_415' title='bbox 1003 3873 1057 3936; x_wconf 91' lang='lat' dir='ltr'>sed</span> <span class='ocrx_word' id='word_1_416' title='bbox 1074 3873 1161 3950; x_wconf 86' lang='lat' dir='ltr'>novi,</span> <span class='ocrx_word' id='word_1_417' title='bbox 1175 3883 1296 3937; x_wconf 88' lang='lat' dir='ltr'>nonest</span> <span class='ocrx_word' id='word_1_418' title='bbox 1310 3873 1423 3936; x_wconf 90' lang='lat' dir='ltr'>idonce</span> <span class='ocrx_word' id='word_1_419' title='bbox 1439 3873 1558 3936; x_wconf 86' lang='lat' dir='ltr'>dictum</span> <span class='ocrx_word' id='word_1_420' title='bbox 1574 3893 1581 3936; x_wconf 92' lang='lat'>:</span> <span class='ocrx_word' id='word_1_421' title='bbox 1596 3876 1748 3956; x_wconf 87' lang='lat' dir='ltr'>quoniam</span> 
     </span>
     <span class='ocr_line' id='line_1_69' title="bbox 1003 3972 1745 4055; baseline 0.003 -21"><span class='ocrx_word' id='word_1_422' title='bbox 1003 3973 1048 4035; x_wconf 93' lang='lat' dir='ltr'>ira</span> <span class='ocrx_word' id='word_1_423' title='bbox 1071 3991 1142 4053; x_wconf 70' lang='lat' dir='ltr'>quat</span> <span class='ocrx_word' id='word_1_424' title='bbox 1165 3972 1198 4034; x_wconf 91' lang='lat' dir='ltr'>in</span> <span class='ocrx_word' id='word_1_425' title='bbox 1222 3990 1304 4036; x_wconf 87' lang='lat' dir='ltr'>novo</span> <span class='ocrx_word' id='word_1_426' title='bbox 1321 3973 1522 4036; x_wconf 88' lang='lat' dir='ltr'>Testamento</span> <span class='ocrx_word' id='word_1_427' title='bbox 1547 3974 1745 4055; x_wconf 86' lang='lat' dir='ltr'>prohibetur,</span> 
     </span>
     <span class='ocr_line' id='line_1_70' title="bbox 1001 4071 1748 4153; baseline 0.001 -19"><span class='ocrx_word' id='word_1_428' title='bbox 1001 4080 1049 4134; x_wconf 87' lang='lat' dir='ltr'>est</span> <span class='ocrx_word' id='word_1_429' title='bbox 1064 4090 1164 4132; x_wconf 94' lang='lat' dir='ltr'>unum</span> <span class='ocrx_word' id='word_1_430' title='bbox 1176 4072 1215 4134; x_wconf 91' lang='lat' dir='ltr'>de</span> <span class='ocrx_word' id='word_1_431' title='bbox 1226 4080 1348 4153; x_wconf 88' lang='lat' dir='ltr'>septem</span> <span class='ocrx_word' id='word_1_432' title='bbox 1360 4071 1497 4153; x_wconf 89' lang='lat' dir='ltr'>pcccatis</span> <span class='ocrx_word' id='word_1_433' title='bbox 1508 4073 1748 4148; x_wconf 86' lang='lat' dir='ltr'>mortalibus‚ct</span> 
     </span>
     <span class='ocr_line' id='line_1_71' title="bbox 1001 4169 1747 4253; baseline 0.004 -22"><span class='ocrx_word' id='word_1_434' title='bbox 1001 4189 1127 4252; x_wconf 85' lang='lat' dir='ltr'>semper</span> <span class='ocrx_word' id='word_1_435' title='bbox 1138 4169 1200 4231; x_wconf 88' lang='lat' dir='ltr'>luit</span> <span class='ocrx_word' id='word_1_436' title='bbox 1212 4169 1334 4246; x_wconf 89' lang='lat' dir='ltr'>illicita,</span> <span class='ocrx_word' id='word_1_437' title='bbox 1343 4179 1439 4251; x_wconf 87' lang='lat' dir='ltr'>atque</span> <span class='ocrx_word' id='word_1_438' title='bbox 1450 4171 1483 4231; x_wconf 95' lang='lat' dir='ltr'>in</span> <span class='ocrx_word' id='word_1_439' title='bbox 1495 4170 1563 4249; x_wconf 74' lang='lat' dir='ltr'>lege</span> <span class='ocrx_word' id='word_1_440' title='bbox 1574 4180 1605 4234; x_wconf 91' lang='lat' dir='ltr'>ct</span> <span class='ocrx_word' id='word_1_441' title='bbox 1615 4171 1747 4253; x_wconf 88' lang='lat' dir='ltr'>Prophe·</span> 
     </span>
    </p>
   </div>
   <div class='ocr_carea' id='block_1_12' title="bbox 191 4264 1745 4351">
    <p class='ocr_par' dir='ltr' id='par_1_13' title="bbox 191 4264 1745 4351">
     <span class='ocr_line' id='line_1_72' title="bbox 191 4264 1745 4351; baseline 0.005 -23"><span class='ocrx_word' id='word_1_442' title='bbox 191 4266 234 4342; x_wconf 92' lang='lat' dir='ltr'>le,</span> <span class='ocrx_word' id='word_1_443' title='bbox 253 4267 308 4328; x_wconf 89' lang='lat' dir='ltr'>sed</span> <span class='ocrx_word' id='word_1_444' title='bbox 331 4264 569 4328; x_wconf 92' lang='lat' dir='ltr'>matrimonium</span> <span class='ocrx_word' id='word_1_445' title='bbox 592 4285 702 4330; x_wconf 91' lang='lat' dir='ltr'>verum</span> <span class='ocrx_word' id='word_1_446' title='bbox 724 4279 840 4332; x_wconf 90' lang='lat' dir='ltr'>manet.</span> <span class='ocrx_word' id='word_1_447' title='bbox 857 4270 983 4336; x_wconf 90' lang='lat' dir='ltr'>Unch</span> <span class='ocrx_word' id='word_1_448' title='bbox 1002 4270 1042 4331; x_wconf 89' lang='lat' dir='ltr'>tis</span> <span class='ocrx_word' id='word_1_449' title='bbox 1058 4269 1243 4351; x_wconf 80' lang='lat' dir='ltr'>frequenter</span> <span class='ocrx_word' id='word_1_450' title='bbox 1259 4268 1538 4351; x_wconf 89' lang='lat' dir='ltr'>prohibita,quum</span> <span class='ocrx_word' id='word_1_451' title='bbox 1556 4270 1588 4332; x_wconf 94' lang='lat' dir='ltr'>in</span> <span class='ocrx_word' id='word_1_452' title='bbox 1606 4270 1745 4335; x_wconf 85' lang='lat' dir='ltr'>Levitico</span> 
     </span>
    </p>
   </div>
   <div class='ocr_carea' id='block_1_13' title="bbox 187 4364 945 5432">
    <p class='ocr_par' dir='ltr' id='par_1_14' title="bbox 187 4364 945 5432">
     <span class='ocr_line' id='line_1_73' title="bbox 190 4364 945 4444; baseline 0.005 -18"><span class='ocrx_word' id='word_1_453' title='bbox 190 4364 370 4427; x_wconf 90' lang='lat' dir='ltr'>seeundum</span> <span class='ocrx_word' id='word_1_454' title='bbox 387 4364 611 4444; x_wconf 79' lang='lat' dir='ltr'>Augustinum,</span> <span class='ocrx_word' id='word_1_455' title='bbox 630 4366 712 4428; x_wconf 92' lang='lat' dir='ltr'>lnter</span> <span class='ocrx_word' id='word_1_456' title='bbox 728 4367 870 4430; x_wconf 86' lang='lat' dir='ltr'>viventes</span> <span class='ocrx_word' id='word_1_457' title='bbox 882 4388 945 4430; x_wconf 92' lang='lat' dir='ltr'>ma-</span> 
     </span>
     <span class='ocr_line' id='line_1_74' title="bbox 190 4459 944 4548; baseline 0.004 -23"><span class='ocrx_word' id='word_1_458' title='bbox 190 4471 250 4526; x_wconf 91' lang='lat' dir='ltr'>net</span> <span class='ocrx_word' id='word_1_459' title='bbox 265 4462 435 4544; x_wconf 80' lang='lat' dir='ltr'>conjugale</span> <span class='ocrx_word' id='word_1_460' title='bbox 452 4459 627 4540; x_wconf 74' lang='lat' dir='ltr'>vinculum,</span> <span class='ocrx_word' id='word_1_461' title='bbox 645 4466 731 4546; x_wconf 90' lang='lat' dir='ltr'>quod</span> <span class='ocrx_word' id='word_1_462' title='bbox 748 4485 806 4528; x_wconf 89' lang='lat' dir='ltr'>nee</span> <span class='ocrx_word' id='word_1_463' title='bbox 822 4485 944 4548; x_wconf 90' lang='lat' dir='ltr'>separa-</span> 
     </span>
     <span class='ocr_line' id='line_1_75' title="bbox 190 4562 940 4645; baseline 0.003 -21"><span class='ocrx_word' id='word_1_464' title='bbox 190 4563 252 4638; x_wconf 92' lang='lat' dir='ltr'>tio,</span> <span class='ocrx_word' id='word_1_465' title='bbox 263 4580 368 4642; x_wconf 87' lang='lat' dir='ltr'>neque</span> <span class='ocrx_word' id='word_1_466' title='bbox 379 4581 452 4623; x_wconf 89' lang='lat' dir='ltr'>cum</span> <span class='ocrx_word' id='word_1_467' title='bbox 464 4562 527 4624; x_wconf 91' lang='lat' dir='ltr'>alio</span> <span class='ocrx_word' id='word_1_468' title='bbox 540 4563 664 4643; x_wconf 87' lang='lat' dir='ltr'>junctio</span> <span class='ocrx_word' id='word_1_469' title='bbox 680 4572 782 4645; x_wconf 89' lang='lat' dir='ltr'>potest</span> <span class='ocrx_word' id='word_1_470' title='bbox 798 4564 940 4628; x_wconf 89' lang='lat' dir='ltr'>aulerre:</span> 
     </span>
     <span class='ocr_line' id='line_1_76' title="bbox 190 4659 942 4738; baseline 0.003 -16"><span class='ocrx_word' id='word_1_471' title='bbox 190 4659 316 4722; x_wconf 87' lang='lat' dir='ltr'>ideirco</span> <span class='ocrx_word' id='word_1_472' title='bbox 327 4678 391 4722; x_wconf 93' lang='lat' dir='ltr'>non</span> <span class='ocrx_word' id='word_1_473' title='bbox 408 4659 482 4722; x_wconf 91' lang='lat' dir='ltr'>licet</span> <span class='ocrx_word' id='word_1_474' title='bbox 494 4659 561 4736; x_wconf 93' lang='lat' dir='ltr'>uni,</span> <span class='ocrx_word' id='word_1_475' title='bbox 574 4660 636 4724; x_wconf 89' lang='lat' dir='ltr'>alie</span> <span class='ocrx_word' id='word_1_476' title='bbox 653 4661 836 4738; x_wconf 85' lang='lat' dir='ltr'>vivente,ad</span> <span class='ocrx_word' id='word_1_477' title='bbox 848 4662 942 4724; x_wconf 86' lang='lat' dir='ltr'>aliam</span> 
     </span>
     <span class='ocr_line' id='line_1_77' title="bbox 190 4757 942 4842; baseline 0.003 -22"><span class='ocrx_word' id='word_1_478' title='bbox 190 4757 332 4820; x_wconf 89' lang='lat' dir='ltr'>transire</span> <span class='ocrx_word' id='word_1_479' title='bbox 356 4758 516 4840; x_wconf 88' lang='lat' dir='ltr'>copulam.</span> <span class='ocrx_word' id='word_1_480' title='bbox 543 4759 622 4821; x_wconf 91' lang='lat' dir='ltr'>lline</span> <span class='ocrx_word' id='word_1_481' title='bbox 646 4779 741 4842; x_wconf 91' lang='lat' dir='ltr'>super</span> <span class='ocrx_word' id='word_1_482' title='bbox 765 4760 942 4824; x_wconf 83' lang='lat' dir='ltr'>Matthaeum</span> 
     </span>
     <span class='ocr_line' id='line_1_78' title="bbox 189 4855 943 4941; baseline 0.003 -21"><span class='ocrx_word' id='word_1_483' title='bbox 189 4855 308 4920; x_wconf 92' lang='lat' dir='ltr'>scribit</span> <span class='ocrx_word' id='word_1_484' title='bbox 330 4857 566 4938; x_wconf 82' lang='lat' dir='ltr'>Hieronymus:</span> <span class='ocrx_word' id='word_1_485' title='bbox 591 4857 668 4932; x_wconf 84' lang='lat' dir='ltr'>Ouia</span> <span class='ocrx_word' id='word_1_486' title='bbox 691 4859 834 4922; x_wconf 88' lang='lat' dir='ltr'>accidere</span> <span class='ocrx_word' id='word_1_487' title='bbox 856 4868 943 4941; x_wconf 80' lang='lat' dir='ltr'>pote</span> 
     </span>
     <span class='ocr_line' id='line_1_79' title="bbox 189 4954 943 5035; baseline 0.007 -19"><span class='ocrx_word' id='word_1_488' title='bbox 189 4963 254 5028; x_wconf 89' lang='lat' dir='ltr'>rat,</span> <span class='ocrx_word' id='word_1_489' title='bbox 268 4962 302 5016; x_wconf 91' lang='lat' dir='ltr'>ut</span> <span class='ocrx_word' id='word_1_490' title='bbox 317 4954 433 5035; x_wconf 90' lang='lat' dir='ltr'>aliquis</span> <span class='ocrx_word' id='word_1_491' title='bbox 450 4954 500 5016; x_wconf 78' lang='lat' dir='ltr'>vir</span> <span class='ocrx_word' id='word_1_492' title='bbox 511 4954 702 5018; x_wconf 90' lang='lat' dir='ltr'>calumniam</span> <span class='ocrx_word' id='word_1_493' title='bbox 722 4956 839 5019; x_wconf 84' lang='lat' dir='ltr'>iaceret</span> <span class='ocrx_word' id='word_1_494' title='bbox 856 4958 943 5021; x_wconf 91' lang='lat' dir='ltr'>inno·</span> 
     </span>
     <span class='ocr_line' id='line_1_80' title="bbox 188 5053 943 5137; baseline -0.001 -19"><span class='ocrx_word' id='word_1_495' title='bbox 188 5053 279 5118; x_wconf 90' lang='lat' dir='ltr'>centi</span> <span class='ocrx_word' id='word_1_496' title='bbox 297 5053 399 5130; x_wconf 88' lang='lat' dir='ltr'>uxori,</span> <span class='ocrx_word' id='word_1_497' title='bbox 418 5062 449 5115; x_wconf 88' lang='lat' dir='ltr'>et</span> <span class='ocrx_word' id='word_1_498' title='bbox 471 5053 512 5116; x_wconf 91' lang='lat' dir='ltr'>ob</span> <span class='ocrx_word' id='word_1_499' title='bbox 532 5057 702 5117; x_wconf 89' lang='lat' dir='ltr'>secundam</span> <span class='ocrx_word' id='word_1_500' title='bbox 724 5055 870 5137; x_wconf 87' lang='lat' dir='ltr'>copulam</span> <span class='ocrx_word' id='word_1_501' title='bbox 888 5076 943 5118; x_wconf 90' lang='lat' dir='ltr'>nu-</span> 
     </span>
     <span class='ocr_line' id='line_1_81' title="bbox 187 5151 941 5235; baseline 0.005 -22"><span class='ocrx_word' id='word_1_502' title='bbox 187 5151 528 5235; x_wconf 85' lang='lat' dir='ltr'>ptiarum,reteri,hoc</span> <span class='ocrx_word' id='word_1_503' title='bbox 544 5162 591 5214; x_wconf 90' lang='lat' dir='ltr'>est</span> <span class='ocrx_word' id='word_1_504' title='bbox 606 5153 703 5235; x_wconf 94' lang='lat' dir='ltr'>priori</span> <span class='ocrx_word' id='word_1_505' title='bbox 722 5153 941 5231; x_wconf 87' lang='lat' dir='ltr'>uxori‚crimen</span> 
     </span>
     <span class='ocr_line' id='line_1_82' title="bbox 189 5249 942 5333; baseline 0.001 -19"><span class='ocrx_word' id='word_1_506' title='bbox 189 5249 398 5332; x_wconf 83' lang='lat' dir='ltr'>impingeret,</span> <span class='ocrx_word' id='word_1_507' title='bbox 413 5251 458 5313; x_wconf 89' lang='lat' dir='ltr'>sic</span> <span class='ocrx_word' id='word_1_508' title='bbox 474 5251 522 5312; x_wconf 92' lang='lat' dir='ltr'>vir</span> <span class='ocrx_word' id='word_1_509' title='bbox 538 5251 676 5333; x_wconf 91' lang='lat' dir='ltr'>priorem</span> <span class='ocrx_word' id='word_1_510' title='bbox 692 5252 822 5333; x_wconf 86' lang='lat' dir='ltr'>jubetur</span> <span class='ocrx_word' id='word_1_511' title='bbox 837 5253 942 5315; x_wconf 92' lang='lat' dir='ltr'>dimit-</span> 
     </span>
     <span class='ocr_line' id='line_1_83' title="bbox 188 5351 941 5432; baseline 0 -18"><span class='ocrx_word' id='word_1_512' title='bbox 188 5362 260 5414; x_wconf 83' lang='lat' dir='ltr'>tere</span> <span class='ocrx_word' id='word_1_513' title='bbox 278 5367 421 5426; x_wconf 82' lang='lat' dir='ltr'>uxorem,</span> <span class='ocrx_word' id='word_1_514' title='bbox 440 5359 475 5411; x_wconf 91' lang='lat' dir='ltr'>ut</span> <span class='ocrx_word' id='word_1_515' title='bbox 500 5352 670 5414; x_wconf 89' lang='lat' dir='ltr'>secundam</span> <span class='ocrx_word' id='word_1_516' title='bbox 690 5351 793 5432; x_wconf 88' lang='lat' dir='ltr'>prima</span> <span class='ocrx_word' id='word_1_517' title='bbox 814 5352 941 5416; x_wconf 88' lang='lat' dir='ltr'>vivente</span> 
     </span>
    </p>
   </div>
   <div class='ocr_carea' id='block_1_14' title="bbox 1000 4367 1891 4845">
    <p class='ocr_par' dir='ltr' id='par_1_15' title="bbox 1000 4367 1891 4547">
     <span class='ocr_line' id='line_1_84' title="bbox 1000 4367 1891 4454; baseline 0.01 -24"><span class='ocrx_word' id='word_1_518' title='bbox 1000 4367 1155 4450; x_wconf 90' lang='lat' dir='ltr'>scriptum</span> <span class='ocrx_word' id='word_1_519' title='bbox 1175 4368 1243 4430; x_wconf 91' lang='lat' dir='ltr'>sit:</span> <span class='ocrx_word' id='word_1_520' title='bbox 1265 4367 1331 4430; x_wconf 92' lang='lat' dir='ltr'>Non</span> <span class='ocrx_word' id='word_1_521' title='bbox 1352 4387 1475 4448; x_wconf 80' lang='lat' dir='ltr'>quaeres</span> <span class='ocrx_word' id='word_1_522' title='bbox 1496 4368 1660 4454; x_wconf 86' lang='lat' dir='ltr'>ultionem,</span> <span class='ocrx_word' id='word_1_523' title='bbox 1688 4389 1745 4432; x_wconf 91' lang='lat' dir='ltr'>nee</span> <span class='ocrx_word' id='word_1_524' title='bbox 1779 4396 1833 4439; x_wconf 68' lang='lat' dir='ltr'>na.</span> <span class='ocrx_word' id='word_1_525' title='bbox 1848 4411 1891 4447; x_wconf 67' lang='lat' dir='ltr'>xo,</span> 
     </span>
     <span class='ocr_line' id='line_1_85' title="bbox 1000 4462 1792 4547; baseline 0.001 -18"><span class='ocrx_word' id='word_1_526' title='bbox 1000 4485 1122 4529; x_wconf 93' lang='lat' dir='ltr'>memor</span> <span class='ocrx_word' id='word_1_527' title='bbox 1146 4465 1209 4530; x_wconf 90' lang='lat' dir='ltr'>eris</span> <span class='ocrx_word' id='word_1_528' title='bbox 1233 4466 1360 4547; x_wconf 84' lang='lat' dir='ltr'>injuriae</span> <span class='ocrx_word' id='word_1_529' title='bbox 1384 4466 1502 4528; x_wconf 87' lang='lat' dir='ltr'>civium</span> <span class='ocrx_word' id='word_1_530' title='bbox 1529 4476 1665 4529; x_wconf 91' lang='lat' dir='ltr'>tuorum.</span> <span class='ocrx_word' id='word_1_531' title='bbox 1688 4467 1746 4530; x_wconf 85' lang='lat' dir='ltr'>Per</span> <span class='ocrx_word' id='word_1_532' title='bbox 1761 4462 1792 4501; x_wconf 78' lang='lat'>¹⁸·</span> 
     </span>
    </p>

    <p class='ocr_par' dir='ltr' id='par_1_16' title="bbox 1000 4559 1743 4646">
     <span class='ocr_line' id='line_1_86' title="bbox 1000 4559 1743 4646; baseline 0.001 -20"><span class='ocrx_word' id='word_1_533' title='bbox 1000 4584 1071 4646; x_wconf 85' lang='lat' dir='ltr'>quae</span> <span class='ocrx_word' id='word_1_534' title='bbox 1092 4564 1199 4641; x_wconf 84' lang='lat' dir='ltr'>verba,</span> <span class='ocrx_word' id='word_1_535' title='bbox 1223 4565 1269 4627; x_wconf 92' lang='lat' dir='ltr'>ira</span> <span class='ocrx_word' id='word_1_536' title='bbox 1297 4565 1461 4628; x_wconf 87' lang='lat' dir='ltr'>evidenter</span> <span class='ocrx_word' id='word_1_537' title='bbox 1485 4559 1618 4640; x_wconf 85' lang='lat' dir='ltr'>vetatur,</span> <span class='ocrx_word' id='word_1_538' title='bbox 1644 4585 1743 4646; x_wconf 88' lang='lat' dir='ltr'>quum</span> 
     </span>
    </p>

    <p class='ocr_par' dir='ltr' id='par_1_17' title="bbox 1000 4663 1745 4845">
     <span class='ocr_line' id='line_1_87' title="bbox 1000 4663 1745 4746; baseline 0.003 -22"><span class='ocrx_word' id='word_1_539' title='bbox 1000 4663 1069 4745; x_wconf 91' lang='lat' dir='ltr'>ipsa</span> <span class='ocrx_word' id='word_1_540' title='bbox 1085 4664 1126 4725; x_wconf 92' lang='lat' dir='ltr'>sit</span> <span class='ocrx_word' id='word_1_541' title='bbox 1148 4663 1307 4745; x_wconf 87' lang='lat' dir='ltr'>appetitus</span> <span class='ocrx_word' id='word_1_542' title='bbox 1322 4663 1481 4739; x_wconf 70' lang='lat' dir='ltr'>vindictae,</span> <span class='ocrx_word' id='word_1_543' title='bbox 1500 4664 1664 4746; x_wconf 89' lang='lat' dir='ltr'>pariatque</span> <span class='ocrx_word' id='word_1_544' title='bbox 1680 4683 1745 4726; x_wconf 83' lang='lat' dir='ltr'>me</span> 
     </span>
     <span class='ocr_line' id='line_1_88' title="bbox 1000 4762 1745 4845; baseline 0 -21"><span class='ocrx_word' id='word_1_545' title='bbox 1000 4762 1133 4825; x_wconf 90' lang='lat' dir='ltr'>moriam</span> <span class='ocrx_word' id='word_1_546' title='bbox 1157 4763 1252 4825; x_wconf 75' lang='lat' dir='ltr'>illatae</span> <span class='ocrx_word' id='word_1_547' title='bbox 1275 4763 1412 4844; x_wconf 69' lang='lat' dir='ltr'>injuriat.</span> <span class='ocrx_word' id='word_1_548' title='bbox 1429 4763 1508 4826; x_wconf 92' lang='lat' dir='ltr'>llinc</span> <span class='ocrx_word' id='word_1_549' title='bbox 1529 4762 1645 4845; x_wconf 89' lang='lat' dir='ltr'>Josepb</span> <span class='ocrx_word' id='word_1_550' title='bbox 1664 4762 1745 4825; x_wconf 83' lang='lat' dir='ltr'>dixit</span> 
     </span>
    </p>
   </div>
   <div class='ocr_carea' id='block_1_15' title="bbox 1001 4860 1890 5061">
    <p class='ocr_par' dir='ltr' id='par_1_18' title="bbox 1001 4860 1890 5061">
     <span class='ocr_line' id='line_1_89' title="bbox 1001 4860 1890 4935; baseline 0.006 -13"><span class='ocrx_word' id='word_1_551' title='bbox 1001 4860 1151 4923; x_wconf 89' lang='lat' dir='ltr'>iratribus</span> <span class='ocrx_word' id='word_1_552' title='bbox 1172 4861 1238 4923; x_wconf 89' lang='lat' dir='ltr'>suis</span> <span class='ocrx_word' id='word_1_553' title='bbox 1256 4879 1262 4923; x_wconf 93' lang='lat'>:</span> <span class='ocrx_word' id='word_1_554' title='bbox 1280 4861 1324 4924; x_wconf 89' lang='lat' dir='ltr'>Ne</span> <span class='ocrx_word' id='word_1_555' title='bbox 1346 4860 1527 4923; x_wconf 89' lang='lat' dir='ltr'>irascamini</span> <span class='ocrx_word' id='word_1_556' title='bbox 1552 4861 1584 4923; x_wconf 95' lang='lat' dir='ltr'>in</span> <span class='ocrx_word' id='word_1_557' title='bbox 1607 4861 1669 4924; x_wconf 90' lang='lat' dir='ltr'>via.</span> <span class='ocrx_word' id='word_1_558' title='bbox 1693 4862 1744 4924; x_wconf 90' lang='lat' dir='ltr'>Sa·</span> <span class='ocrx_word' id='word_1_559' title='bbox 1779 4883 1890 4935; x_wconf 60' lang='lat' dir='ltr'>ceant,</span> 
     </span>
     <span class='ocr_line' id='line_1_90' title="bbox 1771 4949 1889 5061; baseline 0.008 -10"><span class='ocrx_word' id='word_1_560' title='bbox 1771 4949 1889 5061; x_wconf 56' lang='lat' dir='ltr'>iicelmu,</span> 
     </span>
    </p>
   </div>
   <div class='ocr_carea' id='block_1_16' title="bbox 997 4949 1873 5414">
    <p class='ocr_par' dir='ltr' id='par_1_19' title="bbox 998 4949 1792 5239">
     <span class='ocr_line' id='line_1_91' title="bbox 999 4949 1770 5041; baseline 0.004 -21"><span class='ocrx_word' id='word_1_561' title='bbox 999 4959 1106 5022; x_wconf 93' lang='lat' dir='ltr'>lomon</span> <span class='ocrx_word' id='word_1_562' title='bbox 1132 4977 1283 5040; x_wconf 87' lang='lat' dir='ltr'>quoque:</span> <span class='ocrx_word' id='word_1_563' title='bbox 1309 4959 1424 5035; x_wconf 88' lang='lat' dir='ltr'>Nesis,</span> <span class='ocrx_word' id='word_1_564' title='bbox 1449 4959 1565 5041; x_wconf 89' lang='lat' dir='ltr'>inquit,</span> <span class='ocrx_word' id='word_1_565' title='bbox 1593 4961 1684 5023; x_wconf 83' lang='lat' dir='ltr'>velox</span> <span class='ocrx_word' id='word_1_566' title='bbox 1703 4949 1770 5023; x_wconf 77' lang='lat' dir='ltr'>ad²</span> 
     </span>
     <span class='ocr_line' id='line_1_92' title="bbox 998 5057 1792 5141; baseline 0.008 -24"><span class='ocrx_word' id='word_1_567' title='bbox 998 5057 1211 5132; x_wconf 88' lang='lat' dir='ltr'>irascendum,</span> <span class='ocrx_word' id='word_1_568' title='bbox 1224 5059 1299 5139; x_wconf 84' lang='lat' dir='ltr'>quia</span> <span class='ocrx_word' id='word_1_569' title='bbox 1315 5059 1362 5120; x_wconf 91' lang='lat' dir='ltr'>ira</span> <span class='ocrx_word' id='word_1_570' title='bbox 1377 5058 1410 5119; x_wconf 92' lang='lat' dir='ltr'>in</span> <span class='ocrx_word' id='word_1_571' title='bbox 1427 5058 1500 5120; x_wconf 88' lang='lat' dir='ltr'>sinu</span> <span class='ocrx_word' id='word_1_572' title='bbox 1516 5059 1604 5121; x_wconf 86' lang='lat' dir='ltr'>stulti</span> <span class='ocrx_word' id='word_1_573' title='bbox 1622 5061 1744 5141; x_wconf 90' lang='lat' dir='ltr'>requie·</span> <span class='ocrx_word' id='word_1_574' title='bbox 1759 5075 1792 5115; x_wconf 83' lang='lat'>¹⁰·</span> 
     </span>
     <span class='ocr_line' id='line_1_93' title="bbox 999 5155 1744 5239; baseline 0.008 -23"><span class='ocrx_word' id='word_1_575' title='bbox 999 5155 1068 5218; x_wconf 90' lang='lat' dir='ltr'>seit.</span> <span class='ocrx_word' id='word_1_576' title='bbox 1080 5155 1158 5216; x_wconf 90' lang='lat' dir='ltr'>ilinc</span> <span class='ocrx_word' id='word_1_577' title='bbox 1174 5157 1206 5216; x_wconf 95' lang='lat' dir='ltr'>in</span> <span class='ocrx_word' id='word_1_578' title='bbox 1219 5156 1277 5218; x_wconf 89' lang='lat' dir='ltr'>lob</span> <span class='ocrx_word' id='word_1_579' title='bbox 1289 5156 1431 5239; x_wconf 79' lang='lat' dir='ltr'>liliphaz,</span> <span class='ocrx_word' id='word_1_580' title='bbox 1445 5156 1545 5235; x_wconf 79' lang='lat' dir='ltr'>legem</span> <span class='ocrx_word' id='word_1_581' title='bbox 1563 5166 1683 5220; x_wconf 84' lang='lat' dir='ltr'>naturae</span> <span class='ocrx_word' id='word_1_582' title='bbox 1698 5179 1744 5222; x_wconf 88' lang='lat' dir='ltr'>se·</span> 
     </span>
    </p>

    <p class='ocr_par' dir='ltr' id='par_1_20' title="bbox 997 5254 1873 5414">
     <span class='ocr_line' id='line_1_94' title="bbox 997 5254 1873 5334; baseline 0.01 -20"><span class='ocrx_word' id='word_1_583' title='bbox 997 5273 1110 5334; x_wconf 90' lang='lat' dir='ltr'>quens,</span> <span class='ocrx_word' id='word_1_584' title='bbox 1127 5254 1293 5316; x_wconf 87' lang='lat' dir='ltr'>disseruit:</span> <span class='ocrx_word' id='word_1_585' title='bbox 1307 5255 1417 5317; x_wconf 89' lang='lat' dir='ltr'>Virum</span> <span class='ocrx_word' id='word_1_586' title='bbox 1434 5255 1567 5316; x_wconf 90' lang='lat' dir='ltr'>stultum</span> <span class='ocrx_word' id='word_1_587' title='bbox 1588 5255 1744 5320; x_wconf 89' lang='lat' dir='ltr'>interlicil</span> <span class='ocrx_word' id='word_1_588' title='bbox 1770 5281 1842 5332; x_wconf 62' lang='lat' dir='ltr'>rota,</span> <span class='ocrx_word' id='word_1_589' title='bbox 1854 5285 1873 5323; x_wconf 78' lang='lat' dir='ltr'>a.</span> 
     </span>
     <span class='ocr_line' id='line_1_95' title="bbox 997 5350 1172 5414; baseline 0 -2"><span class='ocrx_word' id='word_1_590' title='bbox 997 5350 1172 5414; x_wconf 90' lang='lat' dir='ltr'>iracundia.</span> 
     </span>
    </p>
   </div>
   <div class='ocr_carea' id='block_1_17' title="bbox 0 0 2160 6259">
    <p class='ocr_par' dir='ltr' id='par_1_21' title="bbox 0 0 2160 6259">
     <span class='ocr_line' id='line_1_96' title="bbox 0 0 2160 6259; baseline 0 5"><span class='ocrx_word' id='word_1_591' title='bbox 0 0 2160 6259; x_wconf 95' lang='lat' dir='ltr'> </span> 
     </span>
    </p>
   </div>
  </div>
 </body>
</html>
