4309 6259
455 488 515 554 '292

827 509 1000 556 snnnnnnto
1022 510 1052 555 ΙΝ
1074 510 1143 556 CAP.
1165 510 1227 557 XXV
1249 510 1385 556 Lllllll'lGl.
1407 529 1447 540 -
1468 512 1539 558 aar.
1562 511 1631 557 xttt

452 688 559 744 autem
576 679 885 762 multiplicatamlld
900 681 985 761 quod
1001 681 1065 743 diei
1081 688 1195 762 potest,
1213 679 1237 741 Α
1252 699 1348 763 opera
1362 682 1497 763 pictatis,
1508 683 1624 764 quibus
1640 680 1685 743 nil
1701 680 1851 744 vanitatis
1866 679 1906 740 sit
1923 679 1999 740 mix·

453 779 538 858 quod
553 778 700 841 homines
718 777 883 860 proniores
900 779 1030 840 suntad
1047 776 1199 857 diripien-

453 876 529 938 dum
553 876 677 938 occulte
700 875 783 938 bona
803 875 1061 956 aliorum,quam
1084 876 1124 936 ad
1147 875 1199 938 lee-

453 974 592 1036 dendum
602 993 656 1038 eos
667 983 775 1057 aperte
786 974 819 1035 in
831 974 960 1056 propria
970 993 1080 1036 eorum
1094 991 1200 1054 perso

453 1091 504 1135 na.
518 1073 589 1136 ldeo
605 1073 685 1135 illud
701 1072 870 1154 oportebat
885 1091 942 1154 por
953 1071 1198 1153 multiplicatam

453 1190 580 1253 poenam
603 1171 763 1252 restringi.
786 1172 842 1233 Est
866 1179 972 1233 autem
995 1171 1141 1251 quaestio,
1158 1189 1198 1232 an

454 1270 546 1332 laesus
563 1271 596 1332 in
612 1288 746 1351 corpore
760 1279 814 1332 aut
830 1268 1012 1350 injuriatus,
1025 1276 1150 1350 poterat
1165 1287 1200 1331 se

455 1368 579 1444 ulcisci,
595 1368 717 1449 absque
742 1368 861 1450 praevia
885 1366 1003 1447 judicis
1028 1367 1196 1429 sententia.

321 1469 440 1519 End-¹¹¹·
457 1466 517 1528 Sed
533 1467 572 1529 de
588 1466 649 1528 hoc
665 1485 761 1547 super
776 1466 917 1528 Exodum
935 1466 1054 1527 dictum
1071 1474 1129 1527 est.

307 1533 443 1650 wigii.
496 1565 657 1628 Postremo
671 1565 711 1626 de
727 1563 885 1645 spirituali
900 1565 996 1645 hujus
1005 1564 1138 1645 capituli
1155 1564 1199 1625 in-

307 1658 400 1701 fimi·-
457 1662 633 1743 tclligentia
647 1662 827 1725 introducta
847 1669 922 1723 sunt
937 1661 1047 1737 multa,
1068 1681 1199 1743 praesor-

455 1760 512 1822 tim
535 1779 631 1842 super
650 1760 803 1823 Exodum.
824 1759 1051 1840 Cognoscimus
1070 1779 1197 1841 quoque

1254 790 1331 857 tum,
1348 799 1387 842 ex
1407 781 1524 860 quibus
1545 778 1715 842 foveantur
1730 784 1882 847 lucerne,
1899 778 1930 840 id
1951 785 1999 839 ost

1253 878 1380 941 claritas
1400 879 1491 942 bonae
1511 877 1615 955 famia,
1629 897 1732 941 sermo
1749 876 1996 960 praedicationis,

1253 987 1284 1040 et
1314 977 1421 1040 lumen
1451 978 1592 1040 scientiae
1618 976 1776 1039 salutaris.
1804 975 1861 1048 Qui
1891 983 1997 1037 autem

1254 1077 1396 1138 nondum
1412 1076 1634 1156 aequanimiter
1646 1075 1730 1138 serre
1747 1080 1849 1155 potest
1865 1081 1918 1134 aut
1929 1073 1999 1134 vult

1255 1173 1358 1236 illatas
1375 1173 1436 1236 sibi
1454 1175 1716 1255 injurias,saltem
1734 1191 1796 1234 non
1812 1171 1919 1252 cupiat
1936 1189 2000 1232 ma—

1252 1273 1304 1353 jus
1331 1273 1449 1335 malum
1477 1273 1662 1354 rependere,
1690 1289 1748 1333 noc
1773 1269 1902 1350 gravius
1929 1268 2000 1330 vin-

1254 1368 1371 1432 dicare.
1399 1369 1504 1432 Potius
1530 1387 1604 1433 vero
1628 1369 1728 1431 simus
1756 1375 1866 1430 contra
1890 1365 1999 1428 omnia

1254 1468 1404 1530 vitiorum
1420 1476 1451 1530 et
1468 1467 1678 1529 tentationum
1695 1465 1814 1547 praelia,
1834 1463 1999 1545 impugna-

1254 1565 1357 1628 tiones
1373 1573 1404 1627 et
1420 1566 1481 1628 tela
1491 1565 1578 1628 omni
1594 1565 1712 1627 virtute
1725 1562 1837 1626 arntati
1850 1586 1857 1635 ;
1870 1561 1999 1642 sintque

1253 1667 1421 1724 rtuotteetru
1434 1685 1535 1741 panes
1556 1681 1681 1745 semper
1702 1663 1734 1724 in
1755 1680 1864 1724 mensa
1881 1658 1998 1722 animae

1253 1771 1379 1839 nostrae,
1390 1762 1449 1825 hoe
1464 1771 1512 1824 est
1527 1762 1694 1825 duodecim
1705 1759 1927 1842 Apostolorum
1944 1757 1997 1819 do

454 1878 492 1921 ex
503 1859 564 1922 isto
573 1858 724 1940 capitulo,
732 1858 869 1939 rigorem
880 1867 911 1920 et
922 1857 1195 1939 imperfectionem
1215 1867 1236 1927 Β
1252 1858 1373 1935 ctrinae,
1391 1860 1536 1933 virtutes,
1553 1859 1706 1940 exempla,
1724 1875 1781 1920 nec
1802 1873 1994 1937 quemquam
2032 1878 2131 1918 nomn.

455 1958 534 2037 legis
548 1957 708 2031 Mosaicae;
726 1956 875 2037 pietatem
892 1973 967 2018 vero
982 1965 1013 2018 et
1028 1954 1197 2037 perfectio

325 2067 438 2120 until-r.
455 2073 527 2117 nem
547 2054 738 2134 evangelion
759 2053 848 2133 legis,
867 2053 899 2114 in
919 2073 983 2134 qua
1005 2053 1195 2135 percutienti

307 2134 340 2174 ³⁰·
454 2173 551 2215 unam
567 2153 728 2214 maxillam
737 2152 915 2214 consulitur
929 2152 1028 2214 altera
1041 2152 1194 2230 exhiberi,

330 2250 716 2332 nom.111,adversariusque
738 2250 869 2331 jubetur
892 2249 1003 2325 amari,
1025 2259 1057 2312 et
1077 2251 1195 2314 malum

306 2332 340 2372 ²¹·
452 2349 538 2412 vinei
563 2350 597 2410 in
622 2348 769 2412 bonollt
793 2367 867 2410 vero
892 2366 949 2429 per
974 2347 1196 2430 blasphemum

452 2448 544 2511 illum
566 2466 604 2509 ex
625 2456 715 2529 parte
735 2446 926 2528 AEgyptium
943 2455 974 2508 et
994 2465 1031 2508 ex
1052 2456 1140 2528 parte
1156 2448 1197 2509 ls-

452 2543 608 2620 raelitam,
632 2545 813 2625 jurgantem
839 2552 948 2607 eontra
978 2564 1052 2607 eum
1075 2545 1133 2626 qui
1159 2565 1196 2608 ex

451 2651 541 2726 parte
557 2643 657 2724 patris
676 2650 709 2705 et
728 2642 838 2704 matris
858 2641 920 2704 luit
934 2643 1084 2720 israelita,
1102 2644 1196 2706 intel-

450 2741 595 2823 liguntur
609 2740 749 2804 haeretioi
764 2749 796 2804 et
812 2739 888 2803 ficte
903 2741 1022 2818 devoti,
1042 2761 1079 2805 ae
1097 2741 1195 2804 lorin-

451 2857 542 2902 secus
556 2838 645 2920 justi,
656 2839 713 2921 qui
733 2858 807 2903 vore
822 2839 994 2903 catholicos
1010 2848 1042 2902 et
1062 2840 1192 2903 devotos

449 2957 487 3000 ac
501 2939 603 3019 justos
619 2939 819 3020 impugnant.
837 2939 944 3019 ltaque
962 2938 1137 3001 atteramus
1160 2938 1194 3000 in

450 3035 622 3101 Ecclesiam
632 3037 749 3101 christi
754 3039 971 3116 purissimum
981 3038 1135 3108 oteum,id
1146 3048 1194 3100 est
1209 3040 1231 3102 C
1250 3047 1300 3101 tur
1321 3038 1424 3102 vobis

1252 1956 1492 2018 scandalizando
1505 1956 1664 2018 laedamus.
1672 1953 1754 2016 Nulli
1766 1952 1893 2016 oculum
1905 1970 1997 2013 erua-
2011 1942 2047 1983 ²¹·

1252 2074 1333 2131 mus,
1352 2055 1531 2119 inducendo
1552 2074 1625 2118 eum
1641 2055 1680 2116 ad
1696 2054 1800 2116 cordis
1816 2049 1998 2114 excaecatio

1252 2173 1336 2230 nem,
1359 2155 1572 2235 ignorantiam
1588 2154 1637 2217 vel
1658 2171 1808 2216 errorem.
1826 2151 1887 2212 Nec
1903 2167 1998 2211 excu-

1253 2253 1368 2315 tiamus
1397 2254 1493 2317 alicui
1519 2255 1645 2316 dentem
1676 2271 1739 2333 quo
1765 2251 1876 2313 teritur
1905 2248 1998 2310 cibus

1251 2351 1433 2428 cordis,nec
1449 2351 1565 2414 mentis
1581 2351 1793 2431 integritatem
1811 2347 1996 2427 frangamus

1252 2449 1284 2510 in
1301 2450 1455 2530 proximo,
1466 2469 1524 2512 nec
1539 2450 1696 2512 maculam
1707 2447 1882 2510 inferamus
1898 2443 1995 2507 alicui

1250 2565 1306 2628 per
1322 2547 1551 2609 detractionem
1570 2555 1624 2608 aut
1647 2545 1777 2627 impiam
1801 2542 1997 2605 diffamatio

1251 2663 1322 2706 nem
1341 2662 1348 2705 :
1367 2644 1430 2708 imo
1455 2644 1511 2726 qui
1535 2644 1700 2726 quidpiam
1728 2642 1838 2705 lecerit
1863 2641 1990 2716 horum,

1250 2743 1318 2824 ipse
1334 2762 1367 2805 se
1383 2743 1487 2825 ipsum
1504 2743 1660 2820 vulnerat,
1673 2749 1778 2816 oaeoat,
1797 2739 1968 2822 prosternit
1984 2762 1992 2812 3

1248 2850 1280 2903 et
1293 2845 1377 2902 sicut
1391 2844 1480 2919 fecit,
1495 2847 1550 2919 fiet
1564 2844 1608 2910 ei,
1618 2841 1707 2922 juxta
1722 2840 1807 2922 quod
1824 2838 1869 2900 ait
1886 2838 1994 2900 Salva-

1246 2949 1317 3003 tor:
1335 2939 1400 3013 Qua
1415 2958 1564 3005 mensura
1580 2939 1681 3002 mensi
1697 2936 1830 3011 fueritis,
1851 2936 1995 3000 remetie—
2009 2957 2107 3062 ²arctius
2117 2971 2126 2997 ι,

973 3469 1296 3558 ARTICULUS
1334 3469 1468 3556 xntl

473 3742 650 3790 auctuario
675 3744 849 3792 tlt'rttltatls
871 3745 1008 3792 metuunt
1030 3745 1160 3792 VlCliSlHl
1182 3745 1282 3799 OUlN'l'l
1305 3745 1311 3789 :
1337 3744 1527 3798 LOGU'l'USQUE
1548 3745 1601 3789 nst
1622 3739 1753 3791 bobinus
1774 3747 1816 3790 nb
1837 3744 1968 3792 llOYSEN.

517 4021 669 4085 lvnnsn
700 4020 733 4083 in
764 4022 824 4086 hoc
854 4023 993 4104 capitulo
1024 4024 1192 4085 traduntur

528 4128 697 4201 precepta,
709 4139 845 4201 quorum
862 4122 1005 4202 quaedam
1022 4130 1097 4182 sunt
1107 4120 1193 4182 caari-

448 4217 610 4294 monialia,
627 4219 774 4298 quadam
797 4218 972 4298 judicialia.
990 4222 1191 4298 Luctatusque

445 4325 491 4375 est
505 4317 665 4376 Dominus
685 4321 729 4376 au
748 4319 893 4392 Moysen,
908 4319 1016 4377 dicens
1026 4336 1037 4379 .·
1049 4322 1191 4396 Loquere

445 4415 527 4489 filiis
541 4417 654 4486 Israel,
670 4425 700 4474 et
719 4417 804 4474 dices
824 4417 867 4475 aei
888 4435 937 4474 eos
952 4432 964 4474 .·
981 4418 1117 4484 Quando
1139 4418 1190 4476 in-

442 4511 546 4587 pressi
559 4513 692 4588 fueritis
710 4522 843 4581 umens,
858 4532 955 4592 quarn
970 4534 1026 4590 cepo
1040 4515 1122 4572 cludo
1138 4535 1190 4574 oo-

445 4609 503 4681 bis,
519 4610 722 4671 sabbatizetis
736 4612 902 4670 sabbatum
916 4613 1066 4682 Domino,
1080 4610 1112 4671 id
1129 4619 1186 4689 est,

444 4706 484 4767 ad
511 4706 565 4769 Dei
595 4706 748 4770 honorem
776 4707 921 4788 quiescat
947 4715 1029 4770 terra
1052 4728 1071 4770 a
1096 4709 1189 4772 solita

443 4805 569 4866 cultura
593 4814 625 4868 et
649 4805 871 4880 seminatione,
889 4805 971 4868 sieut
996 4807 1029 4867 in
1056 4807 1189 4871 sabbato

298 4919 429 4975 esuum,
443 4910 585 4964 cessatur
599 4903 639 4965 ab
655 4922 750 4985 opere
767 4904 854 4966 omni
871 4905 991 4967 servili.
1009 4909 1075 4967 Seu
1090 4909 1187 4966 (tuuis

298 4987 377 5035 ‘⁰³¹¹'
442 5022 525 5060 seres
548 5023 666 5079 aprum
693 5012 796 5062 tuuin.
823 5002 909 5064 lstud
935 5012 1126 5084 preceptum
1154 5005 1186 5066 in

1246 4022 1511 4104 opinionom‚non
1528 4022 1628 4085 tiebat
1643 4021 1751 4104 aliqua
1764 4041 1910 4104 agrorum
1927 4045 1992 4088 ara·

1246 4121 1302 4198 tio,
1321 4121 1500 4197 seminatio,
1514 4121 1629 4184 messio
1645 4122 1676 4182 in
1693 4123 1828 4204 septimo
1843 4143 1939 4188 anno.
1954 4125 1992 4186 Et

1246 4220 1327 4281 hanc
1343 4219 1645 4300 opinioncmtquam
1661 4229 1692 4284 et
1706 4221 1861 4303 losephus
1876 4242 1991 4304 appro-

1246 4317 1313 4396 bat)
1337 4328 1514 4399 sequuntur
1538 4318 1683 4398 llagister
1713 4319 1744 4380 in
1775 4320 1930 4396 historiis,
1958 4333 1989 4384 ot

1243 4415 1395 4492 Andreas,
1408 4436 1445 4479 ac
1455 4417 1510 4478 alii
1525 4417 1656 4498 quidam
1672 4418 1866 4500 expositores
1882 4420 1988 4483 eatho

1244 4512 1308 4575 lici.
1336 4514 1530 4592 Augustinus
1557 4532 1632 4578 vero
1662 4522 1693 4577 et
1717 4515 1837 4593 Glossa,
1864 4537 1901 4580 ao
1930 4519 1985 4580 alii

1242 4612 1373 4693 quidam
1392 4614 1512 4690 dicunt,
1530 4615 1615 4695 quod
1638 4615 1773 4696 septimo
1795 4635 1880 4680 anno
1904 4625 1986 4680 terra

1242 4712 1459 4774 seminabatur
1478 4733 1514 4776 ae
1530 4711 1716 4789 metebatur,
1735 4722 1924 4778 nontamen
1946 4717 1984 4778 ad

1240 4811 1403 4891 propriam
1420 4811 1644 4874 seminantium
1656 4813 1984 4890 commoditatem,sed

1242 4908 1348 4990 potius
1369 4910 1407 4971 ad
1431 4929 1605 4990 pauperum
1627 4929 1705 4972 usus
1726 4929 1761 4973 ac
1782 4913 1984 4976 sustentatio·

1241 5027 1325 5070 nem.
1339 5008 1562 5070 Verumtamen
1585 5027 1621 5070 ex
1645 5008 1705 5072 isto
1722 5029 1816 5090 passu
1833 5011 1977 5088 habetur,

441 5100 549 5163 Exodo
564 5099 718 5181 scriptum
734 5110 792 5178 est,
815 5109 847 5163 et
866 5101 910 5164 ibi
927 5101 1048 5163 dilluse
1064 5104 1187 5184 exposi-
1203 5106 1326 5186 bquod
1341 5125 1463 5186 eaquae
1485 5107 1620 5188 septimo
1639 5127 1724 5170 anno
1744 5117 1857 5190 sponte
1879 5130 1983 5174 nasce

442 5206 530 5272 tum3
557 5207 668 5280 estque
692 5207 855 5262 ostensum
880 5200 1012 5276 ibidem,
1037 5204 1187 5282 quemad-

440 5297 571 5360 modum
588 5298 763 5360 secundum
773 5317 972 5361 communem
983 5299 1184 5364 llebraeorum

1241 5203 1357 5265 baritur
1373 5203 1405 5266 in
1417 5205 1675 5284 agris,venerunt
1691 5206 1724 5267 in
1739 5225 1830 5270 usum
1847 5217 1878 5270 ct
1893 5228 1981 5272 esum

1240 5320 1452 5380 communem,
1466 5312 1529 5365 tam
1550 5303 1776 5366 seminantium
1801 5324 1856 5368 seu
1882 5307 1983 5370 domi-
