4309 6259
445 482 485 546 80
833 494 1006 541 00500100
1027 494 1057 539 ux
1079 493 1147 540 aar.
1171 490 1246 538 xxxx
1267 489 1369 536 uxour.
1391 508 1431 518 -
1451 489 1523 535 Aur.
1547 488 1606 534 uvu

445 669 518 733 liter
534 670 575 733 sit
591 671 622 732 in
641 667 800 751 lapidibus
815 666 865 728 his
880 666 928 730 ris
944 674 1041 741 tanta,
1060 682 1191 745 preser-
1204 665 1230 726 A
1245 661 1475 743 temperatione
1504 667 1608 741 potest
1637 658 1698 719 boc
1726 675 1806 719 esse.
1834 654 1990 729 Quocirca

445 768 502 830 tim
526 777 560 830 ut
581 768 614 829 in
638 765 836 849 spiritualem
857 774 889 827 et
909 762 1095 826 rationalem
1117 761 1190 822 sub
1244 760 1392 823 nonnulli
1407 760 1556 821 dixerunt
1570 756 1691 836 aliquid
1706 755 1826 837 quintae
1841 752 1988 817 essentias

444 868 593 929 stantiam
624 867 670 928 sic
700 872 795 945 agant
824 873 856 927 et
886 862 1084 943 imprimant,
1111 858 1190 922 vitia
1245 859 1309 921 illis
1325 858 1439 921 inesse.
1457 857 1545 930 Quod
1559 856 1680 918 dictum
1696 852 1924 917 resolutionem
1941 870 1989 913 re-

442 966 574 1048 pellant,
588 964 785 1045 virtutesque
800 963 957 1041 ingerant.
970 960 1037 1023 Non
1053 958 1140 1020 enirn
1151 976 1189 1019 ex
1242 956 1350 1041 quirit.
1360 956 1477 1018 l'ernm
1493 955 1560 1017 llaec
1574 953 1709 1035 questio
1723 950 1801 1015 alibi
1816 950 1912 1013 babet
1929 958 1989 1011 tra·

443 1064 510 1126 sola
532 1061 775 1127 elementarium
796 1061 987 1141 qualitatum
1009 1057 1096 1119 varia
1116 1074 1190 1119 000-
1242 1056 1332 1120 ctari.
2128 1021 2134 1132 i

1016 1484 1340 1573 ARTICULUS
1373 1484 1491 1569 LVII

617 1769 794 1816 sanctuario
821 1767 994 1814 alwauxtls
1020 1766 1157 1813 cantauit
1184 1764 1313 1809 vicastttt
1340 1763 1412 1808 n'ottl
1433 1712 1522 1808 3·8ED
1549 1764 1585 1807 ΕΤ
1611 1762 1669 1808 HOC
1693 1763 1810 1809 lactea.

473 2052 485 2058 ’”
513 2051 692 2114 UALlTEll
717 2050 860 2132 pontilex
885 2058 916 2111 et
944 2045 1114 2110 interiores
1139 2064 1187 2105 sa·
1205 2042 1348 2126 BAliqui
1372 2054 1477 2107 tamen
1498 2046 1619 2122 dicunt,
1641 2048 1727 2127 quod
1746 2066 1828 2109 nnus
1848 2046 1984 2110 arietum

444 2054 500 2253 (4
523 2151 675 2226 oerdotes‚
689 2150 751 2213 lleo
765 2148 907 2228 jubente,
921 2146 985 2209 sint
1000 2142 1188 2218 consecrati,
1242 2144 1355 2207 borum
1371 2144 1569 2207 oflerebatur
1585 2145 1617 2206 in
1635 2145 1820 2208 memoriam
1835 2146 1984 2209 obedien-

441 2270 527 2314 nunc
548 2250 707 2313 recitatur.
725 2251 832 2311 Sedet
848 2250 905 2307 bor
919 2249 1032 2324 sacr'rs,
1051 2254 1087 2303 ot
1102 2244 1186 2302 rrrr'lrr'
1242 2244 1292 2304 tire
1303 2242 1447 2319 Abrahae,
1457 2244 1511 2323 qui
1529 2262 1587 2326 pro
1602 2244 1686 2306 lsaao
1702 2244 1832 2307 arietem
1848 2245 1982 2317 obtulit;

440 2352 477 2411 in
491 2350 666 2411 sacerdotio
686 2356 917 2408 consecrentur.
940 2348 1024 2407 Tolle
1043 2346 1184 2403 citellum
1239 2342 1319 2403 aiter
1335 2342 1368 2403 in
1383 2343 1570 2405 memoriam
1585 2342 1660 2423 agni
1676 2343 1834 2425 paschalis
1849 2343 1883 2404 in
1898 2343 1984 2405 exitu

323 2524 328 2534 ι
438 2453 476 2509 dc
492 2458 647 2517 armento,
658 2446 689 2507 id
705 2445 812 2523 est,de
827 2462 922 2525 grege
938 2463 993 2505 seu
1010 2440 1185 2503 multitudi·
1240 2441 1279 2502 ab
1290 2441 1423 2523 Aigypto
1437 2440 1547 2503 oblati.
1558 2441 1618 2503 Sed
1628 2442 1717 2523 Juxta
1732 2442 1813 2504 banc
1829 2442 1983 2505 rationem

440 2566 481 2610 ne
502 2547 676 2609 vitulorum
697 2544 805 2625 accipe
829 2543 964 2605 vitulum
986 2560 1098 2603 uuum.
1120 2540 1184 2601 Hoc
1239 2540 1356 2621 potius,
1382 2548 1417 2602 ut
1441 2549 1583 2622 apparet,
1605 2540 1756 2603 Dominus
1782 2542 1984 2623 precepisset

439 2646 569 2727 quidam
586 2644 632 2706 sic
647 2642 766 2724 glossat
784 2660 790 2703 :
809 2641 896 2703 Tolle
913 2640 1048 2703 vitulum
1065 2638 1098 2699 iu
1120 2658 1184 2700 me
1237 2639 1339 2720 accipi
1356 2659 1454 2701 unum
1471 2640 1613 2716 arietem,
1632 2658 1796 2721 unumque
1811 2657 1941 2720 agmun

440 2744 572 2806 moriam
590 2740 779 2824 expiationis
797 2738 918 2821 peccati
934 2739 1037 2801 Aaron
1060 2756 1117 2819 pro
1138 2737 1184 2799 la·
1277 2741 1445 2817 panesque
1459 2758 1599 2815 capnios,
1612 2746 1722 2819 utpote
1737 2756 1800 2800 uon
1817 2737 1983 2801 fermenta-

439 2841 615 2905 brioatione
630 2839 733 2903 vituli.
750 2839 837 2913 Quod
860 2857 923 2902 non
944 2845 1091 2900 censetur
1111 2855 1184 2899 con·
1238 2838 1343 2911 tos,ad
1360 2837 1586 2899 insinuandum
1603 2838 1689 2918 quod
1704 2836 1769 2899 vita
1784 2838 1983 2901 sacerdotum

437 2958 516 3020 grue
549 2940 669 3002 dictum
702 2955 708 2999 :
740 2946 822 3013 tum,
852 2936 1003 3017 quoniam
1040 2936 1181 2999 nondum
1237 2935 1348 2998 debeat
1364 2954 1433 2998 esse
1450 2935 1655 3012 sincera,nou
1671 2935 1809 2999 admixta
1825 2935 1982 3000 termento
2002 2956 2111 3003 rcere.

438 3039 641 3101 commiserat
657 3038 760 3099 Aaron
781 3037 841 3099 hoc
861 3044 1036 3117 peccatum,
1054 3033 1182 3115 quando
1237 3033 1367 3095 malitiae
1378 3053 1482 3115 neque
1493 3034 1654 3115 nequitie.
1667 3034 1754 3108 Quod
1765 3034 1841 3097 item
1852 3034 1887 3095 in
1898 3036 1984 3098 dete

438 3136 589 3200 Dominus
613 3136 708 3218 jussit
733 3135 838 3208 istud3
866 3142 944 3210 tum,
969 3133 1045 3214 quia
1065 3150 1184 3194 memo·
1237 3133 1406 3195 stationem
1422 3133 1608 3195 idololatriae
1622 3133 1746 3213 jussum
1762 3136 1982 3216 est‚quoniam

438 3236 485 3297 ria
500 3244 548 3297 est
566 3234 809 3316 praeteritorum,
828 3252 891 3295 non
917 3231 1107 3294 futurorum.
1124 3230 1184 3293 110-
1201 3233 1222 3296 C
1237 3233 1415 3295 sacerdotes
1428 3232 1584 3295 idolorum
1601 3250 1699 3313 panes
1716 3233 1923 3297 fermentatos
1938 3234 1984 3297 oi-

439 3334 500 3395 lius
527 3334 634 3414 itaque
658 3332 775 3393 dicitur
800 3330 920 3393 vitulus
945 3338 1127 3411 assumptus
1152 3337 1182 3391 et
1238 3330 1383 3393 serebant
1409 3330 1562 3393 insanis.
1593 3334 1637 3392 Et
1661 3336 1842 3394 crustulum
1866 3336 1983 3413 absque

438 3432 621 3494 immolatus
642 3430 675 3491 in
696 3429 908 3511 expiationem
929 3429 1063 3489 aliarum
1082 3427 1183 3509 ipsius
1236 3430 1557 3506 fermento.Crustula
1572 3439 1619 3492 est
1634 3449 1735 3511 genus
1750 3432 1983 3514 panis,ab'sque

437 3530 540 3594 Aaron
557 3530 772 3612 culparum,et
789 3536 917 3610 propter
933 3526 1098 3609 mysticam
1114 3546 1183 3589 cau-
1237 3526 1394 3591 fermento
1409 3528 1441 3590 in
1458 3527 1703 3593 similitudinem
1724 3531 1872 3593 crustulae
1888 3530 1982 3593 indu-

437 3650 516 3707 sam,
534 3628 667 3692 articulo
683 3626 827 3709 sequenti
849 3627 1122 3689 introducendam.
1142 3630 1183 3687 m
1236 3627 1307 3702 rati,
1317 3627 1452 3709 oleoque
1467 3628 1640 3709 conspersi.
1650 3629 1722 3693 ldeo
1737 3629 1897 3711 sequitur:
1911 3652 1983 3712 quoe

436 3732 552 3789 artetes
567 3732 646 3789 (1005
664 3730 897 3798 immaculatae,
908 3725 939 3787 id
951 3735 999 3787 est
1015 3744 1078 3788 non
1095 3743 1183 3787 mon-
1235 3746 1403 3803 corzspcrsa
1425 3728 1468 3787 sit
1492 3731 1568 3788 oleo.
1591 3727 1706 3808 Sisque
1727 3747 1784 3810 per
1808 3730 1981 3792 crustulam

437 3836 590 3903 struosos,
608 3826 662 3888 sed
684 3826 716 3887 iu
739 3825 936 3887 naturalibus
952 3824 1033 3887 bene
1048 3823 1183 3905 disposi-
1236 3824 1492 3905 significabatur,
1510 3826 1689 3888 sacerdotes
1710 3845 1779 3890 esse
1798 3827 1915 3891 debere
1931 3830 1983 3891 de

438 3934 496 3989 tos.
513 3926 704 4005 Certumque
719 3932 777 3999 est,
789 3924 874 4004 quod
890 3932 919 3985 ct
938 3923 1056 3984 vitulus
1072 3921 1183 3984 debuit
1236 3924 1370 3985 siccatos
1389 3922 1429 3985 ab
1450 3923 1583 3987 humore
1603 3933 1698 4005 atque
1718 3926 1852 3989 mollitie
1866 3945 1983 3990 concu-

437 4044 506 4088 esse
527 4024 759 4097 immaculatus,
778 4041 816 4085 eo
838 4022 922 4102 quod
945 4021 1096 4082 animalia
1118 4039 1183 4082 ma·
1235 4022 1410 4104 piscentiae,
1434 4041 1470 4084 50
1496 4030 1612 4085 sanotae
1632 4024 1810 4087 devotionis
1835 4025 1981 4107 pertusos

437 4124 543 4185 eulata
564 4124 627 4185 Deo
650 4121 762 4185 olferri
786 4139 850 4183 non
873 4120 974 4181 licuit.
993 4119 1053 4180 lsta
1074 4128 1180 4181 antem
1236 4120 1442 4202 pinguedine.
1464 4125 1601 4198 Lagona
1621 4144 1746 4203 quoque
1764 4146 1894 4202 azyma,
1915 4130 1981 4186 oleo

437 4220 664 4297 immaculatio,
687 4239 751 4284 non
775 4228 823 4281 est
845 4218 1053 4298 intelligenda
1069 4219 1108 4279 de
1124 4218 1183 4278 im·
1236 4223 1307 4280 lita.
1335 4220 1496 4299 Laganum
1521 4221 1699 4303 appellatur
1720 4223 1811 4304 panis
1837 4224 1919 4285 latus
1943 4244 1980 4287 50

436 4320 647 4382 maculatione
670 4318 807 4395 velleris,
830 4317 884 4379 sed
910 4317 1125 4379 membrorum
1151 4325 1182 4377 et
1237 4318 1353 4395 tenuis,
1376 4337 1439 4381 non
1464 4338 1654 4401 conspersus
1677 4320 1758 4398 oleo,
1776 4321 1830 4385 sed
1856 4321 1978 4385 linitus.

436 4418 552 4481 carnis.
569 4418 673 4482 Potest
688 4417 784 4479 etiam
800 4416 875 4493 dici,
892 4417 977 4497 quod
995 4415 1114 4481 vitulus
1134 4415 1182 4478 ol·
1197 4414 1221 4475 l)
1235 4416 1382 4478 (lrnstula
1412 4426 1517 4481 aulem
1549 4419 1667 4481 dicitur
1697 4438 1867 4502 conspersa
1895 4422 1977 4497 oleo,

439 4516 609 4593 terebatur,
622 4536 684 4581 uon
701 4516 803 4579 solum
820 4533 878 4597 pro
893 4513 995 4577 Aaron
1012 4515 1116 4595 culpa,
1127 4514 1181 4575 sed
1235 4513 1387 4597 quoniam
1409 4515 1441 4577 in
1463 4516 1650 4597 pistratione
1674 4517 1784 4580 larinas
1809 4536 1872 4581 non
1897 4538 1980 4601 aqna

437 4624 468 4679 et
483 4634 541 4697 pro
560 4614 699 4696 peccatis
720 4613 861 4677 liliorum
882 4612 994 4693 ipsius.
1018 4612 1181 4693 Siquidem
1236 4614 1409 4680 dumtaxat.
1420 4615 1473 4676 sed
1489 4614 1595 4677 oleum
1611 4616 1707 4678 etiam
1724 4616 1912 4698 ponebatur.
1925 4619 1981 4680 La-

437 4715 470 4777 10
496 4713 635 4778 Levitico
657 4713 712 4776 ubi
735 4712 927 4777 describitur
948 4711 1108 4774 exsecutio
1133 4730 1182 4774 eo
1234 4729 1351 4791 ganum
1368 4731 1443 4776 vero
1459 4713 1558 4794 aliqui
1573 4723 1686 4778 vocant
1700 4734 1815 4796 panem
1832 4716 1864 4778 in
1881 4717 1980 4799 patel-

437 4832 506 4875 rnm
529 4832 601 4894 000
623 4831 709 4875 0000
729 4811 969 4894 praecipiuntur,
986 4809 1107 4871 vitulus
1122 4810 1182 4872 iste
1236 4810 1265 4872 la
1286 4810 1415 4887 frixum,
1433 4811 1488 4873 alii
1509 4821 1631 4893 pastam
1651 4813 1685 4873 in
1705 4814 1909 4896 calidaeque
1929 4835 1980 4879 co—

337 4928 421 4973 0551-
437 4920 567 4975 vocatur
583 4910 727 4973 absolute
743 4909 862 4973 oblatio
877 4928 934 4991 pro
950 4907 1182 4991 pcccatoArie
1234 4916 1329 4971 clam.
1354 4909 1468 4990 Sicque
1493 4910 1598 4973 linitio
1624 4912 1685 4974 olei
1712 4912 1774 4974 tuit
1797 4913 1847 4977 vel
1874 4912 1979 4979 frictio

440 5019 485 5073 tes
509 5028 585 5074 vero
610 5008 829 5072 ollcrebantur
848 5027 905 5090 pro
925 5008 983 5085 eis,
1005 5008 1180 5070 secundum
1235 5006 1301 5083 illa,
1319 5008 1369 5069 rel
1385 5009 1558 5089 protractio
1574 5009 1743 5073 saetacum
1760 5011 1860 5091 digito
1880 5012 1979 5075 tincto

437 5108 521 5190 quod
536 5108 599 5170 alia
614 5108 759 5189 quasdam
777 5106 936 5170 sacrificia
952 5106 1072 5168 liobant
1089 5105 1122 5166 in
1139 5107 1182 5167 le-
1236 5106 1269 5167 in
1286 5106 1356 5168 oleo
1372 5125 1468 5188 super
1484 5106 1642 5186 laganum.
1660 5110 1706 5169 De
1720 5112 1832 5171 sintita
1853 5112 1977 5171 triticea

434 5224 474 5287 ge
497 5225 553 5288 pro
573 5205 748 5287 gratiarum
771 5206 906 5282 actione,
929 5213 984 5267 aut
1006 5224 1064 5286 pro
1089 5204 1182 5268 bene-
1234 5215 1349 5265 cuncto
1371 5207 1471 5282 socies
1493 5226 1505 5265 .·
1527 5206 1587 5268 boc
1612 5214 1670 5283 est,
1693 5226 1804 5271 omues
1824 5227 1922 5289 panes
1945 5210 1977 5271 bi

437 5304 522 5369 liciis
538 5304 820 5387 impetrandis,aut
835 5323 893 5387 pro
907 5304 1008 5367 salute
1023 5303 1073 5366 vel
1089 5323 1177 5385 pace.
1236 5302 1442 5366 materialiter
1468 5304 1550 5367 liant
1578 5324 1616 5367 ex
1645 5305 1830 5386 hujusmodi
1860 5307 1976 5386 simila,
