<?xml version="1.0" encoding="UTF-8"?>
<!DOCTYPE html PUBLIC "-//W3C//DTD XHTML 1.0 Transitional//EN"
    "http://www.w3.org/TR/xhtml1/DTD/xhtml1-transitional.dtd">
<html xmlns="http://www.w3.org/1999/xhtml" xml:lang="en" lang="en">
 <head>
  <title>
</title>
<meta http-equiv="Content-Type" content="text/html;charset=utf-8" />
  <meta name='ocr-system' content='tesseract 3.04.00' />
  <meta name='ocr-capabilities' content='ocr_page ocr_carea ocr_par ocr_line ocrx_word'/>
</head>
<body>
  <div class='ocr_page' id='page_1' title='image "./doctorisecstati00unkngoog_0609.png"; bbox 0 0 4309 6259; ppageno 0'>
   <div class='ocr_carea' id='block_1_1' title="bbox 174 770 1723 1251">
    <p class='ocr_par' dir='ltr' id='par_1_1' title="bbox 174 630 1723 1251">
     <span class='ocr_line' id='line_1_1' title="bbox 688 770 1219 896; baseline 0.004 -3"><span class='ocrx_word' id='word_1_1' title='bbox 688 770 1219 896; x_wconf 79' lang='lat' dir='ltr'><strong>ENARRATIO</strong></span> 
     </span>
     <span class='ocr_line' id='line_1_2' title="bbox 174 1082 1723 1251; baseline -0.003 -2"><span class='ocrx_word' id='word_1_2' title='bbox 174 1085 306 1251; x_wconf 85' lang='lat' dir='ltr'>uu</span> <span class='ocrx_word' id='word_1_3' title='bbox 347 1082 1723 1250; x_wconf 79' lang='lat' dir='ltr'>nrssnuunuurunououn</span> 
     </span>
    </p>
   </div>
   <div class='ocr_carea' id='block_1_2' title="bbox 449 1442 1457 1549">
    <p class='ocr_par' dir='ltr' id='par_1_2' title="bbox 449 1442 1457 1549">
     <span class='ocr_line' id='line_1_3' title="bbox 449 1442 1457 1549; baseline -0.002 -11"><span class='ocrx_word' id='word_1_4' title='bbox 449 1442 777 1549; x_wconf 85' lang='lat' dir='ltr'>HEBRAICE</span> <span class='ocrx_word' id='word_1_5' title='bbox 817 1443 983 1539; x_wconf 86' lang='lat' dir='ltr'>ELLE</span> <span class='ocrx_word' id='word_1_6' title='bbox 1023 1442 1457 1539; x_wconf 84' lang='lat' dir='ltr'>HADDEBARIM</span> 
     </span>
    </p>
   </div>
   <div class='ocr_carea' id='block_1_3' title="bbox 227 1710 1673 2016">
    <p class='ocr_par' dir='ltr' id='par_1_3' title="bbox 227 1710 1673 2016">
     <span class='ocr_line' id='line_1_4' title="bbox 374 1710 1554 1771; baseline 0.001 -10"><span class='ocrx_word' id='word_1_7' title='bbox 374 1712 410 1761; x_wconf 73' lang='lat' dir='ltr'>lu</span> <span class='ocrx_word' id='word_1_8' title='bbox 440 1712 511 1771; x_wconf 86' lang='lat' dir='ltr'>Quo</span> <span class='ocrx_word' id='word_1_9' title='bbox 538 1710 787 1763; x_wconf 68' lang='lat' dir='ltr'>structurus</span> <span class='ocrx_word' id='word_1_10' title='bbox 814 1712 901 1771; x_wconf 80' lang='lat' dir='ltr'>QUAE</span> <span class='ocrx_word' id='word_1_11' title='bbox 927 1713 964 1762; x_wconf 85' lang='lat' dir='ltr'>IN</span> <span class='ocrx_word' id='word_1_12' title='bbox 992 1712 1159 1771; x_wconf 75' lang='lat' dir='ltr'>Quaruou</span> <span class='ocrx_word' id='word_1_13' title='bbox 1185 1711 1301 1761; x_wconf 85' lang='lat' dir='ltr'>LIBRIS</span> <span class='ocrx_word' id='word_1_14' title='bbox 1330 1712 1554 1762; x_wconf 79' lang='lat' dir='ltr'>PRAEHABII&#39;IS</span> 
     </span>
     <span class='ocr_line' id='line_1_5' title="bbox 227 1838 1673 1907; baseline -0.001 -18"><span class='ocrx_word' id='word_1_15' title='bbox 227 1839 338 1890; x_wconf 76' lang='lat' dir='ltr'>DICTA</span> <span class='ocrx_word' id='word_1_16' title='bbox 358 1838 463 1907; x_wconf 84' lang='lat' dir='ltr'>SUNT,</span> <span class='ocrx_word' id='word_1_17' title='bbox 486 1839 607 1899; x_wconf 80' lang='lat' dir='ltr'><strong>ATQUE</strong></span> <span class='ocrx_word' id='word_1_18' title='bbox 627 1838 673 1889; x_wconf 77' lang='lat' dir='ltr'>Du</span> <span class='ocrx_word' id='word_1_19' title='bbox 694 1838 814 1888; x_wconf 76' lang='lat' dir='ltr'>vtuus</span> <span class='ocrx_word' id='word_1_20' title='bbox 834 1839 1029 1890; x_wconf 79' lang='lat' dir='ltr'>LEGALIBUS</span> <span class='ocrx_word' id='word_1_21' title='bbox 1050 1839 1370 1904; x_wconf 84' lang='lat' dir='ltr'>INSTITUTIONIBUS,</span> <span class='ocrx_word' id='word_1_22' title='bbox 1391 1840 1513 1890; x_wconf 81' lang='lat' dir='ltr'>MORTE</span> <span class='ocrx_word' id='word_1_23' title='bbox 1532 1838 1673 1905; x_wconf 85' lang='lat' dir='ltr'>MOYSIS,</span> 
     </span>
     <span class='ocr_line' id='line_1_6' title="bbox 580 1964 1323 2016; baseline 0 -2"><span class='ocrx_word' id='word_1_24' title='bbox 580 1965 628 2014; x_wconf 81' lang='grc' dir='ltr'>ΕΤ</span> <span class='ocrx_word' id='word_1_25' title='bbox 658 1964 783 2016; x_wconf 83' lang='lat' dir='ltr'>IOSUE</span> <span class='ocrx_word' id='word_1_26' title='bbox 813 1964 963 2016; x_wconf 79' lang='lat' dir='ltr'>AGITUR</span> <span class='ocrx_word' id='word_1_27' title='bbox 994 1964 1323 2016; x_wconf 76' lang='lat' dir='ltr'>stlsssrlrttrtouu.</span> 
     </span>
    </p>
   </div>
   <div class='ocr_carea' id='block_1_4' title="bbox 665 2540 1248 2630">
    <p class='ocr_par' dir='ltr' id='par_1_4' title="bbox 665 2540 1248 2630">
     <span class='ocr_line' id='line_1_7' title="bbox 665 2540 1248 2630; baseline -0.003 0"><span class='ocrx_word' id='word_1_28' title='bbox 665 2540 991 2630; x_wconf 76' lang='lat' dir='ltr'>ARTICULUS</span> <span class='ocrx_word' id='word_1_29' title='bbox 1029 2542 1248 2628; x_wconf 87' lang='lat' dir='ltr'>PRIMUS</span> 
     </span>
    </p>
   </div>
   <div class='ocr_carea' id='block_1_5' title="bbox 256 2808 1654 2955">
    <p class='ocr_par' dir='ltr' id='par_1_5' title="bbox 256 2808 1654 2955">
     <span class='ocr_line' id='line_1_8' title="bbox 256 2808 1654 2864; baseline -0.002 -3"><span class='ocrx_word' id='word_1_30' title='bbox 256 2813 416 2861; x_wconf 73' lang='lat' dir='ltr'>Expostrlo</span> <span class='ocrx_word' id='word_1_31' title='bbox 436 2811 611 2857; x_wconf 75' lang='lat' dir='ltr'>tirrannus</span> <span class='ocrx_word' id='word_1_32' title='bbox 632 2811 769 2857; x_wconf 74' lang='lat' dir='ltr'>caritati</span> <span class='ocrx_word' id='word_1_33' title='bbox 789 2810 874 2855; x_wconf 79' lang='lat' dir='ltr'>rrum</span> <span class='ocrx_word' id='word_1_34' title='bbox 892 2810 899 2855; x_wconf 74' lang='grc' dir='ltr'><strong><em>Ζ</em></strong></span> <span class='ocrx_word' id='word_1_35' title='bbox 922 2808 989 2853; x_wconf 80' lang='lat' dir='ltr'>MAEG</span> <span class='ocrx_word' id='word_1_36' title='bbox 1010 2809 1087 2854; x_wconf 81' lang='lat' dir='ltr'><strong>SUNT</strong></span> <span class='ocrx_word' id='word_1_37' title='bbox 1107 2809 1206 2855; x_wconf 77' lang='lat' dir='ltr'>VERBA</span> <span class='ocrx_word' id='word_1_38' title='bbox 1227 2810 1294 2864; x_wconf 78' lang='lat' dir='ltr'>QUAE</span> <span class='ocrx_word' id='word_1_39' title='bbox 1314 2810 1443 2857; x_wconf 75' lang='lat' dir='ltr'>Locutus</span> <span class='ocrx_word' id='word_1_40' title='bbox 1464 2813 1518 2857; x_wconf 82' lang='lat' dir='ltr'>EST</span> <span class='ocrx_word' id='word_1_41' title='bbox 1537 2812 1654 2858; x_wconf 75' lang='lat' dir='ltr'>MOYSES</span> 
     </span>
     <span class='ocr_line' id='line_1_9' title="bbox 801 2906 1108 2955; baseline -0.007 -2"><span class='ocrx_word' id='word_1_42' title='bbox 801 2909 842 2953; x_wconf 79' lang='lat' dir='ltr'>AI)</span> <span class='ocrx_word' id='word_1_43' title='bbox 864 2908 968 2955; x_wconf 81' lang='lat' dir='ltr'>OMNEM</span> <span class='ocrx_word' id='word_1_44' title='bbox 990 2906 1108 2953; x_wconf 76' lang='lat' dir='ltr'>lsuauu.</span> 
     </span>
    </p>
   </div>
   <div class='ocr_carea' id='block_1_6' title="bbox 100 3168 1876 5427">
    <p class='ocr_par' dir='ltr' id='par_1_6' title="bbox 170 3168 1843 3547">
     <span class='ocr_line' id='line_1_10' title="bbox 237 3168 1728 3252; baseline -0.001 -15"><span class='ocrx_word' id='word_1_45' title='bbox 237 3173 381 3237; x_wconf 78' lang='lat' dir='ltr'>ACTOR</span> <span class='ocrx_word' id='word_1_46' title='bbox 405 3171 480 3235; x_wconf 80' lang='lat' dir='ltr'><strong>libri</strong></span> <span class='ocrx_word' id='word_1_47' title='bbox 507 3172 619 3252; x_wconf 89' lang='lat' dir='ltr'>hujus,</span> <span class='ocrx_word' id='word_1_48' title='bbox 642 3170 735 3252; x_wconf 87' lang='lat' dir='ltr'>quasi</span> <span class='ocrx_word' id='word_1_49' title='bbox 758 3168 926 3252; x_wconf 78' lang='lat' dir='ltr'>prologum</span> <span class='ocrx_word' id='word_1_50' title='bbox 940 3170 966 3232; x_wconf 84' lang='grc' dir='ltr'><strong>Α</strong></span> <span class='ocrx_word' id='word_1_51' title='bbox 981 3177 1076 3251; x_wconf 85' lang='lat' dir='ltr'>atque</span> <span class='ocrx_word' id='word_1_52' title='bbox 1099 3168 1251 3245; x_wconf 72' lang='lat' dir='ltr'>dimidiae,</span> <span class='ocrx_word' id='word_1_53' title='bbox 1272 3188 1343 3251; x_wconf 73' lang='lat' dir='ltr'>quc</span> <span class='ocrx_word' id='word_1_54' title='bbox 1364 3171 1577 3236; x_wconf 89' lang='lat' dir='ltr'>communiter</span> <span class='ocrx_word' id='word_1_55' title='bbox 1592 3171 1728 3236; x_wconf 86' lang='lat' dir='ltr'>habitas-</span> 
     </span>
     <span class='ocr_line' id='line_1_11' title="bbox 243 3266 1728 3355; baseline 0 -20"><span class='ocrx_word' id='word_1_56' title='bbox 243 3272 417 3355; x_wconf 86' lang='lat' dir='ltr'>quemdam</span> <span class='ocrx_word' id='word_1_57' title='bbox 447 3290 483 3333; x_wconf 90' lang='lat' dir='ltr'>ao</span> <span class='ocrx_word' id='word_1_58' title='bbox 515 3268 644 3331; x_wconf 88' lang='lat' dir='ltr'>titulum</span> <span class='ocrx_word' id='word_1_59' title='bbox 669 3266 826 3331; x_wconf 88' lang='lat' dir='ltr'>volumini</span> <span class='ocrx_word' id='word_1_60' title='bbox 852 3267 926 3329; x_wconf 91' lang='lat' dir='ltr'>huic</span> <span class='ocrx_word' id='word_1_61' title='bbox 981 3286 1015 3330; x_wconf 89' lang='lat' dir='ltr'>sc</span> <span class='ocrx_word' id='word_1_62' title='bbox 1030 3266 1181 3331; x_wconf 89' lang='lat' dir='ltr'>dicuutur</span> <span class='ocrx_word' id='word_1_63' title='bbox 1196 3274 1284 3330; x_wconf 89' lang='lat' dir='ltr'>trans</span> <span class='ocrx_word' id='word_1_64' title='bbox 1299 3268 1478 3346; x_wconf 83' lang='lat' dir='ltr'>Iordanem,</span> <span class='ocrx_word' id='word_1_65' title='bbox 1494 3270 1571 3351; x_wconf 92' lang='lat' dir='ltr'>quia</span> <span class='ocrx_word' id='word_1_66' title='bbox 1596 3271 1728 3335; x_wconf 89' lang='lat' dir='ltr'>interra</span> 
     </span>
     <span class='ocr_line' id='line_1_12' title="bbox 170 3366 1834 3454; baseline 0.001 -19"><span class='ocrx_word' id='word_1_67' title='bbox 170 3370 353 3454; x_wconf 79' lang='lat' dir='ltr'>praemittit,</span> <span class='ocrx_word' id='word_1_68' title='bbox 369 3370 506 3434; x_wconf 89' lang='lat' dir='ltr'>dicendo</span> <span class='ocrx_word' id='word_1_69' title='bbox 524 3388 531 3433; x_wconf 94' lang='lat'>:</span> <span class='ocrx_word' id='word_1_70' title='bbox 551 3372 626 3430; x_wconf 75' lang='lat' dir='ltr'>Hoc</span> <span class='ocrx_word' id='word_1_71' title='bbox 645 3378 722 3429; x_wconf 81' lang='lat' dir='ltr'>sunt</span> <span class='ocrx_word' id='word_1_72' title='bbox 743 3368 837 3429; x_wconf 82' lang='lat' dir='ltr'>aerbo</span> <span class='ocrx_word' id='word_1_73' title='bbox 856 3388 927 3446; x_wconf 70' lang='lat' dir='ltr'>quse</span> <span class='ocrx_word' id='word_1_74' title='bbox 981 3366 1193 3448; x_wconf 74' lang='lat' dir='ltr'>possessionis</span> <span class='ocrx_word' id='word_1_75' title='bbox 1208 3386 1316 3429; x_wconf 79' lang='lat' dir='ltr'>aarum</span> <span class='ocrx_word' id='word_1_76' title='bbox 1332 3367 1503 3432; x_wconf 86' lang='lat' dir='ltr'>defunctus</span> <span class='ocrx_word' id='word_1_77' title='bbox 1525 3378 1572 3433; x_wconf 86' lang='lat' dir='ltr'>est</span> <span class='ocrx_word' id='word_1_78' title='bbox 1596 3371 1725 3452; x_wconf 82' lang='lat' dir='ltr'>Moyses.</span> <span class='ocrx_word' id='word_1_79' title='bbox 1768 3396 1834 3437; x_wconf 68' lang='lat' dir='ltr'>oete.</span> 
     </span>
     <span class='ocr_line' id='line_1_13' title="bbox 171 3460 1843 3547; baseline 0.001 -17"><span class='ocrx_word' id='word_1_80' title='bbox 171 3476 299 3532; x_wconf 80' lang='lat' dir='ltr'>loeutus</span> <span class='ocrx_word' id='word_1_81' title='bbox 314 3480 360 3531; x_wconf 87' lang='lat' dir='ltr'>est</span> <span class='ocrx_word' id='word_1_82' title='bbox 376 3472 502 3547; x_wconf 80' lang='lat' dir='ltr'>Moyses</span> <span class='ocrx_word' id='word_1_83' title='bbox 516 3472 561 3529; x_wconf 83' lang='lat' dir='ltr'>od</span> <span class='ocrx_word' id='word_1_84' title='bbox 577 3488 702 3529; x_wconf 80' lang='lat' dir='ltr'>omnem</span> <span class='ocrx_word' id='word_1_85' title='bbox 717 3471 821 3529; x_wconf 83' lang='lat' dir='ltr'>Israel</span> <span class='ocrx_word' id='word_1_86' title='bbox 837 3478 926 3529; x_wconf 79' lang='lat' dir='ltr'>tratas</span> <span class='ocrx_word' id='word_1_87' title='bbox 981 3466 1100 3528; x_wconf 87' lang='lat' dir='ltr'>Idcirco</span> <span class='ocrx_word' id='word_1_88' title='bbox 1124 3465 1208 3547; x_wconf 91' lang='lat' dir='ltr'>quod</span> <span class='ocrx_word' id='word_1_89' title='bbox 1224 3466 1279 3543; x_wconf 92' lang='lat' dir='ltr'>ait,</span> <span class='ocrx_word' id='word_1_90' title='bbox 1296 3467 1395 3529; x_wconf 86' lang='lat' dir='ltr'>Trans</span> <span class='ocrx_word' id='word_1_91' title='bbox 1416 3468 1595 3545; x_wconf 89' lang='lat' dir='ltr'>Iordanem,</span> <span class='ocrx_word' id='word_1_92' title='bbox 1613 3469 1728 3532; x_wconf 84' lang='lat' dir='ltr'>intolli—</span> <span class='ocrx_word' id='word_1_93' title='bbox 1741 3460 1843 3508; x_wconf 67' lang='lat'>¹¹¹¹&#39;&#39;⁵·</span> 
     </span>
    </p>

    <p class='ocr_par' dir='ltr' id='par_1_7' title="bbox 168 3564 1728 3648">
     <span class='ocr_line' id='line_1_14' title="bbox 168 3564 1728 3648; baseline -0.001 -17"><span class='ocrx_word' id='word_1_94' title='bbox 168 3572 350 3631; x_wconf 85' lang='lat' dir='ltr'>Iordanem</span> <span class='ocrx_word' id='word_1_95' title='bbox 374 3572 411 3629; x_wconf 81' lang='lat' dir='ltr'>tn</span> <span class='ocrx_word' id='word_1_96' title='bbox 432 3568 610 3628; x_wconf 75' lang='lat' dir='ltr'>solitudine</span> <span class='ocrx_word' id='word_1_97' title='bbox 634 3567 816 3644; x_wconf 75' lang='lat' dir='ltr'>campestri.</span> <span class='ocrx_word' id='word_1_98' title='bbox 831 3566 927 3630; x_wconf 93' lang='lat' dir='ltr'>Porro</span> <span class='ocrx_word' id='word_1_99' title='bbox 981 3564 1120 3645; x_wconf 83' lang='lat' dir='ltr'>gendum</span> <span class='ocrx_word' id='word_1_100' title='bbox 1139 3573 1188 3627; x_wconf 89' lang='lat' dir='ltr'>est</span> <span class='ocrx_word' id='word_1_101' title='bbox 1210 3582 1267 3646; x_wconf 91' lang='lat' dir='ltr'>per</span> <span class='ocrx_word' id='word_1_102' title='bbox 1287 3573 1465 3647; x_wconf 83' lang='lat' dir='ltr'>respectum</span> <span class='ocrx_word' id='word_1_103' title='bbox 1485 3575 1576 3630; x_wconf 75' lang='lat' dir='ltr'>terrae</span> <span class='ocrx_word' id='word_1_104' title='bbox 1596 3567 1728 3648; x_wconf 89' lang='lat' dir='ltr'>promis·</span> 
     </span>
    </p>

    <p class='ocr_par' dir='ltr' id='par_1_8' title="bbox 171 3659 1798 4149">
     <span class='ocr_line' id='line_1_15' title="bbox 171 3659 1798 3750; baseline -0.001 -20"><span class='ocrx_word' id='word_1_105' title='bbox 171 3668 259 3750; x_wconf 91' lang='lat' dir='ltr'>quod</span> <span class='ocrx_word' id='word_1_106' title='bbox 276 3667 334 3745; x_wconf 88' lang='lat' dir='ltr'>ait,</span> <span class='ocrx_word' id='word_1_107' title='bbox 350 3667 449 3729; x_wconf 85' lang='lat' dir='ltr'>Trans</span> <span class='ocrx_word' id='word_1_108' title='bbox 463 3666 644 3743; x_wconf 87' lang='lat' dir='ltr'>Iordanem,</span> <span class='ocrx_word' id='word_1_109' title='bbox 662 3664 792 3746; x_wconf 89' lang='lat' dir='ltr'>quidam</span> <span class='ocrx_word' id='word_1_110' title='bbox 813 3663 859 3727; x_wconf 90' lang='lat' dir='ltr'>sic</span> <span class='ocrx_word' id='word_1_111' title='bbox 880 3663 926 3725; x_wconf 91' lang='lat' dir='ltr'>in·</span> <span class='ocrx_word' id='word_1_112' title='bbox 981 3661 1092 3739; x_wconf 90' lang='lat' dir='ltr'>sionis,</span> <span class='ocrx_word' id='word_1_113' title='bbox 1104 3662 1280 3744; x_wconf 72' lang='lat' dir='ltr'>prasertim</span> <span class='ocrx_word' id='word_1_114' title='bbox 1292 3664 1627 3742; x_wconf 86' lang='lat' dir='ltr'>urbisIerusaiem,ita</span> <span class='ocrx_word' id='word_1_115' title='bbox 1642 3667 1727 3747; x_wconf 91' lang='lat' dir='ltr'>quod</span> <span class='ocrx_word' id='word_1_116' title='bbox 1794 3659 1798 3663; x_wconf 47' lang='grc'>“</span> 
     </span>
     <span class='ocr_line' id='line_1_16' title="bbox 171 3760 1724 3847; baseline -0.001 -18"><span class='ocrx_word' id='word_1_117' title='bbox 171 3767 379 3842; x_wconf 83' lang='lat' dir='ltr'>tellexerunt,</span> <span class='ocrx_word' id='word_1_118' title='bbox 400 3764 493 3847; x_wconf 88' lang='lat' dir='ltr'>quasi</span> <span class='ocrx_word' id='word_1_119' title='bbox 519 3763 615 3827; x_wconf 88' lang='lat' dir='ltr'>verba</span> <span class='ocrx_word' id='word_1_120' title='bbox 638 3762 698 3825; x_wconf 87' lang='lat' dir='ltr'>ista</span> <span class='ocrx_word' id='word_1_121' title='bbox 718 3762 840 3845; x_wconf 91' lang='lat' dir='ltr'>prolata</span> <span class='ocrx_word' id='word_1_122' title='bbox 863 3760 927 3822; x_wconf 89' lang='lat' dir='ltr'>sint</span> <span class='ocrx_word' id='word_1_123' title='bbox 981 3762 1101 3844; x_wconf 82' lang='lat' dir='ltr'>Moyses</span> <span class='ocrx_word' id='word_1_124' title='bbox 1124 3761 1204 3824; x_wconf 83' lang='lat' dir='ltr'>dixit</span> <span class='ocrx_word' id='word_1_125' title='bbox 1228 3762 1295 3825; x_wconf 74' lang='lat' dir='ltr'>hac</span> <span class='ocrx_word' id='word_1_126' title='bbox 1317 3763 1413 3827; x_wconf 86' lang='lat' dir='ltr'>verba</span> <span class='ocrx_word' id='word_1_127' title='bbox 1435 3772 1522 3826; x_wconf 88' lang='lat' dir='ltr'>trans</span> <span class='ocrx_word' id='word_1_128' title='bbox 1544 3765 1724 3844; x_wconf 84' lang='lat' dir='ltr'>Iordanem,</span> 
     </span>
     <span class='ocr_line' id='line_1_17' title="bbox 171 3860 1728 3949; baseline -0.001 -22"><span class='ocrx_word' id='word_1_129' title='bbox 171 3864 369 3949; x_wconf 88' lang='lat' dir='ltr'>pertransito</span> <span class='ocrx_word' id='word_1_130' title='bbox 398 3864 464 3945; x_wconf 83' lang='lat' dir='ltr'>jam</span> <span class='ocrx_word' id='word_1_131' title='bbox 487 3864 634 3941; x_wconf 88' lang='lat' dir='ltr'>Iordane,</span> <span class='ocrx_word' id='word_1_132' title='bbox 661 3863 722 3926; x_wconf 91' lang='lat' dir='ltr'>hoc</span> <span class='ocrx_word' id='word_1_133' title='bbox 746 3870 811 3939; x_wconf 87' lang='lat' dir='ltr'>ost,</span> <span class='ocrx_word' id='word_1_134' title='bbox 844 3868 927 3943; x_wconf 83' lang='lat' dir='ltr'>post</span> <span class='ocrx_word' id='word_1_135' title='bbox 981 3860 1040 3923; x_wconf 88' lang='lat' dir='ltr'>hoo</span> <span class='ocrx_word' id='word_1_136' title='bbox 1056 3868 1104 3923; x_wconf 92' lang='lat' dir='ltr'>est</span> <span class='ocrx_word' id='word_1_137' title='bbox 1119 3860 1153 3921; x_wconf 90' lang='lat' dir='ltr'>in</span> <span class='ocrx_word' id='word_1_138' title='bbox 1167 3868 1251 3924; x_wconf 91' lang='lat' dir='ltr'>terra</span> <span class='ocrx_word' id='word_1_139' title='bbox 1265 3880 1337 3943; x_wconf 80' lang='lat' dir='ltr'>quac</span> <span class='ocrx_word' id='word_1_140' title='bbox 1352 3870 1497 3945; x_wconf 88' lang='lat' dir='ltr'>respectu</span> <span class='ocrx_word' id='word_1_141' title='bbox 1508 3864 1681 3927; x_wconf 87' lang='lat' dir='ltr'>Ierusalem</span> <span class='ocrx_word' id='word_1_142' title='bbox 1696 3874 1728 3927; x_wconf 92' lang='lat' dir='ltr'>et</span> 
     </span>
     <span class='ocr_line' id='line_1_18' title="bbox 172 3960 1725 4047; baseline -0.002 -19"><span class='ocrx_word' id='word_1_143' title='bbox 172 3984 272 4047; x_wconf 88' lang='lat' dir='ltr'>quam</span> <span class='ocrx_word' id='word_1_144' title='bbox 289 3962 353 4026; x_wconf 88' lang='lat' dir='ltr'>tilii</span> <span class='ocrx_word' id='word_1_145' title='bbox 367 3962 462 4026; x_wconf 86' lang='lat' dir='ltr'>Israel</span> <span class='ocrx_word' id='word_1_146' title='bbox 478 3962 675 4025; x_wconf 88' lang='lat' dir='ltr'>transierunt</span> <span class='ocrx_word' id='word_1_147' title='bbox 689 3961 877 4025; x_wconf 77' lang='lat' dir='ltr'>Iordanem:</span> <span class='ocrx_word' id='word_1_148' title='bbox 895 3967 926 4021; x_wconf 90' lang='lat' dir='ltr'>et</span> <span class='ocrx_word' id='word_1_149' title='bbox 981 3967 1072 4023; x_wconf 82' lang='lat' dir='ltr'>terrae</span> <span class='ocrx_word' id='word_1_150' title='bbox 1098 3960 1330 4041; x_wconf 80' lang='lat' dir='ltr'>promissionis,</span> <span class='ocrx_word' id='word_1_151' title='bbox 1355 3970 1403 4023; x_wconf 89' lang='lat' dir='ltr'>est</span> <span class='ocrx_word' id='word_1_152' title='bbox 1427 3962 1521 4039; x_wconf 88' lang='lat' dir='ltr'>ultra,</span> <span class='ocrx_word' id='word_1_153' title='bbox 1548 3980 1612 4025; x_wconf 92' lang='lat' dir='ltr'>non</span> <span class='ocrx_word' id='word_1_154' title='bbox 1635 3963 1725 4040; x_wconf 89' lang='lat' dir='ltr'>eitra,</span> 
     </span>
     <span class='ocr_line' id='line_1_19' title="bbox 171 4056 1728 4149; baseline -0.002 -22"><span class='ocrx_word' id='word_1_155' title='bbox 171 4062 329 4149; x_wconf 89' lang='lat' dir='ltr'>quoniam</span> <span class='ocrx_word' id='word_1_156' title='bbox 345 4062 465 4145; x_wconf 83' lang='lat' dir='ltr'>Moyses</span> <span class='ocrx_word' id='word_1_157' title='bbox 487 4080 551 4126; x_wconf 92' lang='lat' dir='ltr'>non</span> <span class='ocrx_word' id='word_1_158' title='bbox 573 4060 722 4124; x_wconf 75' lang='lat' dir='ltr'>transivit</span> <span class='ocrx_word' id='word_1_159' title='bbox 745 4060 923 4135; x_wconf 88' lang='lat' dir='ltr'>Iordanem,</span> <span class='ocrx_word' id='word_1_160' title='bbox 979 4056 1262 4121; x_wconf 84' lang='lat' dir='ltr'>IordanemUnde</span> <span class='ocrx_word' id='word_1_161' title='bbox 1273 4058 1307 4119; x_wconf 91' lang='lat' dir='ltr'>in</span> <span class='ocrx_word' id='word_1_162' title='bbox 1318 4058 1512 4123; x_wconf 89' lang='lat' dir='ltr'>Scholastica</span> <span class='ocrx_word' id='word_1_163' title='bbox 1523 4059 1624 4123; x_wconf 72' lang='lat' dir='ltr'>lemur</span> <span class='ocrx_word' id='word_1_164' title='bbox 1633 4061 1728 4124; x_wconf 82' lang='lat' dir='ltr'>histo</span> 
     </span>
    </p>

    <p class='ocr_par' dir='ltr' id='par_1_9' title="bbox 100 4154 1728 4242">
     <span class='ocr_line' id='line_1_20' title="bbox 100 4154 1728 4242; baseline -0.001 -17"><span class='ocrx_word' id='word_1_165' title='bbox 100 4199 129 4225; x_wconf 67' lang='lat' dir='ltr'>a.</span> <span class='ocrx_word' id='word_1_166' title='bbox 173 4164 230 4227; x_wconf 88' lang='lat' dir='ltr'>sed</span> <span class='ocrx_word' id='word_1_167' title='bbox 247 4162 330 4227; x_wconf 90' lang='lat' dir='ltr'>obiit</span> <span class='ocrx_word' id='word_1_168' title='bbox 354 4170 526 4242; x_wconf 87' lang='lat' dir='ltr'>antequam</span> <span class='ocrx_word' id='word_1_169' title='bbox 548 4160 717 4223; x_wconf 79' lang='lat' dir='ltr'>Iordanem</span> <span class='ocrx_word' id='word_1_170' title='bbox 743 4157 807 4220; x_wconf 86' lang='lat' dir='ltr'>tilii</span> <span class='ocrx_word' id='word_1_171' title='bbox 831 4156 924 4219; x_wconf 87' lang='lat' dir='ltr'>israel</span> <span class='ocrx_word' id='word_1_172' title='bbox 980 4154 1027 4218; x_wconf 94' lang='lat' dir='ltr'>ria</span> <span class='ocrx_word' id='word_1_173' title='bbox 1045 4176 1052 4220; x_wconf 94' lang='lat'><strong>:</strong></span> <span class='ocrx_word' id='word_1_174' title='bbox 1070 4155 1129 4220; x_wconf 89' lang='lat' dir='ltr'>Pro</span> <span class='ocrx_word' id='word_1_175' title='bbox 1145 4157 1208 4219; x_wconf 92' lang='lat' dir='ltr'>situ</span> <span class='ocrx_word' id='word_1_176' title='bbox 1226 4166 1317 4221; x_wconf 77' lang='lat' dir='ltr'>terra</span> <span class='ocrx_word' id='word_1_177' title='bbox 1332 4158 1555 4240; x_wconf 89' lang='lat' dir='ltr'>promissionis</span> <span class='ocrx_word' id='word_1_178' title='bbox 1566 4159 1728 4242; x_wconf 83' lang='lat' dir='ltr'>Scriptura</span> 
     </span>
    </p>

    <p class='ocr_par' dir='ltr' id='par_1_10' title="bbox 124 4255 1729 4343">
     <span class='ocr_line' id='line_1_21' title="bbox 124 4255 1729 4343; baseline -0.002 -18"><span class='ocrx_word' id='word_1_179' title='bbox 124 4282 129 4291; x_wconf 92' lang='lat'>·</span> <span class='ocrx_word' id='word_1_180' title='bbox 173 4262 383 4337; x_wconf 89' lang='lat' dir='ltr'>transierunt,</span> <span class='ocrx_word' id='word_1_181' title='bbox 396 4267 491 4343; x_wconf 92' lang='lat' dir='ltr'>prout</span> <span class='ocrx_word' id='word_1_182' title='bbox 502 4259 587 4321; x_wconf 89' lang='lat' dir='ltr'>inira</span> <span class='ocrx_word' id='word_1_183' title='bbox 598 4258 751 4340; x_wconf 91' lang='lat' dir='ltr'>scriptum</span> <span class='ocrx_word' id='word_1_184' title='bbox 768 4265 832 4333; x_wconf 89' lang='lat' dir='ltr'>est;</span> <span class='ocrx_word' id='word_1_185' title='bbox 851 4256 926 4317; x_wconf 91' lang='lat' dir='ltr'>hinc</span> <span class='ocrx_word' id='word_1_186' title='bbox 980 4255 1087 4318; x_wconf 90' lang='lat' dir='ltr'>dicere</span> <span class='ocrx_word' id='word_1_187' title='bbox 1103 4256 1194 4334; x_wconf 88' lang='lat' dir='ltr'>solet,</span> <span class='ocrx_word' id='word_1_188' title='bbox 1204 4256 1292 4319; x_wconf 89' lang='lat' dir='ltr'>Ultra</span> <span class='ocrx_word' id='word_1_189' title='bbox 1306 4258 1486 4334; x_wconf 88' lang='lat' dir='ltr'>Iordanem,</span> <span class='ocrx_word' id='word_1_190' title='bbox 1498 4258 1548 4323; x_wconf 85' lang='lat' dir='ltr'>vei</span> <span class='ocrx_word' id='word_1_191' title='bbox 1564 4259 1649 4322; x_wconf 88' lang='lat' dir='ltr'>Citra</span> <span class='ocrx_word' id='word_1_192' title='bbox 1661 4259 1729 4323; x_wconf 88' lang='lat' dir='ltr'>Ior-</span> 
     </span>
    </p>

    <p class='ocr_par' dir='ltr' id='par_1_11' title="bbox 168 4354 1876 5427">
     <span class='ocr_line' id='line_1_22' title="bbox 171 4354 1728 4441; baseline -0.003 -16"><span class='ocrx_word' id='word_1_193' title='bbox 171 4362 326 4425; x_wconf 86' lang='lat' dir='ltr'>dixerunt</span> <span class='ocrx_word' id='word_1_194' title='bbox 337 4358 423 4441; x_wconf 91' lang='lat' dir='ltr'>quod</span> <span class='ocrx_word' id='word_1_195' title='bbox 433 4358 553 4440; x_wconf 81' lang='lat' dir='ltr'>Moyses</span> <span class='ocrx_word' id='word_1_196' title='bbox 564 4376 628 4421; x_wconf 91' lang='lat' dir='ltr'>nou</span> <span class='ocrx_word' id='word_1_197' title='bbox 639 4355 925 4437; x_wconf 88' lang='lat' dir='ltr'>conscripsithuno</span> <span class='ocrx_word' id='word_1_198' title='bbox 942 4368 965 4428; x_wconf 81' lang='grc' dir='ltr'><strong>Β</strong></span> <span class='ocrx_word' id='word_1_199' title='bbox 980 4354 1106 4417; x_wconf 86' lang='lat' dir='ltr'>danem.</span> <span class='ocrx_word' id='word_1_200' title='bbox 1124 4355 1233 4437; x_wconf 89' lang='lat' dir='ltr'>ltaque</span> <span class='ocrx_word' id='word_1_201' title='bbox 1248 4364 1333 4419; x_wconf 90' lang='lat' dir='ltr'>terra</span> <span class='ocrx_word' id='word_1_202' title='bbox 1347 4356 1481 4419; x_wconf 90' lang='lat' dir='ltr'>duarum</span> <span class='ocrx_word' id='word_1_203' title='bbox 1497 4356 1638 4420; x_wconf 90' lang='lat' dir='ltr'>tribuum</span> <span class='ocrx_word' id='word_1_204' title='bbox 1654 4367 1728 4421; x_wconf 92' lang='lat' dir='ltr'>anto</span> 
     </span>
     <span class='ocr_line' id='line_1_23' title="bbox 172 4453 1727 4537; baseline -0.003 -14"><span class='ocrx_word' id='word_1_205' title='bbox 172 4460 306 4535; x_wconf 89' lang='lat' dir='ltr'>librum,</span> <span class='ocrx_word' id='word_1_206' title='bbox 332 4458 387 4520; x_wconf 93' lang='lat' dir='ltr'>sed</span> <span class='ocrx_word' id='word_1_207' title='bbox 408 4457 513 4521; x_wconf 87' lang='lat' dir='ltr'>Iosue.</span> <span class='ocrx_word' id='word_1_208' title='bbox 536 4455 653 4519; x_wconf 89' lang='lat' dir='ltr'>Verum</span> <span class='ocrx_word' id='word_1_209' title='bbox 675 4456 735 4519; x_wconf 89' lang='lat' dir='ltr'>hoc</span> <span class='ocrx_word' id='word_1_210' title='bbox 761 4471 925 4534; x_wconf 84' lang='lat' dir='ltr'>argumen-</span> <span class='ocrx_word' id='word_1_211' title='bbox 978 4453 1123 4515; x_wconf 89' lang='lat' dir='ltr'>Iordanis</span> <span class='ocrx_word' id='word_1_212' title='bbox 1134 4454 1302 4516; x_wconf 89' lang='lat' dir='ltr'>transitum</span> <span class='ocrx_word' id='word_1_213' title='bbox 1313 4455 1479 4537; x_wconf 85' lang='lat' dir='ltr'>acquisita,</span> <span class='ocrx_word' id='word_1_214' title='bbox 1488 4465 1618 4519; x_wconf 88' lang='lat' dir='ltr'>vocatur</span> <span class='ocrx_word' id='word_1_215' title='bbox 1628 4457 1727 4519; x_wconf 84' lang='lat' dir='ltr'>Trans</span> 
     </span>
     <span class='ocr_line' id='line_1_24' title="bbox 170 4551 1727 4639; baseline -0.003 -20"><span class='ocrx_word' id='word_1_216' title='bbox 170 4566 240 4620; x_wconf 90' lang='lat' dir='ltr'>tum</span> <span class='ocrx_word' id='word_1_217' title='bbox 265 4554 397 4639; x_wconf 85' lang='lat' dir='ltr'>perimit</span> <span class='ocrx_word' id='word_1_218' title='bbox 419 4554 638 4638; x_wconf 87' lang='lat' dir='ltr'>semetipsum.</span> <span class='ocrx_word' id='word_1_219' title='bbox 655 4553 731 4616; x_wconf 92' lang='lat' dir='ltr'>Nam</span> <span class='ocrx_word' id='word_1_220' title='bbox 758 4551 825 4615; x_wconf 84' lang='lat' dir='ltr'>siro</span> <span class='ocrx_word' id='word_1_221' title='bbox 845 4552 925 4633; x_wconf 92' lang='lat' dir='ltr'>Moy·</span> <span class='ocrx_word' id='word_1_222' title='bbox 978 4551 1146 4614; x_wconf 90' lang='lat' dir='ltr'>Iordanem</span> <span class='ocrx_word' id='word_1_223' title='bbox 1162 4560 1306 4634; x_wconf 88' lang='lat' dir='ltr'>respectu</span> <span class='ocrx_word' id='word_1_224' title='bbox 1323 4561 1414 4617; x_wconf 84' lang='lat' dir='ltr'>terrae</span> <span class='ocrx_word' id='word_1_225' title='bbox 1429 4554 1727 4635; x_wconf 80' lang='lat' dir='ltr'>promissionisPer</span> 
     </span>
     <span class='ocr_line' id='line_1_25' title="bbox 170 4650 1727 4735; baseline -0.003 -16"><span class='ocrx_word' id='word_1_226' title='bbox 170 4676 233 4735; x_wconf 88' lang='lat' dir='ltr'>ses,</span> <span class='ocrx_word' id='word_1_227' title='bbox 253 4655 322 4719; x_wconf 90' lang='lat' dir='ltr'>sive</span> <span class='ocrx_word' id='word_1_228' title='bbox 342 4653 426 4716; x_wconf 90' lang='lat' dir='ltr'>alius</span> <span class='ocrx_word' id='word_1_229' title='bbox 441 4653 560 4716; x_wconf 89' lang='lat' dir='ltr'>librum</span> <span class='ocrx_word' id='word_1_230' title='bbox 584 4653 670 4715; x_wconf 92' lang='lat' dir='ltr'>huno</span> <span class='ocrx_word' id='word_1_231' title='bbox 686 4650 921 4734; x_wconf 84' lang='lat' dir='ltr'>conscripserit,</span> <span class='ocrx_word' id='word_1_232' title='bbox 980 4650 1185 4713; x_wconf 88' lang='lat' dir='ltr'>solitudinem</span> <span class='ocrx_word' id='word_1_233' title='bbox 1208 4660 1313 4714; x_wconf 91' lang='lat' dir='ltr'>autem</span> <span class='ocrx_word' id='word_1_234' title='bbox 1336 4659 1557 4733; x_wconf 83' lang='lat' dir='ltr'>campestrem,</span> <span class='ocrx_word' id='word_1_235' title='bbox 1576 4652 1727 4733; x_wconf 80' lang='lat' dir='ltr'>intelligi-</span> 
     </span>
     <span class='ocr_line' id='line_1_26' title="bbox 169 4748 1726 4838; baseline -0.004 -19"><span class='ocrx_word' id='word_1_236' title='bbox 169 4761 301 4838; x_wconf 90' lang='lat' dir='ltr'>oportet</span> <span class='ocrx_word' id='word_1_237' title='bbox 324 4753 511 4827; x_wconf 85' lang='lat' dir='ltr'>concedere,</span> <span class='ocrx_word' id='word_1_238' title='bbox 540 4752 625 4834; x_wconf 90' lang='lat' dir='ltr'>quod</span> <span class='ocrx_word' id='word_1_239' title='bbox 647 4751 716 4833; x_wconf 88' lang='lat' dir='ltr'>ipse</span> <span class='ocrx_word' id='word_1_240' title='bbox 742 4749 838 4815; x_wconf 86' lang='lat' dir='ltr'>verba</span> <span class='ocrx_word' id='word_1_241' title='bbox 864 4748 923 4811; x_wconf 86' lang='lat' dir='ltr'>ista</span> <span class='ocrx_word' id='word_1_242' title='bbox 978 4757 1030 4811; x_wconf 90' lang='lat' dir='ltr'>tur</span> <span class='ocrx_word' id='word_1_243' title='bbox 1046 4766 1161 4829; x_wconf 86' lang='lat' dir='ltr'>magna</span> <span class='ocrx_word' id='word_1_244' title='bbox 1186 4749 1243 4812; x_wconf 90' lang='lat' dir='ltr'>iila</span> <span class='ocrx_word' id='word_1_245' title='bbox 1267 4749 1416 4831; x_wconf 88' lang='lat' dir='ltr'>planities</span> <span class='ocrx_word' id='word_1_246' title='bbox 1440 4749 1557 4832; x_wconf 90' lang='lat' dir='ltr'>campi,</span> <span class='ocrx_word' id='word_1_247' title='bbox 1584 4750 1616 4812; x_wconf 97' lang='lat' dir='ltr'>in</span> <span class='ocrx_word' id='word_1_248' title='bbox 1642 4758 1726 4813; x_wconf 87' lang='lat' dir='ltr'>terra</span> 
     </span>
     <span class='ocr_line' id='line_1_27' title="bbox 169 4848 1876 4937; baseline -0.002 -20"><span class='ocrx_word' id='word_1_249' title='bbox 169 4852 344 4937; x_wconf 87' lang='lat' dir='ltr'>protulerit</span> <span class='ocrx_word' id='word_1_250' title='bbox 374 4860 462 4913; x_wconf 89' lang='lat' dir='ltr'>trans</span> <span class='ocrx_word' id='word_1_251' title='bbox 491 4851 676 4926; x_wconf 85' lang='lat' dir='ltr'>Iordanem,</span> <span class='ocrx_word' id='word_1_252' title='bbox 709 4849 791 4912; x_wconf 89' lang='lat' dir='ltr'>sicut</span> <span class='ocrx_word' id='word_1_253' title='bbox 820 4855 924 4911; x_wconf 86' lang='lat' dir='ltr'>textus</span> <span class='ocrx_word' id='word_1_254' title='bbox 978 4848 1066 4911; x_wconf 85' lang='lat' dir='ltr'>Moab</span> <span class='ocrx_word' id='word_1_255' title='bbox 1078 4867 1174 4931; x_wconf 89' lang='lat' dir='ltr'>supra</span> <span class='ocrx_word' id='word_1_256' title='bbox 1184 4849 1352 4912; x_wconf 89' lang='lat' dir='ltr'>Iordanem</span> <span class='ocrx_word' id='word_1_257' title='bbox 1365 4848 1426 4925; x_wconf 92' lang='lat' dir='ltr'>siti,</span> <span class='ocrx_word' id='word_1_258' title='bbox 1437 4848 1470 4911; x_wconf 93' lang='lat' dir='ltr'>in</span> <span class='ocrx_word' id='word_1_259' title='bbox 1481 4868 1544 4930; x_wconf 89' lang='lat' dir='ltr'>qua</span> <span class='ocrx_word' id='word_1_260' title='bbox 1557 4848 1619 4911; x_wconf 84' lang='lat' dir='ltr'>lilii</span> <span class='ocrx_word' id='word_1_261' title='bbox 1630 4850 1724 4913; x_wconf 89' lang='lat' dir='ltr'>lsrael</span> <span class='ocrx_word' id='word_1_262' title='bbox 1740 4872 1876 4921; x_wconf 73' lang='lat' dir='ltr'>tvenmn,</span> 
     </span>
     <span class='ocr_line' id='line_1_28' title="bbox 169 4938 1774 5031; baseline -0.002 -15"><span class='ocrx_word' id='word_1_263' title='bbox 169 4953 338 5016; x_wconf 82' lang='lat' dir='ltr'>evidenter</span> <span class='ocrx_word' id='word_1_264' title='bbox 353 4948 508 5012; x_wconf 80' lang='lat' dir='ltr'>affirmat.</span> <span class='ocrx_word' id='word_1_265' title='bbox 521 4948 623 5023; x_wconf 83' lang='lat' dir='ltr'>Quum</span> <span class='ocrx_word' id='word_1_266' title='bbox 639 4966 714 5029; x_wconf 80' lang='lat' dir='ltr'>ergo</span> <span class='ocrx_word' id='word_1_267' title='bbox 724 4948 843 5031; x_wconf 85' lang='lat' dir='ltr'>Moyses</span> <span class='ocrx_word' id='word_1_268' title='bbox 859 4965 923 5010; x_wconf 94' lang='lat' dir='ltr'>non</span> <span class='ocrx_word' id='word_1_269' title='bbox 978 4946 1088 5009; x_wconf 89' lang='lat' dir='ltr'>multis</span> <span class='ocrx_word' id='word_1_270' title='bbox 1098 4947 1290 5029; x_wconf 81' lang='lat' dir='ltr'>quieverunt</span> <span class='ocrx_word' id='word_1_271' title='bbox 1304 4948 1425 5022; x_wconf 91' lang='lat' dir='ltr'>diebus,</span> <span class='ocrx_word' id='word_1_272' title='bbox 1434 4956 1469 5009; x_wconf 88' lang='lat' dir='ltr'>ut</span> <span class='ocrx_word' id='word_1_273' title='bbox 1480 4948 1512 5009; x_wconf 94' lang='lat' dir='ltr'>in</span> <span class='ocrx_word' id='word_1_274' title='bbox 1523 4947 1607 5012; x_wconf 91' lang='lat' dir='ltr'>libro</span> <span class='ocrx_word' id='word_1_275' title='bbox 1615 4948 1726 5013; x_wconf 78' lang='lat' dir='ltr'>Nume</span> <span class='ocrx_word' id='word_1_276' title='bbox 1740 4938 1774 4977; x_wconf 73' lang='lat'>⁴⁹·</span> 
     </span>
     <span class='ocr_line' id='line_1_29' title="bbox 170 5044 1726 5131; baseline -0.001 -18"><span class='ocrx_word' id='word_1_277' title='bbox 170 5049 332 5125; x_wconf 86' lang='lat' dir='ltr'>transivit,</span> <span class='ocrx_word' id='word_1_278' title='bbox 350 5068 409 5113; x_wconf 87' lang='lat' dir='ltr'>nec</span> <span class='ocrx_word' id='word_1_279' title='bbox 426 5048 572 5131; x_wconf 86' lang='lat' dir='ltr'>pervenit</span> <span class='ocrx_word' id='word_1_280' title='bbox 587 5045 670 5109; x_wconf 89' lang='lat' dir='ltr'>ultra</span> <span class='ocrx_word' id='word_1_281' title='bbox 684 5047 863 5122; x_wconf 74' lang='lat' dir='ltr'>Iordanem,</span> <span class='ocrx_word' id='word_1_282' title='bbox 881 5044 924 5107; x_wconf 85' lang='lat' dir='ltr'>fa·</span> <span class='ocrx_word' id='word_1_283' title='bbox 980 5066 1088 5110; x_wconf 89' lang='lat' dir='ltr'>rorum</span> <span class='ocrx_word' id='word_1_284' title='bbox 1104 5046 1219 5127; x_wconf 80' lang='lat' dir='ltr'>legitur</span> <span class='ocrx_word' id='word_1_285' title='bbox 1232 5066 1238 5110; x_wconf 93' lang='lat'><strong>:</strong></span> <span class='ocrx_word' id='word_1_286' title='bbox 1252 5066 1323 5129; x_wconf 78' lang='lat' dir='ltr'>quaa</span> <span class='ocrx_word' id='word_1_287' title='bbox 1340 5046 1489 5129; x_wconf 88' lang='lat' dir='ltr'>planities</span> <span class='ocrx_word' id='word_1_288' title='bbox 1501 5047 1542 5111; x_wconf 93' lang='lat' dir='ltr'>ob</span> <span class='ocrx_word' id='word_1_289' title='bbox 1557 5067 1646 5110; x_wconf 91' lang='lat' dir='ltr'>suam</span> <span class='ocrx_word' id='word_1_290' title='bbox 1662 5067 1726 5111; x_wconf 91' lang='lat' dir='ltr'>ma·</span> 
     </span>
     <span class='ocr_line' id='line_1_30' title="bbox 172 5143 1721 5227; baseline -0.001 -16"><span class='ocrx_word' id='word_1_291' title='bbox 172 5149 231 5213; x_wconf 89' lang='lat' dir='ltr'>teri</span> <span class='ocrx_word' id='word_1_292' title='bbox 258 5166 390 5211; x_wconf 86' lang='lat' dir='ltr'>necesse</span> <span class='ocrx_word' id='word_1_293' title='bbox 414 5155 472 5223; x_wconf 88' lang='lat' dir='ltr'>est,</span> <span class='ocrx_word' id='word_1_294' title='bbox 500 5146 531 5208; x_wconf 92' lang='lat' dir='ltr'>id</span> <span class='ocrx_word' id='word_1_295' title='bbox 557 5145 643 5227; x_wconf 90' lang='lat' dir='ltr'>quod</span> <span class='ocrx_word' id='word_1_296' title='bbox 668 5143 796 5221; x_wconf 88' lang='lat' dir='ltr'>dicitur,</span> <span class='ocrx_word' id='word_1_297' title='bbox 824 5145 923 5206; x_wconf 84' lang='lat' dir='ltr'>Trans</span> <span class='ocrx_word' id='word_1_298' title='bbox 977 5146 1178 5226; x_wconf 82' lang='lat' dir='ltr'>gniludinem</span> <span class='ocrx_word' id='word_1_299' title='bbox 1197 5146 1297 5208; x_wconf 90' lang='lat' dir='ltr'>instar</span> <span class='ocrx_word' id='word_1_300' title='bbox 1316 5146 1499 5210; x_wconf 88' lang='lat' dir='ltr'>solitudinis</span> <span class='ocrx_word' id='word_1_301' title='bbox 1520 5166 1553 5210; x_wconf 91' lang='lat' dir='ltr'>se</span> <span class='ocrx_word' id='word_1_302' title='bbox 1573 5147 1721 5210; x_wconf 86' lang='lat' dir='ltr'>habebat.</span> 
     </span>
     <span class='ocr_line' id='line_1_31' title="bbox 168 5242 1725 5327; baseline -0.001 -18"><span class='ocrx_word' id='word_1_303' title='bbox 168 5248 353 5323; x_wconf 86' lang='lat' dir='ltr'>Iordanem,</span> <span class='ocrx_word' id='word_1_304' title='bbox 371 5264 436 5309; x_wconf 93' lang='lat' dir='ltr'>uon</span> <span class='ocrx_word' id='word_1_305' title='bbox 451 5262 545 5327; x_wconf 89' lang='lat' dir='ltr'>posse</span> <span class='ocrx_word' id='word_1_306' title='bbox 561 5242 697 5325; x_wconf 82' lang='lat' dir='ltr'>intelligi</span> <span class='ocrx_word' id='word_1_307' title='bbox 714 5243 797 5306; x_wconf 90' lang='lat' dir='ltr'>ultra</span> <span class='ocrx_word' id='word_1_308' title='bbox 816 5242 923 5307; x_wconf 91' lang='lat' dir='ltr'>Iorda-</span> <span class='ocrx_word' id='word_1_309' title='bbox 1017 5244 1170 5307; x_wconf 84' lang='lat' dir='ltr'>Praeterea</span> <span class='ocrx_word' id='word_1_310' title='bbox 1185 5246 1350 5326; x_wconf 76' lang='lat' dir='ltr'>quaritur,</span> <span class='ocrx_word' id='word_1_311' title='bbox 1368 5265 1426 5309; x_wconf 89' lang='lat' dir='ltr'>cur</span> <span class='ocrx_word' id='word_1_312' title='bbox 1441 5246 1562 5308; x_wconf 91' lang='lat' dir='ltr'>dictum</span> <span class='ocrx_word' id='word_1_313' title='bbox 1578 5254 1636 5323; x_wconf 86' lang='lat' dir='ltr'>est,</span> <span class='ocrx_word' id='word_1_314' title='bbox 1654 5246 1725 5308; x_wconf 78' lang='lat' dir='ltr'>Hac</span> 
     </span>
     <span class='ocr_line' id='line_1_32' title="bbox 171 5340 1724 5427; baseline -0.003 -18"><span class='ocrx_word' id='word_1_315' title='bbox 171 5364 245 5409; x_wconf 90' lang='lat' dir='ltr'>uem</span> <span class='ocrx_word' id='word_1_316' title='bbox 262 5364 281 5407; x_wconf 91' lang='lat' dir='ltr'>a</span> <span class='ocrx_word' id='word_1_317' title='bbox 296 5344 367 5407; x_wconf 91' lang='lat' dir='ltr'>loco</span> <span class='ocrx_word' id='word_1_318' title='bbox 388 5342 599 5426; x_wconf 86' lang='lat' dir='ltr'>possessionis</span> <span class='ocrx_word' id='word_1_319' title='bbox 620 5343 755 5406; x_wconf 88' lang='lat' dir='ltr'>duarum</span> <span class='ocrx_word' id='word_1_320' title='bbox 780 5340 920 5405; x_wconf 89' lang='lat' dir='ltr'>tribuum</span> <span class='ocrx_word' id='word_1_321' title='bbox 976 5350 1051 5405; x_wconf 91' lang='lat' dir='ltr'>sunt</span> <span class='ocrx_word' id='word_1_322' title='bbox 1065 5342 1162 5406; x_wconf 91' lang='lat' dir='ltr'>verba</span> <span class='ocrx_word' id='word_1_323' title='bbox 1176 5362 1248 5425; x_wconf 83' lang='lat' dir='ltr'>quae</span> <span class='ocrx_word' id='word_1_324' title='bbox 1263 5344 1388 5409; x_wconf 88' lang='lat' dir='ltr'>locutus</span> <span class='ocrx_word' id='word_1_325' title='bbox 1403 5353 1452 5409; x_wconf 91' lang='lat' dir='ltr'>est</span> <span class='ocrx_word' id='word_1_326' title='bbox 1466 5344 1596 5427; x_wconf 89' lang='lat' dir='ltr'>Moyses,</span> <span class='ocrx_word' id='word_1_327' title='bbox 1614 5354 1646 5409; x_wconf 93' lang='lat' dir='ltr'>et</span> <span class='ocrx_word' id='word_1_328' title='bbox 1661 5363 1724 5408; x_wconf 93' lang='lat' dir='ltr'>uon</span> 
     </span>
    </p>
   </div>
   <div class='ocr_carea' id='block_1_7' title="bbox 0 0 2160 6259">
    <p class='ocr_par' dir='ltr' id='par_1_12' title="bbox 0 0 2160 6259">
     <span class='ocr_line' id='line_1_33' title="bbox 0 0 2160 6259; baseline 0 2"><span class='ocrx_word' id='word_1_329' title='bbox 0 0 2160 6259; x_wconf 95' lang='lat' dir='ltr'> </span> 
     </span>
    </p>
   </div>
  </div>
 </body>
</html>
