4309 6259
438 465 498 528 bsstl
720 477 893 527 sunmerso
915 478 946 524 nr
967 477 1035 524 cnr.
1059 475 1158 522 xxxm
1178 475 1412 522 naurmonoxur.
1434 495 1475 506 -
1495 479 1566 524 aer.
1590 479 1708 526 xxxrur

478 655 522 714 Et
545 655 617 714 tract
640 653 689 714 ait
704 671 716 713 .·
731 652 923 712 Benedictus
947 650 983 708 ie
1009 647 1184 708 latitudine
1198 643 1224 706 Α
1238 653 1289 708 tur
1312 647 1468 724 Christus
1488 648 1543 730 qui
1560 649 1623 710 Deo
1637 648 1720 710 Patri
1744 668 1819 713 vere
1843 669 1880 712 se
1897 668 1986 712 oom-

440 754 522 822 Gad,
539 753 634 832 quasi
654 753 699 810 teo
718 751 886 830 requievit.
908 747 974 808 Gad
997 746 1184 826 interpreta—
1238 747 1371 826 paravit,
1398 765 1462 809 non
1488 748 1632 829 rapinam
1656 747 1826 824 arbitrans,
1853 768 1889 810 se
1912 767 1984 810 esse
2009 764 2123 817 elenen.

438 858 489 911 tur
506 849 642 912 felicitas
660 866 667 911 :
686 868 742 930 per
764 867 858 930 quern
886 844 1074 927 exprimitur
1098 843 1185 906 Chri·
1236 845 1390 924 equalem
1401 846 1519 908 fleotin
1535 848 1627 928 cujus
1637 847 1744 909 anima
1759 846 1821 908 fuit
1835 847 1982 909 omnium
1998 829 2019 866 ‘⁴

437 949 581 1030 stu5‚qui
598 949 631 1010 in
649 947 816 1011 latitudine
832 944 1020 1008 benedictus
1035 950 1094 1020 est,
1107 941 1183 1023 quia
1236 943 1463 1007 charismatum
1483 945 1659 1026 plenitudo,
1676 955 1707 1008 et
1726 946 1844 1009 deitate
1866 946 1985 1027 plenis
2009 962 2117 1004 reme

438 1048 579 1128 undique
603 1056 756 1109 terrarum
781 1064 800 1107 a
823 1045 986 1108 conversis
1010 1043 1049 1105 ad
1076 1041 1182 1123 ipsum
1237 1042 1317 1106 sime
1328 1041 1617 1124 fruebatur‚sieque
1627 1044 1905 1109 benedictionibus
1915 1065 1985 1126 gra-

437 1147 593 1223 laudatur,
620 1154 651 1208 et
681 1145 800 1226 ubique
830 1153 985 1206 terrarum
1009 1141 1048 1203 ed
1074 1140 1179 1222 ipsum
1236 1140 1287 1202 tiae
1302 1149 1334 1202 et
1347 1140 1457 1221 gloriae
1473 1141 1534 1204 fuit
1549 1143 1653 1224 plena.
1667 1147 1981 1206 Mareetmertdtem

436 1244 566 1327 plurimi
592 1253 664 1306 sunt
690 1243 847 1307 conversi.
878 1240 1026 1304 Omnium
1052 1255 1182 1320 quoque
1230 1243 1417 1316 possidebit,
1435 1241 1512 1322 quia
1530 1242 1690 1304 maritima
1708 1251 1805 1324 atque
1824 1241 1983 1305 australia

436 1345 660 1408 charismatum
683 1343 827 1424 largitate
853 1341 984 1423 impleta
1006 1346 1055 1400 cst
1074 1338 1182 1400 anima
1235 1338 1304 1402 loca
1319 1340 1449 1403 suntad
1465 1340 1569 1422 ipsum
1584 1360 1750 1417 conversa,
1767 1341 1851 1404 sicut
1866 1342 1983 1404 Zacha-

436 1443 516 1523 ejus.
536 1444 572 1504 Et
588 1442 744 1524 requievit
760 1450 794 1503 ut
817 1442 877 1514 leo,
896 1439 972 1521 quia
992 1437 1183 1501 constantis·
1236 1439 1300 1501 rias
1315 1438 1460 1521 praedixit
1477 1460 1484 1503 :
1502 1440 1641 1502 Potestas
1662 1442 1767 1522 ejusa
1783 1441 1983 1522 mariusque
2014 1459 2117 1503 lesu.

436 1543 535 1604 simus
553 1542 613 1604 fuit
627 1542 722 1606 corde
738 1548 833 1622 atque
846 1539 1039 1602 fortissimus
1056 1535 1180 1598 robore.
1234 1538 1274 1600 ad
1290 1556 1388 1614 mare,
1406 1547 1435 1601 ot
1452 1557 1470 1600 a
1487 1538 1738 1621 flumineusque
1761 1541 1801 1602 ad
1825 1540 1982 1602 terminos
1997 1525 2028 1563 ¹⁰·

436 1643 468 1704 ln
486 1649 692 1705 monumento
707 1657 835 1721 quoque
854 1637 976 1719 quierit
991 1645 1027 1698 ut
1045 1635 1106 1711 leo,
1124 1634 1182 1716 qui
1236 1644 1337 1699 terrae.
1364 1636 1428 1699 lloc
1451 1656 1580 1719 quoque
1603 1639 1644 1700 dc
1667 1656 1870 1720 quocumque
1894 1638 1982 1718 justo

435 1741 553 1822 apertis
568 1739 669 1803 oculis
686 1739 786 1801 fertur
808 1736 958 1810 dormire,
976 1735 1051 1815 quia
1075 1733 1181 1795 Salve·
1236 1743 1339 1817 potest
1354 1736 1482 1818 exponi,
1498 1736 1554 1817 qui
1580 1745 1761 1799 sanctorum
1786 1745 1913 1819 petrum
1935 1737 1984 1800 in-

436 1849 484 1904 tor
494 1856 626 1921 corpore
637 1847 792 1912 mortuus,
805 1835 922 1898 deitate
934 1833 1051 1896 mansit
1063 1823 1219 1895 incon-B
1237 1832 1421 1896 flammatus
1435 1835 1600 1916 exemplis,
1617 1835 1657 1896 ad
1673 1834 1902 1916 perfectionem
1925 1836 1985 1897 hn-

435 1937 598 2002 mutahilis
621 1945 652 2000 et
677 1943 790 1998 cuncta
815 1932 1044 2014 conspiciens:
1071 1930 1182 2012 sicque
1236 1931 1393 2008 militatis,
1405 1931 1576 2013 patientie,
1588 1932 1740 2009 caritatis,
1752 1942 1784 1995 et
1798 1933 1982 2015 quotidiani

436 2036 637 2100 resuscitavit
656 2053 690 2096 se
708 2033 824 2114 ipsum.
844 2033 994 2111 cepitque
1010 2031 1180 2090 brachium
1237 2028 1398 2111 profectus
1414 2029 1556 2112 ipsorum
1571 2030 1660 2112 cupit
1674 2031 1865 2112 pertingere,
1877 2041 1985 2094 certus

434 2147 464 2198 et
475 2133 721 2214 verticemque
732 2139 803 2214 post
813 2149 903 2194 suam
914 2127 1179 2192 resurrectionem
1238 2137 1269 2192 et
1285 2129 1370 2210 ipsos
1386 2129 1532 2191 homines
1546 2129 1715 2204 exstitisse,
1727 2138 1758 2191 et
1773 2147 1837 2191 non
1853 2129 1916 2191 nisi
1928 2130 1984 2192 Dei

436 2231 755 2298 maximodeclaravit
771 2248 859 2292 suam
871 2227 1095 2310 potentiam‚ct
1111 2225 1184 2287 infi-
1238 2226 1357 2289 auxilio
1377 2227 1418 2288 ad
1441 2235 1563 2288 tantum
1582 2227 1750 2308 pertigisse
1769 2227 1897 2290 culmen
1919 2228 1985 2290 rir-

437 2335 556 2398 dclium
572 2332 669 2394 robur
683 2349 719 2392 ec
735 2329 857 2412 apicem
870 2327 996 2389 tandem
1013 2323 1183 2388 inclinavit
1240 2333 1343 2386 tutum
1361 2343 1367 2385 :
1387 2324 1506 2388 idcirco
1525 2325 1572 2388 sic
1591 2326 1762 2405 satagendo
1786 2325 1986 2388 benedictio·

438 2435 498 2498 sub
524 2431 588 2494 fide
610 2440 641 2494 ct
663 2428 853 2508 evangelice
879 2426 958 2505 legis
979 2425 1068 2505 jugo,
1085 2443 1122 2487 ac
1138 2433 1185 2506 ty·
1240 2424 1335 2486 nibus
1349 2424 1552 2505 adimpletur,
1569 2433 1601 2486 et
1616 2425 1758 2506 possidet
1772 2443 1870 2497 mare,
1888 2425 1986 2487 idest

439 2551 556 2596 rannos
567 2528 735 2593 damnavit
747 2528 824 2590 Hinc
836 2533 908 2608 post
919 2524 1183 2588 resurrectionem
1241 2523 1374 2586 internae
1383 2521 1639 2605 compunctionis
1649 2523 1902 2598 amaritudinem,
1912 2542 1987 2587 con-

328 2647 410 2692 uaun
439 2630 608 2694 disseruit:
628 2629 702 2691 Date
717 2636 764 2691 est
779 2625 858 2688 mihi
873 2623 979 2687 omnis
994 2631 1133 2705 potestas
1149 2622 1182 2684 in
1240 2623 1443 2703 tritionisque
1458 2621 1615 2698 lacrimas,
1632 2641 1689 2704 per
1702 2642 1782 2703 quas
1797 2624 1836 2684 ad
1861 2642 1988 2705 posses

291 2714 408 2762 ¹¹''¹''¹⁸'
439 2732 566 2794 coeloet
582 2730 615 2791 in
631 2737 725 2791 terra.
743 2726 845 2806 Atque
862 2723 893 2785 in
910 2721 989 2784 lsaia
1010 2721 1180 2802 predixit:
1241 2722 1364 2785 sionem
1379 2721 1536 2796 meridiei,
1554 2720 1587 2783 id
1609 2730 1658 2784 est
1676 2721 1769 2784 clarae
1790 2722 1988 2802 cognitionis

300 2847 422 2899 nenti.
437 2831 509 2894 hies
525 2828 657 2893 ultionis
673 2827 706 2888 in
721 2825 816 2888 corde
832 2840 913 2885 meo.
932 2824 973 2883 ht
990 2822 1074 2880 vidit
1087 2823 1183 2897 prin·
1241 2839 1297 2883 seu
1319 2819 1434 2882 fervidi
1459 2820 1577 2882 amoris
1594 2820 1660 2896 Dei,
1682 2820 1867 2903 perducitur
1884 2837 1892 2882 ε
1908 2839 1989 2901 quo

437 2933 581 3008 cipetum
609 2947 717 2994 suem,
739 2923 770 2985 id
800 2930 848 2984 est
878 2937 1009 2999 regnum
1035 2917 1184 2980 ecclesie
1242 2919 1326 2980 niam
1343 2938 1400 3000 per
1415 2919 1575 2982 salubrem
1589 2918 1989 3001 poenitentieamaritudi-

438 3047 514 3103 suae,
532 3027 662 3106 quodie
675 3033 770 3102 parte
784 3042 845 3082 sue
859 3023 967 3080 doctor
981 3028 1057 3078 esset
1072 3018 1185 3093 reposi-
1200 3023 1222 3086 C
1240 3037 1313 3081 nem
1328 3027 1360 3081 ct
1374 3017 1577 3080 contritionis
1588 3017 1861 3098 lamenta,quibus
1876 3017 1986 3080 anima

439 3138 503 3196 tes,
519 3125 550 3187 id
571 3132 629 3200 est,
642 3122 728 3205 quod
749 3120 884 3202 ipsemet
905 3116 1049 3180 Christus
1074 3115 1184 3178 doctor
1238 3124 1442 3199 expurgatur,
1459 3117 1498 3178 ad
1520 3115 1787 3178 illuminationem
1809 3135 1983 3198 supernam

437 3233 521 3288 esset
540 3232 572 3287 et
591 3221 703 3302 legifer
726 3237 790 3282 sue
810 3215 925 3300 plebis.
944 3216 1007 3284 Qui
1021 3215 1090 3290 fuit
1111 3235 1184 3274 cum
1237 3225 1267 3278 ot
1284 3224 1401 3278 sancte
1421 3215 1601 3278 dilectionis
1622 3214 1768 3277 ardorem
1784 3215 1981 3278 ascenditur.

433 3324 639 3403 principibus
651 3321 778 3398 populi,
796 3316 828 3378 id
848 3324 896 3378 est
915 3312 1033 3376 sanetis
1053 3313 1186 3394 Aposto·
1279 3317 1471 3376 Benedictus
1485 3316 1522 3374 in
1536 3316 1618 3391 filiis
1633 3317 1723 3375 Aser.
1741 3313 1797 3376 Per
1819 3313 1908 3391 Aser,
1925 3315 1981 3397 qui

437 3424 477 3485 lis
502 3431 534 3484 et
557 3418 671 3484 ceteris
696 3413 956 3499 predicatoribus
981 3431 1018 3474 ec
1044 3411 1183 3494 praelatis
1239 3417 1464 3497 interpretatur
1479 3411 1601 3488 heatus,
1619 3410 1809 3492 intelligitur
1823 3412 1980 3490 Christus,

316 3538 399 3584 narrt.
437 3521 557 3598 electis,
575 3518 693 3601 quibus
717 3522 849 3580 testatus
864 3521 913 3576 est
929 3531 936 3576 ε
954 3511 1033 3574 Ecce
1055 3529 1114 3591 ogo
1129 3529 1184 3574 vo-
1238 3514 1413 3578 secundum
1430 3531 1518 3574 suam
1540 3510 1690 3574 deitatem
1715 3510 1930 3574 essentialiter
1950 3522 1984 3576 ct

289 3603 401 3654 ¹¹”¹¹¹'²⁰'
436 3622 560 3685 hiscum
591 3638 660 3681 sum
690 3613 840 3680 omnihus
871 3611 985 3674 diebus
1009 3629 1110 3691 usquo
1143 3611 1183 3672 ad
1237 3612 1428 3677 eternaliter
1450 3609 1535 3686 felix,
1552 3609 1609 3690 qui
1632 3617 1664 3671 et
1685 3608 1726 3671 ab
1751 3608 1983 3673 incarnationis

436 3717 743 3784 consummationem
773 3711 892 3776 saeculi.
920 3715 961 3773 nt
990 3712 1067 3788 fecit
1083 3711 1183 3787 justi·
1237 3712 1366 3776 exordio
1388 3709 1450 3773 fuit
1471 3710 1534 3772 Deo
1559 3706 1708 3770 beatifice
1737 3706 1857 3785 fruens,
1880 3727 1983 3790 quan·

303 3836 355 3878 aar.
366 3848 379 3885 ι,
393 3835 411 3875 t.
438 3823 500 3882 tias
515 3819 659 3880 Domini.
671 3813 774 3896 Coepit
789 3811 874 3875 enim
888 3809 992 3872 faeere
1008 3817 1040 3870 et
1055 3809 1179 3871 docere.
1237 3821 1305 3874 tum
1320 3813 1359 3874 ad
1381 3809 1577 3892 superiorem
1602 3807 1718 3869 animm
1739 3825 1804 3869 sue
1830 3817 1955 3889 partem
1972 3831 1980 3874 τ

300 3934 420 3983 toanevm.
436 3920 479 3982 Ac
504 3917 584 3981 dixit
608 3935 615 3979 :
642 3915 714 3989 Quae
740 3911 856 3995 placita
881 3916 955 3972 sunt
979 3907 1073 3984 Patri,
1099 3906 1182 3970 fecio
1236 3910 1293 3994 qui
1309 3910 1342 3972 in
1360 3907 1489 3984 filiis,id
1504 3915 1554 3970 est
1568 3904 1770 3967 fidelihusad
1787 3905 1892 3987 ipsum
1907 3926 1983 3970 con·

289 3998 323 4040 ²⁰·
437 4035 572 4100 semper.
1236 4009 1348 4085 versis,
1365 4005 1552 4070 benedictus
1576 4013 1634 4081 est,
1652 4014 1790 4081 sanctus,
1807 4005 1978 4084 gloriosus,

476 4121 551 4180 Dee
576 4132 699 4195 qnoque
720 4113 767 4172 ait
783 4129 794 4172 :
810 4113 898 4176 Dari,
920 4110 1047 4167 catulus
1069 4108 1179 4168 lconis.
1236 4129 1272 4173 ao
1294 4104 1533 4171 collaudandus.
1555 4103 1742 4167 Benedictus
1756 4103 1873 4166 etenim
1897 4105 1980 4167 [teus
2015 4136 2115 4182 mm

435 4216 493 4280 Per
510 4215 585 4290 Dan,
600 4211 656 4294 qui
672 4211 898 4292 interpretatur
911 4205 1078 4287 judicium,
1093 4205 1183 4268 intel·
1198 4202 1221 4264 h
1238 4210 1270 4271 in
1287 4206 1410 4271 Sanctis
1425 4204 1503 4280 suis,
1514 4203 1570 4285 qui
1586 4210 1617 4265 et
1632 4201 1737 4283 ipsum
1752 4202 1869 4283 jugiter
1884 4203 1981 4266 hene
1995 4202 2029 4244 ³⁶·

303 4329 420 4384 terere.
436 4314 545 4395 ligitur
559 4311 703 4375 Christus
718 4305 860 4370 omnium
871 4305 979 4385 judex,
991 4311 1023 4365 et
1037 4304 1183 4384 quicum·
1236 4308 1358 4383 dicunt,
1374 4313 1405 4368 et
1420 4304 1489 4386 ipse
1503 4321 1591 4364 suam
1608 4301 1806 4364 sanctitatem
1821 4321 1858 4365 ac
1874 4301 1981 4366 lauda·

291 4394 323 4434 ¹¹·
403 4439 406 4448 ·
436 4432 498 4495 que
519 4407 757 4484 Christifidelis,
773 4404 941 4488 justitiam,
959 4402 1181 4484 judiciumque
1236 4407 1391 4470 bilitatem
1414 4402 1554 4466 declarat.
1568 4401 1602 4463 in
1617 4399 1664 4462 eis
1682 4417 1689 4461 :
1706 4401 1745 4463 do
1766 4419 1830 4481 quo
1845 4402 1886 4463 ab
1901 4402 1979 4464 lsaia

326 4525 394 4568 Pron·
436 4530 597 4576 exercens.
609 4510 715 4572 Justus
731 4506 816 4570 enim
828 4502 919 4586 quasi
936 4502 985 4565 leo
1000 4500 1179 4564 confidens.
1237 4504 1421 4588 predictum
1446 4509 1496 4563 est
1518 4519 1526 4563 :
1552 4498 1792 4562 Generationem
1818 4500 1890 4581 ojus
1905 4501 1979 4581 quis
2008 4521 2106 4563 riuis.

288 4590 389 4640 ¹¹⁹¹¹¹'¹'
436 4612 493 4687 Qui
511 4611 586 4674 fluit
601 4611 736 4686 largiter
750 4609 789 4666 rte
799 4609 908 4665 Besae
920 4623 931 4661 .·
947 4600 1100 4682 quoniam
1117 4621 1182 4663 sus·
1236 4601 1417 4668 enarrabitt
1432 4600 1471 4661 Et
1496 4598 1573 4661 item
1591 4615 1598 4659 :
1616 4597 1646 4660 si
1664 4598 1805 4680 posuerit
1826 4617 1884 4680 pro
1911 4619 1979 4682 pec·
2007 4620 2064 4663 nu.
2075 4621 2102 4659 o.

437 4711 567 4773 tinendo
590 4706 725 4789 injurias
745 4713 776 4768 et
796 4703 939 4778 advorsa,
956 4699 1066 4780 gratiis
1082 4699 1182 4762 adim·
1236 4710 1306 4766 cato
1330 4699 1470 4762 animam
1485 4716 1586 4772 suam,
1603 4694 1725 4758 videbit
1739 4714 1847 4758 semen
1864 4696 1979 4776 longae

307 4829 420 4880 uarrl.v.
436 4810 541 4893 pletur
555 4816 588 4870 et
607 4805 721 4886 gloria,
738 4804 820 4866 sicut
835 4800 880 4863 ait
896 4798 1058 4880 Scriptura
1076 4817 1083 4862 :
1102 4798 1182 4860 Gau·
1237 4819 1322 4864 vum.
1340 4800 1402 4859 Sit.
1412 4802 1545 4874 placens
1568 4796 1728 4872 fratribus
1748 4796 1827 4855 suis,
1855 4794 1978 4858 Sanctis

289 4892 420 4998 {}L¹‘⁶·”'¹'
437 4908 508 4970 dete
528 4907 561 4968 in
583 4905 638 4967 illa
660 4903 747 4979 hora,
764 4899 916 4984 quoniam
934 4917 1057 4961 merces
1076 4906 1182 4960 vestra
1236 4915 1373 4978 namque
1383 4893 1543 4977 Apostolis
1555 4893 1596 4955 ita
1607 4890 1902 4973 complacuit,quod
1912 4912 1978 4975 pro

318 4987 323 4998 ¹
436 5005 565 5088 eopiosa
584 5012 632 5066 est
652 5003 684 5063 in
701 5002 791 5064 coelo.
810 5001 908 5061 Basan
925 5005 1030 5060 autern
1047 4995 1181 5076 ignomi-
1235 5004 1305 5078 pter
1329 5011 1402 5055 eum
1431 4990 1540 5055 omnia
1568 4989 1776 5069 reliquerunt,
1803 4997 1836 5051 et
1863 4989 1978 5068 gloria·
2001 5011 2110 5054 uticam

437 5105 490 5167 nia
506 5103 741 5184 interpretatur.
1235 5093 1361 5168 bantur,
1388 5091 1465 5172 quia
1488 5089 1577 5169 digni
1602 5087 1800 5150 habebantur
1824 5106 1883 5169 pro
1906 5088 1976 5169 ipso
1990 5078 2108 5185 ”AM

477 5200 656 5280 Nepbthali
676 5198 879 5258 abundantia
898 5195 1102 5272 perfruetur.
1124 5191 1181 5254 Per
1234 5189 1460 5255 contumeliam
1486 5187 1562 5270 pati.
1588 5190 1704 5265 Tiepet
1728 5188 1765 5247 in
1780 5190 1847 5246 oleo
1864 5189 1977 5264 pedem

435 5297 616 5384 Nephthali,
633 5295 688 5378 qui
704 5295 820 5358 dicitur
835 5292 1041 5376 comparatio,
1062 5290 1181 5372 accipi·
1233 5311 1343 5359 seem,
1365 5288 1397 5350 id
1421 5295 1480 5364 est,
1497 5303 1624 5349 omnem
1647 5301 1736 5346 suam
1757 5282 1976 5360 affectionem,
