4309 6259
438 528 498 592 lta
772 542 946 590 enxnnxrro
968 544 997 588 m
1019 542 1088 589 cnr.
1111 541 1165 588 xxx
1185 540 1380 588 nuxanonux.
1404 562 1444 571 -
1464 542 1536 587 xnr.
1558 540 1646 586 xxxu

438 718 623 796 catholicos,
640 717 838 783 oflerebatur
854 735 911 799 pro
928 724 1057 797 peccato
1072 715 1182 778 adora·
1196 714 1221 776 A
1237 714 1348 794 religio
1365 714 1513 792 victimae,
1532 713 1565 776 in
1586 713 1716 777 llebraeo
1732 711 1878 788 babetur,
1895 712 1981 773 lstud

437 815 534 878 tionis
549 816 643 879 vituli
664 816 763 893 aurei,
780 824 813 879 et
833 814 866 877 in
886 814 1072 876 memoriam
1094 812 1181 874 illius
1237 822 1285 875 est
1300 814 1519 877 caerimoniam
1535 813 1626 894 legis.
1644 812 1681 874 Et
1697 812 1808 874 dicunt
1822 810 1983 892 exposito

436 913 599 991 facinoris,
627 922 722 995 prout
746 912 921 975 Alexander
949 928 1044 993 super
1069 929 1182 973 secun·
1236 930 1287 973 res
1303 912 1516 988 Hebraeorum,
1533 911 1618 992 quod
1640 911 1700 973 boc
1720 917 1913 992 preceptum
1934 908 1982 969 sic

434 1010 523 1087 dnm,
541 1020 572 1074 et
587 1011 775 1074 Guillelmus
798 1010 881 1074 libro
901 1010 940 1072 de
956 1010 1032 1072 Fide
1054 1017 1085 1071 et
1108 1007 1182 1088 legi·
1237 1009 1426 1091 appellatur,
1444 1009 1520 1090 quia
1536 1027 1599 1071 non
1616 1008 1710 1071 babet
1726 1007 1882 1069 rationem
1899 1006 1984 1069 litte

436 1108 496 1181 bus
521 1109 675 1173 scribunt.
702 1110 926 1173 Verumtamen
952 1107 1071 1171 animal
1097 1107 1180 1168 istud
1238 1108 1336 1170 ralem
1361 1106 1490 1184 claram,
1515 1108 1569 1170 sed
1594 1114 1758 1169 secretam.
1775 1104 1872 1167 llulta
1894 1106 1981 1167 enim

435 1217 565 1271 vocatur
580 1228 676 1271 vaeea
696 1208 798 1290 magis
813 1226 910 1289 quam
925 1206 1056 1283 vitulus,
1073 1206 1113 1268 ad
1135 1206 1182 1267 in·
1238 1213 1312 1268 sunt
1335 1206 1367 1268 in
1392 1206 1453 1268 isto
1476 1214 1634 1288 precepto
1655 1205 1696 1267 ab
1717 1203 1789 1266 aliis
1812 1202 1983 1267 sacrificiis

436 1307 629 1369 sinuandum
646 1305 853 1387 fragilitatem
869 1314 900 1369 et
913 1305 1069 1368 vilitatem
1086 1323 1183 1388 popu·
1238 1304 1442 1380 declinantia,
1460 1313 1495 1365 ut
1516 1313 1602 1385 patet
1624 1303 1772 1365 intuenti.
1790 1302 1862 1365 ldeo
1882 1302 1982 1365 Rabbi

436 1405 460 1469 li
478 1405 510 1468 in
527 1406 645 1469 scelere
661 1406 737 1482 illo;
755 1414 786 1467 et
801 1404 951 1486 quoniam
968 1404 1107 1486 populus
1127 1404 1182 1465 ille
1237 1403 1357 1485 Moyses
1372 1402 1597 1478 Gerundensis,
1613 1402 1673 1465 boc
1688 1401 1758 1464 loeo
1777 1420 1933 1464 excusans
1948 1421 1983 1463 se

437 1506 479 1567 ob
492 1523 580 1567 suam
597 1504 1000 1586 carnalitatem,torporem,
1010 1504 1183 1580 lasciviam,
1238 1522 1257 1564 a
1281 1501 1442 1563 reddenda
1466 1500 1588 1563 ratione
1612 1500 1708 1581 hujus
1732 1500 1895 1582 praecepti,
1915 1503 1980 1564 ait:

368 1650 369 1655 η
438 1602 633 1665 assimilatus
648 1612 697 1667 est
711 1622 825 1666 vaceae.
837 1602 926 1666 Unde
942 1603 1097 1685 scriptum
1113 1611 1180 1664 est:
1240 1602 1300 1664 Nos
1315 1608 1421 1663 autem
1437 1599 1492 1681 qui
1509 1618 1567 1681 pro
1583 1597 1721 1680 peccatis
1738 1599 1856 1662 nostris
1872 1618 1983 1663 sumus

293 1716 395 1763 Ammo,
406 1716 424 1755 ¹·
439 1701 564 1777 Audite,
578 1720 682 1765 vaccae
698 1701 843 1783 pingues,
857 1721 928 1783 quae
940 1700 1016 1763 estis
1029 1701 1061 1762 in
1075 1710 1184 1763 monte
1239 1698 1445 1763 contaminati
1462 1698 1495 1760 in
1511 1698 1571 1760 hac
1586 1697 1779 1779 captivitate,
1797 1698 1983 1778 ignoramus

294 1815 382 1863 orceo.
393 1814 425 1855 ιθ.
441 1798 600 1862 Samaria.
613 1800 651 1860 Et
666 1800 749 1881 apud
765 1800 862 1863 Osee:
880 1799 966 1862 Sicut
982 1818 1077 1862 vacca
1093 1800 1184 1862 lasci·
1239 1798 1429 1860 munditiam
1447 1795 1635 1872 sanctitatis,
1647 1797 1749 1859 donec
1764 1797 1872 1860 veniat
1887 1818 1983 1881 super

439 1897 531 1960 viens
543 1897 716 1960 declinarit
730 1898 944 1960 lsrael.Vituli
960 1916 1088 1979 quoque
1103 1917 1184 1979 quos
1202 1897 1225 1959 B
1240 1916 1298 1960 nos
1314 1895 1446 1977 spiritus
1461 1896 1501 1957 de
1516 1894 1591 1972 alto,
1609 1903 1641 1957 et
1660 1894 1805 1957 effundat
1826 1897 1909 1960 Deus
1931 1919 1984 1961 so—

440 2014 459 2057 a
480 2003 625 2076 tempore
649 1994 814 2059 Jeroboam
839 1997 1061 2071 adoraverunt,
1090 1995 1185 2058 inter·
1239 2015 1296 2079 per
1312 2014 1370 2057 nos
1385 2014 1483 2075 aquas
1499 1995 1646 2070 mundas,
1662 2003 1695 2057 et
1709 1995 1984 2060 mundemur.Uti-

307 2108 426 2159 rau.1‚⁵.
440 2092 517 2155 dum
532 2112 635 2157 raoeae
654 2102 818 2171 vocantur,
834 2095 924 2175 juxta
946 2093 1048 2156 illud:
1065 2094 1184 2157 Vaccas
1239 2115 1313 2158 nam
1325 2093 1425 2156 llabbi
1442 2093 1502 2156 iste
1518 2093 1726 2156 intellexisset
1742 2112 1776 2155 se
1787 2094 1984 2175 ipsumflac

440 2192 599 2255 Betbaven
615 2192 793 2255 coluerunt.
1238 2193 1339 2256 llabbi
1355 2192 1481 2255 Paulus.

480 2289 598 2370 ltaque,
615 2290 781 2353 Adducunt
802 2291 841 2353 ad
865 2298 895 2353 le
917 2309 1043 2353 vaccam
1066 2289 1182 2366 rufam,
1279 2294 1485 2371 Trmletrquue
1499 2312 1570 2351 eam
1582 2294 1740 2352 Eleazaro
1751 2296 1909 2354 sacerdoti
1915 2295 1983 2357 :cui

441 2387 531 2450 rubei
551 2388 674 2452 scilicet
692 2388 818 2466 coloris,
837 2389 913 2471 quia
934 2397 966 2451 et
988 2388 1108 2451 vitulus
1131 2388 1185 2451 ille
1240 2390 1423 2454 tradebatur
1438 2390 1476 2452 ad
1493 2389 1695 2453 olierendum
1711 2391 1812 2471 magis
1822 2411 1919 2473 qnam
1935 2413 1986 2475 pa-

440 2504 555 2549 aureus
575 2495 642 2549 erat
664 2486 735 2548 talis
757 2486 892 2551 coloris:
911 2495 1067 2568 quatenus
1090 2506 1185 2549 vacca
1241 2491 1281 2551 tri
1304 2490 1385 2571 ejus,
1402 2489 1477 2569 quia
1500 2506 1564 2551 non
1584 2488 1728 2569 peccarit
1747 2489 1779 2550 in
1799 2490 1986 2554 adoratione

441 2582 497 2645 illa
513 2603 569 2666 per
585 2603 674 2647 suam
697 2584 907 2647 substantiam
924 2594 955 2647 et
970 2586 1122 2662 colorem,
1141 2586 1185 2647 la·
1240 2587 1621 2669 vituli,qucmadmodum
1632 2587 1746 2651 Aaron.
1757 2591 1822 2658 Qut
1834 2594 1983 2651 edoctam

440 2691 526 2745 ceret
547 2682 609 2765 ipsi
626 2684 728 2747 Aaron
751 2703 787 2747 ao
808 2684 927 2766 populo
950 2684 1186 2747 rememoratio·
1238 2698 1331 2747 extra
1342 2698 1529 2748 castromon
1541 2686 1627 2749 enim
1639 2684 1833 2749 oflerebatur
1844 2688 1876 2749 in
1888 2688 1987 2751 taber-

441 2798 514 2842 nem
534 2781 654 2862 peccati
675 2782 838 2845 commissi
859 2782 892 2844 in
912 2800 1008 2845 aureo
1024 2782 1137 2859 vitulo,
1154 2791 1186 2845 et
1241 2786 1356 2850 naculo
1368 2785 1418 2848 rel
1434 2785 1525 2861 atrio,
1535 2803 1606 2866 qua
1621 2793 1711 2847 erant
1725 2793 1829 2848 castra
1842 2786 1983 2864 deitatis,

440 2878 480 2943 de
500 2880 611 2943 eodem
631 2889 762 2963 peceato
782 2880 937 2963 pudorem
960 2882 1006 2943 eis
1030 2882 1186 2944 incuteret
1240 2906 1299 2949 nec
1322 2886 1354 2946 in
1377 2884 1490 2946 castris
1510 2882 1689 2945 Levitarum
1712 2894 1767 2946 aut
1788 2886 1912 2967 populi,
1929 2888 1985 2949 sed

440 2986 472 3042 et
487 2978 662 3043 horrorem.
681 2977 781 3041 Rufus
801 2978 897 3042 etiam
917 2979 1005 3042 color
1026 2978 1058 3040 in
1080 2980 1185 3043 vaccis
1240 2994 1327 3047 extra
1342 2981 1504 3058 omnia,in
1520 2982 1684 3045 horrorem
1700 2983 1821 3063 peccati
1838 2992 1901 3046 tarn
1917 3002 1987 3063 gra-

440 3086 541 3141 exstat
556 3077 767 3140 communior.
784 3080 907 3140 AEtntis
922 3080 1066 3155 intqqroe,
1079 3079 1119 3141 ad
1135 3080 1185 3142 de
1200 3085 1222 3147 C
1242 3083 1301 3158 νίε,
1318 3090 1414 3162 atque
1429 3080 1468 3142 ad
1485 3080 1694 3157 innuendum,
1711 3081 1797 3161 quod
1813 3090 1878 3144 tota
1893 3083 1986 3164 plebs

440 3166 631 3254 signandum
651 3176 736 3256 quod
751 3176 816 3258 jam
839 3176 939 3238 adulti
956 3184 1057 3253 erant,
1075 3176 1139 3240 imo
1154 3186 1185 3239 et
1240 3180 1280 3243 ab
1293 3179 1348 3243 illo
1360 3187 1489 3261 peccato
1505 3197 1629 3240 summe
1643 3178 1792 3258 elongare
1808 3199 1842 3242 se
1852 3180 1982 3253 debeat3

439 3273 609 3354 senes,qui
620 3273 757 3337 vitulum
772 3275 995 3338 adoraverunt.
1006 3275 1185 3357 Dicuntque
1240 3286 1271 3341 et
1287 3278 1439 3359 quoniam
1455 3285 1543 3338 extra
1559 3284 1682 3358 portam
1702 3296 1814 3359 passus
1834 3289 1883 3341 est
1897 3280 1985 3342 Cbri—
2012 3304 2125 3346 necnon.

440 3370 646 3453 aliqui,quod
658 3372 767 3435 debuit
781 3392 850 3436 esse
867 3373 970 3449 trima,
981 3373 1012 3435 id
1025 3382 1072 3436 est
1089 3374 1184 3436 trium
1240 3376 1413 3456 stus‚quod
1425 3375 1463 3436 ad
1480 3374 1645 3456 mysticam
1661 3375 1799 3456 pertinet
1815 3376 1982 3454 rationem,
2001 3370 2034 3409 ¹²·

442 3488 609 3547 annornm,
628 3470 710 3532 sieut
725 3479 756 3533 et
772 3471 805 3532 in
820 3471 934 3534 Genesi
951 3472 1066 3552 legitur
1081 3473 1186 3535 Domi·
1241 3482 1335 3556 prout
1352 3474 1498 3555 sequenti
1509 3473 1632 3535 dicetur
1642 3473 1791 3549 articulo;
1804 3477 1984 3537 inrrnolcbr't

296 3592 426 3641 aenne.
443 3586 503 3630 nus
529 3568 646 3631 dixisse
670 3571 709 3631 ad
735 3570 892 3631 Abraham
911 3586 918 3631 ε
938 3570 1032 3633 Sume
1057 3592 1185 3634 vaccam
1241 3576 1277 3632 in
1298 3582 1464 3651 conspecte
1484 3575 1631 3633 oxnnium
1646 3594 1658 3631 .·
1675 3582 1708 3633 ut
1728 3591 1838 3635 omncs
1858 3575 1898 3637 de
1917 3574 1984 3637 suis

442 3665 611 3730 triennem.
636 3667 753 3731 lamen
777 3668 827 3747 (ut
858 3666 973 3749 lertur)
998 3668 1030 3730 in
1056 3669 1186 3733 Hebraeo
1242 3670 1433 3752 poeniterent
1448 3670 1718 3752 peccatis,etquia
1735 3671 1914 3735 idololatria
1929 3673 1985 3735 illa

442 3783 506 3828 non
522 3764 667 3843 habetur,
679 3765 790 3827 AEtatis
807 3766 947 3845 integrae,
961 3768 1027 3843 sed,
1039 3768 1183 3849 lntegre:
1243 3769 1275 3830 in
1298 3768 1399 3831 vitulo
1421 3788 1517 3831 aureo
1537 3768 1664 3851 publice
1684 3767 1768 3832 facta
1789 3769 1860 3832 luit.
1877 3771 1983 3852 Aliqui

441 3872 476 3924 ut
492 3863 533 3925 sit
549 3884 672 3939 sensus,
691 3865 777 3945 quod
793 3884 888 3927 vacca
903 3864 1013 3927 debuit
1029 3885 1099 3929 osse
1115 3866 1186 3929 rula
1241 3876 1347 3929 tamen
1372 3868 1494 3944 dicunt,
1512 3869 1597 3948 quod
1621 3867 1747 3931 Eleazar
1768 3888 1897 3931 vaccam
1922 3890 1985 3931 ma-

440 3980 497 4043 per
514 3970 626 4025 totum.
645 3961 759 4043 Sieqne
781 3962 866 4043 quod
889 3962 1046 4040 subditur,
1064 3967 1099 4025 in
1120 3987 1186 4045 qua
1241 3967 1339 4029 elavit
1355 3985 1411 4048 per
1427 3966 1525 4027 alium
1542 3967 1748 4030 sacerdotem.
1764 3966 1854 4030 Unde
1874 3968 1907 4030 in
1928 3969 1986 4031 llo-

440 4064 533 4120 natta
549 4062 591 4120 sit
611 4064 751 4132 macuta,
769 4068 876 4141 posset
899 4061 1026 4142 exponi,
1043 4064 1128 4143 quod
1152 4064 1184 4125 iu
1241 4064 1326 4126 brxeo
1338 4064 1439 4126 fertur
1454 4064 1763 4137 lraberi,lmmolabit
1778 4086 1846 4128 eam
1863 4067 1896 4129 in
1913 4088 1985 4130 con·

440 4177 477 4219 ea
493 4176 557 4221 non
574 4156 684 4220 debuit
698 4176 768 4221 esse
788 4158 912 4221 macula
928 4159 1066 4237 velleris,
1084 4162 1186 4226 diver·
1241 4171 1351 4245 spectu
1377 4181 1446 4239 suo,
1469 4162 1501 4224 id
1526 4171 1584 4238 est,
1602 4175 1671 4225 eam
1699 4162 1794 4227 faciet
1818 4183 1926 4228 coram
1951 4186 1985 4229 sc

441 4256 559 4318 sitasve
575 4256 702 4319 eoloris.
713 4256 822 4319 Melius
838 4266 944 4320 tamen
961 4260 1141 4341 exponitur,
1151 4260 1184 4322 ln
1201 4263 1226 4324 D
1242 4262 1412 4323 immolari.

440 4372 503 4435 qua
528 4354 617 4416 nulla
642 4353 683 4415 sit
708 4354 843 4432 macula,
868 4355 900 4418 id
926 4365 974 4419 est
998 4356 1185 4422 deformilas
1281 4364 1323 4421 Et
1346 4362 1473 4437 lioperto·
1493 4362 1636 4435 dicituro
1661 4363 1698 4422 ire
1720 4364 1881 4439 sceptrinae
1901 4366 1983 4440 ejas,

440 4470 495 4515 seu
511 4450 738 4515 defectuositas
753 4454 889 4516 reddens
905 4454 1022 4517 animal
1040 4455 1184 4539 ineptum
1239 4462 1405 4535 adsperpet
1420 4468 1531 4519 contra
1546 4460 1631 4535 sores
1650 4462 1849 4520 tabenaculo·
1866 4473 1984 4538 eptem

439 4549 477 4612 ad
494 4547 708 4612 ollerendum.
722 4553 789 4613 Nec
799 4554 981 4628 portaverit
989 4555 1112 4631 jopem
1124 4577 1135 4615 :
1145 4557 1184 4619 ad
1241 4558 1369 4618 vicibus
1379 4554 1465 4619 lnlra
1481 4556 1512 4617 in
1528 4557 1588 4619 isto
1601 4556 1734 4620 habetur
1744 4558 1985 4642 capitulo,quod

441 4645 644 4727 figurandum
655 4650 740 4729 quod
752 4648 890 4729 populns
901 4648 1185 4729 idololatranqluit
1240 4654 1386 4717 sacerdos
1410 4653 1552 4716 offerens
1577 4675 1716 4733 vaccam,
1739 4657 1899 4738 completo
1925 4657 1985 4722 isto

440 4762 570 4825 prorsus
596 4744 781 4822 indomitus,
799 4746 975 4828 jugumque
997 4748 1076 4829 legis
1098 4750 1186 4832 abje
1239 4761 1272 4814 et
1291 4752 1482 4833 quibusdam
1507 4753 1725 4834 sequentibus,
1742 4754 1858 4817 redibit
1881 4755 1914 4817 in
1937 4777 1986 4820 ca·

439 4841 769 4922 cit,quemadmodum
784 4862 841 4925 per
852 4844 1020 4908 ieremiam
1031 4848 1184 4911 Dominus
1240 4859 1324 4913 stra:
1343 4851 1462 4915 ideirco
1477 4852 1714 4933 adspersionem
1731 4854 1812 4916 bane
1833 4852 1910 4918 lecit
1929 4875 1985 4918 an-

307 4956 424 5007 nania.
440 4947 631 5021 protestatur
649 4958 656 5001 :
678 4940 703 5001 A
725 4941 841 5005 seculo
864 4943 1051 5025 confregisti
1071 4947 1184 5029 jugum
1239 4957 1368 5029 tequam
1384 4948 1490 5025 rediit,
1501 4950 1544 5011 ita
1559 4950 1644 5031 quod
1661 4950 1694 5011 in
1711 4950 1779 5013 loeo
1796 4951 1984 5017 immolatio

439 5055 558 5114 meum,
568 5036 682 5120 rupisti
699 5037 826 5101 vincula
841 5059 927 5117 mea3
940 5050 972 5105 et
986 5042 1106 5122 dixisti,
1117 5046 1183 5108 Non
1240 5045 1290 5108 nis
1302 5066 1404 5110 vaceae
1415 5055 1512 5125 stans,
1522 5047 1637 5111 laciem
1649 5068 1738 5111 suam
1750 5049 1863 5113 direxit
1873 5070 1981 5115 versus

440 5134 589 5197 serviam.
1239 5145 1436 5208 tabernaculi
1453 5145 1548 5209 loros.
1567 5145 1681 5228 Sieqne
1698 5148 1855 5230 adspersit
1871 5169 1979 5213 versus

478 5234 640 5311 Praeterea,
657 5241 693 5296 ut
715 5234 826 5299 recitat
847 5237 948 5301 llabbi
973 5240 1108 5303 Paulus:
1125 5242 1183 5306 Pro
1238 5243 1375 5319 easdem,
1388 5245 1657 5325 quemadmodum
1674 5245 1767 5309 tertio
1782 5247 1913 5328 Regum,
1926 5248 1977 5311 Sa-

437 5349 475 5395 eo
496 5333 582 5413 quod
609 5340 716 5395 nostra
743 5334 907 5399 translatio
928 5337 1033 5415 babet,
1052 5339 1114 5403 lsta
1135 5350 1183 5403 est
1236 5342 1344 5405 lomon
1367 5341 1412 5403 ait
1436 5342 1475 5405 de
1501 5340 1581 5405 liliis
1601 5344 1721 5407 lsrael:
1746 5344 1777 5407 Si
1803 5346 1887 5427 capti
1913 5345 1975 5409 lue
