4309 6259
590 501 772 556 maranno,
786 504 817 550 m
837 503 906 552 cnr.
929 504 951 552 x
971 505 1108 552 murmur.
1131 525 1177 554 -.
1192 506 1263 554 aar.
1286 505 1362 554 xxm
1689 489 1760 564 lta„

198 671 359 753 designat.
376 676 421 736 Et
434 694 531 752 super
546 695 672 738 arranem
692 687 807 738 coetum
822 678 950 738 oriatur
964 677 990 742 A
1004 677 1060 739 alil
1076 679 1255 740 sacerdotes
1272 677 1359 742 uncti
1383 677 1529 742 dicantur
1550 677 1620 742 oleo
1636 679 1745 757 mixto,

199 774 401 850 indipnatio,
419 773 450 835 id
472 781 532 850 est,
550 783 680 857 propter
702 785 807 839 vestra
822 784 951 858 peccata
1004 775 1125 838 dictum
1136 784 1184 839 est
1195 795 1288 858 sape.
1300 779 1363 846 Qui
1372 779 1748 856 feceruntomniajuntc

196 869 366 952 contingat
382 879 482 935 totum
498 873 654 955 populum
670 873 826 954 flagellari
844 894 851 939 :
868 874 951 938 sicut
1000 886 1198 954 preceptum
1214 877 1345 954 Moysis.

196 969 362 1032 interdum
379 970 510 1048 subditi,
521 981 650 1055 propter
665 973 865 1055 superiorum
881 991 950 1036 suo
1043 976 1141 1037 Dicit
1162 995 1285 1054 qnoque
1308 977 1468 1036 Dominus
1492 979 1536 1036 ad
1552 979 1675 1048 Aaron.
1701 976 1749 1039 lln

195 1089 269 1130 rum
295 1069 386 1147 vitia,
414 1068 592 1152 puniuntur
619 1090 713 1153 poena
737 1071 894 1155 corporali
919 1080 951 1135 et
1004 1072 1105 1154 jussio
1130 1082 1161 1136 et
1179 1073 1330 1137 allocutio
1350 1073 1410 1136 ista
1433 1073 1475 1136 sit
1491 1072 1574 1137 iacta
1590 1075 1630 1137 ad
1645 1075 1749 1139 Aaron

195 1167 380 1250 temporali,
390 1188 454 1233 nou
470 1177 576 1232 aulem
589 1170 749 1252 spirituali
760 1178 856 1252 atque
866 1178 951 1234 ceter·
1005 1192 1061 1256 per
1083 1172 1222 1255 Moysen,
1238 1192 1278 1234 an
1304 1172 1487 1236 immediate
1512 1193 1568 1256 per
1587 1174 1756 1254 angelum,-

196 1287 250 1344 aa,
264 1267 468 1350 inquantum
480 1269 704 1352 superioreset
718 1271 837 1334 subdit-i
851 1290 949 1333 unum
1004 1281 1108 1336 textus
1138 1291 1202 1335 non
1233 1271 1392 1354 exprimit.
1424 1272 1462 1334 Et
1490 1271 1635 1353 quamvis
1666 1273 1750 1336 istud

195 1374 274 1429 sunt
292 1387 300 1431 :
319 1368 405 1449 quod
421 1376 528 1432 umen
550 1369 755 1452 omnipotens
770 1371 851 1433 Deus
866 1369 950 1432 ordi·
1004 1378 1198 1455 preceptum
1224 1370 1435 1434 concernebat
1460 1371 1555 1434 etiam
1582 1370 1749 1436 inferiores

196 1476 254 1530 nat
269 1468 310 1528 ad
327 1466 447 1530 bonum
459 1466 660 1545 inferiorum,
670 1467 753 1531 sicut
767 1469 807 1532 de
822 1468 883 1532 boc
897 1468 951 1530 ali·
1004 1470 1193 1546 sacerdotes,
1213 1478 1317 1532 temen
1333 1470 1372 1533 ad
1394 1469 1580 1552 pontificem
1599 1479 1750 1552 tanquam

194 1564 230 1627 bi
250 1565 382 1658 plenius
405 1566 531 1648 scripsi.
549 1567 709 1633 interdum
732 1586 860 1650 quoque
874 1587 950 1631 con·
1004 1571 1043 1633 ad
1068 1567 1290 1651 principalem,
1308 1575 1403 1651 atque
1429 1587 1485 1652 per
1500 1587 1572 1631 eum
1598 1570 1637 1632 ad
1663 1568 1749 1633 lilios

195 1664 307 1744 tingit,
325 1665 412 1746 quod
427 1684 575 1729 excessus
592 1667 792 1730 sacerdotum
808 1668 862 1729 dat
877 1666 949 1730 aliis
1004 1669 1086 1750 ejus,
1113 1668 1315 1731 estfactum.
1352 1670 1471 1728 Vinum
1496 1679 1525 1728 et
1550 1689 1641 1730 omne
1665 1672 1754 1749 quoa,
1805 1655 1808 1665 ’

195 1763 353 1846 peccandi
379 1764 545 1828 audaciam
564 1785 571 1830 :
590 1765 700 1847 sicque
721 1785 775 1829 eos
796 1765 951 1829 scandali·
1005 1771 1167 1830 inebriare
1189 1777 1307 1847 potest,
1334 1767 1485 1830 videlicet
1509 1767 1658 1846 siceram,
1685 1789 1750 1830 non

194 1863 310 1939 mado,
328 1869 453 1926 exstant
468 1863 604 1941 occasio,
621 1865 705 1946 quod
721 1884 817 1946 super
831 1873 949 1928 coetum
968 1867 991 1930 B
1005 1869 1115 1930 bibetis
1130 1877 1166 1929 tu
1181 1876 1210 1926 et
1223 1868 1291 1944 filii
1306 1867 1366 1939 tui,
1384 1865 1507 1928 scilicet
1521 1865 1688 1929 inferiores
1705 1887 1751 1930 sa·

195 1960 399 2025 subditorum
417 1960 596 2043 indignatio
612 1962 667 2026 Ilei
682 1982 719 2026 ac
734 1963 815 2026 ultio
835 1964 947 2026 oritur.
1005 1966 1160 2042 cerdotes,
1177 1966 1307 2044 quando
1325 1965 1490 2024 intrabitis
1511 1965 1546 2024 in
1568 1966 1752 2026 tabernacm

235 2062 700 2143 Fratresvcstri,putabevitae
712 2081 776 2125 non
788 2081 950 2126 consecra·
1006 2069 1075 2124 tum
1093 2064 1278 2134 testimonii,
1297 2061 1393 2124 idest
1412 2081 1450 2125 eo
1470 2062 1522 2125 die
1538 2081 1593 2125 seu
1610 2071 1752 2145 tempore

194 2161 223 2223 ti
238 2161 273 2223 in
288 2161 522 2238 sacerdotes,et
536 2164 642 2222 omnis
655 2165 770 2222 domus
786 2165 899 2232 Israel,
918 2161 949 2224 id
1005 2181 1070 2244 quo
1087 2161 1261 2241 ingressuri
1283 2160 1359 2224 ostis
1382 2159 1596 2223 sanctuarium
1619 2180 1656 2224 ac
1675 2162 1752 2226 alta-

193 2269 245 2325 est
267 2259 433 2323 residuum
449 2258 631 2322 israelitice
653 2259 768 2342 plebis,
786 2266 950 2338 ptanpant
1006 2280 1050 2337 re,
1068 2261 1108 2323 ad
1125 2259 1370 2322 ministrandum
1387 2267 1418 2322 et
1433 2258 1678 2322 sacrificandum
1695 2259 1752 2324 ibi-

194 2361 391 2420 incendium
413 2362 500 2438 qnod
523 2361 684 2421 Dominus
708 2361 890 2430 suscitavit,
917 2360 949 2423 id
1006 2357 1308 2438 dem,intelligendo
1324 2377 1380 2440 per
1396 2357 1752 2436 tabernaculum,altare

195 2467 257 2534 est,
284 2457 453 2520 interitum
477 2458 678 2521 sacerdotum
708 2458 949 2521 combustorum
1005 2457 1102 2521 ctiam
1132 2456 1330 2534 holocausti3
1363 2478 1403 2518 ne
1431 2459 1623 2519 moriamini
1642 2479 1653 2518 .·
1672 2461 1751 2538 quia

194 2557 378 2638 deplorent,
395 2555 574 2638 praesertim
589 2557 665 2637 quia
688 2557 868 2620 sacerdotes
885 2557 950 2620 lue
1001 2569 1200 2637 preceptum
1214 2568 1258 2619 est
1272 2560 1517 2636 sempiternum,
1533 2557 1565 2620 id
1581 2566 1629 2622 est
1644 2577 1752 2641 perpe

194 2662 274 2716 runt
288 2652 427 2736 publicae
448 2672 594 2736 persone
609 2663 641 2716 ct
661 2653 753 2736 quasi
773 2663 879 2737 patres
894 2673 950 2736 po
1006 2665 1060 2720 tue
1085 2656 1243 2738 obligans,
1260 2659 1297 2718 in
1318 2643 1537 2734 concretiones
1560 2668 1691 2729 vestras,
1717 2657 1750 2720 id

193 2752 277 2835 puli.
299 2751 391 2816 Unde
404 2761 437 2815 et
460 2753 539 2816 tales
555 2761 666 2815 sunta
690 2753 783 2835 plebe
804 2753 950 2834 speciali·
1006 2765 1054 2819 est
1068 2755 1270 2820 successione
1290 2764 1322 2820 et
1341 2755 1452 2819 ordine
1471 2756 1671 2820 sacerdotum
1695 2775 1751 2839 per

194 2859 245 2916 ter
265 2850 493 2933 deplangendi,
515 2851 598 2914 sicut
619 2861 651 2914 et
673 2851 853 2934 specialiter
875 2860 950 2914 sunt
1007 2863 1107 2918 totum
1132 2853 1248 2918 veteris
1277 2855 1469 2918 Testamenti
1499 2855 1679 2918 decursum.
1714 2860 1751 2919 Ut

193 2949 345 3027 amandi,
372 2959 405 3013 et
433 2951 741 3033 propterdamnum
766 2969 946 3028 commune,
1005 2957 1343 3024 babeatisscicntiam,
1369 2953 1402 3014 id
1425 2961 1473 3016 est
1496 2953 1631 3016 liberum
1657 2974 1750 3018 usum

193 3050 284 3130 quod
306 3068 345 3111 ex
370 3049 484 3111 talium
510 3049 658 3112 imminet
680 3058 792 3112 morie.
809 3050 899 3113 Unde
919 3060 950 3113 et
966 3052 989 3117 G
1005 3063 1036 3117 ot
1050 3052 1234 3135 expeditum
1255 3051 1422 3133 judicium,
1439 3055 1646 3114 discernendi
1666 3056 1751 3115 inter

193 3167 274 3231 apes
290 3156 427 3216 mortem
442 3147 526 3229 regis
543 3148 604 3225 sui,
617 3168 714 3230 quem
730 3158 890 3212 mortuum
906 3150 950 3212 vi·
1004 3163 1153 3214 sanctum
1167 3161 1197 3212 et
1209 3152 1400 3229 profanum,
1418 3150 1451 3214 id
1466 3159 1525 3226 est,
1535 3171 1607 3234 quae
1624 3151 1687 3214 sint
1703 3172 1751 3215 sa·

193 3248 285 3324 (lent,
303 3247 350 3310 sic
366 3247 476 3310 dolent
498 3257 530 3310 et
552 3248 644 3331 quasi
668 3247 845 3330 deplorant,
863 3250 950 3330 quod
1004 3250 1130 3315 crificia
1146 3249 1243 3326 licita,
1261 3257 1293 3312 et
1308 3269 1378 3332 quae
1399 3268 1484 3326 non3
1501 3261 1531 3312 et
1551 3253 1637 3313 inter
1647 3257 1751 3330 potiu-

194 3346 262 3409 nisi
277 3345 409 3409 aliunde
424 3347 471 3409 eis
488 3346 722 3429 provideretur,
736 3355 768 3409 et
785 3347 861 3430 ipsae
876 3367 949 3412 mox
1006 3363 1074 3412 tum
1090 3359 1118 3410 ct
1139 3352 1311 3419 mucidum,
1329 3348 1360 3411 id
1381 3357 1439 3427 est,
1457 3368 1528 3430 quae
1548 3350 1613 3414 sint
1632 3351 1751 3413 munda

192 3453 412 3510 morerentur.
428 3445 496 3520 Quo
512 3455 647 3524 constat,
667 3466 763 3529 quam
780 3447 897 3528 ingrati
912 3467 949 3510 ac
1005 3450 1181 3512 secundum
1202 3448 1316 3528 legem,
1333 3455 1365 3510 et
1383 3466 1453 3528 quse
1475 3465 1550 3524 non,
1574 3449 1750 3530 praesertim

193 3545 267 3609 duri
289 3542 480 3620 consistant,
497 3545 555 3626 qui
578 3545 780 3628 superiorum
805 3565 947 3623 suorum,
1005 3549 1089 3611 inter
1116 3544 1290 3609 laudabiles
1322 3554 1354 3608 ot
1379 3545 1606 3628 vituperabiles
1633 3565 1748 3624 mores,

193 3643 312 3707 saltem
327 3643 572 3720 bonorum,uon
588 3643 711 3707 deflent
727 3653 873 3707 mortem.
892 3649 949 3706 Vos
1005 3647 1089 3709 inter
1110 3645 1243 3709 virtutes
1268 3653 1299 3708 et
1321 3643 1420 3720 vilia;
1445 3647 1644 3726 doceatisque
1664 3649 1750 3726 filios

194 3753 305 3804 anum
323 3762 390 3802 non
405 3743 619 3819 eprediemini
632 3744 718 3820 sores
734 3745 948 3815 tabernaculi,
1005 3751 1108 3808 Israel
1137 3747 1249 3806 omnia
1279 3745 1425 3819 ienitima
1454 3764 1536 3812 mea,
1566 3751 1643 3826 puta
1672 3764 1751 3826 prte-

194 3843 327 3921 atioqni
342 3841 506 3918 peribitis.
528 3839 644 3904 Octavo
666 3841 808 3922 capitulo
828 3842 949 3905 dictum
1005 3853 1097 3927 cepta
1128 3843 1270 3920 moralia,
1302 3841 1528 3905 cerimonialia
1559 3850 1590 3904 et
1619 3843 1751 3924 judicia-

46 3957 179 4009 amaa.
194 3948 258 4014 est,
275 3939 363 4020 quod
379 3936 466 4000 inira
480 3938 550 4001 dies
565 3947 687 4020 septem
709 3938 827 4020 quibus
843 3959 949 4004 conse
1005 3944 1059 4018 lia,
1081 3948 1386 4024 quaternarum
1408 3945 1452 4002 ad
1471 3961 1520 4002 cos
1535 3962 1595 4020 per
1616 3963 1750 4004 manum

194 4038 301 4102 cratio
323 4038 524 4101 sacerdotum
551 4037 689 4114 duravit,
708 4057 772 4102 non
796 4039 888 4103 licuit
903 4041 949 4103 cis
1005 4045 1139 4120 Moysis.
1156 4041 1304 4116 Quamvis
1326 4049 1432 4102 autem
1454 4040 1563 4102 vinum
1590 4041 1750 4106 moderato

197 4136 444 4200 tabernaculum
464 4137 583 4215 egredi,
602 4137 732 4201 nomine
753 4138 949 4203 tabernaculi
1006 4148 1180 4222 sumptum,
1204 4159 1267 4203 non
1293 4139 1447 4221 impediat
1471 4139 1564 4202 istam
1587 4140 1750 4203 discretio

195 4235 413 4316 intelligendo
427 4243 458 4298 et
476 4235 594 4298 atrium
609 4237 687 4318 ejus.
705 4237 742 4299 Hi
760 4246 865 4301 aulem
882 4259 951 4322 sep·
965 4245 990 4306 D
1005 4259 1091 4315 nem,
1109 4239 1274 4302 scientiam
1291 4246 1322 4300 et
1339 4237 1528 4315 doctrinam,
1551 4238 1616 4300 imo
1633 4237 1750 4300 clarili-

196 4343 266 4399 tem
291 4334 360 4398 dies
389 4353 454 4398 non
479 4343 570 4397 eraut
598 4335 762 4417 praeteriti.
788 4338 851 4401 Cur
875 4357 950 4419 ergo
1005 4358 1077 4403 care
1093 4337 1216 4401 dicatur
1237 4336 1423 4418 ingenium3
1442 4344 1547 4400 tamen
1567 4336 1644 4418 quia
1663 4335 1750 4398 dilii-

196 4453 288 4498 nunc
303 4451 415 4495 rursus
430 4432 584 4516 jubentur
599 4433 679 4498 illud
696 4454 760 4498 non
776 4436 903 4515 egredil
919 4445 951 4500 et
1005 4437 1066 4501 cile
1091 4443 1140 4500 est
1164 4436 1198 4498 in
1224 4436 1386 4517 potatione
1411 4434 1479 4499 vini
1504 4454 1567 4500 non
1598 4437 1749 4500 excedere

195 4532 357 4614 quamdiu
381 4531 510 4595 duravit
534 4532 710 4614 prohibitio
734 4533 817 4597 ista?
840 4535 951 4599 Dicen-
1005 4536 1164 4612 medium,
1191 4552 1317 4615 exque
1343 4552 1473 4596 excessu
1498 4533 1581 4596 mala
1611 4533 1749 4616 plurime

193 4633 289 4709 dum,
306 4631 393 4713 quod
409 4631 621 4714 probibentur
641 4633 736 4696 modo
757 4652 821 4696 nou
841 4636 950 4714 egredi
1004 4635 1162 4710 oriuntur,
1177 4633 1247 4696 ideo
1264 4629 1415 4695 Dominus
1430 4631 1749 4714 absolutoprobibuit

193 4732 238 4796 ad
272 4741 414 4813 tempus,
447 4731 485 4793 ad
516 4731 736 4813 sepeliendum
764 4732 946 4813 delunetos,
1004 4733 1222 4798 sacerdotibus
1239 4730 1305 4793 vini
1322 4738 1430 4813 potum
1447 4739 1590 4813 tempore
1609 4731 1750 4794 ministe-

195 4850 260 4894 nec
276 4830 361 4892 inter
376 4828 524 4910 vulgares
547 4831 675 4893 nudatis
690 4831 817 4895 misceri
838 4834 949 4915 capiti·
1003 4833 1043 4896 rii
1069 4831 1150 4895 sacri
1176 4848 1182 4892 :
1207 4839 1242 4892 ut
1267 4829 1363 4894 etiam
1388 4847 1444 4910 per
1468 4827 1694 4892 abstinentiam
1718 4837 1750 4891 et

194 4929 273 5006 bus,
289 4927 367 5010 quia
389 4934 421 4990 et
443 4935 587 4992 recenter
608 4930 783 4993 consecrati
807 4939 838 4994 et
861 4932 948 4992 uncti
1003 4927 1425 5007 obedientiam,obtinerent
1440 4927 1601 4991 abamina
1616 4926 1748 5007 gratiam

195 5028 343 5090 luerunt.
371 5026 501 5108 Propter
526 5028 612 5108 quod
638 5027 811 5093 subditur:
837 5031 949 5090 Oleum
1003 5029 1192 5112 ampliorem
1207 5031 1247 5091 ad
1263 5026 1499 5108 exsequendum
1514 5026 1671 5105 condigne
1687 5043 1751 5088 om-

194 5128 321 5206 qnippc
334 5135 455 5186 sanctae
471 5128 634 5186 unctionis
648 5137 801 5204 estsuper
816 5148 878 5188 aas.
893 5127 949 5190 l'e
1003 5148 1044 5192 nc
1068 5127 1283 5190 ministerium
1309 5145 1413 5201 suum,
1432 5134 1527 5207 atquc
1552 5134 1587 5187 ut
1612 5124 1750 5208 populus

193 5232 382 5288 rumlamen
407 5223 494 5287 solus
520 5224 664 5307 pontifex
688 5233 803 5288 unctus
829 5225 890 5288 luit
915 5227 948 5289 in
1003 5229 1037 5290 in
1067 5227 1266 5290 sacerdotum
1296 5225 1468 5289 sobrietate
1496 5234 1528 5288 et
1556 5224 1750 5290 abstinentia

193 5323 305 5406 capite
320 5323 393 5398 oleo
407 5323 570 5386 unctionis
585 5342 677 5406 puro.
689 5322 829 5398 Qualiter
842 5334 948 5388 autem
1003 5325 1227 5390 aedificaretur.
