4309 6259
424 474 484 539 tot
748 492 921 539 suburano
943 492 972 537 m
995 492 1063 539 cnr.
1086 492 1160 538 xxiv
1180 491 1376 538 nurenonuu.
1398 512 1440 521 —
1459 493 1531 538 nur.
1554 493 1651 539 xxxix

422 672 490 739 est;
508 672 539 727 et
555 662 617 725 nisi
633 664 803 745 mysticum
818 663 896 744 quid
916 682 952 727 ae
969 662 1167 745 profundum
1183 659 1208 722 Α
1223 684 1288 735 am,
1304 665 1481 741 complosis,
1503 662 1535 723 id
1555 670 1604 724 est
1629 679 1725 743 super
1745 678 1779 722 se
1794 656 1971 741 percussis,

423 762 599 825 includeret
620 781 761 840 sensum,
778 781 842 825 nou
865 762 917 825 bie
932 764 982 842 (ut
1002 764 1093 844 puto)
1107 762 1168 824 suh
1222 764 1382 834 manibus,
1399 760 1449 823 vel
1464 760 1648 842 complosis,
1661 760 1694 822 id
1710 766 1757 821 est
1774 759 1808 820 in
1824 776 1972 839 pugnum

423 861 533 924 eadem
545 860 645 925 forma
661 870 867 943 repeteretur.
880 864 1086 923 Devorabunt
1093 882 1168 939 pen·
1224 860 1406 935 contractis,
1424 862 1472 919 uit
1488 881 1500 919 .·
1516 862 1569 921 Ad
1584 861 1843 919 maledicendum
1859 856 1975 914 inimi-

424 970 466 1021 tes
488 963 587 1021 hostes
606 962 709 1023 illius.
732 960 796 1023 Hoc
817 960 863 1022 sie
888 966 992 1041 potest
1017 959 1165 1037 intelligi,
1221 962 1268 1019 cis
1282 962 1361 1020 noeis
1381 961 1493 1019 uocaui
1519 968 1560 1028 te,
1575 959 1691 1037 quibus
1707 957 1887 1015 econtrario
1912 964 1975 1013 ter-

422 1058 507 1139 quod
533 1057 594 1119 filii
615 1058 708 1121 lsrael
734 1058 933 1122 devorabunt
957 1077 1012 1120 seu
1038 1058 1169 1121 vincent
1224 1060 1281 1128 tio,
1298 1057 1329 1119 id
1354 1066 1403 1120 est
1424 1056 1518 1119 tertia
1537 1056 1617 1132 vice,
1635 1056 1840 1115 benedis-isti.
1857 1056 1974 1114 Reuer-

421 1165 532 1237 gentes
548 1156 729 1219 incredulas
744 1156 890 1219 inimicas
906 1157 960 1219 Dei
976 1174 1032 1218 seu
1046 1156 1168 1218 israeli·
1224 1166 1287 1216 tere
1302 1160 1346 1218 ed
1368 1161 1474 1216 locum
1494 1166 1597 1217 tuum.
1615 1158 1824 1216 Decreveram
1838 1155 1972 1232 quidem

422 1254 477 1318 tici
494 1255 615 1337 populi.
628 1256 717 1319 Unde
732 1256 765 1317 in
776 1256 905 1320 Hebraeo
922 1254 1023 1318 fertur
1038 1255 1165 1318 haberi:
1222 1258 1394 1333 mapnifice
1413 1258 1570 1316 bonorare
1587 1265 1615 1314 te
1631 1252 1735 1329 donis,
1751 1249 1916 1331 obsequiis
1939 1257 1972 1311 et

421 1354 606 1432 Devorabit,
634 1354 757 1417 scilicet
785 1355 895 1432 lsrael,
922 1362 1032 1435 gentes
1058 1354 1166 1416 hostes
1221 1353 1474 1417 exhibitionibus
1494 1352 1754 1427 reverendarum,
1772 1350 1799 1411 si
1819 1348 1898 1410 mihi
1918 1366 1972 1410 ac-

422 1470 506 1516 suos
524 1453 595 1515 Alia
609 1471 737 1534 quoque
758 1452 923 1517 translatio
945 1453 1049 1530 habet,
1065 1452 1167 1513 Edent
1221 1451 1418 1532 quievisses3
1434 1455 1490 1513 sed
1514 1454 1674 1513 Dominus
1689 1451 1838 1527 priuauit
1863 1456 1891 1508 te
1916 1448 1970 1507 leo

421 1559 532 1629 gentes
547 1551 750 1614 inimieorum
763 1570 904 1629 suorum,
917 1558 949 1613 et
964 1552 1008 1613 ita
1023 1552 1110 1632 quod
1121 1549 1168 1611 di·
1222 1571 1299 1610 nore
1313 1553 1479 1629 disposito,
1494 1569 1551 1632 per
1572 1550 1633 1613 hoc
1648 1549 1733 1631 quod
1754 1546 1922 1610 inclinarit
1937 1554 1968 1607 te

421 1649 514 1726 citur,
531 1650 645 1712 Gentes
666 1649 867 1714 inimicorum
888 1669 1029 1727 suorum,
1048 1651 1168 1711 intran-
1222 1649 1255 1711 in
1271 1668 1308 1712 ea
1323 1668 1395 1730 quae
1414 1648 1586 1731 displicent
1605 1646 1697 1710 mihi.
1714 1648 1889 1724 Respondit
1904 1649 1969 1705 Ba-

421 1746 515 1811 sitive
540 1746 695 1829 accipitur
721 1767 779 1829 pro
804 1748 952 1829 gentibus
975 1746 1166 1811 adversariis
1223 1752 1310 1809 laam
1325 1753 1369 1811 ud
1384 1752 1487 1809 Butae
1502 1769 1513 1808 :
1530 1750 1645 1811 Nonne
1659 1748 1789 1807 nuntiis
1801 1746 1864 1805 tuis
1878 1745 1966 1813 elini,

421 1845 538 1909 israeli.
568 1849 705 1925 Ossaque
732 1868 842 1907 eorum
870 1849 1076 1926 consrinpeni
1098 1868 1109 1906 :
1134 1845 1166 1907 id
1181 1844 1204 1905 B
1221 1850 1261 1908 Si
1290 1850 1415 1909 dederit
1443 1850 1528 1908 mihi
1551 1851 1654 1908 Baluc
1672 1850 1806 1924 plenam
1834 1847 1967 1903 deinum

420 1953 479 2021 est,
507 1944 569 2006 filii
594 1943 688 2007 lsrael
713 1945 911 2008 adversarios
939 1963 1012 2007 suos
1038 1944 1166 2025 penitus
1220 1969 1314 2009 suam
1329 1950 1457 2025 arpenti
1479 1958 1509 2007 et
1531 1950 1619 2018 auri,
1638 1966 1702 2007 non
1712 1955 1823 2023 potero
1834 1952 1969 2020 preter-

420 2050 596 2119 conterent,
619 2061 793 2123 eorumque
814 2043 911 2106 robur
933 2043 1163 2118 comminuent,
1220 2050 1269 2106 ire
1282 2067 1460 2108 sermonem
1471 2047 1605 2107 Domini
1614 2047 1676 2107 Dei
1690 2046 1765 2115 mei,
1774 2054 1811 2103 nt
1825 2046 1874 2101 net
1889 2042 1968 2100 boni

420 2141 504 2203 sicut
517 2140 578 2203 hoc
600 2140 634 2201 in
655 2140 745 2202 libris
760 2141 854 2204 losue
868 2160 904 2203 ac
918 2140 1065 2204 iudicum
1089 2141 1165 2203 reci·
1218 2147 1300 2225 quid
1316 2149 1365 2205 uel
1379 2147 1461 2206 mati
1471 2148 1641 2225 proferam
1655 2164 1696 2203 ex
1709 2145 1803 2202 corde
1818 2160 1894 2212 nico,
1910 2140 1968 2198 sed

419 2247 503 2301 tatur
534 2239 721 2321 impletum3
748 2250 778 2300 ei
797 2242 1012 2318 perforabunt
1036 2242 1164 2317 sapidis
1215 2246 1381 2323 quidquid
1391 2245 1550 2304 Dominus
1560 2241 1900 2319 dinermmetoquari
1915 2240 1968 2297 Ve-

418 2338 616 2401 adversarios
642 2356 716 2400 suos
734 2354 742 2398 :
759 2338 820 2400 hoe
840 2347 946 2401 temen
968 2338 1001 2399 in
1022 2338 1163 2420 prefatis
1217 2353 1401 2403 rummmen
1412 2343 1602 2419 perpensuri
1611 2344 1772 2418 poputum
1785 2358 1898 2405 nzeum.
1906 2340 1967 2397 du-

417 2435 510 2498 Josue
526 2444 557 2497 et
570 2435 715 2497 ludieunt
736 2434 827 2499 tibris
843 2454 906 2499 non
928 2436 1042 2516 legitur
1057 2439 1098 2499 ad
1114 2437 1164 2499 lit·
1218 2443 1254 2500 bo
1270 2443 1330 2500 libi
1343 2441 1528 2509 consilinm,
1540 2440 1622 2518 quid
1635 2441 1779 2516 populus
1798 2447 1872 2496 tuus
1885 2437 1966 2494 huic

421 2542 518 2596 teram
535 2532 755 2615 adimpletum,
774 2534 835 2596 nisi
852 2534 958 2598 forsan
975 2537 1165 2618 metaphori-
1213 2543 1334 2616 populo
1349 2540 1452 2618 faciut
1463 2559 1474 2597 .·
1491 2537 1523 2599 id
1539 2545 1597 2613 est,
1609 2534 1756 2617 quamvis
1773 2542 1848 2596 tunc
1864 2534 1906 2596 ita
1918 2534 1966 2598 lo-

419 2651 455 2694 ce
471 2632 655 2713 accipiatur.
674 2632 733 2695 Sed
749 2632 782 2694 in
799 2632 880 2696 lihro
897 2634 1016 2714 Regum
1033 2634 1161 2713 legitur,
1218 2645 1311 2699 cutus
1327 2636 1399 2715 sim,
1417 2655 1502 2698 nune
1518 2643 1624 2698 tamen
1646 2642 1767 2696 mutato
1787 2635 1961 2716 proposito,

286 2748 353 2802 tnep.
356 2760 404 2799 11111
420 2730 494 2793 Saul
510 2730 690 2795 emissarios
706 2730 876 2807 hahuisse3
892 2732 1061 2814 occisoque
1076 2732 1162 2809 Saul,
1218 2754 1318 2816 quum
1347 2752 1474 2817 coepero
1498 2734 1539 2796 ad
1566 2742 1678 2796 terram
1705 2751 1808 2795 meam
1833 2734 1960 2811 reverti,

273 2814 404 2929 {fjmd'ffi
418 2829 536 2909 legitur
560 2831 657 2894 David
682 2831 825 2913 jussisse,
843 2838 877 2892 ut
901 2831 1051 2894 docerent
1076 2830 1163 2894 filios
1217 2831 1382 2896 consulam
1397 2833 1456 2895 tihi
1471 2831 1609 2914 qualiter
1619 2831 1740 2893 subditi
1756 2830 1802 2892 tui
1813 2840 1964 2914 poterunt

417 2929 496 2991 Juda
517 2949 637 3007 areum,
657 2930 688 2993 id
711 2938 759 2993 est
781 2939 880 2992 artem
902 2930 1084 3011 sagittandi.
1103 2934 1164 2991 Ac·
1218 2931 1371 3013 populum
1396 2931 1490 2994 lsrael
1512 2931 1551 2993 ad
1574 2939 1713 3012 peccata,
1739 2938 1771 2991 et
1795 2948 1833 2991 ex
1857 2948 1966 2993 conse

417 3030 537 3112 cubem
559 3031 715 3090 dormivit
740 3040 776 3090 ut
802 3034 847 3090 teo
864 3050 875 3089 :
892 3029 923 3091 id
949 3037 1008 3105 est,
1025 3030 1198 3111 populusC
1217 3030 1327 3111 quenti
1350 3031 1389 3093 ad
1412 3047 1539 3112 poenam
1559 3037 1591 3091 et
1610 3028 1820 3109 deiectionem
1846 3036 1965 3109 pertru-

416 3125 510 3188 lsrael
525 3126 558 3188 in
577 3134 659 3190 terra
674 3128 895 3209 promissionis
916 3127 1070 3208 quiescet,
1090 3129 1161 3190 dor·
1216 3128 1308 3203 here3
1325 3139 1466 3189 estremo
1482 3138 1630 3205 tempore.
1647 3125 1735 3199 Quod
1759 3124 1887 3202 dicitur,
1903 3125 1965 3188 Ex-

415 3224 556 3305 mietque
574 3244 683 3288 secure
699 3225 799 3287 instar
814 3225 1162 3306 leonis;etqunsileoe·
1215 3235 1316 3290 tremo
1344 3236 1501 3308 tempore,
1529 3224 1629 3287 Rahhi
1658 3222 1775 3286 Paulus
1800 3223 1897 3287 refert
1921 3225 1961 3287 ad

414 3342 459 3383 na
479 3344 578 3401 quam
599 3326 754 3385 suscitare
776 3327 888 3385 nntius
908 3327 1065 3385 audebit:
1085 3324 1162 3406 quia
1214 3326 1397 3408 prophetias
1413 3332 1592 3407 sequentes,
1610 3342 1689 3405 quas
1705 3322 1785 3385 dicit
1800 3323 1961 3403 pertinere

413 3420 496 3484 sicut
507 3422 559 3483 vix
569 3421 686 3503 aliquis
696 3423 809 3503 estqui
821 3424 915 3485 audet
926 3423 1078 3486 suscitare
1095 3425 1161 3487 leae
1214 3426 1254 3488 ad
1268 3426 1392 3488 ludaeos
1407 3424 1467 3487 suh
1483 3432 1625 3505 tempore
1639 3420 1755 3484 Christi
1775 3429 1807 3484 et
1826 3440 1962 3503 evange

413 3520 548 3597 nam,sic
559 3520 611 3583 vix
621 3520 728 3602 aliqua
738 3538 816 3599 gens
827 3521 957 3585 audebit
968 3521 1055 3585 filios
1065 3522 1159 3585 lsrael
1215 3523 1284 3587 lice
1307 3524 1395 3603 legis.
1418 3522 1507 3596 Quod
1529 3520 1756 3584 convenienter
1772 3519 1891 3581 dictum
1916 3520 1962 3581 vi-

413 3618 608 3700 impugnare.
617 3618 704 3693 Quod
716 3621 775 3682 sub
790 3622 883 3683 losue
900 3619 962 3683 fuit
977 3621 1157 3703 impletum,
1214 3624 1352 3699 deretur,
1379 3621 1441 3683 nisi
1466 3628 1539 3702 post
1563 3619 1647 3681 istud
1672 3618 1874 3699 complexum
1896 3618 1960 3680 alia

267 3732 399 3783 rossenac
414 3716 490 3798 quia
501 3725 535 3779 ut
551 3717 665 3797 legitur
680 3718 713 3779 in
723 3718 1062 3794 losue,Nulluseontra
1072 3718 1160 3783 filios
1215 3720 1311 3783 verba
1327 3720 1611 3801 interponerentur,
1621 3736 1692 3798 quae
1703 3716 1865 3779 declarant
1874 3718 1959 3797 quod

415 3815 509 3879 lsrael
534 3816 651 3879 mutire
670 3836 767 3879 ausus
785 3825 843 3893 est,
862 3825 893 3879 et
918 3816 980 3879 fuit
1005 3818 1050 3879 eis
1076 3826 1160 3881 terra
1214 3828 1340 3900 tempus
1365 3818 1449 3881 istud
1474 3826 1662 3893 extremum,
1690 3816 1730 3877 sit
1755 3815 1959 3879 referendum

414 3914 578 3995 subiecta3
595 3924 782 3996 certumque
796 3923 854 3992 est,
872 3916 957 3997 quod
973 3934 1160 3997 permanen·
1212 3920 1252 3980 ad
1274 3917 1373 3983 verba
1396 3915 1569 3999 praehohita
1586 3933 1593 3977 :
1611 3923 1647 3976 ut
1671 3915 1713 3976 sit
1736 3933 1860 3991 sensus,
1878 3913 1960 3988 Quid

412 4013 497 4075 tibus
513 4012 594 4075 filiis
609 4014 702 4076 lsrael
720 4014 752 4075 in
773 4014 976 4077 observantia
997 4013 1075 4095 legis
1092 4014 1159 4095 ple·
1213 4016 1350 4098 populus
1371 4023 1444 4077 tuus
1465 4013 1560 4076 faciat
1581 4013 1700 4095 populo
1721 4013 1796 4075 huic
1816 4021 1959 4075 extremo

410 4111 509 4189 narie,
538 4112 645 4174 nullus
671 4112 717 4175 eis
742 4120 864 4194 poterat
887 4112 1072 4194 prevalere.
1092 4114 1157 4181 eui
1212 4122 1364 4195 tempore,
1382 4114 1479 4176 idest
1500 4112 1623 4175 ultimis
1646 4111 1760 4174 diebus
1780 4112 1814 4173 iu
1840 4111 1958 4192 quibus

408 4212 606 4271 benedinerit
623 4214 692 4283 tibi,
710 4230 729 4275 o
744 4211 849 4288 lsrael,
865 4214 927 4273 crit
942 4222 971 4273 et
987 4214 1053 4289 ipse
1069 4214 1157 4271 oem-
1171 4210 1196 4272 D
1211 4213 1354 4275 recedam
1371 4210 1514 4285 arohis3
1533 4208 1581 4272 vel
1598 4217 1737 4272 extremo
1753 4217 1908 4290 tempore,
1926 4208 1958 4271 id

406 4310 523 4380 dicius,
536 4309 567 4371 id
583 4319 641 4385 est,
660 4309 742 4373 hene
756 4319 829 4391 aget
844 4310 902 4372 tibi
919 4310 1152 4388 benedicendo,
1210 4318 1258 4373 est
1278 4319 1420 4392 tempore
1443 4308 1650 4384 necessitatis,
1673 4326 1737 4389 quo
1761 4306 1902 4369 viderint
1924 4325 1959 4369 se

406 4406 515 4469 etheo
531 4407 680 4489 placebit,
698 4409 871 4472 dummodo
888 4427 951 4471 uon
974 4417 1072 4490 ponat
1087 4409 1155 4471 ohi—
1209 4408 1301 4471 aliter
1317 4427 1381 4471 non
1402 4426 1495 4490 posse
1515 4406 1662 4470 resistere
1682 4405 1761 4467 filiis
1775 4405 1888 4479 lsree13
1906 4405 1956 4469 vel

406 4523 476 4569 cem
491 4526 555 4569 sue
570 4506 797 4584 benedictioni,
818 4507 1087 4588 quemadmodum
1112 4507 1155 4570 fe
1209 4515 1349 4571 extremo
1371 4515 1514 4587 tempore
1535 4506 1608 4567 vitas
1624 4524 1699 4580 suee,
1715 4503 1791 4585 quia
1812 4503 1958 4567 fortassis

405 4604 450 4666 cit
465 4604 517 4667 bic
524 4605 667 4668 Balaam:
681 4605 757 4687 quia
768 4605 915 4686 quamvis
928 4604 1048 4687 populo
1059 4605 1153 4668 lsrael
1210 4604 1418 4687 probabiliter
1426 4601 1805 4684 cognoritBelaam,quod
1818 4601 1958 4683 populus

407 4702 687 4781 benedixit,nihilo
698 4703 804 4765 minus
815 4703 879 4765 fuit
890 4703 1079 4767 maledictus
1091 4723 1157 4785 pre
1209 4703 1300 4765 Belac
1316 4703 1398 4781 regis
1418 4703 1483 4764 eito
1493 4700 1690 4764 occideretur
1705 4708 1736 4762 θῖ
1751 4700 1869 4781 periret
1884 4707 1957 4782 post

407 4809 478 4882 pter
492 4802 554 4865 alia
577 4822 634 4865 sua
650 4810 788 4884 peccata.
808 4804 872 4871 Qui
887 4804 1094 4863 nmtedimerit
1116 4804 1156 4863 ti·
1209 4801 1422 4883 expletionem
1437 4800 1564 4863 eonsilii
1581 4800 1668 4881 quod
1683 4800 1757 4861 dare
1774 4798 1955 4880 proposuit.

408 4902 450 4972 bi,
460 4903 496 4962 in
509 4903 733 4964 maledictione
748 4904 965 4979 reputabitur,
974 4901 1005 4963 id
1022 4908 1081 4977 est,
1093 4920 1156 4963 ma·
1209 4902 1300 4964 Dedit
1315 4909 1421 4963 tamen
1441 4898 1612 4963 eonsilium
1632 4900 1670 4961 ad
1691 4897 1955 4960 satisfaciendum

407 4997 501 5061 ledici
516 5000 700 5063 merebitur.
1208 4998 1390 5080 aliqualiter
1404 4997 1539 5079 regioni
1556 4998 1589 5060 in
1605 5005 1670 5060 toto
1686 4994 1870 5059 satisfacere
1887 5014 1954 5058 non

445 5096 498 5157 llis
509 5097 637 5175 auditis,
648 5098 738 5160 Baiae
751 5098 955 5161 vehementer
971 5096 1154 5177 indignam,
1210 5098 1346 5162 valebat.

404 5193 576 5277 interrupit
592 5196 742 5259 vaticinia
757 5197 893 5259 Balaam.
916 5196 1047 5278 Propter
1066 5196 1153 5277 quod
1249 5200 1388 5273 Sumpta
1408 5196 1513 5273 ipitur
1529 5198 1698 5274 parabola,
1719 5213 1854 5254 rursum
1876 5194 1925 5252 ait
1943 5214 1955 5251 .·

405 5294 553 5359 subditur
580 5313 587 5357 :
610 5298 780 5376 [ratusque
799 5298 902 5357 Belus
923 5304 1034 5356 contra
1054 5299 1153 5356 Bala-
1209 5296 1303 5355 Discit
1315 5298 1454 5355 Balaam
1471 5297 1677 5372 filiusBeor;
1690 5293 1882 5353 niciensem
1899 5311 1958 5351 cu-
