4309 6259
581 505 753 553 anxnmrro
775 506 806 551 uv
827 505 894 551 cnr.
919 503 973 549 xxr
994 503 1096 550 axour.
1119 524 1159 533 -
1179 504 1250 551 nnr.
1274 504 1335 551 xau
1696 485 1733 551 ιι

180 672 213 733 ιιι
229 674 479 739 Deuteronomio
495 684 606 759 aperte
621 675 817 739 scribuntur.
834 674 930 738 Porro
945 674 972 738 A
987 684 1049 737 tur.
1065 678 1156 744 Quod
1170 678 1200 735 si
1209 678 1354 753 pretium
1370 679 1401 736 ei
1414 677 1517 753 fuerit
1533 678 1730 753 impositum,

178 771 336 852 losephus
358 774 450 850 dixit,
472 776 558 857 quod
581 774 706 837 cruenti
727 774 853 837 oculum
876 772 931 835 ali·
987 774 1018 836 id
1034 781 1093 850 est,
1108 774 1134 836 si
1151 774 1190 836 de
1204 774 1368 838 voluntate
1383 773 1638 858 propinquorum
1652 775 1733 838 occi-

179 871 271 949 cujus
293 871 426 952 injuste,
444 874 603 935 eruendus
623 882 671 935 est
688 873 810 948 oculus,
829 871 856 932 si
876 871 931 933 illc
986 872 1022 948 si,
1037 872 1134 935 fuerit
1147 873 1278 936 domino
1294 874 1385 935 bovis
1398 874 1546 955 imposita
1557 872 1732 936 satisfactio

179 968 365 1031 exoculatus
380 972 534 1050 exegerim
545 970 572 1033 si
586 989 661 1035 vero
676 970 824 1033 maluerit
840 988 930 1051 pecu·
986 988 1041 1033 seu
1056 988 1152 1052 poena
1166 971 1365 1053 pecuniaria3
1375 975 1465 1033 dabit
1475 993 1538 1049 pro
1548 975 1661 1033 anima
1671 994 1732 1032 sua

180 1065 315 1128 niarium
339 1067 592 1132 satisfactionem
615 1070 743 1145 babere,
761 1068 878 1150 poterit
900 1066 929 1128 ei
985 1071 1148 1149 quidquid
1162 1072 1264 1149 faerit
1275 1070 1732 1152 postulatus,idest,prolibe·

178 1164 254 1227 dare
280 1167 457 1229 secundum
482 1168 674 1230 sententiam
698 1166 871 1249 judicum:
898 1172 930 1227 et
985 1167 1108 1230 ratione
1133 1187 1189 1230 sua
1210 1176 1357 1243 amortc,
1372 1167 1529 1249 quidquid
1555 1169 1730 1231 secundum

179 1261 239 1325 boc
254 1264 456 1345 probabilius
472 1274 574 1329 sonat.
985 1264 1209 1328 discretionem
1219 1266 1363 1347 judicum
1374 1266 1546 1348 propinqui
1558 1266 1728 1348 exegerint.

219 1363 261 1423 Si
279 1367 476 1440 percusserit
501 1367 666 1445 quispiam
690 1368 820 1425 oculum
843 1364 930 1423 serui
983 1365 1111 1424 Filium
1131 1385 1254 1444 quoque
1273 1374 1302 1425 et
1316 1367 1424 1442 filiam
1443 1368 1472 1425 si
1491 1385 1591 1426 cornu
1602 1384 1730 1443 percus·

178 1462 232 1519 sui
253 1471 313 1522 aut
336 1466 477 1535 ancillae,
500 1473 531 1523 et
552 1468 653 1524 luscos
676 1484 725 1523 eos
746 1463 870 1539 fecerit,
896 1460 927 1522 id
983 1464 1071 1534 serit,
1100 1462 1131 1525 id
1155 1470 1214 1541 est,
1241 1463 1268 1525 si
1295 1463 1351 1527 bos
1377 1473 1550 1546 cornupeta
1575 1463 1729 1527 invaserit

179 1567 227 1620 est
243 1558 436 1641 impotentes
451 1561 490 1623 ad
507 1561 693 1638 videndum,
707 1558 856 1625 videlicet
872 1578 929 1622 carr
983 1568 1078 1641 atque
1099 1561 1252 1624 occiderit
1276 1562 1397 1644 prolem
1411 1562 1548 1643 alicujus
1563 1572 1729 1644 quantum-

179 1676 250 1719 cos:
264 1677 340 1720 nam
356 1659 511 1741 sequitur,
519 1662 662 1721 dimittet
678 1681 727 1720 eas
743 1660 855 1719 liberos
866 1678 929 1736 pro
983 1656 1062 1719 libet
1078 1658 1402 1734 infantulum3simiti
1421 1663 1730 1740 sentcntioesubjaca-

178 1760 268 1816 acuto
283 1778 380 1837 quem
395 1760 493 1830 eruit,
510 1758 607 1821 idest
623 1777 718 1840 quern
734 1757 806 1822 visu
825 1756 928 1839 priva·
983 1758 1028 1817 bit
1046 1757 1195 1820 dominus
1212 1758 1313 1834 bovis,
1325 1758 1356 1821 id
1372 1767 1431 1836 est,
1441 1761 1585 1823 eamdem
1600 1778 1727 1842 poenam

178 1853 235 1915 vit.
252 1853 339 1915 Talis
359 1854 446 1917 enim
468 1873 637 1938 percussor
658 1854 833 1918 enormiter
855 1856 966 1936 pec-ll
983 1854 1134 1935 incurret,
1151 1858 1230 1919 acsi
1247 1858 1303 1921 bos
1324 1859 1394 1939 ejus
1413 1868 1588 1941 cornupeta
1607 1860 1728 1921 occide

177 1961 228 2015 cat
245 1972 252 2017 ε
275 1953 348 2017 ideo
366 1954 490 2035 justum
516 1962 564 2017 est
589 1962 624 2017 ut
649 1971 759 2017 eorum
785 1953 928 2035 privetur
982 1953 1024 2015 rit
1038 1955 1141 2017 virum
1157 1964 1212 2017 aut
1228 1956 1401 2031 feminam;
1418 1956 1476 2020 bos
1491 1976 1619 2039 quoque
1634 1957 1694 2019 sim
1702 1957 1727 2018 i-

177 2052 345 2133 obsequio,
370 2071 452 2134 quos
475 2060 539 2115 mm
562 2052 779 2116 inhumaniter
802 2058 925 2115 tractat.
982 2052 1054 2115 liter
1075 2054 1279 2136 lapidabitur.
1301 2057 1341 2116 Si
1359 2076 1488 2116 ceroma
1508 2060 1726 2137 ancillamque

176 2149 254 2211 Nam
270 2151 419 2231 quamvis
434 2151 530 2215 liceat
544 2152 676 2215 domiuo
693 2150 843 2232 infligere
867 2152 928 2213 dis-
981 2153 1139 2213 invaserit
1152 2163 1182 2213 et
1197 2155 1406 2233 interfecerit,
1415 2156 1552 2232 tripinta
1566 2158 1660 2215 siclos
1675 2177 1728 2215 ar-

176 2248 332 2331 cipliuam
354 2268 446 2313 servo
468 2250 627 2332 emptitio,
644 2250 704 2313 boc
728 2259 833 2314 tamen
854 2269 926 2313 cum
977 2250 1068 2325 penti
1083 2252 1174 2311 dabit
1188 2254 1331 2323 domino,
1348 2252 1381 2313 id
1396 2262 1454 2329 est,
1473 2252 1622 2315 domiuus
1636 2251 1727 2315 bovis

178 2347 396 2411 moderatione
417 2346 490 2411 fieri
511 2349 618 2426 debet,
642 2350 818 2411 secundum
839 2366 928 2411 men·
982 2354 1102 2409 tantam
1117 2348 1207 2411 dabit
1226 2350 1394 2430 pecuniam
1418 2350 1548 2413 domino
1571 2351 1654 2413 servi
1671 2370 1726 2415 seu

178 2464 285 2507 suram
301 2454 334 2509 ct
348 2446 539 2526 exigentiam
562 2446 675 2529 culpe.
696 2450 828 2507 Dantem
848 2466 925 2525 quo
980 2446 1106 2509 ancillae
1120 2448 1233 2511 occisa
1248 2467 1266 2510 a
1282 2450 1373 2512 bove.
1383 2448 1472 2523 Quod
1488 2458 1593 2513 tamen
1611 2450 1726 2513 intelli-

177 2564 238 2623 que
260 2548 291 2604 si
315 2548 488 2606 eacmsertt
517 2566 607 2606 servo
631 2566 688 2605 suo
718 2548 769 2605 vel
796 2547 926 2606 ancillae
980 2544 1067 2624 gitur
1081 2546 1121 2608 dc
1137 2565 1228 2609 servo
1244 2555 1276 2609 ei
1290 2547 1407 2610 ancilla
1425 2547 1600 2628 gentilibus
1625 2548 1726 2630 :quia

176 2663 254 2715 succ,
279 2646 435 2704 similiter
462 2646 606 2705 dimittet
636 2666 685 2705 eos
717 2647 842 2713 liberos,
868 2662 925 2725 pro
981 2643 1008 2703 si
1032 2644 1200 2707 occidisset
1225 2665 1350 2708 servum
1366 2646 1531 2710 Hebraeum
1552 2656 1607 2709 aut
1628 2648 1727 2710 ancil-

179 2741 273 2805 deate
289 2761 358 2805 suo.
371 2742 456 2805 lstud
471 2761 600 2824 quoque
616 2743 861 2822 intelligendum
877 2750 925 2805 est
981 2741 1043 2803 lam
1066 2742 1239 2819 Hebraeam‚
1264 2744 1413 2808 domiuus
1438 2744 1528 2808 bovis
1550 2746 1727 2828 promeruit

177 2840 216 2903 de
241 2859 334 2904 servo
358 2849 390 2903 et
413 2841 530 2903 ancilla
554 2841 741 2923 gentilibus.
769 2841 802 2904 Si
836 2840 922 2903 enim
981 2849 1127 2904 mortem.
1144 2842 1286 2924 lienique
1300 2843 1385 2924 quod
1402 2844 1441 2906 de
1456 2844 1537 2908 bore
1552 2853 1726 2927 cornupeta

178 2958 270 3002 servo
294 2948 350 3001 aut
370 2938 496 3002 ancillae
522 2940 660 3003 llebraeae
688 2939 923 3002 mutilationem
980 2937 1185 3015 dictumest,
1211 2940 1250 3002 de
1279 2940 1350 3002 aliis
1377 2958 1504 3022 quoque
1532 2941 1724 3003 animalibus

177 3038 351 3114 intulisset,
366 3038 406 3101 ad
418 3057 546 3120 poeuam
564 3038 692 3101 talionis
708 3038 921 3119 obligabatur.
942 3036 1163 3107 cdomestiois
1184 3046 1239 3099 aut
1259 3039 1426 3120 possessiS,
1450 3039 1477 3100 si
1500 3038 1582 3101 fiant
1603 3039 1648 3101 ita
1671 3039 1723 3102 lae-

217 3139 257 3200 Si
270 3139 323 3198 bos
337 3158 439 3201 cornu
452 3141 656 3217 percusserit,
676 3137 707 3200 id
730 3146 778 3201 εει
801 3137 923 3199 invase
980 3134 1047 3197 siva
1063 3144 1096 3197 et
1112 3136 1301 3217 impetuosa,
1318 3137 1445 3199 videtur
1464 3136 1719 3217 intelligendum.

147 3242 149 3247 “
178 3234 229 3312 rit,
253 3237 442 3297 cirum'aut
466 3238 647 3307 mulierem,
671 3245 700 3296 ct
726 3239 848 3297 mortui
870 3237 925 3313 su-
979 3236 1042 3293 Bos
1056 3254 1128 3293 vero
1145 3236 1309 3312 lapidibus
1326 3237 1538 3314 opprimetur.
1557 3234 1721 3313 Similiter,

177 3337 262 3395 erint
284 3352 324 3397 ex
353 3334 483 3397 laesione
511 3334 715 3415 hujusmodi;
747 3336 913 3413 tepiditas
979 3332 1064 3411 quod
1086 3332 1207 3395 dictum
1228 3341 1277 3396 εει
1298 3334 1337 3395 de
1359 3331 1488 3396 lesione
1510 3352 1567 3415 per
1589 3352 1719 3411 cornua,

177 3434 328 3494 obruetur
347 3432 416 3511 bos,
438 3451 502 3496 uon
521 3434 598 3515 quia
624 3434 779 3515 peccavit,
802 3434 835 3495 in
860 3452 924 3515 quo
978 3430 1223 3513 intelligendum
1246 3450 1316 3495 reor
1336 3432 1376 3494 de
1395 3451 1597 3513 quacumque
1623 3433 1722 3496 simili

178 3532 258 3594 ratio
272 3532 362 3593 nulla
377 3540 436 3609 est,
450 3532 504 3594 sed
520 3532 553 3593 in
569 3532 811 3595 detestationem
828 3551 925 3596 nocu-
979 3528 1119 3606 laesione,
1136 3540 1211 3612 quae‘
1226 3529 1299 3594 fieri
1320 3539 1423 3612 potest
1442 3531 1628 3608 mordendo,
1651 3550 1724 3594 con-

177 3630 277 3692 menti
292 3630 387 3706 illati,
404 3638 436 3691 et
450 3648 491 3692 ne
510 3648 548 3692 ex
569 3630 640 3693 talis
661 3630 753 3694 bovis
772 3631 924 3713 adspectu
978 3626 1144 3705 culcaudo,
1162 3629 1367 3711 calcibusque
1381 3630 1542 3693 cedendo.

176 3736 386 3809 gravarentur
405 3728 568 3804 videntes3
586 3738 615 3789 et
636 3751 698 3791 non
721 3734 924 3791 comedentur
1021 3728 1060 3787 Si
1070 3730 1142 3806 quis
1152 3730 1316 3806 aperuerit
1325 3730 1509 3801 cisternam,
1519 3728 1551 3790 id
1567 3735 1625 3805 est,
1636 3746 1725 3810 oper·

176 3848 288 3889 earnes
302 3830 385 3905 ejus.
403 3827 520 3890 Eadem
536 3829 576 3890 de
591 3846 686 3891 causa
701 3847 759 3891 neo
775 3836 924 3911 poterant
979 3824 1088 3888 culum
1111 3826 1280 3890 removerit
1301 3846 1320 3888 a
1340 3826 1479 3889 cisterna
1499 3827 1565 3908 jam
1588 3826 1680 3903 facta,
1694 3837 1724 3887 et

177 3927 349 4004 vendi‚sed
364 3926 532 4009 putrefieri
548 3928 747 3991 sinebantur.
764 3930 924 3989 Dominus
979 3926 1099 4004 foderit
1118 3924 1206 3987 illam
1226 3926 1392 4007 purgando
1411 3933 1466 3987 aut
1486 3925 1723 4008 profundando,

176 4046 300 4105 quoque
319 4027 406 4085 bovis
430 4027 581 4087 innocens
604 4028 680 4095 erit,
704 4024 780 4106 quia
804 4026 923 4089 factum
979 4030 1034 4085 aut
1048 4023 1143 4086 aliam
1161 4023 1322 4099 fodiendo,
1338 4034 1367 4084 et
1382 4044 1447 4085 non
1463 4026 1624 4101 operuerit
1638 4044 1723 4095 eant,

176 4124 255 4186 illud
271 4124 302 4186 ei
318 4142 383 4187 uon
404 4130 527 4205 poterat
543 4123 704 4206 imputari,
723 4142 760 4187 eo
776 4125 861 4204 quod
880 4124 925 4186 ni·
979 4122 1163 4204 reponendo
1182 4120 1416 4203 operimentum
1437 4141 1532 4204 super
1552 4121 1724 4185 cisternam

175 4222 220 4283 hil
243 4221 398 4304 percepit,
421 4240 479 4285 nec
502 4222 650 4305 prescire
674 4222 778 4304 potuit
800 4222 924 4304 aliquid
938 4227 963 4288 b
979 4220 1192 4301 priorem,aut
1207 4239 1276 4283 eam
1288 4239 1384 4301 quam
1401 4219 1482 4283 fodit
1497 4220 1536 4282 de
1552 4239 1647 4298 noro,
1658 4239 1723 4284 non

175 4321 238 4385 talc
253 4322 471 4402 impetuosum
486 4322 525 4384 de
540 4340 597 4384 suo
613 4321 705 4384 bove.
725 4324 815 4389 cuca
828 4324 858 4381 si
873 4324 924 4382 bos
978 4317 1211 4401 cooperiendo;
1227 4320 1437 4398 cecideritque
1451 4321 1502 4378 bos
1521 4329 1580 4379 aut
1599 4322 1722 4390 asinus,

174 4430 350 4497 cornupeta
363 4421 467 4497 licerit
483 4422 522 4480 ab
536 4420 607 4480 lteri
622 4429 651 4479 et
670 4422 920 4493 nudiustertius,
978 4418 1027 4482 vel
1043 4417 1131 4480 aliud
1147 4416 1355 4481 domesticum
1372 4416 1502 4493 animal,
1513 4417 1636 4481 scilicet
1650 4418 1720 4482 ovis

173 4517 281 4594 idest,
299 4517 327 4579 si
346 4517 516 4599 aliquoties
538 4517 677 4599 aliquem
700 4535 800 4581 cornu
824 4518 922 4600 impe·
976 4525 1031 4579 aut
1045 4518 1205 4598 equus,in
1220 4538 1311 4589 eam,·
1325 4518 1477 4577 dominas
1491 4519 1637 4579 acarna
1651 4522 1722 4578 red·

173 4616 232 4693 tiit,
250 4626 281 4677 et
305 4619 473 4678 contestati
492 4625 568 4677 sunt
591 4619 762 4677 dominum
789 4618 869 4695 ejus,
887 4616 920 4678 id
975 4620 1027 4677 aet
1044 4617 1187 4693 pretium
1197 4616 1436 4694 jumentorum,
1454 4614 1487 4676 id
1506 4623 1566 4692 est,
1588 4616 1721 4680 domino

169 4723 227 4792 est,
255 4714 305 4777 illi
330 4715 387 4797 qui
413 4714 680 4797 impetuositatem
708 4715 799 4777 bovis
825 4734 921 4778 nove-
974 4714 1123 4777 animalis
1150 4712 1231 4795 lapsi
1257 4732 1294 4775 ac
1319 4712 1434 4795 perditi
1459 4712 1635 4777 satisfaciet
1662 4734 1720 4797 pro

169 4824 252 4891 runt,
279 4814 486 4876 avisaverunt
510 4831 725 4895 possessorem
752 4814 854 4895 ipsius
878 4815 917 4878 de
974 4814 1090 4876 damuo
1104 4813 1190 4894 quod
1206 4831 1317 4894 passus
1333 4821 1391 4874 est.
1406 4814 1497 4881 Quod
1511 4823 1620 4875 autem
1637 4835 1722 4873 mor-

167 4913 237 4990 boc,
253 4934 312 4975 nec
326 4916 459 4974 reclusit
472 4932 556 4983 eum,
574 4914 785 4994 occideritque
801 4915 912 4975 virum
975 4922 1067 4973 tuum
1088 4922 1143 4989 est,
1165 4913 1269 4990 ipsius
1288 4913 1364 4981 erit,
1385 4909 1416 4973 id
1438 4919 1497 4988 est,
1524 4911 1656 4975 domino
1678 4911 1721 4974 ci·

167 5024 224 5073 aut
239 5014 412 5073 mulierem
423 5036 436 5083 ,·
450 5022 480 5072 et
500 5014 551 5072 bos
567 5013 731 5089 lapidibus
750 5014 913 5085 obruetur,
974 5018 1089 5075 sternae
1103 5010 1194 5073 cedet
1212 5010 1299 5091 quod
1318 5010 1505 5073 extrahitur.
1523 5010 1611 5072 lstud
1627 5010 1721 5073 intel-

168 5122 196 5172 et
209 5114 382 5173 dominum
398 5112 493 5172 itlius
507 5112 649 5171 occident
659 5128 671 5171 .·
686 5110 763 5191 quia
782 5111 916 5175 homici-
974 5109 1137 5191 ligandum
1148 5110 1286 5185 videtur,
1294 5108 1321 5169 si
1337 5108 1486 5171 dominus
1500 5109 1646 5174 cisterna
1663 5128 1721 5191 per

170 5210 256 5273 dium
283 5210 366 5273 illud
387 5209 417 5273 ei
438 5209 524 5290 juste
547 5208 735 5290 imputatur,
752 5210 828 5291 quia
853 5230 917 5275 nou
973 5228 1007 5272 se
1022 5210 1128 5291 ipsum
1145 5206 1301 5284 fodit‚aut
1316 5207 1450 5271 fodienti
1466 5210 1626 5290 usquead
1642 5217 1722 5272 tcm-

171 5310 288 5373 restitit
312 5306 496 5371 imminenti
520 5308 662 5390 periculo
687 5309 769 5371 sicut
791 5310 917 5373 teneba-
973 5329 1033 5392 pus
1042 5307 1208 5391 operiendi
1218 5307 1406 5383 adstitit,vel
1418 5309 1458 5371 de
1467 5308 1641 5390 operiendo
1656 5327 1720 5371 nou

298 5443 332 5496 Τ.
347 5443 373 5494 2.
1583 5440 1600 5492 2
