4309 6259
443 477 503 542 ott
745 485 919 534 manuario
940 484 970 529 nv
992 484 1060 531 cnr.
1084 478 1182 526 xxvnr
1201 476 1435 526 oauraaononn.
1459 498 1497 508 -
1519 479 1590 524 aar.
1613 477 1689 525 xxm

444 664 588 728 Forsitan
599 661 685 724 onim
701 660 784 722 inter
798 656 982 720 idololatras
992 670 1191 718 commoran·
1205 648 1231 711 A
1246 648 1306 714 Sed
1330 652 1364 713 in
1387 650 1447 715 hoc
1467 651 1608 734 capitulo
1630 650 1748 732 lloyses
1770 647 1922 730 loquitur,
1940 646 1991 708 bi-

443 760 604 839 do‚idolis
619 759 798 823 servierunt
813 755 944 837 quidam
959 750 1189 828 eorum,etiam
1244 752 1372 833 sperdet
1396 759 1427 814 te
1442 751 1594 814 Dominus
1615 750 1647 812 in
1669 767 1780 814 omnes
1805 746 1946 830 populos
1971 764 1991 806 a

444 861 579 923 durante
590 859 648 921 hac
659 857 771 919 ultima
786 873 895 918 eorum
911 851 1108 934 captivitate.
1125 851 1191 910 Da·
1245 850 1428 912 summitate
1442 858 1535 914 terra
1549 867 1651 930 usque
1665 848 1706 911 ad
1719 846 1876 933 terminos
1892 846 1965 926 eius
1982 860 1989 904 :

445 961 490 1019 bit
516 959 575 1019 tibi
599 959 758 1019 Dominus
782 974 835 1014 cor
855 953 1030 1030 pavidum,
1055 945 1187 1022 carnali,
1245 948 1330 1027 quod
1353 947 1387 1010 in
1409 949 1469 1012 bac
1490 947 1675 1031 captivitato
1689 947 1853 1010 dumtaxat
1877 943 1991 1024 imple

444 1057 617 1133 mundano,
635 1062 667 1118 et
682 1053 738 1116 vili
755 1053 869 1115 timore
885 1048 1148 1134 praedominante,
1160 1054 1190 1104 et
1246 1053 1313 1108 tum
1324 1047 1508 1129 est‚quiain
1519 1065 1557 1110 ea
1572 1045 1707 1128 dispersi
1723 1053 1799 1106 sunt
1813 1040 1990 1126 peremnia

444 1156 624 1232 deficientes
639 1157 755 1222 oculos,
773 1151 805 1212 id
829 1157 878 1213 εει
900 1147 983 1210 male
1003 1143 1187 1228 dispositos,
1245 1144 1373 1208 climata
1388 1146 1637 1221 mundi.0uarto
1651 1145 1711 1209 hoe
1726 1151 1823 1226 patet,
1834 1141 1989 1224 quoniam

444 1253 596 1335 quoniam
618 1250 785 1314 interiores
810 1247 914 1312 cordis
939 1244 1135 1308 afflictiones
1159 1249 1191 1303 et
1246 1243 1349 1324 prima
1363 1245 1531 1327 captivitas
1546 1243 1673 1308 duravit
1692 1242 1796 1307 solum
1811 1240 1908 1304 anuis
1923 1257 1992 1320 sep

445 1351 611 1434 passiones
626 1347 801 1432 praesertim
817 1351 972 1428 apparent
988 1344 1019 1405 in
1037 1341 1191 1408 oculistet
1246 1341 1388 1422 tuaginta
1400 1367 1408 1417 3
1420 1343 1481 1404 ista
1497 1361 1597 1425 usque
1613 1342 1646 1404 in
1663 1339 1991 1419 linem.0uinto,quo

444 1453 507 1512 erit
517 1451 586 1510 vita
598 1459 655 1510 tue
665 1449 760 1528 quasi
765 1448 909 1524 pendens
919 1453 994 1504 ante
1005 1441 1081 1512 te,id
1097 1447 1145 1502 est
1155 1439 1190 1500 in
1247 1439 1332 1501 niam
1358 1441 1597 1505 maledictiones
1622 1439 1755 1504 levitici
1779 1437 1992 1502 terminantur

445 1548 595 1627 ambiguo
611 1546 726 1629 posita,
737 1545 780 1607 ita
794 1543 879 1626 quod
895 1541 958 1605 eris
970 1549 1033 1603 tam
1050 1539 1190 1601 incertus
1247 1537 1280 1601 in
1295 1540 1557 1604 consolationem.
1574 1538 1779 1603 Namdicitur
1790 1536 1835 1600 ibi
1854 1557 1861 1601 :
1878 1536 1990 1599 Reeor-
2018 1557 2114 1603 raim.

446 1647 485 1710 de
501 1644 707 1708 subsistentia
723 1643 796 1705 vitae
819 1650 891 1717 tue,
909 1638 1000 1722 quasi
1022 1637 1088 1720 jam
1108 1644 1192 1699 esset
1245 1638 1345 1702 dabor
1361 1639 1491 1702 laederis
1506 1639 1590 1714 mei3
1618 1648 1709 1701 terre
1722 1655 1853 1719 quoque
1868 1655 1989 1700 memor
2000 1623 2035 1663 ⁴²·

447 1744 506 1808 tibi
522 1743 693 1806 subtracta.
711 1743 851 1802 Reducet
868 1747 895 1798 le
911 1738 1068 1799 Dominus
1084 1735 1192 1794 classi·
1245 1756 1311 1801 ero,
1328 1737 1367 1800 Et
1391 1757 1501 1800 rursus
1523 1756 1531 1801 ;
1552 1735 1752 1801 Recordahor
1776 1735 1909 1799 ioederis
1928 1734 1988 1798 mei
2015 1747 2105 1788 true.

445 1847 515 1914 bus,
532 1842 564 1904 id
587 1849 635 1904 est
657 1837 863 1902 multitudine
879 1835 1020 1910 navium,
1038 1837 1075 1895 in
1090 1836 1192 1911 [Ερμ-
1208 1837 1231 1900 Β
1246 1836 1385 1919 pristini,
1403 1837 1531 1918 quando
1552 1835 1646 1900 eduxi
1667 1855 1723 1899 eos
1744 1835 1784 1898 de
1806 1843 1891 1898 terra
1904 1834 1991 1915 AEgy·

443 1952 549 2019 ptum.
567 1943 619 2001 Ibi
635 1939 780 2000 venderis
797 1937 940 1996 inimicis
957 1937 1021 1996 tuis
1037 1936 1073 1994 in
1088 1952 1193 1993 seruos
1246 1935 1304 2017 pti,
1319 1935 1376 1998 Per
1395 1936 1479 2017 quod
1503 1935 1672 1999 manifeste
1695 1933 1886 2010 ostenditur,
1903 1934 1989 2014 quod

446 2050 476 2100 et
490 2042 639 2100 εηειιιαε.
657 2037 776 2119 Nempe
791 2043 826 2096 ut
849 2035 882 2096 in
905 2033 988 2096 libro
1004 2033 1042 2094 de
1061 2031 1192 2094 ludaico
1246 2033 1301 2096 illa
1324 2034 1493 2116 captivitas
1523 2034 1628 2097 luerat
1657 2053 1714 2116 per
1738 2031 1989 2096 consolationem

327 2150 358 2196 oe
376 2150 432 2195 astu
448 2136 532 2200 bello
553 2134 664 2198 recitat
687 2133 853 2216 Iosephus,
876 2139 997 2194 vastata
1016 2129 1189 2192 Jerusalem
1246 2133 1455 2196 terminanda.
1483 2133 1567 2196 Talis
1596 2141 1703 2195 autem
1732 2131 1911 2195 consolatio
1939 2139 1992 2193 aut

448 2251 504 2315 per
526 2233 694 2308 Romanos,
713 2239 758 2294 tot
779 2228 881 2291 millia
898 2225 1075 2291 venditioni
1101 2243 1193 2306 expo
1246 2231 1427 2294 terminatio
1450 2249 1514 2294 non
1539 2231 1737 2313 promittitur
1762 2229 1993 2294 maledictioni·

447 2333 508 2396 sita
523 2340 607 2410 sunt,
629 2332 714 2413 quod
730 2348 788 2412 pro
809 2326 970 2390 levissimo
986 2325 1090 2408 pretio
1110 2343 1193 2388 eme-
1246 2330 1306 2393 bus
1322 2330 1419 2412 hujus
1440 2330 1584 2413 capituli.
1601 2329 1671 2392 Alia
1686 2330 1784 2393 verba
1798 2329 1901 2392 Rabbi
1917 2329 1992 2391 Pau-

299 2214 348 2258 tud.
359 2229 386 2264 vr,
398 2217 431 2257 ld.

447 2430 671 2495 bantur.Unde
686 2428 742 2511 qui
758 2434 900 2491 emerant
914 2442 978 2502 eos,
993 2424 1193 2487 deduxerunt
1245 2427 1268 2492 li
1294 2429 1420 2492 dimitto
1442 2448 1480 2492 er
1504 2448 1610 2505 causa,
1637 2428 1714 2510 quia
1732 2427 1794 2491 etsi
1817 2427 1870 2508 pie
1889 2427 1992 2508 accipi

446 2531 532 2613 ipsos
547 2528 702 2593 classibus
718 2527 752 2588 in
763 2524 983 2589 Alexandriam
995 2522 1119 2605 AEgypti
1132 2541 1192 2584 me
1245 2527 1384 2610 possint,
1412 2527 1622 2591 nihilominus
1649 2526 1892 2590 calumniabilia
1923 2545 1992 2589 esse

447 2628 608 2711 tropolim,
631 2634 666 2688 ut
681 2625 798 2688 ibidem
816 2622 1108 2687 seriusvendereut
1123 2639 1189 2697 eos,
1246 2627 1407 2690 videntur,

446 2736 541 2810 atque
557 2734 604 2790 tot
618 2725 720 2787 millia
729 2725 908 2786 iudeorum
919 2728 1135 2803 exposuerunt
1145 2719 1191 2782 ibi
1285 2725 1447 2802 Praeterea,
1465 2725 1548 2788 sicut
1569 2725 1609 2788 de
1631 2723 1901 2807 promissionibus
1925 2743 1994 2807 pro

448 2826 582 2903 venalia,
594 2826 679 2906 quod
690 2823 743 2886 vix
759 2820 1003 2884 inveniebantur
1018 2827 1190 2900 emptores.
1246 2823 1434 2907 speritatnm
1443 2821 1667 2887 obedientibus
1677 2822 1907 2905 promissarum
1919 2841 1994 2904 praa

447 2926 518 2988 ldeo
534 2923 681 2990 subditur
694 2933 743 2984 :et
758 2941 822 2982 non
834 2922 896 2980 erit
911 2920 969 2998 qui
978 2916 1192 2980 ernat.Cetera
1246 2921 1364 2985 dietum
1380 2922 1532 3003 est‚quod
1547 2920 1764 3001 intelligenda
1779 2920 1845 2982 sint
1859 2929 1896 2982 ut
1909 2940 1994 2985 com-

448 3023 607 3107 palentin
624 3029 722 3084 textu.
1208 3019 1230 3083 C
1247 3022 1397 3097 munitor,
1413 3028 1568 3102 quantum
1583 3021 1624 3083 ad
1647 3028 1745 3083 totam
1768 3019 1908 3101 plebem,
1927 3040 1990 3084 uon

488 3121 641 3203 Denique,
666 3119 751 3182 circa
771 3119 855 3180 hunc
877 3117 982 3180 locum
1002 3115 1102 3178 llabbi
1118 3115 1193 3177 Pau·
1247 3128 1402 3202 quantum
1417 3120 1457 3182 ad
1472 3119 1637 3201 supposita
1651 3117 1787 3198 singula,
1807 3118 1852 3181 ita
1872 3120 1913 3184 de
1929 3139 1993 3183 ma-

448 3222 499 3285 lus
514 3219 626 3284 scribit
641 3217 717 3281 satis
732 3215 899 3280 catholice.
912 3215 1019 3296 ltaque
1038 3213 1094 3290 ait,
1106 3214 1192 3294 quod
1248 3217 1472 3282 ledictionibus
1488 3215 1558 3279 istis
1573 3224 1622 3280 est
1637 3215 1850 3279 sentiendum.
1862 3219 1992 3282 Constat

314 3339 432 3389 neam„
449 3317 691 3384 maledictiones
706 3316 739 3378 in
759 3314 900 3378 Levitico
920 3313 1059 3376 inductae
1081 3322 1193 3375 contra
1247 3315 1345 3392 enim,
1370 3315 1488 3378 multos
1512 3314 1681 3378 sceleratos
1707 3312 1806 3378 luisse
1831 3315 1866 3377 in
1891 3317 1991 3380 veteri

303 3405 408 3455 “m
449 3413 903 3492 inobedientes‚assimilantur
914 3411 1192 3474 maledictionibus
1248 3414 1459 3490 Testamento,
1476 3413 1594 3494 quibus
1612 3412 1819 3477 adversitates
1839 3415 1911 3478 istae
1926 3435 1991 3478 nou

448 3518 518 3580 istis
534 3517 567 3578 in
584 3513 744 3589 multis,et
756 3519 860 3574 tamen
876 3510 947 3573 aliae
962 3518 1036 3571 sunt
1051 3509 1092 3573 ab
1108 3510 1190 3586 istis,
1246 3512 1460 3594 contigerunt.

447 3626 479 3681 el
493 3616 556 3678 illae
566 3615 606 3678 ad
620 3610 843 3694 Babylonicum
855 3609 1016 3691 pertinent
1026 3609 1192 3690 captivita-
1285 3611 1374 3674 Nune
1389 3609 1596 3691 spiritualitas
1618 3609 1713 3691 hujus
1728 3610 1860 3692 capituli
1884 3611 1988 3676 brevi·
2028 3627 2098 3668 εωε

448 3726 523 3790 tem,
542 3713 609 3775 istae
625 3711 665 3775 ad
682 3709 878 3784 hodiernam,
891 3726 986 3788 quam
1003 3716 1119 3770 vocant
1132 3707 1192 3771 llo
1247 3719 1294 3772 ter
1303 3717 1352 3772 est
1362 3709 1529 3786 tangenda.
1537 3710 1577 3770 Si
1586 3710 1732 3768 audieris
1743 3730 1847 3771 vocem
1856 3713 1987 3789 Dei,sc-
2002 3691 2113 3745 'im'

449 3831 586 3889 menam,
598 3810 674 3892 quia
688 3827 745 3891 per
759 3808 916 3870 Romanos
933 3804 995 3867 luit
1010 3805 1148 3888 incepta,
1160 3813 1193 3868 ct
1245 3811 1307 3869 ciet
1322 3818 1350 3869 te
1363 3808 1566 3867 excelsiorem
1575 3810 1865 3884 concurrentibus.
1876 3810 1942 3872 lloc
1953 3811 1985 3872 iu

448 3912 544 3976 etiarn
560 3915 790 3982 consummata,
808 3913 839 3968 ει
855 3903 940 3965 istud
952 3911 1038 3985 patet
1053 3922 1092 3966 ex
1107 3912 1189 3967 octo.
1247 3906 1366 3990 populo
1375 3905 1549 3969 christiano
1560 3904 1744 3987 frequenter
1754 3906 1923 3989 impletum
1934 3919 1988 3972 est

447 4009 562 4085 Primo,
581 4005 731 4090 quoniam
757 4022 852 4066 causa
876 4001 1070 4084 captivitatis
1096 4001 1192 4084 hujus
1247 4007 1347 4069 Tanta
1361 4004 1446 4068 enim
1462 4022 1674 4086 supernorum
1691 4004 1917 4069 charismatum
1940 4028 1990 4071 ex-

449 4110 607 4182 llomanae,
622 4124 684 4168 non
701 4103 881 4183 assignatur
897 4101 930 4163 in
941 4100 1047 4163 littera
1062 4101 1191 4182 aliquod
1247 4102 1396 4168 cellentia
1412 4103 1484 4166 data
1501 4112 1549 4165 est
1566 4102 1685 4184 populo
1701 4103 1886 4181 christiano,
1902 4109 1987 4188 quod

310 4221 433 4272 Itu-tat.
450 4203 637 4270 idololatriae
661 4201 790 4277 vitium,
811 4199 894 4262 sieut
917 4199 1076 4262 Levitious
1101 4200 1190 4264 dicit.
1207 4203 1232 4266 o
1248 4211 1372 4286 tempus
1400 4201 1591 4280 evangelicae
1620 4201 1710 4281 legis,
1736 4207 1985 4270 autonomastice

448 4306 526 4381 Quia
545 4305 679 4366 durante
699 4297 819 4380 templo
841 4297 991 4374 secundo,
1009 4316 1072 4361 non
1090 4299 1194 4361 incur·
1247 4301 1426 4384 appellatur
1441 4308 1566 4381 tempus
1580 4300 1700 4380 gratiae.
1710 4300 1878 4383 Quumque
1886 4304 1928 4366 ab
1942 4325 1988 4368 ex·

448 4411 558 4468 rerunt
572 4398 760 4464 idololatriae
774 4396 895 4460 crimen
909 4420 917 4471 3
935 4396 990 4458 sed
1005 4397 1087 4460 ratio
1098 4399 1193 4480 capti-
1248 4400 1338 4464 ordio
1348 4398 1497 4462 Ecclesiae
1510 4417 1581 4461 eam
1595 4399 1820 4481 impugnarent
1833 4420 1872 4465 ae
1887 4422 1988 4484 perse-

448 4502 556 4567 vitatis
578 4499 672 4562 istius
692 4495 892 4579 exprimitur,
910 4496 995 4576 quod
1021 4495 1194 4560 noluerunt
1247 4505 1421 4580 querentur
1429 4495 1578 4560 infideles
1587 4497 1861 4580 Judaei,principes
1870 4500 1986 4582 perfidi

448 4619 557 4667 vocem
573 4597 628 4660 Dei
649 4597 760 4659 audire
782 4602 814 4658 et
835 4594 905 4675 ejus
926 4594 1096 4658 observare
1118 4614 1194 4677 prae
1247 4617 1283 4660 ac
1306 4595 1443 4678 tyranni,
1461 4596 1678 4678 imperatores,
1696 4617 1786 4678 reges
1807 4618 1845 4662 ae
1865 4601 1984 4683 populi,

448 4707 549 4782 cepta.
578 4695 722 4760 Secundo
752 4699 838 4776 patet
867 4692 950 4755 idem
975 4712 1013 4756 ex
1042 4712 1192 4774 processu
1247 4694 1387 4758 heretici
1408 4702 1503 4775 atque
1518 4694 1712 4777 philosophi,
1730 4715 1790 4760 nec
1808 4705 1915 4761 tamen
1936 4700 1988 4762 Ec-

449 4797 616 4878 utriusque
640 4791 876 4857 destructionis.
899 4791 975 4854 Nam
1001 4791 1106 4872 prima
1131 4792 1193 4855 luit
1247 4793 1344 4857 clesia
1365 4791 1520 4874 corporali
1537 4792 1693 4856 eonllictu
1710 4793 1774 4856 illis
1794 4796 1928 4872 restitit3
1947 4807 1987 4860 ta-

333 4914 422 4973 lvner.
449 4895 602 4981 paulatim
622 4891 759 4968 inflicta,
776 4898 811 4952 ut
836 4897 922 4972 patet
943 4907 981 4952 ex
1002 4899 1116 4970 quarto
1139 4891 1194 4956 lle
1248 4911 1321 4956 men
1337 4890 1538 4972 omnipotens
1548 4891 1629 4954 Deus
1645 4892 1749 4956 taliter
1764 4895 1919 4975 pugnavit
1932 4915 1986 4978 pro

301 4992 350 5085 {12¹¹
365 4993 422 5032 ““““
449 5014 525 5079 gum
543 5018 550 5068 3
569 4993 629 5054 ista
652 4999 758 5054 autern
779 4987 885 5050 simul.
912 4987 1029 5065 Tertio,
1057 4989 1133 5069 quia
1159 4991 1192 5052 in
1247 5010 1284 5054 ea
1300 5007 1357 5072 per
1371 4988 1535 5071 sapientiae
1549 4988 1822 5073 inlusionem‚per
1836 4993 1984 5055 virtutum

449 5088 729 5156 maledictionibus
754 5087 787 5149 in
812 5085 953 5150 Levitico
978 5087 1118 5169 scriptis,
1136 5089 1194 5152 llo
1247 5087 1526 5170 collationem,per
1541 5087 1786 5153 innumerabilia
1800 5091 1984 5173 signa,pra·

314 5188 627 5265 me.1xv=.minusait‚
644 5187 828 5267 Dispergam
844 5203 901 5249 vos
917 5183 949 5246 in
966 5193 1077 5266 gentes
1087 5206 1094 5250 ε
1106 5188 1192 5268 quod
1248 5185 1487 5268 clarissimaque
1502 5184 1665 5265 miracula,
1687 5188 1772 5268 quod
1787 5188 1857 5270 ipsa
1874 5188 1983 5270 glorio

302 5267 336 5309 ⁸³¹
450 5292 483 5356 iu
494 5289 598 5373 prima
609 5284 824 5350 destructione
834 5302 944 5347 eorum
955 5283 1122 5366 impletum
1134 5295 1191 5349 εει.
1246 5285 1376 5348 sissima
1388 5283 1529 5348 Ecclesia
1544 5284 1703 5348 universis
1716 5285 1906 5350 adversariis
1920 5286 1981 5348 suis
