4309 6259
283 4407 415 4462 nactum,

429 458 488 521 cat

794 470 967 519 nnannnrro
989 470 1019 515 nt
1041 469 1110 514 CAP.
1133 467 1166 513 Xl
1186 468 1382 514 nuncnonnrt.
1405 488 1446 498 -
1465 471 1536 515 cnr.
1560 470 1614 516 xlx

468 644 601 720 Quidam
631 663 707 708 vero
731 642 853 706 Hebraei
883 639 1062 716 affirmant,
1091 639 1175 720 quod
1191 638 1217 700 Α
1232 639 1324 701 valde
1347 639 1618 703 diversificantur.
1641 644 1682 702 Et
1701 643 1902 700 siccaverunt
1922 660 1978 699 eas

429 743 527 805 Eldad
555 751 586 804 et
615 742 722 805 llcdad
754 739 989 823 prophetabant
1019 739 1058 801 de
1086 737 1176 801 obitu

430 841 554 923 Moysis,
572 841 863 920 substitutioncque
883 838 977 900 Josue
1001 837 1033 898 in
1060 835 1177 918 princi-

429 948 505 1021 patu
517 963 523 1012 3
537 939 620 1020 quod
637 939 713 1001 itam
729 938 822 1000 losue
838 935 993 1018 populum
1010 935 1042 996 in
1059 943 1175 996 terram

429 1036 652 1120 promissionis
667 1035 832 1098 induceret
851 1051 857 1095 :
876 1034 947 1096 idco
962 1033 1055 1096 losue
1070 1040 1176 1094 motus

431 1135 494 1198 luit
518 1135 584 1198 lucc
609 1135 726 1212 dicere,
755 1133 830 1214 quia
855 1152 893 1195 ex
914 1130 1096 1194 humilitate
1121 1147 1177 1191 no

431 1235 490 1296 luit
506 1234 565 1297 hoc
580 1233 701 1296 audire.
713 1233 771 1295 Sed
789 1232 873 1294 istud
890 1249 951 1293 non
968 1248 1040 1292 reor
1051 1247 1173 1304 verum,

430 1334 505 1416 quia
519 1342 551 1396 ct
565 1333 685 1414 Moyses
706 1332 761 1393 diu
784 1338 858 1412 post
875 1329 942 1391 baec
962 1327 1065 1391 adhuc
1086 1334 1176 1408 puta-

430 1433 477 1496 vit
501 1450 535 1494 se
560 1432 816 1494 introducturum
841 1427 994 1510 populum
1020 1425 1114 1500 illuc,
1141 1431 1176 1486 ut

430 1549 468 1592 ex
494 1529 701 1610 sequentibus
723 1546 805 1609 saepe
829 1525 958 1608 probari
979 1531 1094 1606 potest.
1113 1521 1175 1584 Nec

430 1630 500 1710 ejus
517 1626 691 1708 increpatio
708 1645 771 1706 qua
789 1625 931 1706 increpat
949 1623 1053 1705 ipsum
1068 1622 1173 1696 Josue,

430 1729 490 1790 hoc
507 1726 686 1809 pretendit.
704 1725 823 1806 Moyses
840 1741 967 1804 quoquc
985 1720 1071 1783 inlra
1085 1727 1176 1798 rogat

429 1925 463 1986 in
493 1923 675 2006 principatu
702 1921 881 1983 succedat:
908 1926 940 1980 et
964 1927 1039 1979 tunc
1069 1914 1173 1998 primo

428 2022 578 2105 cognovit
607 2023 646 2084 de
674 2021 783 2095 Josue,
815 2019 899 2100 quod
930 2016 990 2080 sibi
1022 2015 1174 2093 succede·

427 2131 486 2199 ret,
514 2121 688 2184 secundum
718 2119 804 2199 quod
835 2125 938 2180 textus
967 2113 1137 2197 praetendit
1163 2130 1170 2172 :

428 2222 480 2283 cui
506 2219 648 2282 securius
678 2217 818 2280 creditur
842 2233 938 2297 quam
970 2212 1087 2276 labulis
1117 2230 1172 2273 cu-

429 2319 533 2382 riosis.

477 2423 592 2480 Ventus
601 2427 709 2477 aulem
719 2417 883 2492 egrediens
893 2435 913 2474 a
924 2415 1072 2474 Domino
1081 2408 1170 2471 Unde

427 2524 569 2599 apparet,
596 2515 681 2596 quod
708 2522 821 2575 ventus
851 2511 906 2574 illc
931 2509 991 2573 luit
1021 2525 1172 2592 superna-

1228 759 1288 816 pcr
1299 757 1421 814 pyrum
1436 750 1625 810 castrorum,
1643 739 1702 801 hoc
1719 746 1776 813 est,
1786 737 1978 818 corpuscula

1231 835 1339 897 avium
1355 835 1468 898 harum
1485 838 1719 918 suspenderunt
1734 837 1772 898 ad
1790 836 1975 898 siccandum

1232 932 1265 994 in
1281 953 1365 1010 aere,
1383 954 1424 997 ne
1444 943 1663 1016 putrescerent
1682 954 1719 996 ex
1739 935 1880 1010 humore,
1896 935 1977 1014 quia

1231 1033 1440 1096 servabantur
1460 1053 1517 1116 per
1538 1035 1660 1115 aliquot
1684 1034 1763 1110 dies,
1785 1033 1850 1096 imo
1873 1052 1976 1113 usquc

1230 1130 1270 1191 ad
1290 1132 1409 1194 mensis
1425 1132 1597 1194 terminum
1618 1132 1803 1195 edebantur.
1815 1132 1976 1194 Consonat

1230 1237 1337 1291 autern
1353 1230 1413 1292 ista
1430 1231 1563 1293 historia
1578 1250 1650 1293 cum
1666 1250 1713 1306 ea,
1731 1249 1802 1311 quaa
1817 1230 1850 1292 in
1866 1229 1974 1292 Exodo

1231 1327 1383 1390 recitatur
1407 1348 1471 1410 quo
1497 1329 1611 1408 legitur
1638 1349 1645 1392 :
1672 1329 1800 1391 Factum
1824 1338 1872 1390 est
1895 1345 1973 1407 ergo
2006 1350 2124 1392 nmen„

1231 1444 1373 1508 vespere,
1386 1437 1417 1489 et
1431 1429 1607 1491 ascendens
1622 1427 1768 1490 coturnix
1782 1426 1906 1508 operuit
1921 1445 1974 1487 ca-
1993 1416 2031 1453 ¹³·

1231 1534 1305 1587 stra.
1323 1527 1463 1588 Fuerunt
1484 1535 1590 1588 autem
1613 1527 1682 1589 istae
1700 1526 1890 1602 coturnices,
1906 1543 1973 1586 non

1230 1623 1293 1687 illae
1318 1644 1423 1706 parvae
1448 1645 1519 1706 quae
1538 1626 1623 1706 apud
1644 1643 1702 1688 uos
1726 1633 1810 1701 suut,
1829 1625 1883 1686 scd
1908 1623 1974 1684 illac

1229 1723 1366 1803 majores
1391 1742 1462 1804 quae
1487 1723 1582 1804 regim
1606 1742 1680 1787 aves
1705 1731 1869 1797 vocantur,
1892 1739 1973 1801 quas

284 1838 415 1942 pepone·
430 1826 615 1901 Dominum,
642 1832 677 1886 ut
704 1822 870 1905 provideat
896 1821 1000 1884 virum
1027 1819 1082 1900 qui
1112 1815 1173 1879 sibi
1188 1827 1211 1888 Β
1229 1820 1365 1884 curleios
1380 1841 1399 1883 a
1413 1823 1570 1885 currendo
1581 1820 1810 1901 dicimuS,quia
1826 1819 1973 1900 frequen-

1230 1928 1277 1981 ter
1300 1919 1455 1982 cursitant
1485 1939 1581 2002 super
1610 1927 1737 1981 terram.
1764 1919 1849 1980 Hanc
1878 1935 1971 1979 avem

1229 2026 1343 2081 vocant
1363 2017 1462 2080 Graeci
1478 2021 1711 2102 ὁρτυγομήτραν;
1735 2015 1900 2098 loscpbus‚
1921 2034 1974 2078 or-

1228 2116 1356 2197 tygiam.
1374 2117 1462 2179 Unde
1478 2115 1511 2176 in
1532 2115 1701 2197 Sapientiae
1717 2115 1798 2178 libro
1814 2115 1969 2196 scriptum

1226 2224 1293 2277 est:
1311 2216 1344 2278 ln
1364 2214 1557 2278 allocutione
1576 2213 1726 2276 desiderii
1745 2214 1888 2276 ascendit
1904 2212 1970 2274 illis
2003 2231 2128 2320 ‚⁸⁶¹²‘¹'¹'

1226 2314 1265 2376 dc
1281 2313 1360 2376 mari
1377 2321 1600 2395 ortygometra.

1266 2416 1382 2475 Adbuc
1396 2433 1507 2473 caruca
1522 2410 1722 2474 coturnicum
1732 2422 1826 2472 eraut
1841 2414 1878 2472 in
1892 2415 1972 2471 den-

1228 2514 1312 2572 tldus
1335 2532 1470 2582 coru-m,·
1489 2520 1518 2570 ct
1539 2512 1636 2587 furor
1658 2511 1791 2570 Domini
1810 2512 1973 2587 percussit

428 2615 573 2678 turaliter
601 2612 745 2693 angelico
770 2610 923 2692 obsequio
954 2608 1109 2673 formatus
1139 2613 1171 2668 ct
1222 2615 1381 2687 poputum
1392 2614 1495 2687 playa
1510 2629 1629 2686 rucene
1645 2610 1755 2668 nimis.
1772 2608 1839 2670 Non
1864 2616 1970 2670 tamen

429 2715 592 2778 excitatus
620 2715 774 2789 Arreptcs
801 2723 890 2772 treus
915 2729 1004 2770 utare
1029 2707 1169 2769 Rubrum

426 2815 602 2874 coturnices
618 2811 657 2873 de
673 2811 742 2873 loco
758 2810 894 2891 quodam
906 2807 1040 2882 Arabia,
1059 2806 1092 2866 in
1108 2824 1171 2885 qua

428 2911 610 2993 hujusmodi
631 2929 705 2973 aves
725 2908 900 2983 abundant,
922 2907 1052 2975 detritu,
1068 2904 1101 2965 id
1123 2911 1172 2965 est

1226 2707 1415 2790 exprimitur
1435 2708 1487 2769 bic
1512 2707 1635 2788 species
1660 2705 1756 2786 hujus
1781 2706 1893 2788 plagae,
1912 2725 1973 2768 nec

1227 2825 1379 2868 numerus
1403 2805 1592 2868 occisorum.
1610 2805 1671 2867 Cur
1697 2804 1773 2867 istos
1798 2805 1972 2886 percussit,

1227 2905 1289 2966 nisi
1306 2912 1436 2986 propter
1451 2923 1560 2966 corum
1575 2901 1865 2984 concupiscentiam
1882 2904 1975 2965 vitio

428 3009 619 3094 apportavit,
639 3019 668 3069 ct
690 3009 820 3069 demisit
839 3009 875 3066 iu
901 3016 1019 3074 castra,
1039 3004 1100 3066 boc
1125 3004 1208 3066 estC
1227 3023 1305 3080 sam,
1323 3011 1355 3065 ct
1379 3002 1455 3084 quia
1478 3020 1542 3065 non
1568 3000 1850 3063 sanctificaverunt
1874 3021 1909 3064 se
1931 3004 1973 3064 ad

428 3109 569 3189 undique
585 3127 641 3189 per
651 3107 820 3170 circuitum
836 3103 1097 3178 tentoriorum,et
1113 3099 1173 3164 lor-

429 3219 459 3270 tc
475 3207 588 3289 aliqum
599 3206 760 3267 intrabant
777 3203 920 3278 tentoria,
933 3204 1050 3262 itinere
1061 3208 1129 3276 otc,
1141 3200 1173 3261 id

428 3314 476 3369 cst
494 3323 550 3387 per
567 3303 705 3386 spatium
722 3301 816 3364 unius
832 3301 941 3374 dietaa;
962 3301 1174 3379 volabantque

429 3406 552 3466 duobus
562 3403 678 3462 eutius
688 3403 707 3481 †
716 3422 811 3478 super
823 3411 953 3470 terram,
964 3407 995 3461 ct
1006 3399 1050 3460 ita
1062 3396 1175 3460 facilli-

429 3522 481 3565 me
497 3502 566 3564 sinc
582 3499 789 3562 inclinatione
799 3497 1017 3580 capiebantur.
1031 3501 1175 3573 Surpcns

429 3622 501 3679 erpo
508 3604 659 3678 populus,
667 3599 871 3675 couprcpooit
881 3598 1084 3656 coturnicum
1096 3588 1176 3656 mul-

431 3703 617 3762 titudinem.
646 3700 708 3768 cui
727 3717 863 3775 parum,
887 3699 992 3755 decem
1017 3715 1115 3766 coroa,
1142 3695 1173 3755 id

430 3809 489 3877 est,
506 3798 562 3880 qui
581 3798 737 3859 minorem
759 3795 865 3858 avium
883 3792 1008 3855 illarum
1031 3793 1175 3855 multitu-

430 3899 537 3961 dinem
553 3896 760 3976 collcgerunt,
774 3902 893 3956 tantam
910 3893 948 3954 dc
964 3893 1010 3955 eis
1027 3910 1176 3955 numero-

430 3999 555 4059 sitatem
580 3999 862 4075 congregaverunt,
884 4000 1036 4072 quantam
1061 3992 1171 4054 decern

431 4095 496 4158 cori
518 4111 631 4175 capere
651 4098 791 4173 possent.
808 4091 907 4154 Corus
927 4098 1032 4152 autem
1053 4089 1106 4151 hie
1122 4109 1175 4150 su-

1227 3121 1316 3164 esum
1338 3100 1481 3163 carnium
1503 3101 1627 3177 harum,
1645 3100 1685 3162 dc
1703 3099 1802 3181 priori
1821 3101 1973 3183 coucupi-

1228 3199 1349 3263 scentia
1373 3199 1570 3281 poeniteudo,
1586 3207 1619 3260 et
1641 3197 1750 3260 cibum
1774 3198 1871 3260 istum
1896 3218 1971 3260 cum

1228 3288 1401 3379 gratiarum
1425 3297 1561 3373 actione,
1588 3296 1694 3360 sobrie
1720 3315 1757 3359 ac
1781 3298 1895 3360 devote
1919 3317 1973 3359 su-

1229 3398 1372 3460 mendol
1396 3401 1589 3475 Vocatusque
1609 3405 1654 3456 est
1676 3400 1761 3456 locus
1783 3398 1851 3466 illc,
1867 3401 1974 3474 scpul-

1228 3518 1286 3557 cra
1302 3497 1570 3573 concupiscentiae
1587 3515 1598 3553 .·
1613 3494 1705 3574 cujus
1727 3493 1868 3556 nominis
1891 3493 1973 3558 ratio

1229 3594 1388 3670 subditur,
1414 3595 1465 3654 ltu·
1484 3594 1572 3653 enim
1596 3595 1790 3668 sepelierunt
1810 3598 1972 3670 populum

1229 3695 1288 3772 qui
1310 3694 1548 3752 desiderauerat
1572 3711 1684 3752 carnes
1708 3709 1780 3754 cum
1805 3691 1974 3771 praedomi-

1231 3792 1319 3854 nanti
1348 3789 1616 3872 concupiscentia.
1645 3789 1752 3871 Aliqui
1780 3797 1888 3851 autem
1919 3789 1972 3871 pic

1229 3892 1373 3966 credunt,
1389 3890 1475 3971 quod
1498 3889 1550 3950 isti
1572 3888 1604 3950 in
1628 3907 1685 3950 sua
1705 3887 1911 3968 percussione
1932 3888 1972 3949 ad

1229 3997 1369 4053 mentem
1385 3987 1515 4064 reversi,
1532 3986 1760 4069 poenituerunt.
1780 3985 1836 4048 Vel
1853 3986 1880 4047 si
1897 3995 1972 4048 ante

1228 4088 1458 4171 penituerunt,
1476 4085 1536 4148 luit
1552 4085 1598 4148 eis
1618 4103 1704 4148 mors
1724 4085 1784 4147 ista
1804 4103 1861 4166 pro
1877 4102 1975 4166 poena

432 4194 529 4256 mitur
554 4211 612 4274 pro
637 4209 796 4266 mensura,
821 4189 1027 4269 continetque
1050 4188 1174 4251 modios
1190 4193 1213 4254 n
1228 4186 1332 4269 culpae
1346 4185 1433 4247 illius
1448 4193 1479 4247 ct
1493 4183 1792 4264 aliarum,quamvis
1809 4183 1891 4245 lorte
1906 4202 1972 4246 non

430 4293 573 4373 triginta,
587 4298 618 4354 et
632 4289 717 4371 capit
732 4290 840 4351 decem
858 4287 943 4369 ephi.
962 4287 1040 4350 llinc
1052 4287 1086 4348 in
1102 4287 1175 4348 Eze-

431 4391 533 4456 chiele
547 4389 682 4452 habetur
700 4407 707 4452 τ
725 4385 806 4469 Ephi
823 4394 854 4448 et
870 4387 972 4461 batus,
992 4385 1126 4467 aequalia
1143 4393 1175 4448 et

431 4489 526 4554 unius
542 4506 699 4552 mensurae
719 4495 824 4562 erunt,
842 4494 877 4547 ut
897 4485 1003 4566 capiat
1017 4485 1174 4547 decimam

431 4596 552 4671 partem
569 4586 635 4650 cori
651 4588 755 4661 batm,
768 4593 799 4648 ct
814 4584 969 4646 decimam
985 4591 1108 4665 partem
1124 4603 1176 4645 co

431 4687 469 4763 ri,
487 4687 572 4768 ephi.
591 4687 708 4749 Tamen
721 4686 811 4766 juxta
823 4683 1006 4764 frequenter
1023 4680 1176 4762 praehabi-

430 4793 472 4861 ta,
480 4784 547 4847 hacc
560 4784 689 4848 uomina
704 4799 925 4846 mensurarum
937 4780 1020 4862 apud
1032 4781 1175 4842 diversos

1229 4305 1287 4369 pro
1312 4284 1480 4368 punitione
1504 4281 1689 4345 sufficienti.
1711 4284 1841 4360 Eyrcsce'
1864 4294 1973 4343 autem

1229 4389 1268 4445 dc
1281 4386 1436 4462 sepulcris
1453 4383 1734 4458 Coucrtpt'cccutioe,
1751 4381 1784 4442 id
1804 4389 1852 4443 cst
1871 4382 1911 4443 dc
1928 4381 1974 4444 lo-

1229 4503 1268 4546 co
1288 4483 1321 4545 in
1344 4501 1407 4563 quo
1426 4489 1517 4544 erant
1535 4480 1681 4561 sepulcra
1699 4478 1877 4543 occisorum
1901 4499 1974 4562 pro-

1231 4591 1301 4664 pter
1325 4578 1616 4660 concupiscentiam
1638 4597 1739 4654 suam,
1757 4590 1914 4639 verterunt
1936 4581 1972 4639 in

1231 4683 1399 4750 Haserotlr,
1418 4677 1450 4739 id
1471 4686 1519 4739 est
1539 4677 1572 4738 in
1594 4687 1715 4758 partem
1735 4676 1834 4739 eremi
1857 4677 1904 4739 sic
1920 4695 1974 4739 vo

1230 4787 1344 4855 catam,
1365 4787 1395 4838 ct
1410 4786 1599 4837 oacnacruut
1615 4777 1672 4836 idi.
