4309 6259
441 488 501 551 eta

789 505 963 551 aunuente
984 506 1015 550 lN
1036 505 1104 550 GAP.
1128 504 1158 547 t'l
1179 502 1413 549 bafflauouottn.
1436 521 1475 532 ·-
1495 503 1567 548 aar.
1591 502 1632 547 vlt

440 676 544 755 ligiosi
560 696 594 739 se
610 677 695 759 ipsos
711 685 743 739 θῖ
760 677 867 740 omnia
890 677 1119 757 relinquentes,
1138 674 1184 737 ni·
1197 673 1223 736 Α
1236 676 1355 739 morire.
1381 676 1459 739 Nam
1487 684 1577 737 actus
1601 671 1783 735 dilectionis
1806 689 1845 732 ex
1874 667 1982 750 prima

438 783 548 837 tuntur
572 782 766 857 praeceptum
796 774 881 837 istud
906 773 1050 856 implere.
1078 773 1183 837 'l'ertio

436 873 624 954 intelligitur
639 881 670 937 et
685 873 837 956 impletur
852 872 1006 953 sic,quod
1018 872 1183 936 rationalis

435 981 579 1035 ereatura
595 972 811 1035 indesinenter
827 972 948 1034 feratur
971 971 1004 1031 in
1022 972 1133 1048 Deum,
1151 980 1182 1033 et

436 1071 556 1151 absque
567 1070 813 1153 interpolatione
823 1068 1183 1145 actualiter,secuudum

437 1176 612 1231 extremum
638 1186 732 1250 posse
756 1186 848 1229 suum
872 1174 933 1229 stet
955 1167 1017 1229 Deo
1043 1167 1134 1229 uuita
1153 1175 1184 1230 et

437 1267 560 1345 intenta
576 1274 641 1330 toto
657 1266 763 1342 corde,
782 1274 846 1327 tota
861 1265 969 1328 anima
985 1283 1040 1327 seu
1057 1274 1182 1342 natura,

438 1364 661 1447 universisque
677 1364 799 1428 viribus
811 1363 877 1425 suis
896 1381 902 1425 :
921 1363 1012 1426 etita
1028 1363 1089 1427 boc
1106 1383 1185 1445 praa-

439 1470 566 1546 ceptum
583 1481 646 1526 non
658 1462 809 1544 impletur
826 1461 888 1523 nisi
904 1461 937 1523 in
954 1462 1068 1543 patria.

479 1560 645 1641 Quumque
666 1560 780 1623 caritas
805 1559 846 1621 sit
864 1560 1007 1622 omnium
1030 1560 1185 1622 virtutum

440 1668 471 1722 et
496 1660 650 1722 donorum
677 1657 764 1735 finis,
793 1666 911 1734 vertex,
939 1657 1125 1739 imperatrix
1148 1676 1185 1719 ac

440 1757 580 1834 domina,
608 1764 732 1820 constat
756 1757 841 1837 quod
866 1756 951 1817 istud
977 1764 1183 1838 praeceptum,

1236 772 1489 856 apprehensione
1505 771 1611 835 dilecti
1632 768 1788 853 procedit.

1275 875 1445 952 Erantqae
1463 873 1558 932 verba
1582 873 1648 931 baec
1671 870 1711 932 de
1736 865 1901 947 diligendo
1922 865 1981 925 llo

1237 970 1359 1032 minum
1379 978 1446 1032 toto
1465 969 1571 1046 corde,
1593 989 1664 1048 qaoe
1678 986 1733 1044 ego
1744 965 1904 1044 praecipio
1922 964 1983 1022 tibi

1236 1071 1342 1137 bodie,
1351 1070 1387 1129 in
1402 1070 1495 1128 corde
1511 1066 1616 1136 tamid
1631 1065 1728 1128 estin
1744 1062 1911 1126 intellectu
1926 1060 1981 1141 qui

1237 1175 1285 1229 est
1297 1167 1384 1230 locus
1395 1164 1649 1247 intelligibilium
1661 1163 1847 1246 specierum,
1856 1170 1888 1223 θῖ
1899 1160 1983 1222 idem

1237 1266 1321 1348 quod
1337 1264 1531 1328 intellectiva
1541 1263 1706 1339 memoria,
1719 1261 1896 1325 secuudum
1913 1258 1983 1319 Phi-

1238 1363 1407 1445 losophum
1423 1361 1515 1425 tertio
1531 1364 1571 1425 de
1585 1362 1700 1424 Anima
1712 1384 1719 1435 ;
1731 1372 1763 1421 et
1777 1360 1932 1421 narrabis
1947 1378 1985 1417 ea

1237 1463 1320 1540 filiis
1336 1465 1413 1532 tais,
1434 1462 1467 1523 id
1481 1470 1530 1524 est
1544 1459 1727 1524 domesticis
1751 1467 1782 1523 et
1802 1457 1986 1540 specialiter

1239 1560 1341 1623 soboli
1353 1569 1425 1637 tuae,
1435 1568 1467 1622 θῖ
1480 1560 1531 1622 his
1546 1560 1603 1641 qui
1620 1558 1679 1621 sub
1695 1567 1748 1620 tua
1758 1565 1833 1619 sunt
1849 1574 1926 1619 cura
1936 1580 1944 1629 ;
1955 1567 1984 1615 et

1239 1662 1444 1721 meditaberis
1458 1678 1506 1735 ea,
1523 1662 1645 1730 sedeas,
1656 1658 1747 1719 idest
1762 1656 1932 1730 exsistens,
1950 1658 1983 1714 in

1239 1762 1332 1819 domo
1349 1769 1418 1828 tua,
1434 1758 1466 1819 id
1481 1765 1540 1834 est,
1554 1758 1587 1819 in
1603 1774 1805 1838 quocumque
1821 1754 1986 1818 domicilio

441 1856 536 1918 etiam
558 1856 734 1919 secundum
751 1854 889 1936 primum
906 1862 937 1916 θῖ
953 1854 1103 1916 infimum
1124 1872 1186 1919 mo
1202 1856 1225 1919 B
1241 1855 1352 1933 fueris,
1366 1868 1396 1917 ct
1410 1859 1581 1917 archclaus
1597 1858 1633 1915 in
1649 1857 1777 1924 itinere,
1793 1854 1826 1916 id
1841 1861 1890 1916 θεῖ
1906 1852 1987 1915 foris

441 1955 517 2017 dum
537 1974 603 2018 suae
622 1953 831 2036 impletionis,
850 1953 891 2014 sit
915 1952 991 2015 finis
1007 1962 1186 2017 ceterorum

441 2054 585 2116 omnium
606 2061 848 2136 preceptorum,
866 2071 1002 2133 quorum
1028 2052 1188 2134 impletio

442 2171 498 2215 nes
523 2171 579 2214 seu
603 2160 692 2214 actus
717 2150 865 2214 ordinare
890 2150 1043 2213 debemus
1069 2152 1109 2214 ad
1131 2150 1186 2213 Dei

442 2269 593 2327 amorem,
610 2250 744 2331 ejusque
761 2248 1003 2311 incrementum.
1014 2248 1186 2330 Loquendo

441 2356 547 2411 autem
568 2349 609 2411 de
631 2348 691 2411 isto
717 2355 874 2429 praecepto
900 2348 989 2428 juxta
1011 2349 1186 2410 secundum

441 2448 570 2510 modum
586 2466 651 2509 suaa
664 2446 860 2528 impletionis
871 2454 903 2507 et
914 2446 1188 2527 expositionis,sic

442 2565 506 2609 non
522 2546 626 2608 solum
642 2553 756 2607 cuncta
773 2552 941 2625 praecepta,
960 2545 1015 2607 sed
1037 2546 1188 2607 universa

442 2662 571 2726 quoque
586 2643 769 2723 evangelica
789 2642 922 2705 consilia
942 2643 1131 2706 ordinantur
1154 2644 1187 2706 in

443 2744 559 2825 ipsum.
572 2743 644 2805 ldeo
659 2760 797 2823 namque
812 2741 950 2820 cognati,
960 2760 1049 2819 uxor,
1067 2743 1188 2806 divitiae

442 2861 478 2904 ac
489 2842 636 2905 voluntas
648 2840 777 2923 propria
786 2840 1022 2922 relinquuntur,
1031 2851 1188 2921 quatenus

442 2940 537 3003 bomo
563 2940 717 3003 liberatus
739 2946 771 3001 et
792 2938 958 3019 expeditus
980 2940 1021 3002 ab
1037 2940 1188 3002 omuibus

1241 1954 1406 2031 exsistens,
1424 1965 1453 2015 et
1468 1956 1643 2023 dormieras,
1655 1954 1687 2015 id
1702 1961 1751 2016 est
1771 1954 1811 2015 ad
1829 1952 1989 2015 dormien-

1241 2054 1317 2115 dum
1333 2054 1452 2115 vadens
1472 2062 1503 2115 et
1518 2052 1634 2114 lectum
1656 2051 1848 2131 ingrediens,
1868 2050 1987 2113 sivein

1242 2153 1323 2215 lecto
1336 2152 1456 2233 jacens,
1475 2169 1547 2214 mox
1567 2158 1602 2211 ut
1618 2149 1716 2212 fueris
1731 2148 1983 2231 expergefactus,

1240 2262 1336 2331 alque
1349 2270 1540 2328 consurgeres
1556 2249 1596 2311 de
1611 2257 1719 2325 strat0,
1729 2258 1764 2310 ut
1775 2249 1821 2310 sic
1836 2247 1987 2330 primitus

1242 2368 1365 2430 quaeras
1390 2368 1523 2429 regnum
1543 2348 1609 2411 [tei.
1637 2347 1755 2410 idcirco
1780 2355 1887 2409 autem
1913 2354 1987 2408 sunt
2016 2366 2125 2407 aaziae.

1243 2448 1347 2510 taliter
1358 2448 1549 2523 meditanda,
1557 2454 1714 2527 quatenus
1725 2466 1763 2509 ex
1773 2454 1837 2508 tam
1847 2444 1988 2507 assiduis
2003 2433 2036 2471 ³³·

1242 2565 1352 2609 eorum
1376 2545 1733 2609 commemorationibus
1756 2552 1926 2623 generetur
1951 2544 1986 2604 in

1242 2645 1448 2708 meditatione
1465 2644 1603 2720 assidua,
1623 2643 1756 2706 actualis
1771 2643 1904 2706 dilectio
1918 2643 1985 2718 liei,

1242 2752 1272 2805 et
1284 2743 1496 2806 inflammatio
1507 2743 1541 2803 in
1552 2743 1673 2805 eadem.
1682 2742 1825 2823 Denique
1835 2742 1987 2823 quoniam

1243 2842 1476 2905 dormientibus
1498 2841 1603 2905 solent
1626 2841 1658 2903 in
1685 2859 1796 2904 somno
1821 2859 1989 2904 occurrere

1242 2960 1365 3023 eaquae
1382 2941 1414 3002 in
1430 2940 1541 3021 vigilia
1556 2940 1740 3020 diligentius
1755 2939 1910 3021 cogitant,
1926 2947 1992 3001 tra-

443 3038 519 3115 illis‚
548 3046 613 3101 toto
637 3038 732 3100 corde
758 3036 880 3098 feratur
904 3045 936 3098 et
960 3035 1124 3100 afficiatur
1148 3039 1188 3101 ad
1204 3045 1227 3109 c
1243 3048 1341 3117 etant,
1359 3048 1390 3102 et
1414 3047 1606 3121 operantur3
1629 3038 1699 3101 ideo
1720 3046 1784 3101 tam
1804 3038 1933 3101 assidue
1956 3046 1991 3100 rt

443 3137 552 3213 Deum,
570 3135 713 3217 quotidie
729 3134 830 3215 magis
845 3153 881 3196 ac
897 3134 997 3214 magis
1014 3136 1140 3198 intense
1156 3144 1188 3198 et

444 3254 533 3316 pure.
556 3235 661 3311 Porro,
690 3232 850 3315 loquendo
878 3233 917 3296 dc
941 3232 1002 3295 isto
1029 3243 1188 3316 praecepto

443 3332 617 3396 secundum
644 3332 773 3395 tertium
800 3331 930 3393 modum
958 3331 1114 3413 implendi
1138 3352 1190 3395 ex-

443 3430 647 3513 ponendique
663 3429 779 3511 ipsum,
791 3430 836 3491 sic
852 3429 1001 3493 universa
1017 3440 1186 3513 praecepta,

443 3529 588 3605 consilia,
597 3527 756 3603 exercitia,
772 3527 836 3590 imo
856 3537 887 3589 et
902 3528 1024 3608 praefati
1040 3530 1103 3591 duo
1123 3549 1190 3593 mo

443 3627 475 3690 di
491 3625 645 3710 implendi
661 3626 778 3708 ipsum,
793 3624 934 3688 finaliter
951 3626 1134 3689 referuntur
1148 3629 1188 3690 ad

442 3727 511 3807 ejus
527 3723 866 3807 impletionem.Quum
883 3723 979 3804 igitur
994 3733 1187 3807 preceptum

442 3823 527 3885 istud
543 3824 584 3885 sit
606 3822 683 3884 finis
705 3822 739 3883 in
759 3821 901 3902 agendiS,
920 3822 1014 3885 debet
1034 3842 1103 3886 esse
1127 3824 1189 3905 pri·

443 3941 530 3983 mum
543 3922 575 3983 in
592 3920 779 3998 intentione,
789 3921 877 4001 juxta
892 3920 977 4001 quod
995 3920 1106 3983 dicunt
1121 3922 1190 4004 phi·

443 4020 580 4101 losopbi‚
599 4020 686 4102 quod
702 4017 780 4080 linis
795 4020 829 4079 in
845 4018 1018 4099 agibilibus
1033 4019 1128 4082 habet
1144 4040 1190 4081 ra-

443 4119 563 4181 tionem
579 4116 901 4199 principii,videlicet
916 4118 1067 4198 quoniam
1084 4119 1188 4200 primo

1244 3137 1406 3201 ferventer
1427 3146 1501 3199 sunt
1524 3136 1584 3199 ista
1602 3136 1771 3218 invigiliis
1792 3137 1990 3211 meditanda,

1244 3236 1322 3297 utin
1337 3254 1450 3299 somno
1465 3254 1593 3317 quoque
1608 3244 1787 3298 occurrant.
1804 3235 1882 3297 Nam
1901 3245 1933 3298 et
1948 3246 1993 3297 tc-

1243 3344 1291 3397 ste
1310 3334 1501 3416 Philosopho
1518 3334 1622 3417 primo
1642 3335 1837 3411 Etbicorum,
1860 3335 1994 3417 Sapien-

1244 3443 1291 3497 tes
1306 3442 1337 3497 et
1356 3434 1489 3497 virtuosi
1512 3433 1630 3497 habent
1652 3434 1776 3497 somnia
1797 3434 1939 3516 puriora,
1956 3444 1992 3496 et

1245 3533 1278 3593 in
1303 3533 1424 3595 somnis
1447 3532 1580 3595 meliora
1605 3533 1836 3614 phantasmata.
1854 3532 1934 3595 llinc
1955 3534 1991 3594 in

1243 3632 1432 3695 Ecclesiaste
1451 3631 1606 3712 scriptum
1622 3641 1671 3694 est
1683 3650 1690 3693 ε
1702 3631 1813 3693 Multas
1828 3651 1921 3693 curas
1941 3652 1992 3694 se-
2009 3657 2125 3700 aalma

1243 3738 1386 3811 quuntur
1397 3730 1531 3793 somnia.
1543 3729 1706 3806 Praeterea,
1719 3737 1843 3791 constat
1857 3731 1944 3811 quod
1955 3730 1991 3791 bi

1243 3828 1299 3910 qui
1316 3838 1378 3891 tam
1391 3828 1517 3890 assidue
1532 3837 1563 3890 et
1579 3828 1739 3890 ferventer
1752 3836 1895 3910 tempore
1909 3827 1994 3907 vigi-

1243 3928 1358 3991 liarum
1373 3936 1530 4010 occupant
1546 3947 1579 3989 se
1595 3928 1628 3988 in
1644 3926 1850 3990 meditatione
1865 3935 1897 3989 et
1912 3936 1987 3989 actu

1242 4026 1360 4089 divinae
1385 4025 1576 4102 dilectionis,
1605 4024 1789 4105 frequenter
1813 4024 1847 4086 in
1873 4042 1993 4087 somno

1243 4122 1458 4186 sincerissime
1481 4124 1647 4203 eriguntur
1672 4130 1778 4184 mente
1806 4124 1846 4185 ad
1871 4122 1987 4198 Deum,

443 4217 527 4280 cadit
543 4216 575 4277 in
592 4214 857 4297 apprehensione,
875 4223 906 4276 et
921 4225 1029 4278 monet
1043 4226 1188 4295 agentem
1203 4230 1228 4293 Ι)
1243 4240 1299 4303 per
1319 4222 1633 4304 contemplationem,
1652 4220 1876 4301 fervidumque
1902 4239 1992 4283 amo-

442 4317 482 4379 ad
497 4314 733 4398 procedendum
750 4314 782 4375 in
798 4322 915 4376 actum.
928 4315 966 4375 Et
981 4315 1025 4377 ita
1039 4317 1125 4396 quod
1141 4325 1189 4379 est

442 4415 582 4498 primum
599 4413 633 4474 in
649 4412 836 4489 intentione,
855 4420 903 4475 est
918 4414 1066 4476 ultimum
1084 4415 1117 4475 in
1136 4435 1188 4477 ex·

443 4513 624 4576 secutione:
643 4510 725 4573 sicut
740 4510 773 4572 in
788 4518 856 4573 arte
872 4510 1038 4575 medicina
1055 4513 1185 4589 sanitas,

441 4632 513 4695 quae
529 4620 577 4675 est
593 4610 820 4693 finis,primoa
835 4612 982 4674 medente
998 4612 1184 4690 intenditur,

443 4720 521 4775 etea
536 4712 661 4794 adepta,
675 4710 821 4792 quiescit.
839 4711 947 4793 ltaque
963 4711 995 4772 in
1012 4712 1099 4775 omni
1115 4721 1187 4775 actu

442 4820 474 4874 et
484 4810 633 4874 exercitio
650 4810 734 4872 bono
746 4809 947 4871 intendamus
958 4810 992 4871 in
1009 4811 1063 4873 Dei
1079 4830 1187 4875 amore

442 4908 652 4991 proficerc,et
666 4907 780 4970 caritas
795 4906 849 4969 Dei
866 4926 923 4970 nos
939 4908 1053 4971 excitet
1068 4910 1107 4971 ad
1123 4928 1188 4973 om·

443 5026 483 5070 ne
498 5006 617 5069 bonum
639 5006 808 5085 agendum,
831 5006 895 5068 imo
917 5007 1007 5068 etad
1027 5009 1187 5071 sustinen-

441 5107 516 5169 dum
533 5105 670 5167 libenter
683 5123 778 5167 omne
798 5105 977 5167 adversum.
995 5106 1115 5170 Deinde
1131 5109 1187 5170 do-

440 5214 540 5282 cetur,
558 5222 652 5286 quam
677 5203 891 5266 indelebiliter
911 5223 946 5266 ae
968 5205 1186 5270 indesinenter

441 5306 506 5367 sint
517 5302 614 5369 verba
628 5302 724 5383 hujus
735 5302 885 5383 praecepti
898 5302 1109 5384 imprimenda
1123 5326 1187 5368 me-

1243 4320 1373 4397 r·em,ita
1387 4328 1470 4382 utex
1481 4319 1638 4382 sententia
1654 4319 1759 4381 dicere
1774 4326 1892 4400 queant
1909 4318 1990 4381 illud

1242 4419 1275 4479 in
1291 4418 1448 4481 Canticis:
1466 4418 1531 4499 Ego
1547 4417 1681 4495 dormio,
1698 4425 1730 4479 et
1744 4436 1800 4480 cor
1815 4436 1925 4480 meum
1945 4418 1992 4479 vi·
2016 4446 2122 4490 emta

1242 4518 1330 4599 gilat.

1282 4616 1505 4679 Verumtamen
1521 4623 1669 4698 praetacta
1692 4633 1756 4679 non
1771 4623 1848 4676 sunt
1868 4614 1989 4678 intelli-

1240 4716 1355 4795 ganda,
1376 4715 1461 4795 quod
1483 4715 1579 4777 homo
1599 4722 1744 4776 teneatur
1763 4722 1818 4776 aut
1837 4714 1939 4795 possit
1954 4715 1988 4776 in

1243 4813 1308 4876 vita
1323 4813 1381 4875 hac
1397 4812 1466 4874 sine
1486 4812 1718 4894 interruptione
1736 4812 1905 4874 actualiter
1925 4832 1989 4875 me

1242 4912 1336 4974 ditari
1353 4911 1451 4974 verba
1472 4912 1592 4987 divina,
1610 4920 1665 4973 aut
1686 4930 1724 4973 ea
1746 4910 1883 4991 implere
1906 4910 1989 4973 effe.-

1241 5018 1305 5087 ctu‚
1318 5011 1372 5072 sed
1388 5010 1458 5073 loco
1467 5018 1499 5072 et
1509 5018 1651 5092 tempore
1665 5019 1860 5090 opportuno:
1874 5018 1988 5091 estque

1241 5109 1420 5171 conandum
1436 5117 1468 5171 et
1482 5109 1654 5171 exercitare
1670 5127 1704 5170 se
1719 5108 1823 5184 debet,
1836 5117 1872 5169 ut
1886 5128 1985 5190 quau·

1241 5218 1307 5271 tum
1324 5228 1389 5271 suae
1405 5207 1568 5286 fragilitati
1585 5215 1685 5269 exstat
1705 5206 1870 5289 possibile,
1888 5209 1986 5271 medi-

1243 5316 1325 5370 tetur
1334 5315 1366 5370 et
1380 5307 1510 5389 impleat
1526 5326 1562 5369 ea
1578 5326 1704 5387 semper
1718 5306 1752 5368 iu
1767 5314 1851 5383 actu,
1869 5325 1933 5371 uon
1948 5307 1985 5369 in
