<?xml version="1.0" encoding="UTF-8"?>
<!DOCTYPE html PUBLIC "-//W3C//DTD XHTML 1.0 Transitional//EN"
    "http://www.w3.org/TR/xhtml1/DTD/xhtml1-transitional.dtd">
<html xmlns="http://www.w3.org/1999/xhtml" xml:lang="en" lang="en">
 <head>
  <title>
</title>
<meta http-equiv="Content-Type" content="text/html;charset=utf-8" />
  <meta name='ocr-system' content='tesseract 3.04.00' />
  <meta name='ocr-capabilities' content='ocr_page ocr_carea ocr_par ocr_line ocrx_word'/>
</head>
<body>
  <div class='ocr_page' id='page_1' title='image "./doctorisecstati00unkngoog_0693.png"; bbox 0 0 4309 6259; ppageno 0'>
   <div class='ocr_carea' id='block_1_1' title="bbox 516 495 1741 569">
    <p class='ocr_par' dir='ltr' id='par_1_1' title="bbox 516 495 1741 569">
     <span class='ocr_line' id='line_1_1' title="bbox 516 495 1741 569; baseline -0.001 -7"><span class='ocrx_word' id='word_1_1' title='bbox 516 516 689 563; x_wconf 68' lang='lat' dir='ltr'><strong>annuento</strong></span> <span class='ocrx_word' id='word_1_2' title='bbox 711 516 741 561; x_wconf 81' lang='grc' dir='ltr'><strong>ΙΝ</strong></span> <span class='ocrx_word' id='word_1_3' title='bbox 763 515 831 562; x_wconf 75' lang='lat' dir='ltr'><strong>dur.</strong></span> <span class='ocrx_word' id='word_1_4' title='bbox 853 515 919 561; x_wconf 78' lang='lat' dir='ltr'><strong>xxti</strong></span> <span class='ocrx_word' id='word_1_5' title='bbox 939 516 1173 563; x_wconf 71' lang='lat' dir='ltr'><strong>ouurauonoltt.</strong></span> <span class='ocrx_word' id='word_1_6' title='bbox 1193 535 1234 546; x_wconf 89' lang='lat'><strong>-··</strong></span> <span class='ocrx_word' id='word_1_7' title='bbox 1253 517 1325 563; x_wconf 72' lang='grc' dir='ltr'><strong>ΛΒΤ.</strong></span> <span class='ocrx_word' id='word_1_8' title='bbox 1348 516 1425 564; x_wconf 79' lang='lat' dir='ltr'><strong>xxttt</strong></span> <span class='ocrx_word' id='word_1_9' title='bbox 1503 562 1507 569; x_wconf 75' lang='grc'><em>,</em></span> <span class='ocrx_word' id='word_1_10' title='bbox 1681 495 1741 561; x_wconf 67' lang='grc'><strong>605</strong></span> 
     </span>
    </p>
   </div>
   <div class='ocr_carea' id='block_1_2' title="bbox 52 682 1885 3126">
    <p class='ocr_par' dir='ltr' id='par_1_2' title="bbox 186 682 1885 1948">
     <span class='ocr_line' id='line_1_2' title="bbox 187 682 1741 769; baseline 0 -25"><span class='ocrx_word' id='word_1_11' title='bbox 187 684 343 764; x_wconf 87' lang='lat' dir='ltr'><strong>quoniam</strong></span> <span class='ocrx_word' id='word_1_12' title='bbox 358 685 508 748; x_wconf 84' lang='lat' dir='ltr'>Dominus</span> <span class='ocrx_word' id='word_1_13' title='bbox 521 685 623 748; x_wconf 91' lang='lat' dir='ltr'><strong>noluit</strong></span> <span class='ocrx_word' id='word_1_14' title='bbox 634 686 700 767; x_wconf 92' lang='lat' dir='ltr'><strong>regi</strong></span> <span class='ocrx_word' id='word_1_15' title='bbox 711 685 937 766; x_wconf 88' lang='lat' dir='ltr'><strong>jumentorum,</strong></span> <span class='ocrx_word' id='word_1_16' title='bbox 956 686 980 747; x_wconf 81' lang='grc' dir='ltr'>Α</span> <span class='ocrx_word' id='word_1_17' title='bbox 995 685 1071 767; x_wconf 90' lang='lat' dir='ltr'><strong>quia</strong></span> <span class='ocrx_word' id='word_1_18' title='bbox 1083 686 1116 748; x_wconf 91' lang='lat' dir='ltr'><strong>in</strong></span> <span class='ocrx_word' id='word_1_19' title='bbox 1127 686 1324 751; x_wconf 88' lang='lat' dir='ltr'><strong>vestimentis</strong></span> <span class='ocrx_word' id='word_1_20' title='bbox 1335 685 1500 769; x_wconf 93' lang='lat' dir='ltr'><strong>pontificis</strong></span> <span class='ocrx_word' id='word_1_21' title='bbox 1512 683 1574 747; x_wconf 89' lang='lat' dir='ltr'><strong>fuit</strong></span> <span class='ocrx_word' id='word_1_22' title='bbox 1588 682 1741 747; x_wconf 91' lang='lat' dir='ltr'><strong>commix-</strong></span> 
     </span>
     <span class='ocr_line' id='line_1_3' title="bbox 188 780 1710 866; baseline 0.001 -25"><span class='ocrx_word' id='word_1_23' title='bbox 188 780 314 844; x_wconf 86' lang='lat' dir='ltr'><strong>scilicet</strong></span> <span class='ocrx_word' id='word_1_24' title='bbox 338 782 426 855; x_wconf 86' lang='lat' dir='ltr'><strong>bori,</strong></span> <span class='ocrx_word' id='word_1_25' title='bbox 444 783 560 846; x_wconf 86' lang='lat' dir='ltr'><strong>servile</strong></span> <span class='ocrx_word' id='word_1_26' title='bbox 579 784 772 865; x_wconf 85' lang='lat' dir='ltr'><strong>jumentum,</strong></span> <span class='ocrx_word' id='word_1_27' title='bbox 795 783 941 846; x_wconf 89' lang='lat' dir='ltr'><strong>videlicet</strong></span> <span class='ocrx_word' id='word_1_28' title='bbox 997 784 1040 847; x_wconf 89' lang='lat' dir='ltr'><strong>tio</strong></span> <span class='ocrx_word' id='word_1_29' title='bbox 1056 785 1128 847; x_wconf 92' lang='lat' dir='ltr'><strong>talis</strong></span> <span class='ocrx_word' id='word_1_30' title='bbox 1144 793 1274 848; x_wconf 80' lang='lat' dir='ltr'><strong>texturae</strong></span> <span class='ocrx_word' id='word_1_31' title='bbox 1291 804 1298 847; x_wconf 77' lang='grc' dir='ltr'><strong>ε</strong></span> <span class='ocrx_word' id='word_1_32' title='bbox 1317 786 1388 848; x_wconf 91' lang='lat' dir='ltr'><strong>ideo</strong></span> <span class='ocrx_word' id='word_1_33' title='bbox 1404 784 1491 866; x_wconf 89' lang='lat' dir='ltr'><strong>plebi</strong></span> <span class='ocrx_word' id='word_1_34' title='bbox 1508 782 1571 844; x_wconf 91' lang='lat' dir='ltr'><strong>fuit</strong></span> <span class='ocrx_word' id='word_1_35' title='bbox 1587 781 1710 845; x_wconf 89' lang='lat' dir='ltr'><strong>illicita.</strong></span> 
     </span>
     <span class='ocr_line' id='line_1_4' title="bbox 189 879 1741 963; baseline 0 -23"><span class='ocrx_word' id='word_1_36' title='bbox 189 879 330 955; x_wconf 88' lang='lat' dir='ltr'><strong>asinum,</strong></span> <span class='ocrx_word' id='word_1_37' title='bbox 362 881 516 962; x_wconf 89' lang='lat' dir='ltr'><strong>copulari.</strong></span> <span class='ocrx_word' id='word_1_38' title='bbox 542 881 681 955; x_wconf 81' lang='lat' dir='ltr'><strong>Quatuor</strong></span> <span class='ocrx_word' id='word_1_39' title='bbox 705 881 824 963; x_wconf 88' lang='lat' dir='ltr'><strong>quippe</strong></span> <span class='ocrx_word' id='word_1_40' title='bbox 850 881 941 962; x_wconf 89' lang='lat' dir='ltr'><strong>quasi</strong></span> <span class='ocrx_word' id='word_1_41' title='bbox 1036 886 1213 945; x_wconf 74' lang='lat' dir='ltr'><strong>Fonteclos</strong></span> <span class='ocrx_word' id='word_1_42' title='bbox 1228 885 1741 963; x_wconf 78' lang='lat' dir='ltr'><strong>infimbriisfaciesperqcotuor</strong></span> 
     </span>
     <span class='ocr_line' id='line_1_5' title="bbox 189 977 1741 1062; baseline 0.003 -24"><span class='ocrx_word' id='word_1_43' title='bbox 189 977 345 1039; x_wconf 91' lang='lat' dir='ltr'><strong>animalia</strong></span> <span class='ocrx_word' id='word_1_44' title='bbox 359 979 446 1058; x_wconf 85' lang='lat' dir='ltr'><strong>regia</strong></span> <span class='ocrx_word' id='word_1_45' title='bbox 468 979 605 1042; x_wconf 84' lang='lat' dir='ltr'><strong>ostendit</strong></span> <span class='ocrx_word' id='word_1_46' title='bbox 625 979 777 1042; x_wconf 82' lang='lat' dir='ltr'><strong>Dominus</strong></span> <span class='ocrx_word' id='word_1_47' title='bbox 797 979 942 1042; x_wconf 86' lang='lat' dir='ltr'><strong>Ezechie-</strong></span> <span class='ocrx_word' id='word_1_48' title='bbox 997 987 1131 1059; x_wconf 75' lang='lat' dir='ltr'><strong>anputos</strong></span> <span class='ocrx_word' id='word_1_49' title='bbox 1143 985 1243 1059; x_wconf 82' lang='lat' dir='ltr'><strong>pallii</strong></span> <span class='ocrx_word' id='word_1_50' title='bbox 1259 985 1319 1043; x_wconf 82' lang='lat' dir='ltr'><strong>tui.</strong></span> <span class='ocrx_word' id='word_1_51' title='bbox 1335 982 1397 1046; x_wconf 87' lang='lat' dir='ltr'><strong>lloc</strong></span> <span class='ocrx_word' id='word_1_52' title='bbox 1410 989 1458 1044; x_wconf 89' lang='lat' dir='ltr'><strong>ost</strong></span> <span class='ocrx_word' id='word_1_53' title='bbox 1477 981 1562 1062; x_wconf 93' lang='lat' dir='ltr'><strong>quod</strong></span> <span class='ocrx_word' id='word_1_54' title='bbox 1578 979 1612 1042; x_wconf 91' lang='lat' dir='ltr'><strong>in</strong></span> <span class='ocrx_word' id='word_1_55' title='bbox 1627 980 1741 1042; x_wconf 80' lang='lat' dir='ltr'><strong>Nume</strong></span> 
     </span>
     <span class='ocr_line' id='line_1_6' title="bbox 191 1075 1885 1163; baseline 0 -27"><span class='ocrx_word' id='word_1_56' title='bbox 191 1075 224 1152; x_wconf 88' lang='lat' dir='ltr'><strong>li,</strong></span> <span class='ocrx_word' id='word_1_57' title='bbox 238 1084 350 1158; x_wconf 82' lang='lat' dir='ltr'>utpote</span> <span class='ocrx_word' id='word_1_58' title='bbox 365 1077 537 1153; x_wconf 88' lang='lat' dir='ltr'><strong>homiuem,</strong></span> <span class='ocrx_word' id='word_1_59' title='bbox 550 1079 605 1159; x_wconf 94' lang='lat' dir='ltr'><strong>qui</strong></span> <span class='ocrx_word' id='word_1_60' title='bbox 621 1087 668 1140; x_wconf 92' lang='lat' dir='ltr'><strong>est</strong></span> <span class='ocrx_word' id='word_1_61' title='bbox 684 1097 738 1140; x_wconf 88' lang='lat' dir='ltr'><strong>rex</strong></span> <span class='ocrx_word' id='word_1_62' title='bbox 754 1077 940 1140; x_wconf 89' lang='lat' dir='ltr'><strong>animalium</strong></span> <span class='ocrx_word' id='word_1_63' title='bbox 996 1098 1104 1142; x_wconf 94' lang='lat' dir='ltr'><strong>rorum</strong></span> <span class='ocrx_word' id='word_1_64' title='bbox 1120 1080 1202 1143; x_wconf 93' lang='lat' dir='ltr'><strong>libro</strong></span> <span class='ocrx_word' id='word_1_65' title='bbox 1224 1081 1377 1163; x_wconf 89' lang='lat' dir='ltr'><strong>scriptum</strong></span> <span class='ocrx_word' id='word_1_66' title='bbox 1395 1089 1443 1142; x_wconf 85' lang='lat' dir='ltr'><strong>est</strong></span> <span class='ocrx_word' id='word_1_67' title='bbox 1461 1097 1468 1140; x_wconf 92' lang='lat'><strong>:</strong></span> <span class='ocrx_word' id='word_1_68' title='bbox 1486 1079 1568 1141; x_wconf 81' lang='lat' dir='ltr'>Dixit</span> <span class='ocrx_word' id='word_1_69' title='bbox 1589 1076 1740 1140; x_wconf 85' lang='lat' dir='ltr'><strong>Dominus</strong></span> <span class='ocrx_word' id='word_1_70' title='bbox 1770 1093 1885 1144; x_wconf 68' lang='lat' dir='ltr'><strong>mm,</strong></span> 
     </span>
     <span class='ocr_line' id='line_1_7' title="bbox 190 1158 1832 1259; baseline -0.001 -22"><span class='ocrx_word' id='word_1_71' title='bbox 190 1177 437 1251; x_wconf 82' lang='lat' dir='ltr'><strong>universorum3</strong></span> <span class='ocrx_word' id='word_1_72' title='bbox 456 1178 593 1254; x_wconf 89' lang='lat' dir='ltr'><strong>leonem,</strong></span> <span class='ocrx_word' id='word_1_73' title='bbox 606 1178 662 1259; x_wconf 95' lang='lat' dir='ltr'><strong>qui</strong></span> <span class='ocrx_word' id='word_1_74' title='bbox 679 1178 738 1239; x_wconf 93' lang='lat' dir='ltr'><strong>sub</strong></span> <span class='ocrx_word' id='word_1_75' title='bbox 753 1177 882 1240; x_wconf 91' lang='lat' dir='ltr'><strong>homine</strong></span> <span class='ocrx_word' id='word_1_76' title='bbox 894 1184 941 1238; x_wconf 90' lang='lat' dir='ltr'><strong>est</strong></span> <span class='ocrx_word' id='word_1_77' title='bbox 995 1175 1034 1235; x_wconf 90' lang='lat' dir='ltr'><strong>ad</strong></span> <span class='ocrx_word' id='word_1_78' title='bbox 1061 1175 1187 1258; x_wconf 82' lang='lat' dir='ltr'><strong>Moysen</strong></span> <span class='ocrx_word' id='word_1_79' title='bbox 1206 1195 1212 1238; x_wconf 94' lang='lat'><strong>:</strong></span> <span class='ocrx_word' id='word_1_80' title='bbox 1237 1178 1380 1258; x_wconf 78' lang='lat' dir='ltr'><strong>Loquere</strong></span> <span class='ocrx_word' id='word_1_81' title='bbox 1403 1176 1483 1238; x_wconf 92' lang='lat' dir='ltr'><strong>filiis</strong></span> <span class='ocrx_word' id='word_1_82' title='bbox 1505 1175 1611 1252; x_wconf 89' lang='lat' dir='ltr'><strong>lsrael,</strong></span> <span class='ocrx_word' id='word_1_83' title='bbox 1635 1183 1671 1236; x_wconf 87' lang='lat' dir='ltr'><strong>ut</strong></span> <span class='ocrx_word' id='word_1_84' title='bbox 1697 1174 1740 1237; x_wconf 90' lang='lat' dir='ltr'><strong>fa·</strong></span> <span class='ocrx_word' id='word_1_85' title='bbox 1755 1158 1832 1208; x_wconf 52' lang='grc' dir='ltr'><strong>Μ·</strong></span> 
     </span>
     <span class='ocr_line' id='line_1_8' title="bbox 190 1272 1737 1357; baseline 0 -22"><span class='ocrx_word' id='word_1_86' title='bbox 190 1294 247 1336; x_wconf 90' lang='lat' dir='ltr'><strong>rex</strong></span> <span class='ocrx_word' id='word_1_87' title='bbox 262 1275 422 1350; x_wconf 90' lang='lat' dir='ltr'><strong>ferarum;</strong></span> <span class='ocrx_word' id='word_1_88' title='bbox 441 1276 593 1357; x_wconf 85' lang='lat' dir='ltr'><strong>aquilam,</strong></span> <span class='ocrx_word' id='word_1_89' title='bbox 606 1276 662 1357; x_wconf 91' lang='lat' dir='ltr'><strong>qui</strong></span> <span class='ocrx_word' id='word_1_90' title='bbox 678 1283 725 1339; x_wconf 90' lang='lat' dir='ltr'><strong>est</strong></span> <span class='ocrx_word' id='word_1_91' title='bbox 742 1296 796 1338; x_wconf 91' lang='lat' dir='ltr'><strong>rex</strong></span> <span class='ocrx_word' id='word_1_92' title='bbox 810 1276 937 1349; x_wconf 88' lang='lat' dir='ltr'><strong>avium;</strong></span> <span class='ocrx_word' id='word_1_93' title='bbox 995 1272 1082 1335; x_wconf 88' lang='lat' dir='ltr'><strong>ciant</strong></span> <span class='ocrx_word' id='word_1_94' title='bbox 1097 1274 1159 1336; x_wconf 92' lang='lat' dir='ltr'><strong>sihi</strong></span> <span class='ocrx_word' id='word_1_95' title='bbox 1177 1274 1322 1338; x_wconf 78' lang='lat' dir='ltr'><strong>fimbrias</strong></span> <span class='ocrx_word' id='word_1_96' title='bbox 1334 1295 1390 1357; x_wconf 92' lang='lat' dir='ltr'><strong>per</strong></span> <span class='ocrx_word' id='word_1_97' title='bbox 1405 1275 1539 1355; x_wconf 90' lang='lat' dir='ltr'><strong>angulos</strong></span> <span class='ocrx_word' id='word_1_98' title='bbox 1555 1273 1737 1356; x_wconf 87' lang='lat' dir='ltr'><strong>palliorum,</strong></span> 
     </span>
     <span class='ocr_line' id='line_1_9' title="bbox 188 1372 1739 1457; baseline 0 -23"><span class='ocrx_word' id='word_1_99' title='bbox 188 1373 319 1448; x_wconf 89' lang='lat' dir='ltr'><strong>bovem,</strong></span> <span class='ocrx_word' id='word_1_100' title='bbox 337 1374 394 1454; x_wconf 92' lang='lat' dir='ltr'><strong>qui</strong></span> <span class='ocrx_word' id='word_1_101' title='bbox 411 1383 459 1435; x_wconf 89' lang='lat' dir='ltr'><strong>est</strong></span> <span class='ocrx_word' id='word_1_102' title='bbox 475 1394 529 1435; x_wconf 92' lang='lat' dir='ltr'><strong>rox</strong></span> <span class='ocrx_word' id='word_1_103' title='bbox 542 1375 771 1455; x_wconf 86' lang='lat' dir='ltr'><strong>jumentorum.</strong></span> <span class='ocrx_word' id='word_1_104' title='bbox 790 1373 940 1437; x_wconf 89' lang='lat' dir='ltr'><strong>Nonnulli</strong></span> <span class='ocrx_word' id='word_1_105' title='bbox 996 1374 1163 1453; x_wconf 88' lang='lat' dir='ltr'><strong>etc.,quod</strong></span> <span class='ocrx_word' id='word_1_106' title='bbox 1180 1373 1223 1435; x_wconf 95' lang='lat' dir='ltr'><strong>ibi</strong></span> <span class='ocrx_word' id='word_1_107' title='bbox 1236 1375 1412 1457; x_wconf 88' lang='lat' dir='ltr'><strong>expositum</strong></span> <span class='ocrx_word' id='word_1_108' title='bbox 1425 1372 1739 1454; x_wconf 80' lang='lat' dir='ltr'><strong>esttllossaquoque</strong></span> 
     </span>
     <span class='ocr_line' id='line_1_10' title="bbox 190 1471 1740 1555; baseline 0 -23"><span class='ocrx_word' id='word_1_109' title='bbox 190 1471 315 1534; x_wconf 77' lang='lat' dir='ltr'><strong>uetraei</strong></span> <span class='ocrx_word' id='word_1_110' title='bbox 333 1472 492 1554; x_wconf 90' lang='lat' dir='ltr'><strong>puerilius</strong></span> <span class='ocrx_word' id='word_1_111' title='bbox 508 1473 619 1534; x_wconf 91' lang='lat' dir='ltr'><strong>dicunt</strong></span> <span class='ocrx_word' id='word_1_112' title='bbox 634 1473 694 1534; x_wconf 92' lang='lat' dir='ltr'><strong>hoc</strong></span> <span class='ocrx_word' id='word_1_113' title='bbox 708 1473 844 1553; x_wconf 87' lang='lat' dir='ltr'><strong>jussum.</strong></span> <span class='ocrx_word' id='word_1_114' title='bbox 863 1473 938 1534; x_wconf 91' lang='lat' dir='ltr'><strong>Nam</strong></span> <span class='ocrx_word' id='word_1_115' title='bbox 995 1471 1047 1533; x_wconf 90' lang='lat' dir='ltr'><strong>hio</strong></span> <span class='ocrx_word' id='word_1_116' title='bbox 1072 1472 1117 1533; x_wconf 91' lang='lat' dir='ltr'><strong>ait</strong></span> <span class='ocrx_word' id='word_1_117' title='bbox 1139 1490 1146 1533; x_wconf 91' lang='lat'><strong>:</strong></span> <span class='ocrx_word' id='word_1_118' title='bbox 1174 1472 1390 1555; x_wconf 75' lang='lat' dir='ltr'><strong>superstitiosi</strong></span> <span class='ocrx_word' id='word_1_119' title='bbox 1413 1472 1568 1553; x_wconf 81' lang='lat' dir='ltr'><strong>magistri,</strong></span> <span class='ocrx_word' id='word_1_120' title='bbox 1590 1471 1740 1536; x_wconf 86' lang='lat' dir='ltr'><strong>videlicet</strong></span> 
     </span>
     <span class='ocr_line' id='line_1_11' title="bbox 188 1569 1738 1653; baseline 0 -22"><span class='ocrx_word' id='word_1_121' title='bbox 188 1589 292 1649; x_wconf 92' lang='lat' dir='ltr'><strong>quum</strong></span> <span class='ocrx_word' id='word_1_122' title='bbox 318 1569 376 1632; x_wconf 93' lang='lat' dir='ltr'><strong>bos</strong></span> <span class='ocrx_word' id='word_1_123' title='bbox 401 1571 551 1646; x_wconf 92' lang='lat' dir='ltr'><strong>ruminet,</strong></span> <span class='ocrx_word' id='word_1_124' title='bbox 570 1578 695 1652; x_wconf 91' lang='lat' dir='ltr'><strong>putaret</strong></span> <span class='ocrx_word' id='word_1_125' title='bbox 719 1569 829 1632; x_wconf 93' lang='lat' dir='ltr'><strong>asinus</strong></span> <span class='ocrx_word' id='word_1_126' title='bbox 854 1571 939 1651; x_wconf 91' lang='lat' dir='ltr'><strong>quod</strong></span> <span class='ocrx_word' id='word_1_127' title='bbox 996 1569 1111 1632; x_wconf 75' lang='lat' dir='ltr'><strong>Scribat</strong></span> <span class='ocrx_word' id='word_1_128' title='bbox 1122 1571 1493 1653; x_wconf 74' lang='lat' dir='ltr'><strong>etPhartsaei,captantos</strong></span> <span class='ocrx_word' id='word_1_129' title='bbox 1508 1590 1617 1632; x_wconf 88' lang='lat' dir='ltr'><strong>auram</strong></span> <span class='ocrx_word' id='word_1_130' title='bbox 1628 1569 1738 1652; x_wconf 92' lang='lat' dir='ltr'><strong>populi</strong></span> 
     </span>
     <span class='ocr_line' id='line_1_12' title="bbox 188 1667 1739 1750; baseline 0.001 -21"><span class='ocrx_word' id='word_1_131' title='bbox 188 1667 248 1730; x_wconf 95' lang='lat' dir='ltr'><strong>bos</strong></span> <span class='ocrx_word' id='word_1_132' title='bbox 268 1669 485 1745; x_wconf 82' lang='lat' dir='ltr'><strong>manducaret,</strong></span> <span class='ocrx_word' id='word_1_133' title='bbox 504 1669 613 1750; x_wconf 87' lang='lat' dir='ltr'><strong>sicque</strong></span> <span class='ocrx_word' id='word_1_134' title='bbox 629 1669 738 1730; x_wconf 88' lang='lat' dir='ltr'><strong>asinus</strong></span> <span class='ocrx_word' id='word_1_135' title='bbox 753 1667 940 1730; x_wconf 84' lang='lat' dir='ltr'><strong>alliceretur</strong></span> <span class='ocrx_word' id='word_1_136' title='bbox 994 1675 1026 1728; x_wconf 91' lang='lat' dir='ltr'><strong>et</strong></span> <span class='ocrx_word' id='word_1_137' title='bbox 1055 1668 1143 1731; x_wconf 90' lang='lat' dir='ltr'><strong>lucra</strong></span> <span class='ocrx_word' id='word_1_138' title='bbox 1167 1688 1205 1732; x_wconf 89' lang='lat' dir='ltr'><strong>ex</strong></span> <span class='ocrx_word' id='word_1_139' title='bbox 1228 1669 1440 1745; x_wconf 88' lang='lat' dir='ltr'><strong>mulierculis,</strong></span> <span class='ocrx_word' id='word_1_140' title='bbox 1468 1668 1643 1731; x_wconf 86' lang='lat' dir='ltr'><strong>dilatabant</strong></span> <span class='ocrx_word' id='word_1_141' title='bbox 1666 1668 1739 1730; x_wconf 91' lang='lat' dir='ltr'><strong>fim-</strong></span> 
     </span>
     <span class='ocr_line' id='line_1_13' title="bbox 186 1765 1740 1850; baseline 0 -22"><span class='ocrx_word' id='word_1_142' title='bbox 186 1767 228 1828; x_wconf 89' lang='lat' dir='ltr'><strong>ad</strong></span> <span class='ocrx_word' id='word_1_143' title='bbox 250 1767 371 1844; x_wconf 91' lang='lat' dir='ltr'><strong>cibum,</strong></span> <span class='ocrx_word' id='word_1_144' title='bbox 385 1775 417 1830; x_wconf 91' lang='lat' dir='ltr'><strong>et</strong></span> <span class='ocrx_word' id='word_1_145' title='bbox 432 1766 517 1830; x_wconf 90' lang='lat' dir='ltr'><strong>fame</strong></span> <span class='ocrx_word' id='word_1_146' title='bbox 532 1767 732 1847; x_wconf 81' lang='lat' dir='ltr'><strong>affligeretur</strong></span> <span class='ocrx_word' id='word_1_147' title='bbox 748 1775 843 1848; x_wconf 89' lang='lat' dir='ltr'><strong>atque</strong></span> <span class='ocrx_word' id='word_1_148' title='bbox 858 1765 940 1828; x_wconf 90' lang='lat' dir='ltr'><strong>defi·</strong></span> <span class='ocrx_word' id='word_1_149' title='bbox 994 1765 1091 1843; x_wconf 80' lang='lat' dir='ltr'><strong>briaS,</strong></span> <span class='ocrx_word' id='word_1_150' title='bbox 1113 1775 1144 1830; x_wconf 93' lang='lat' dir='ltr'><strong>et</strong></span> <span class='ocrx_word' id='word_1_151' title='bbox 1163 1767 1336 1848; x_wconf 81' lang='lat' dir='ltr'><strong>alligabant</strong></span> <span class='ocrx_word' id='word_1_152' title='bbox 1357 1768 1404 1831; x_wconf 90' lang='lat' dir='ltr'><strong>eis</strong></span> <span class='ocrx_word' id='word_1_153' title='bbox 1420 1767 1540 1850; x_wconf 90' lang='lat' dir='ltr'><strong>spinas,</strong></span> <span class='ocrx_word' id='word_1_154' title='bbox 1558 1775 1594 1829; x_wconf 87' lang='lat' dir='ltr'><strong>ut</strong></span> <span class='ocrx_word' id='word_1_155' title='bbox 1609 1767 1659 1830; x_wconf 91' lang='lat' dir='ltr'><strong>vel</strong></span> <span class='ocrx_word' id='word_1_156' title='bbox 1675 1787 1740 1829; x_wconf 92' lang='lat' dir='ltr'><strong>am·</strong></span> 
     </span>
     <span class='ocr_line' id='line_1_14' title="bbox 187 1864 1739 1948; baseline 0 -20"><span class='ocrx_word' id='word_1_157' title='bbox 187 1874 288 1928; x_wconf 92' lang='lat' dir='ltr'><strong>ceret.</strong></span> <span class='ocrx_word' id='word_1_158' title='bbox 957 1867 981 1929; x_wconf 91' lang='lat' dir='ltr'>B</span> <span class='ocrx_word' id='word_1_159' title='bbox 994 1864 1140 1928; x_wconf 87' lang='lat' dir='ltr'><strong>bulantcs</strong></span> <span class='ocrx_word' id='word_1_160' title='bbox 1156 1865 1206 1930; x_wconf 86' lang='lat' dir='ltr'><strong>vel</strong></span> <span class='ocrx_word' id='word_1_161' title='bbox 1221 1867 1377 1943; x_wconf 90' lang='lat' dir='ltr'><strong>sedentes,</strong></span> <span class='ocrx_word' id='word_1_162' title='bbox 1389 1876 1617 1948; x_wconf 81' lang='lat' dir='ltr'><strong>pungerentur,</strong></span> <span class='ocrx_word' id='word_1_163' title='bbox 1629 1865 1739 1946; x_wconf 92' lang='lat' dir='ltr'><strong>sicque</strong></span> 
     </span>
    </p>

    <p class='ocr_par' dir='ltr' id='par_1_3' title="bbox 189 1963 1868 2144">
     <span class='ocr_line' id='line_1_15' title="bbox 230 1963 1739 2044; baseline 0 -18"><span class='ocrx_word' id='word_1_164' title='bbox 230 1966 307 2026; x_wconf 85' lang='lat' dir='ltr'><strong>Non</strong></span> <span class='ocrx_word' id='word_1_165' title='bbox 326 1967 474 2024; x_wconf 75' lang='lat' dir='ltr'><strong>indueris</strong></span> <span class='ocrx_word' id='word_1_166' title='bbox 494 1967 679 2025; x_wconf 81' lang='lat' dir='ltr'><strong>vestimento</strong></span> <span class='ocrx_word' id='word_1_167' title='bbox 700 1967 786 2044; x_wconf 80' lang='lat' dir='ltr'><strong>quod</strong></span> <span class='ocrx_word' id='word_1_168' title='bbox 804 1985 844 2024; x_wconf 75' lang='lat' dir='ltr'><strong>cc</strong></span> <span class='ocrx_word' id='word_1_169' title='bbox 860 1969 938 2024; x_wconf 82' lang='lat' dir='ltr'><strong>lano</strong></span> <span class='ocrx_word' id='word_1_170' title='bbox 992 1963 1032 2024; x_wconf 90' lang='lat' dir='ltr'><strong>ad</strong></span> <span class='ocrx_word' id='word_1_171' title='bbox 1056 1964 1258 2026; x_wconf 89' lang='lat' dir='ltr'><strong>serviendum</strong></span> <span class='ocrx_word' id='word_1_172' title='bbox 1280 1964 1413 2027; x_wconf 87' lang='lat' dir='ltr'><strong>Domino</strong></span> <span class='ocrx_word' id='word_1_173' title='bbox 1435 1971 1652 2026; x_wconf 87' lang='lat' dir='ltr'><strong>monerentur.</strong></span> <span class='ocrx_word' id='word_1_174' title='bbox 1669 1964 1739 2026; x_wconf 82' lang='lat' dir='ltr'><strong>Pro</strong></span> 
     </span>
     <span class='ocr_line' id='line_1_16' title="bbox 189 2060 1868 2144; baseline 0.006 -24"><span class='ocrx_word' id='word_1_175' title='bbox 189 2064 323 2141; x_wconf 81' lang='lat' dir='ltr'><strong>linoque</strong></span> <span class='ocrx_word' id='word_1_176' title='bbox 341 2072 527 2122; x_wconf 66' lang='lat' dir='ltr'><strong>colticarum</strong></span> <span class='ocrx_word' id='word_1_177' title='bbox 546 2073 601 2124; x_wconf 79' lang='lat' dir='ltr'><strong>est.</strong></span> <span class='ocrx_word' id='word_1_178' title='bbox 619 2062 697 2124; x_wconf 89' lang='lat' dir='ltr'><strong>lluio</strong></span> <span class='ocrx_word' id='word_1_179' title='bbox 713 2062 817 2124; x_wconf 91' lang='lat' dir='ltr'><strong>simile</strong></span> <span class='ocrx_word' id='word_1_180' title='bbox 838 2070 885 2124; x_wconf 87' lang='lat' dir='ltr'><strong>est</strong></span> <span class='ocrx_word' id='word_1_181' title='bbox 901 2060 939 2122; x_wconf 93' lang='lat' dir='ltr'><strong>il·</strong></span> <span class='ocrx_word' id='word_1_182' title='bbox 993 2070 1064 2142; x_wconf 90' lang='lat' dir='ltr'><strong>pter</strong></span> <span class='ocrx_word' id='word_1_183' title='bbox 1085 2062 1170 2142; x_wconf 91' lang='lat' dir='ltr'><strong>quod</strong></span> <span class='ocrx_word' id='word_1_184' title='bbox 1191 2061 1271 2123; x_wconf 91' lang='lat' dir='ltr'><strong>dixit</strong></span> <span class='ocrx_word' id='word_1_185' title='bbox 1290 2062 1457 2125; x_wconf 85' lang='lat' dir='ltr'><strong>Salvator:</strong></span> <span class='ocrx_word' id='word_1_186' title='bbox 1475 2061 1613 2124; x_wconf 86' lang='lat' dir='ltr'><strong>Dilataut</strong></span> <span class='ocrx_word' id='word_1_187' title='bbox 1632 2061 1739 2144; x_wconf 83' lang='lat' dir='ltr'><strong>phyla·</strong></span> <span class='ocrx_word' id='word_1_188' title='bbox 1785 2086 1868 2129; x_wconf 72' lang='lat' dir='ltr'><strong>narrt.</strong></span> 
     </span>
    </p>

    <p class='ocr_par' dir='ltr' id='par_1_4' title="bbox 52 2153 1839 2241">
     <span class='ocr_line' id='line_1_17' title="bbox 52 2153 1839 2241; baseline 0.004 -27"><span class='ocrx_word' id='word_1_189' title='bbox 52 2174 88 2215; x_wconf 61' lang='lat' dir='ltr'><strong>ra</strong></span> <span class='ocrx_word' id='word_1_190' title='bbox 90 2187 135 2224; x_wconf 68' lang='lat'><strong>11111</strong></span> <span class='ocrx_word' id='word_1_191' title='bbox 140 2178 171 2216; x_wconf 81' lang='lat' dir='ltr'><strong>u.</strong></span> <span class='ocrx_word' id='word_1_192' title='bbox 187 2159 246 2220; x_wconf 92' lang='lat' dir='ltr'><strong>lud</strong></span> <span class='ocrx_word' id='word_1_193' title='bbox 262 2159 417 2222; x_wconf 87' lang='lat' dir='ltr'><strong>Levitioi:</strong></span> <span class='ocrx_word' id='word_1_194' title='bbox 435 2159 561 2222; x_wconf 83' lang='lat' dir='ltr'><strong>Vestem</strong></span> <span class='ocrx_word' id='word_1_195' title='bbox 577 2179 649 2240; x_wconf 80' lang='lat' dir='ltr'><strong>quaa</strong></span> <span class='ocrx_word' id='word_1_196' title='bbox 664 2178 702 2222; x_wconf 88' lang='lat' dir='ltr'><strong>ex</strong></span> <span class='ocrx_word' id='word_1_197' title='bbox 716 2159 840 2222; x_wconf 94' lang='lat' dir='ltr'><strong>duobus</strong></span> <span class='ocrx_word' id='word_1_198' title='bbox 855 2167 939 2221; x_wconf 85' lang='lat' dir='ltr'><strong>texta</strong></span> <span class='ocrx_word' id='word_1_199' title='bbox 992 2159 1101 2237; x_wconf 88' lang='lat' dir='ltr'><strong>cteria,</strong></span> <span class='ocrx_word' id='word_1_200' title='bbox 1118 2170 1150 2224; x_wconf 88' lang='lat' dir='ltr'><strong>et</strong></span> <span class='ocrx_word' id='word_1_201' title='bbox 1164 2160 1374 2241; x_wconf 84' lang='lat' dir='ltr'><strong>magnificant</strong></span> <span class='ocrx_word' id='word_1_202' title='bbox 1389 2160 1545 2223; x_wconf 87' lang='lat' dir='ltr'><strong>fimbrias.</strong></span> <span class='ocrx_word' id='word_1_203' title='bbox 1752 2162 1809 2200; x_wconf 77' lang='lat'>¹¹¹⁰·</span> <span class='ocrx_word' id='word_1_204' title='bbox 1818 2153 1839 2194; x_wconf 83' lang='lat'><strong>⁵·</strong></span> 
     </span>
    </p>

    <p class='ocr_par' dir='ltr' id='par_1_5' title="bbox 177 2257 1740 3126">
     <span class='ocr_line' id='line_1_18' title="bbox 185 2257 1736 2337; baseline 0.001 -19"><span class='ocrx_word' id='word_1_205' title='bbox 185 2267 248 2334; x_wconf 90' lang='lat' dir='ltr'><strong>est,</strong></span> <span class='ocrx_word' id='word_1_206' title='bbox 263 2276 326 2319; x_wconf 91' lang='lat' dir='ltr'><strong>non</strong></span> <span class='ocrx_word' id='word_1_207' title='bbox 339 2258 498 2333; x_wconf 86' lang='lat' dir='ltr'><strong>indueris;</strong></span> <span class='ocrx_word' id='word_1_208' title='bbox 512 2257 566 2319; x_wconf 88' lang='lat' dir='ltr'><strong>uhi</strong></span> <span class='ocrx_word' id='word_1_209' title='bbox 583 2258 622 2320; x_wconf 91' lang='lat' dir='ltr'><strong>de</strong></span> <span class='ocrx_word' id='word_1_210' title='bbox 632 2258 691 2320; x_wconf 87' lang='lat' dir='ltr'><strong>hac</strong></span> <span class='ocrx_word' id='word_1_211' title='bbox 706 2257 838 2320; x_wconf 87' lang='lat' dir='ltr'><strong>materia</strong></span> <span class='ocrx_word' id='word_1_212' title='bbox 853 2258 938 2320; x_wconf 86' lang='lat' dir='ltr'><strong>dicta</strong></span> <span class='ocrx_word' id='word_1_213' title='bbox 1031 2262 1071 2320; x_wconf 79' lang='lat' dir='ltr'><strong>Si</strong></span> <span class='ocrx_word' id='word_1_214' title='bbox 1091 2262 1225 2321; x_wconf 74' lang='lat' dir='ltr'><strong>duxerit</strong></span> <span class='ocrx_word' id='word_1_215' title='bbox 1244 2263 1298 2321; x_wconf 81' lang='lat' dir='ltr'><strong>vir</strong></span> <span class='ocrx_word' id='word_1_216' title='bbox 1321 2281 1468 2331; x_wconf 68' lang='lat' dir='ltr'><strong>umorem,</strong></span> <span class='ocrx_word' id='word_1_217' title='bbox 1483 2271 1513 2320; x_wconf 87' lang='lat' dir='ltr'><strong>et</strong></span> <span class='ocrx_word' id='word_1_218' title='bbox 1532 2270 1644 2337; x_wconf 85' lang='lat' dir='ltr'><strong>postea</strong></span> <span class='ocrx_word' id='word_1_219' title='bbox 1663 2261 1736 2321; x_wconf 80' lang='lat' dir='ltr'><strong>odio</strong></span> 
     </span>
     <span class='ocr_line' id='line_1_19' title="bbox 184 2356 1740 2440; baseline 0.003 -23"><span class='ocrx_word' id='word_1_220' title='bbox 184 2364 263 2417; x_wconf 88' lang='lat' dir='ltr'><strong>sunt</strong></span> <span class='ocrx_word' id='word_1_221' title='bbox 279 2356 390 2418; x_wconf 90' lang='lat' dir='ltr'><strong>multa.</strong></span> <span class='ocrx_word' id='word_1_222' title='bbox 407 2356 502 2419; x_wconf 90' lang='lat' dir='ltr'><strong>Porro</strong></span> <span class='ocrx_word' id='word_1_223' title='bbox 517 2356 703 2419; x_wconf 89' lang='lat' dir='ltr'><strong>Parisiensis</strong></span> <span class='ocrx_word' id='word_1_224' title='bbox 724 2356 807 2419; x_wconf 91' lang='lat' dir='ltr'><strong>libro</strong></span> <span class='ocrx_word' id='word_1_225' title='bbox 828 2356 937 2438; x_wconf 77' lang='lat' dir='ltr'><strong>praeal-</strong></span> <span class='ocrx_word' id='word_1_226' title='bbox 992 2359 1142 2418; x_wconf 80' lang='lat' dir='ltr'><strong>habuerit</strong></span> <span class='ocrx_word' id='word_1_227' title='bbox 1162 2380 1233 2419; x_wconf 86' lang='lat' dir='ltr'><strong>eam</strong></span> <span class='ocrx_word' id='word_1_228' title='bbox 1249 2377 1262 2419; x_wconf 92' lang='lat'><strong>.·</strong></span> <span class='ocrx_word' id='word_1_229' title='bbox 1275 2359 1360 2440; x_wconf 93' lang='lat' dir='ltr'><strong>quod</strong></span> <span class='ocrx_word' id='word_1_230' title='bbox 1386 2365 1453 2421; x_wconf 89' lang='lat' dir='ltr'><strong>erat</strong></span> <span class='ocrx_word' id='word_1_231' title='bbox 1472 2359 1604 2421; x_wconf 86' lang='lat' dir='ltr'><strong>mortale</strong></span> <span class='ocrx_word' id='word_1_232' title='bbox 1629 2377 1740 2440; x_wconf 88' lang='lat' dir='ltr'><strong>pecca-</strong></span> 
     </span>
     <span class='ocr_line' id='line_1_20' title="bbox 181 2454 1735 2540; baseline 0.003 -25"><span class='ocrx_word' id='word_1_233' title='bbox 181 2455 309 2535; x_wconf 85' lang='lat' dir='ltr'><strong>legato:</strong></span> <span class='ocrx_word' id='word_1_234' title='bbox 326 2454 418 2531; x_wconf 75' lang='lat' dir='ltr'><strong>UsuS,</strong></span> <span class='ocrx_word' id='word_1_235' title='bbox 444 2455 560 2536; x_wconf 91' lang='lat' dir='ltr'><strong>inquit,</strong></span> <span class='ocrx_word' id='word_1_236' title='bbox 579 2455 677 2519; x_wconf 89' lang='lat' dir='ltr'><strong>vestis</strong></span> <span class='ocrx_word' id='word_1_237' title='bbox 699 2475 737 2517; x_wconf 90' lang='lat' dir='ltr'><strong>ex</strong></span> <span class='ocrx_word' id='word_1_238' title='bbox 759 2455 825 2518; x_wconf 92' lang='lat' dir='ltr'><strong>lino</strong></span> <span class='ocrx_word' id='word_1_239' title='bbox 851 2455 936 2517; x_wconf 89' lang='lat' dir='ltr'><strong>lana·</strong></span> <span class='ocrx_word' id='word_1_240' title='bbox 992 2457 1106 2532; x_wconf 91' lang='lat' dir='ltr'><strong>tum,si</strong></span> <span class='ocrx_word' id='word_1_241' title='bbox 1118 2458 1427 2539; x_wconf 88' lang='lat' dir='ltr'><strong>oderateam‚quoad</strong></span> <span class='ocrx_word' id='word_1_242' title='bbox 1439 2457 1540 2540; x_wconf 91' lang='lat' dir='ltr'><strong>ipsius</strong></span> <span class='ocrx_word' id='word_1_243' title='bbox 1551 2476 1735 2539; x_wconf 88' lang='lat' dir='ltr'><strong>personam;</strong></span> 
     </span>
     <span class='ocr_line' id='line_1_21' title="bbox 179 2551 1735 2638; baseline 0.003 -24"><span class='ocrx_word' id='word_1_244' title='bbox 179 2571 246 2634; x_wconf 89' lang='lat' dir='ltr'><strong>que</strong></span> <span class='ocrx_word' id='word_1_245' title='bbox 262 2561 417 2616; x_wconf 77' lang='lat' dir='ltr'><strong>contextae</strong></span> <span class='ocrx_word' id='word_1_246' title='bbox 434 2551 615 2635; x_wconf 90' lang='lat' dir='ltr'><strong>prohibitus</strong></span> <span class='ocrx_word' id='word_1_247' title='bbox 637 2551 710 2628; x_wconf 87' lang='lat' dir='ltr'><strong>fuit,</strong></span> <span class='ocrx_word' id='word_1_248' title='bbox 728 2554 766 2615; x_wconf 90' lang='lat' dir='ltr'><strong>ad</strong></span> <span class='ocrx_word' id='word_1_249' title='bbox 782 2553 932 2629; x_wconf 87' lang='lat' dir='ltr'><strong>litteram,</strong></span> <span class='ocrx_word' id='word_1_250' title='bbox 990 2555 1109 2618; x_wconf 89' lang='lat' dir='ltr'><strong>sivero</strong></span> <span class='ocrx_word' id='word_1_251' title='bbox 1132 2556 1241 2619; x_wconf 89' lang='lat' dir='ltr'><strong>oderat</strong></span> <span class='ocrx_word' id='word_1_252' title='bbox 1263 2576 1344 2632; x_wconf 89' lang='lat' dir='ltr'><strong>eam,</strong></span> <span class='ocrx_word' id='word_1_253' title='bbox 1360 2565 1516 2637; x_wconf 90' lang='lat' dir='ltr'><strong>quantum</strong></span> <span class='ocrx_word' id='word_1_254' title='bbox 1534 2557 1575 2618; x_wconf 90' lang='lat' dir='ltr'><strong>ad</strong></span> <span class='ocrx_word' id='word_1_255' title='bbox 1597 2556 1735 2638; x_wconf 89' lang='lat' dir='ltr'><strong>culpam,</strong></span> 
     </span>
     <span class='ocr_line' id='line_1_22' title="bbox 178 2650 1736 2735; baseline 0.001 -23"><span class='ocrx_word' id='word_1_256' title='bbox 178 2650 338 2732; x_wconf 90' lang='lat' dir='ltr'><strong>quoniam</strong></span> <span class='ocrx_word' id='word_1_257' title='bbox 360 2653 540 2714; x_wconf 87' lang='lat' dir='ltr'><strong>sacerdotes</strong></span> <span class='ocrx_word' id='word_1_258' title='bbox 565 2651 723 2714; x_wconf 94' lang='lat' dir='ltr'><strong>idolorum</strong></span> <span class='ocrx_word' id='word_1_259' title='bbox 751 2651 784 2713; x_wconf 93' lang='lat' dir='ltr'><strong>iu</strong></span> <span class='ocrx_word' id='word_1_260' title='bbox 801 2652 933 2733; x_wconf 72' lang='lat' dir='ltr'><strong>AEgppto</strong></span> <span class='ocrx_word' id='word_1_261' title='bbox 990 2672 1053 2716; x_wconf 93' lang='lat' dir='ltr'><strong>nou</strong></span> <span class='ocrx_word' id='word_1_262' title='bbox 1071 2653 1542 2735; x_wconf 78' lang='lat' dir='ltr'><strong>fuitillicitum;quaesieritque</strong></span> <span class='ocrx_word' id='word_1_263' title='bbox 1560 2657 1736 2716; x_wconf 76' lang='lat' dir='ltr'><strong>occasiones</strong></span> 
     </span>
     <span class='ocr_line' id='line_1_23' title="bbox 178 2749 1733 2831; baseline 0.001 -21"><span class='ocrx_word' id='word_1_264' title='bbox 178 2750 366 2829; x_wconf 90' lang='lat' dir='ltr'><strong>hujusmodi</strong></span> <span class='ocrx_word' id='word_1_265' title='bbox 392 2751 534 2813; x_wconf 86' lang='lat' dir='ltr'><strong>vestibus</strong></span> <span class='ocrx_word' id='word_1_266' title='bbox 555 2751 691 2812; x_wconf 91' lang='lat' dir='ltr'><strong>maxime</strong></span> <span class='ocrx_word' id='word_1_267' title='bbox 716 2749 897 2828; x_wconf 88' lang='lat' dir='ltr'><strong>utebantur,</strong></span> <span class='ocrx_word' id='word_1_268' title='bbox 915 2771 933 2813; x_wconf 92' lang='lat' dir='ltr'><strong>a</strong></span> <span class='ocrx_word' id='word_1_269' title='bbox 987 2755 1104 2831; x_wconf 79' lang='lat' dir='ltr'><strong>quibus</strong></span> <span class='ocrx_word' id='word_1_270' title='bbox 1118 2756 1264 2814; x_wconf 84' lang='lat' dir='ltr'><strong>dimittat</strong></span> <span class='ocrx_word' id='word_1_271' title='bbox 1285 2774 1368 2824; x_wconf 80' lang='lat' dir='ltr'><strong>earn,</strong></span> <span class='ocrx_word' id='word_1_272' title='bbox 1387 2754 1541 2829; x_wconf 84' lang='lat' dir='ltr'><strong>objiciens</strong></span> <span class='ocrx_word' id='word_1_273' title='bbox 1565 2755 1596 2812; x_wconf 84' lang='lat' dir='ltr'><strong>ei</strong></span> <span class='ocrx_word' id='word_1_274' title='bbox 1617 2773 1733 2814; x_wconf 79' lang='lat' dir='ltr'><strong>nomen</strong></span> 
     </span>
     <span class='ocr_line' id='line_1_24' title="bbox 177 2847 1736 2931; baseline 0.002 -23"><span class='ocrx_word' id='word_1_275' title='bbox 177 2849 299 2928; x_wconf 91' lang='lat' dir='ltr'><strong>quibus</strong></span> <span class='ocrx_word' id='word_1_276' title='bbox 316 2849 420 2910; x_wconf 90' lang='lat' dir='ltr'><strong>voluit</strong></span> <span class='ocrx_word' id='word_1_277' title='bbox 434 2849 585 2910; x_wconf 86' lang='lat' dir='ltr'><strong>llominus</strong></span> <span class='ocrx_word' id='word_1_278' title='bbox 605 2847 760 2930; x_wconf 93' lang='lat' dir='ltr'><strong>populum</strong></span> <span class='ocrx_word' id='word_1_279' title='bbox 776 2869 870 2910; x_wconf 92' lang='lat' dir='ltr'><strong>suum</strong></span> <span class='ocrx_word' id='word_1_280' title='bbox 887 2849 932 2910; x_wconf 95' lang='lat' dir='ltr'><strong>di·</strong></span> <span class='ocrx_word' id='word_1_281' title='bbox 983 2853 1174 2928; x_wconf 80' lang='lat' dir='ltr'><strong>pessimum,</strong></span> <span class='ocrx_word' id='word_1_282' title='bbox 1184 2858 1294 2931; x_wconf 91' lang='lat' dir='ltr'><strong>utpote</strong></span> <span class='ocrx_word' id='word_1_283' title='bbox 1304 2869 1420 2913; x_wconf 91' lang='lat' dir='ltr'><strong>nomen</strong></span> <span class='ocrx_word' id='word_1_284' title='bbox 1435 2850 1587 2914; x_wconf 79' lang='lat' dir='ltr'><strong>adultera</strong></span> <span class='ocrx_word' id='word_1_285' title='bbox 1602 2870 1658 2914; x_wconf 91' lang='lat' dir='ltr'><strong>seu</strong></span> <span class='ocrx_word' id='word_1_286' title='bbox 1674 2850 1736 2914; x_wconf 92' lang='lat' dir='ltr'><strong>for-</strong></span> 
     </span>
     <span class='ocr_line' id='line_1_25' title="bbox 178 2947 1732 3029; baseline 0.001 -21"><span class='ocrx_word' id='word_1_287' title='bbox 178 2947 313 3026; x_wconf 88' lang='lat' dir='ltr'><strong>stingui.</strong></span> <span class='ocrx_word' id='word_1_288' title='bbox 331 2947 400 3010; x_wconf 88' lang='lat' dir='ltr'><strong>Alia</strong></span> <span class='ocrx_word' id='word_1_289' title='bbox 422 2965 517 3010; x_wconf 86' lang='lat' dir='ltr'><strong>causa</strong></span> <span class='ocrx_word' id='word_1_290' title='bbox 537 2947 657 3009; x_wconf 90' lang='lat' dir='ltr'><strong>exstitit</strong></span> <span class='ocrx_word' id='word_1_291' title='bbox 677 2947 845 3026; x_wconf 89' lang='lat' dir='ltr'><strong>generalis,</strong></span> <span class='ocrx_word' id='word_1_292' title='bbox 857 2967 932 3029; x_wconf 88' lang='lat' dir='ltr'><strong>qua·</strong></span> <span class='ocrx_word' id='word_1_293' title='bbox 988 2948 1166 3023; x_wconf 85' lang='lat' dir='ltr'><strong>nicatricis3</strong></span> <span class='ocrx_word' id='word_1_294' title='bbox 1179 2959 1208 3009; x_wconf 87' lang='lat' dir='ltr'><strong>et</strong></span> <span class='ocrx_word' id='word_1_295' title='bbox 1218 2951 1354 3018; x_wconf 75' lang='lat' dir='ltr'><strong>dicerit,</strong></span> <span class='ocrx_word' id='word_1_296' title='bbox 1370 2951 1506 3009; x_wconf 70' lang='lat' dir='ltr'><strong>Uxorem</strong></span> <span class='ocrx_word' id='word_1_297' title='bbox 1517 2950 1602 3008; x_wconf 80' lang='lat' dir='ltr'><strong>hooc</strong></span> <span class='ocrx_word' id='word_1_298' title='bbox 1613 2952 1732 3026; x_wconf 81' lang='lat' dir='ltr'><strong>accepi,</strong></span> 
     </span>
     <span class='ocr_line' id='line_1_26' title="bbox 180 3044 1734 3126; baseline 0.002 -21"><span class='ocrx_word' id='word_1_299' title='bbox 180 3052 276 3106; x_wconf 88' lang='lat' dir='ltr'><strong>tenus</strong></span> <span class='ocrx_word' id='word_1_300' title='bbox 292 3045 415 3108; x_wconf 88' lang='lat' dir='ltr'><strong>scilicet</strong></span> <span class='ocrx_word' id='word_1_301' title='bbox 431 3044 621 3121; x_wconf 82' lang='lat' dir='ltr'><strong>idololatrIa,</strong></span> <span class='ocrx_word' id='word_1_302' title='bbox 633 3064 704 3126; x_wconf 81' lang='lat' dir='ltr'><strong>quat</strong></span> <span class='ocrx_word' id='word_1_303' title='bbox 715 3045 831 3107; x_wconf 90' lang='lat' dir='ltr'><strong>talibus</strong></span> <span class='ocrx_word' id='word_1_304' title='bbox 847 3065 932 3109; x_wconf 87' lang='lat' dir='ltr'><strong>com·</strong></span> <span class='ocrx_word' id='word_1_305' title='bbox 948 3049 972 3114; x_wconf 80' lang='lat' dir='ltr'>G</span> <span class='ocrx_word' id='word_1_306' title='bbox 986 3058 1015 3107; x_wconf 84' lang='lat' dir='ltr'><strong>et</strong></span> <span class='ocrx_word' id='word_1_307' title='bbox 1031 3049 1192 3123; x_wconf 70' lang='lat' dir='ltr'><strong>ingressus</strong></span> <span class='ocrx_word' id='word_1_308' title='bbox 1203 3050 1247 3107; x_wconf 83' lang='lat' dir='ltr'><strong>ad</strong></span> <span class='ocrx_word' id='word_1_309' title='bbox 1256 3067 1414 3118; x_wconf 63' lang='lat' dir='ltr'><strong>common</strong></span> <span class='ocrx_word' id='word_1_310' title='bbox 1425 3049 1538 3107; x_wconf 81' lang='lat' dir='ltr'><strong>inveni</strong></span> <span class='ocrx_word' id='word_1_311' title='bbox 1553 3049 1734 3124; x_wconf 57' lang='lat' dir='ltr'><strong>virginem·</strong></span> 
     </span>
    </p>
   </div>
   <div class='ocr_carea' id='block_1_3' title="bbox 178 3143 1736 3522">
    <p class='ocr_par' dir='ltr' id='par_1_6' title="bbox 178 3143 1736 3522">
     <span class='ocr_line' id='line_1_27' title="bbox 179 3143 1731 3227; baseline 0.001 -23"><span class='ocrx_word' id='word_1_312' title='bbox 179 3143 392 3206; x_wconf 85' lang='lat' dir='ltr'><strong>mixtionibus</strong></span> <span class='ocrx_word' id='word_1_313' title='bbox 408 3143 624 3219; x_wconf 88' lang='lat' dir='ltr'><strong>exercebatur,</strong></span> <span class='ocrx_word' id='word_1_314' title='bbox 642 3143 701 3206; x_wconf 90' lang='lat' dir='ltr'><strong>hac</strong></span> <span class='ocrx_word' id='word_1_315' title='bbox 716 3143 932 3225; x_wconf 88' lang='lat' dir='ltr'><strong>prohibitione</strong></span> <span class='ocrx_word' id='word_1_316' title='bbox 988 3150 1108 3218; x_wconf 79' lang='lat' dir='ltr'><strong>tollent,</strong></span> <span class='ocrx_word' id='word_1_317' title='bbox 1122 3145 1153 3207; x_wconf 93' lang='lat' dir='ltr'><strong>id</strong></span> <span class='ocrx_word' id='word_1_318' title='bbox 1168 3154 1226 3222; x_wconf 92' lang='lat' dir='ltr'><strong>est,</strong></span> <span class='ocrx_word' id='word_1_319' title='bbox 1245 3164 1352 3208; x_wconf 86' lang='lat' dir='ltr'><strong>secum</strong></span> <span class='ocrx_word' id='word_1_320' title='bbox 1367 3145 1538 3227; x_wconf 87' lang='lat' dir='ltr'><strong>accipient,</strong></span> <span class='ocrx_word' id='word_1_321' title='bbox 1552 3166 1624 3206; x_wconf 81' lang='lat' dir='ltr'><strong>cam</strong></span> <span class='ocrx_word' id='word_1_322' title='bbox 1634 3155 1731 3222; x_wconf 82' lang='lat' dir='ltr'><strong>pater</strong></span> 
     </span>
     <span class='ocr_line' id='line_1_28' title="bbox 178 3229 1736 3325; baseline 0.001 -22"><span class='ocrx_word' id='word_1_323' title='bbox 178 3249 412 3322; x_wconf 88' lang='lat' dir='ltr'><strong>percuteretur.</strong></span> <span class='ocrx_word' id='word_1_324' title='bbox 425 3241 542 3318; x_wconf 85' lang='lat' dir='ltr'><strong>Tertio,</strong></span> <span class='ocrx_word' id='word_1_325' title='bbox 559 3250 594 3303; x_wconf 94' lang='lat' dir='ltr'><strong>ut</strong></span> <span class='ocrx_word' id='word_1_326' title='bbox 608 3243 687 3304; x_wconf 92' lang='lat' dir='ltr'><strong>ordo</strong></span> <span class='ocrx_word' id='word_1_327' title='bbox 703 3251 823 3305; x_wconf 80' lang='lat' dir='ltr'><strong>naturae</strong></span> <span class='ocrx_word' id='word_1_328' title='bbox 838 3262 931 3324; x_wconf 90' lang='lat' dir='ltr'><strong>quem</strong></span> <span class='ocrx_word' id='word_1_329' title='bbox 986 3254 1015 3304; x_wconf 80' lang='lat' dir='ltr'><strong>et</strong></span> <span class='ocrx_word' id='word_1_330' title='bbox 1031 3254 1134 3305; x_wconf 77' lang='lat' dir='ltr'><strong>mator</strong></span> <span class='ocrx_word' id='word_1_331' title='bbox 1147 3245 1217 3321; x_wconf 84' lang='lat' dir='ltr'><strong>ejus</strong></span> <span class='ocrx_word' id='word_1_332' title='bbox 1228 3262 1240 3304; x_wconf 91' lang='lat'><strong>.·</strong></span> <span class='ocrx_word' id='word_1_333' title='bbox 1251 3243 1278 3305; x_wconf 93' lang='lat' dir='ltr'><strong>si</strong></span> <span class='ocrx_word' id='word_1_334' title='bbox 1293 3229 1388 3306; x_wconf 80' lang='lat' dir='ltr'><strong>a&#39;mbo</strong></span> <span class='ocrx_word' id='word_1_335' title='bbox 1405 3243 1576 3325; x_wconf 90' lang='lat' dir='ltr'><strong>supersint,</strong></span> <span class='ocrx_word' id='word_1_336' title='bbox 1589 3251 1645 3306; x_wconf 87' lang='lat' dir='ltr'><strong>aut</strong></span> <span class='ocrx_word' id='word_1_337' title='bbox 1655 3244 1736 3306; x_wconf 87' lang='lat' dir='ltr'><strong>altor</strong></span> 
     </span>
     <span class='ocr_line' id='line_1_29' title="bbox 179 3339 1735 3424; baseline 0.004 -24"><span class='ocrx_word' id='word_1_338' title='bbox 179 3339 359 3403; x_wconf 78' lang='lat' dir='ltr'><strong>idololatras</strong></span> <span class='ocrx_word' id='word_1_339' title='bbox 374 3340 595 3422; x_wconf 91' lang='lat' dir='ltr'><strong>multipliciter</strong></span> <span class='ocrx_word' id='word_1_340' title='bbox 610 3341 848 3421; x_wconf 89' lang='lat' dir='ltr'><strong>pervertebant,</strong></span> <span class='ocrx_word' id='word_1_341' title='bbox 868 3361 932 3404; x_wconf 91' lang='lat' dir='ltr'><strong>ser·</strong></span> <span class='ocrx_word' id='word_1_342' title='bbox 986 3360 1117 3418; x_wconf 90' lang='lat' dir='ltr'><strong>eorum;</strong></span> <span class='ocrx_word' id='word_1_343' title='bbox 1135 3341 1184 3405; x_wconf 89' lang='lat' dir='ltr'><strong>vel</strong></span> <span class='ocrx_word' id='word_1_344' title='bbox 1201 3342 1228 3403; x_wconf 92' lang='lat' dir='ltr'><strong>si</strong></span> <span class='ocrx_word' id='word_1_345' title='bbox 1247 3340 1340 3405; x_wconf 87' lang='lat' dir='ltr'><strong>ambo</strong></span> <span class='ocrx_word' id='word_1_346' title='bbox 1361 3341 1511 3418; x_wconf 90' lang='lat' dir='ltr'><strong>obierint,</strong></span> <span class='ocrx_word' id='word_1_347' title='bbox 1529 3341 1563 3403; x_wconf 94' lang='lat' dir='ltr'><strong>hi</strong></span> <span class='ocrx_word' id='word_1_348' title='bbox 1586 3341 1643 3424; x_wconf 92' lang='lat' dir='ltr'><strong>qui</strong></span> <span class='ocrx_word' id='word_1_349' title='bbox 1665 3343 1735 3406; x_wconf 87' lang='lat' dir='ltr'><strong>loco</strong></span> 
     </span>
     <span class='ocr_line' id='line_1_30' title="bbox 180 3437 1736 3522; baseline -0.001 -21"><span class='ocrx_word' id='word_1_350' title='bbox 180 3446 313 3501; x_wconf 86' lang='lat' dir='ltr'><strong>raretur</strong></span> <span class='ocrx_word' id='word_1_351' title='bbox 333 3439 366 3500; x_wconf 92' lang='lat' dir='ltr'><strong>in</strong></span> <span class='ocrx_word' id='word_1_352' title='bbox 383 3438 537 3514; x_wconf 77' lang='lat' dir='ltr'><strong>vestihuS,</strong></span> <span class='ocrx_word' id='word_1_353' title='bbox 553 3437 766 3521; x_wconf 86' lang='lat' dir='ltr'><strong>vestiumque</strong></span> <span class='ocrx_word' id='word_1_354' title='bbox 777 3440 929 3518; x_wconf 88' lang='lat' dir='ltr'><strong>materiis,</strong></span> <span class='ocrx_word' id='word_1_355' title='bbox 986 3448 1154 3522; x_wconf 89' lang='lat' dir='ltr'><strong>parentum</strong></span> <span class='ocrx_word' id='word_1_356' title='bbox 1170 3440 1323 3503; x_wconf 88' lang='lat' dir='ltr'><strong>adsistere</strong></span> <span class='ocrx_word' id='word_1_357' title='bbox 1333 3440 1492 3504; x_wconf 88' lang='lat' dir='ltr'><strong>habebant</strong></span> <span class='ocrx_word' id='word_1_358' title='bbox 1508 3440 1681 3522; x_wconf 78' lang='lat' dir='ltr'><strong>puellae3et</strong></span> <span class='ocrx_word' id='word_1_359' title='bbox 1691 3446 1736 3521; x_wconf 84' lang='lat' dir='ltr'><strong>se·</strong></span> 
     </span>
    </p>
   </div>
   <div class='ocr_carea' id='block_1_4' title="bbox 178 3536 1838 5401">
    <p class='ocr_par' dir='ltr' id='par_1_7' title="bbox 178 3536 1838 5401">
     <span class='ocr_line' id='line_1_31' title="bbox 181 3536 1734 3619; baseline 0.001 -21"><span class='ocrx_word' id='word_1_360' title='bbox 181 3538 226 3600; x_wconf 89' lang='lat' dir='ltr'><strong>ita</strong></span> <span class='ocrx_word' id='word_1_361' title='bbox 248 3546 285 3599; x_wconf 88' lang='lat' dir='ltr'><strong>ut</strong></span> <span class='ocrx_word' id='word_1_362' title='bbox 305 3537 407 3599; x_wconf 85' lang='lat' dir='ltr'><strong>linum</strong></span> <span class='ocrx_word' id='word_1_363' title='bbox 430 3545 513 3599; x_wconf 88' lang='lat' dir='ltr'><strong>esset</strong></span> <span class='ocrx_word' id='word_1_364' title='bbox 532 3536 592 3599; x_wconf 89' lang='lat' dir='ltr'><strong>sub</strong></span> <span class='ocrx_word' id='word_1_365' title='bbox 608 3537 690 3614; x_wconf 85' lang='lat' dir='ltr'><strong>lena,</strong></span> <span class='ocrx_word' id='word_1_366' title='bbox 708 3545 740 3600; x_wconf 89' lang='lat' dir='ltr'><strong>et</strong></span> <span class='ocrx_word' id='word_1_367' title='bbox 755 3555 793 3600; x_wconf 85' lang='lat' dir='ltr'><strong>ert</strong></span> <span class='ocrx_word' id='word_1_368' title='bbox 809 3538 875 3601; x_wconf 87' lang='lat' dir='ltr'><strong>lino</strong></span> <span class='ocrx_word' id='word_1_369' title='bbox 896 3538 932 3600; x_wconf 89' lang='lat' dir='ltr'><strong>ti·</strong></span> <span class='ocrx_word' id='word_1_370' title='bbox 986 3550 1057 3600; x_wconf 80' lang='lat' dir='ltr'><strong>rent</strong></span> <span class='ocrx_word' id='word_1_371' title='bbox 1075 3560 1181 3599; x_wconf 78' lang='lat' dir='ltr'><strong>secum</strong></span> <span class='ocrx_word' id='word_1_372' title='bbox 1200 3542 1295 3617; x_wconf 67' lang='lat' dir='ltr'><strong>signa</strong></span> <span class='ocrx_word' id='word_1_373' title='bbox 1316 3541 1521 3617; x_wconf 67' lang='lat' dir='ltr'><strong>virginitatis</strong></span> <span class='ocrx_word' id='word_1_374' title='bbox 1540 3541 1621 3616; x_wconf 77' lang='lat' dir='ltr'><strong>cjtm,</strong></span> <span class='ocrx_word' id='word_1_375' title='bbox 1639 3559 1734 3619; x_wconf 87' lang='lat' dir='ltr'><strong>quam</strong></span> 
     </span>
     <span class='ocr_line' id='line_1_32' title="bbox 180 3634 1735 3720; baseline 0.001 -22"><span class='ocrx_word' id='word_1_376' title='bbox 180 3643 251 3698; x_wconf 89' lang='lat' dir='ltr'><strong>eret</strong></span> <span class='ocrx_word' id='word_1_377' title='bbox 276 3654 352 3698; x_wconf 86' lang='lat' dir='ltr'><strong>vera</strong></span> <span class='ocrx_word' id='word_1_378' title='bbox 371 3634 514 3712; x_wconf 90' lang='lat' dir='ltr'><strong>camisia,</strong></span> <span class='ocrx_word' id='word_1_379' title='bbox 531 3643 627 3716; x_wconf 93' lang='lat' dir='ltr'><strong>atque</strong></span> <span class='ocrx_word' id='word_1_380' title='bbox 649 3654 687 3697; x_wconf 88' lang='lat' dir='ltr'><strong>ex</strong></span> <span class='ocrx_word' id='word_1_381' title='bbox 712 3635 797 3712; x_wconf 90' lang='lat' dir='ltr'><strong>lana,</strong></span> <span class='ocrx_word' id='word_1_382' title='bbox 825 3637 932 3700; x_wconf 87' lang='lat' dir='ltr'><strong>tunica</strong></span> <span class='ocrx_word' id='word_1_383' title='bbox 987 3637 1124 3700; x_wconf 90' lang='lat' dir='ltr'><strong>habebat</strong></span> <span class='ocrx_word' id='word_1_384' title='bbox 1137 3655 1304 3720; x_wconf 91' lang='lat' dir='ltr'><strong>quousque</strong></span> <span class='ocrx_word' id='word_1_385' title='bbox 1319 3637 1445 3716; x_wconf 88' lang='lat' dir='ltr'><strong>cognita</strong></span> <span class='ocrx_word' id='word_1_386' title='bbox 1462 3637 1554 3699; x_wconf 91' lang='lat' dir='ltr'><strong>fuita</strong></span> <span class='ocrx_word' id='word_1_387' title='bbox 1570 3655 1627 3700; x_wconf 91' lang='lat' dir='ltr'><strong>suo</strong></span> <span class='ocrx_word' id='word_1_388' title='bbox 1643 3637 1735 3699; x_wconf 90' lang='lat' dir='ltr'><strong>mari-</strong></span> 
     </span>
     <span class='ocr_line' id='line_1_33' title="bbox 179 3733 1734 3816; baseline 0 -20"><span class='ocrx_word' id='word_1_389' title='bbox 179 3751 279 3796; x_wconf 85' lang='lat' dir='ltr'><strong>rcra:</strong></span> <span class='ocrx_word' id='word_1_390' title='bbox 297 3753 368 3815; x_wconf 80' lang='lat' dir='ltr'><strong>quae</strong></span> <span class='ocrx_word' id='word_1_391' title='bbox 385 3733 492 3797; x_wconf 91' lang='lat' dir='ltr'><strong>omnia</strong></span> <span class='ocrx_word' id='word_1_392' title='bbox 507 3733 746 3796; x_wconf 81' lang='lat' dir='ltr'><strong>confundebant</strong></span> <span class='ocrx_word' id='word_1_393' title='bbox 762 3743 793 3796; x_wconf 89' lang='lat' dir='ltr'><strong>et</strong></span> <span class='ocrx_word' id='word_1_394' title='bbox 808 3754 933 3816; x_wconf 89' lang='lat' dir='ltr'><strong>perver-</strong></span> <span class='ocrx_word' id='word_1_395' title='bbox 990 3743 1031 3811; x_wconf 90' lang='lat' dir='ltr'><strong>to,</strong></span> <span class='ocrx_word' id='word_1_396' title='bbox 1050 3755 1118 3798; x_wconf 88' lang='lat' dir='ltr'><strong>eam</strong></span> <span class='ocrx_word' id='word_1_397' title='bbox 1134 3735 1199 3815; x_wconf 85' lang='lat' dir='ltr'><strong>jam</strong></span> <span class='ocrx_word' id='word_1_398' title='bbox 1212 3736 1316 3798; x_wconf 86' lang='lat' dir='ltr'><strong>taliter</strong></span> <span class='ocrx_word' id='word_1_399' title='bbox 1331 3735 1734 3812; x_wconf 82' lang='lat' dir='ltr'><strong>diffamante,odseniores</strong></span> 
     </span>
     <span class='ocr_line' id='line_1_34' title="bbox 180 3832 1731 3915; baseline 0.001 -22"><span class='ocrx_word' id='word_1_400' title='bbox 180 3833 295 3895; x_wconf 88' lang='lat' dir='ltr'><strong>tebant</strong></span> <span class='ocrx_word' id='word_1_401' title='bbox 311 3832 495 3910; x_wconf 80' lang='lat' dir='ltr'><strong>idololatra,</strong></span> <span class='ocrx_word' id='word_1_402' title='bbox 507 3833 539 3895; x_wconf 93' lang='lat' dir='ltr'><strong>in</strong></span> <span class='ocrx_word' id='word_1_403' title='bbox 552 3833 789 3896; x_wconf 89' lang='lat' dir='ltr'><strong>venerationem</strong></span> <span class='ocrx_word' id='word_1_404' title='bbox 805 3853 933 3915; x_wconf 77' lang='lat' dir='ltr'><strong>praescr·</strong></span> <span class='ocrx_word' id='word_1_405' title='bbox 989 3836 1077 3894; x_wconf 79' lang='lat' dir='ltr'><strong>urbis</strong></span> <span class='ocrx_word' id='word_1_406' title='bbox 1094 3837 1153 3914; x_wconf 79' lang='lat' dir='ltr'><strong>qai</strong></span> <span class='ocrx_word' id='word_1_407' title='bbox 1167 3836 1204 3893; x_wconf 78' lang='lat' dir='ltr'><strong>in</strong></span> <span class='ocrx_word' id='word_1_408' title='bbox 1215 3844 1311 3911; x_wconf 85' lang='lat' dir='ltr'><strong>porto</strong></span> <span class='ocrx_word' id='word_1_409' title='bbox 1325 3844 1415 3903; x_wconf 82' lang='lat' dir='ltr'><strong>suat,</strong></span> <span class='ocrx_word' id='word_1_410' title='bbox 1431 3833 1463 3894; x_wconf 95' lang='lat' dir='ltr'><strong>id</strong></span> <span class='ocrx_word' id='word_1_411' title='bbox 1479 3841 1528 3895; x_wconf 93' lang='lat' dir='ltr'><strong>est</strong></span> <span class='ocrx_word' id='word_1_412' title='bbox 1542 3833 1581 3894; x_wconf 87' lang='lat' dir='ltr'><strong>ad</strong></span> <span class='ocrx_word' id='word_1_413' title='bbox 1596 3833 1731 3914; x_wconf 87' lang='lat' dir='ltr'><strong>judices,</strong></span> 
     </span>
     <span class='ocr_line' id='line_1_35' title="bbox 180 3929 1735 4013; baseline -0.001 -20"><span class='ocrx_word' id='word_1_414' title='bbox 180 3931 240 3993; x_wconf 93' lang='lat' dir='ltr'><strong>tim</strong></span> <span class='ocrx_word' id='word_1_415' title='bbox 264 3932 507 4007; x_wconf 83' lang='lat' dir='ltr'><strong>elementorum,</strong></span> <span class='ocrx_word' id='word_1_416' title='bbox 526 3951 564 3994; x_wconf 85' lang='lat' dir='ltr'><strong>ex</strong></span> <span class='ocrx_word' id='word_1_417' title='bbox 583 3949 718 4012; x_wconf 93' lang='lat' dir='ltr'><strong>quorum</strong></span> <span class='ocrx_word' id='word_1_418' title='bbox 738 3933 933 3996; x_wconf 82' lang='lat' dir='ltr'><strong>commixtio</strong></span> <span class='ocrx_word' id='word_1_419' title='bbox 988 3932 1178 4013; x_wconf 87' lang='lat' dir='ltr'><strong>adquorum</strong></span> <span class='ocrx_word' id='word_1_420' title='bbox 1200 3930 1455 4012; x_wconf 88' lang='lat' dir='ltr'><strong>jurisdictionem</strong></span> <span class='ocrx_word' id='word_1_421' title='bbox 1473 3929 1642 4011; x_wconf 89' lang='lat' dir='ltr'><strong>forumque</strong></span> <span class='ocrx_word' id='word_1_422' title='bbox 1664 3951 1735 4012; x_wconf 89' lang='lat' dir='ltr'><strong>per-</strong></span> 
     </span>
     <span class='ocr_line' id='line_1_36' title="bbox 179 4028 1733 4114; baseline -0.001 -22"><span class='ocrx_word' id='word_1_423' title='bbox 179 4031 280 4092; x_wconf 91' lang='lat' dir='ltr'><strong>nibus</strong></span> <span class='ocrx_word' id='word_1_424' title='bbox 295 4030 363 4094; x_wconf 81' lang='lat' dir='ltr'><strong>haec</strong></span> <span class='ocrx_word' id='word_1_425' title='bbox 372 4031 558 4110; x_wconf 86' lang='lat' dir='ltr'><strong>gignuntur.</strong></span> <span class='ocrx_word' id='word_1_426' title='bbox 568 4030 862 4113; x_wconf 88' lang='lat' dir='ltr'><strong>Volehautquoque</strong></span> <span class='ocrx_word' id='word_1_427' title='bbox 877 4051 933 4114; x_wconf 90' lang='lat' dir='ltr'><strong>per</strong></span> <span class='ocrx_word' id='word_1_428' title='bbox 989 4030 1103 4107; x_wconf 86' lang='lat' dir='ltr'><strong>tinent,</strong></span> <span class='ocrx_word' id='word_1_429' title='bbox 1120 4030 1176 4110; x_wconf 94' lang='lat' dir='ltr'><strong>qui</strong></span> <span class='ocrx_word' id='word_1_430' title='bbox 1199 4036 1274 4092; x_wconf 91' lang='lat' dir='ltr'><strong>tunc</strong></span> <span class='ocrx_word' id='word_1_431' title='bbox 1294 4028 1446 4093; x_wconf 84' lang='lat' dir='ltr'><strong>sedebant</strong></span> <span class='ocrx_word' id='word_1_432' title='bbox 1466 4028 1499 4090; x_wconf 91' lang='lat' dir='ltr'><strong>iu</strong></span> <span class='ocrx_word' id='word_1_433' title='bbox 1519 4028 1627 4110; x_wconf 88' lang='lat' dir='ltr'><strong>aliqua</strong></span> <span class='ocrx_word' id='word_1_434' title='bbox 1642 4037 1733 4110; x_wconf 86' lang='lat' dir='ltr'><strong>porta</strong></span> 
     </span>
     <span class='ocr_line' id='line_1_37' title="bbox 181 4125 1734 4208; baseline -0.002 -16"><span class='ocrx_word' id='word_1_435' title='bbox 181 4130 282 4192; x_wconf 87' lang='lat' dir='ltr'><strong>talem</strong></span> <span class='ocrx_word' id='word_1_436' title='bbox 308 4129 446 4194; x_wconf 90' lang='lat' dir='ltr'><strong>vestium</strong></span> <span class='ocrx_word' id='word_1_437' title='bbox 471 4129 731 4192; x_wconf 86' lang='lat' dir='ltr'><strong>commixtionem</strong></span> <span class='ocrx_word' id='word_1_438' title='bbox 757 4130 930 4208; x_wconf 90' lang='lat' dir='ltr'><strong>insinuare,</strong></span> <span class='ocrx_word' id='word_1_439' title='bbox 989 4127 1078 4189; x_wconf 92' lang='lat' dir='ltr'><strong>urbis</strong></span> <span class='ocrx_word' id='word_1_440' title='bbox 1103 4128 1142 4189; x_wconf 90' lang='lat' dir='ltr'><strong>ad</strong></span> <span class='ocrx_word' id='word_1_441' title='bbox 1163 4127 1383 4208; x_wconf 86' lang='lat' dir='ltr'><strong>judicandum,</strong></span> <span class='ocrx_word' id='word_1_442' title='bbox 1400 4137 1436 4189; x_wconf 93' lang='lat' dir='ltr'><strong>ut</strong></span> <span class='ocrx_word' id='word_1_443' title='bbox 1461 4125 1587 4190; x_wconf 91' lang='lat' dir='ltr'><strong>facilior</strong></span> <span class='ocrx_word' id='word_1_444' title='bbox 1610 4127 1734 4190; x_wconf 88' lang='lat' dir='ltr'><strong>cunctis</strong></span> 
     </span>
     <span class='ocr_line' id='line_1_38' title="bbox 181 4225 1838 4310; baseline -0.005 -20"><span class='ocrx_word' id='word_1_445' title='bbox 181 4227 342 4309; x_wconf 88' lang='lat' dir='ltr'><strong>agricolas</strong></span> <span class='ocrx_word' id='word_1_446' title='bbox 357 4247 394 4290; x_wconf 87' lang='lat' dir='ltr'><strong>ac</strong></span> <span class='ocrx_word' id='word_1_447' title='bbox 409 4236 552 4310; x_wconf 90' lang='lat' dir='ltr'><strong>pastores</strong></span> <span class='ocrx_word' id='word_1_448' title='bbox 572 4247 642 4290; x_wconf 88' lang='lat' dir='ltr'><strong>esse</strong></span> <span class='ocrx_word' id='word_1_449' title='bbox 662 4227 817 4306; x_wconf 91' lang='lat' dir='ltr'><strong>obligatos</strong></span> <span class='ocrx_word' id='word_1_450' title='bbox 833 4229 872 4290; x_wconf 91' lang='lat' dir='ltr'><strong>ad</strong></span> <span class='ocrx_word' id='word_1_451' title='bbox 890 4227 934 4290; x_wconf 93' lang='lat' dir='ltr'><strong>fa·</strong></span> <span class='ocrx_word' id='word_1_452' title='bbox 952 4233 974 4294; x_wconf 85' lang='lat' dir='ltr'><strong>t)</strong></span> <span class='ocrx_word' id='word_1_453' title='bbox 989 4233 1112 4307; x_wconf 90' lang='lat' dir='ltr'><strong>pateret</strong></span> <span class='ocrx_word' id='word_1_454' title='bbox 1132 4244 1277 4288; x_wconf 89' lang='lat' dir='ltr'><strong>accessus</strong></span> <span class='ocrx_word' id='word_1_455' title='bbox 1296 4226 1335 4288; x_wconf 90' lang='lat' dir='ltr'><strong>ad</strong></span> <span class='ocrx_word' id='word_1_456' title='bbox 1352 4225 1459 4307; x_wconf 81' lang='lat' dir='ltr'><strong>ipsos3</strong></span> <span class='ocrx_word' id='word_1_457' title='bbox 1478 4235 1508 4285; x_wconf 85' lang='lat' dir='ltr'><strong>et</strong></span> <span class='ocrx_word' id='word_1_458' title='bbox 1522 4228 1607 4286; x_wconf 84' lang='lat' dir='ltr'><strong>dicet</strong></span> <span class='ocrx_word' id='word_1_459' title='bbox 1625 4235 1734 4303; x_wconf 77' lang='lat' dir='ltr'><strong>pater,</strong></span> <span class='ocrx_word' id='word_1_460' title='bbox 1835 4279 1838 4282; x_wconf 81' lang='grc'>,</span> 
     </span>
     <span class='ocr_line' id='line_1_39' title="bbox 182 4323 1734 4407; baseline -0.001 -20"><span class='ocrx_word' id='word_1_461' title='bbox 182 4326 344 4388; x_wconf 89' lang='lat' dir='ltr'><strong>mutatum</strong></span> <span class='ocrx_word' id='word_1_462' title='bbox 361 4327 536 4403; x_wconf 92' lang='lat' dir='ltr'><strong>stellarum,</strong></span> <span class='ocrx_word' id='word_1_463' title='bbox 554 4345 690 4407; x_wconf 88' lang='lat' dir='ltr'><strong>quarum</strong></span> <span class='ocrx_word' id='word_1_464' title='bbox 707 4325 816 4391; x_wconf 90' lang='lat' dir='ltr'><strong>farore</strong></span> <span class='ocrx_word' id='word_1_465' title='bbox 832 4347 868 4390; x_wconf 89' lang='lat' dir='ltr'><strong>ac</strong></span> <span class='ocrx_word' id='word_1_466' title='bbox 884 4326 935 4390; x_wconf 83' lang='lat' dir='ltr'><strong>be</strong></span> <span class='ocrx_word' id='word_1_467' title='bbox 989 4325 1045 4405; x_wconf 93' lang='lat' dir='ltr'><strong>qui</strong></span> <span class='ocrx_word' id='word_1_468' title='bbox 1061 4333 1109 4386; x_wconf 91' lang='lat' dir='ltr'><strong>est</strong></span> <span class='ocrx_word' id='word_1_469' title='bbox 1124 4323 1332 4407; x_wconf 89' lang='lat' dir='ltr'><strong>principalior</strong></span> <span class='ocrx_word' id='word_1_470' title='bbox 1343 4343 1458 4405; x_wconf 86' lang='lat' dir='ltr'><strong>parens</strong></span> <span class='ocrx_word' id='word_1_471' title='bbox 1471 4342 1478 4386; x_wconf 91' lang='lat'>:</span> <span class='ocrx_word' id='word_1_472' title='bbox 1490 4327 1615 4386; x_wconf 84' lang='lat' dir='ltr'><strong>Filiam</strong></span> <span class='ocrx_word' id='word_1_473' title='bbox 1630 4347 1734 4387; x_wconf 72' lang='lat' dir='ltr'><strong>ewam</strong></span> 
     </span>
     <span class='ocr_line' id='line_1_40' title="bbox 183 4423 1734 4506; baseline -0.002 -19"><span class='ocrx_word' id='word_1_474' title='bbox 183 4423 362 4487; x_wconf 78' lang='lat' dir='ltr'><strong>deficentia</strong></span> <span class='ocrx_word' id='word_1_475' title='bbox 384 4425 541 4506; x_wconf 83' lang='lat' dir='ltr'><strong>putabant</strong></span> <span class='ocrx_word' id='word_1_476' title='bbox 559 4423 787 4487; x_wconf 87' lang='lat' dir='ltr'><strong>fecunditatem</strong></span> <span class='ocrx_word' id='word_1_477' title='bbox 807 4434 838 4486; x_wconf 90' lang='lat' dir='ltr'><strong>et</strong></span> <span class='ocrx_word' id='word_1_478' title='bbox 854 4425 935 4488; x_wconf 77' lang='lat' dir='ltr'><strong>lanat</strong></span> <span class='ocrx_word' id='word_1_479' title='bbox 988 4426 1065 4483; x_wconf 68' lang='lat' dir='ltr'><strong>desti</strong></span> <span class='ocrx_word' id='word_1_480' title='bbox 1079 4425 1157 4484; x_wconf 80' lang='lat' dir='ltr'><strong>huic</strong></span> <span class='ocrx_word' id='word_1_481' title='bbox 1173 4444 1318 4492; x_wconf 64' lang='lat' dir='ltr'><strong>uxorem,</strong></span> <span class='ocrx_word' id='word_1_482' title='bbox 1333 4445 1432 4503; x_wconf 83' lang='lat' dir='ltr'><strong>quam</strong></span> <span class='ocrx_word' id='word_1_483' title='bbox 1447 4425 1527 4502; x_wconf 82' lang='lat' dir='ltr'><strong>quia</strong></span> <span class='ocrx_word' id='word_1_484' title='bbox 1542 4427 1622 4493; x_wconf 82' lang='lat' dir='ltr'><strong>odit,</strong></span> <span class='ocrx_word' id='word_1_485' title='bbox 1634 4427 1734 4502; x_wconf 85' lang='lat' dir='ltr'><strong>impo-</strong></span> 
     </span>
     <span class='ocr_line' id='line_1_41' title="bbox 180 4522 1733 4605; baseline -0.003 -19"><span class='ocrx_word' id='word_1_486' title='bbox 180 4522 312 4605; x_wconf 90' lang='lat' dir='ltr'><strong>copiam</strong></span> <span class='ocrx_word' id='word_1_487' title='bbox 334 4523 368 4584; x_wconf 95' lang='lat' dir='ltr'><strong>in</strong></span> <span class='ocrx_word' id='word_1_488' title='bbox 389 4523 593 4600; x_wconf 89' lang='lat' dir='ltr'><strong>animalibus,</strong></span> <span class='ocrx_word' id='word_1_489' title='bbox 621 4531 715 4603; x_wconf 87' lang='lat' dir='ltr'><strong>atque</strong></span> <span class='ocrx_word' id='word_1_490' title='bbox 737 4523 933 4586; x_wconf 87' lang='lat' dir='ltr'><strong>fertilitatem</strong></span> <span class='ocrx_word' id='word_1_491' title='bbox 990 4524 1040 4582; x_wconf 85' lang='lat' dir='ltr'><strong>nit</strong></span> <span class='ocrx_word' id='word_1_492' title='bbox 1054 4524 1084 4581; x_wconf 86' lang='lat' dir='ltr'><strong>ei</strong></span> <span class='ocrx_word' id='word_1_493' title='bbox 1099 4541 1212 4583; x_wconf 78' lang='lat' dir='ltr'><strong>nomen</strong></span> <span class='ocrx_word' id='word_1_494' title='bbox 1226 4524 1416 4598; x_wconf 82' lang='lat' dir='ltr'><strong>pessimum,</strong></span> <span class='ocrx_word' id='word_1_495' title='bbox 1431 4531 1461 4581; x_wconf 83' lang='lat' dir='ltr'><strong>et</strong></span> <span class='ocrx_word' id='word_1_496' title='bbox 1479 4523 1572 4593; x_wconf 84' lang='lat' dir='ltr'><strong>dicit,</strong></span> <span class='ocrx_word' id='word_1_497' title='bbox 1590 4523 1664 4585; x_wconf 81' lang='lat' dir='ltr'><strong>Non</strong></span> <span class='ocrx_word' id='word_1_498' title='bbox 1681 4525 1733 4583; x_wconf 80' lang='lat' dir='ltr'><strong>in-</strong></span> 
     </span>
     <span class='ocr_line' id='line_1_42' title="bbox 181 4621 1732 4704; baseline -0.004 -21"><span class='ocrx_word' id='word_1_499' title='bbox 181 4621 216 4683; x_wconf 91' lang='lat' dir='ltr'><strong>in</strong></span> <span class='ocrx_word' id='word_1_500' title='bbox 233 4621 321 4699; x_wconf 84' lang='lat' dir='ltr'><strong>agris</strong></span> <span class='ocrx_word' id='word_1_501' title='bbox 336 4622 516 4703; x_wconf 91' lang='lat' dir='ltr'><strong>provenire.</strong></span> <span class='ocrx_word' id='word_1_502' title='bbox 534 4621 664 4704; x_wconf 91' lang='lat' dir='ltr'><strong>Propter</strong></span> <span class='ocrx_word' id='word_1_503' title='bbox 678 4623 764 4703; x_wconf 93' lang='lat' dir='ltr'><strong>quod</strong></span> <span class='ocrx_word' id='word_1_504' title='bbox 782 4622 886 4684; x_wconf 90' lang='lat' dir='ltr'><strong>lanam</strong></span> <span class='ocrx_word' id='word_1_505' title='bbox 902 4632 934 4687; x_wconf 90' lang='lat' dir='ltr'><strong>et</strong></span> <span class='ocrx_word' id='word_1_506' title='bbox 990 4624 1063 4681; x_wconf 80' lang='lat' dir='ltr'><strong>veni</strong></span> <span class='ocrx_word' id='word_1_507' title='bbox 1082 4623 1189 4697; x_wconf 76' lang='lat' dir='ltr'><strong>filiam</strong></span> <span class='ocrx_word' id='word_1_508' title='bbox 1210 4631 1300 4681; x_wconf 81' lang='lat' dir='ltr'><strong>tuom</strong></span> <span class='ocrx_word' id='word_1_509' title='bbox 1320 4622 1481 4697; x_wconf 74' lang='lat' dir='ltr'><strong>oirpinem</strong></span> <span class='ocrx_word' id='word_1_510' title='bbox 1499 4640 1511 4680; x_wconf 94' lang='lat'><strong>.·</strong></span> <span class='ocrx_word' id='word_1_511' title='bbox 1525 4632 1555 4680; x_wconf 83' lang='lat' dir='ltr'><strong>et</strong></span> <span class='ocrx_word' id='word_1_512' title='bbox 1570 4641 1647 4691; x_wconf 82' lang='lat' dir='ltr'><strong>ecce,</strong></span> <span class='ocrx_word' id='word_1_513' title='bbox 1665 4625 1732 4683; x_wconf 78' lang='lat' dir='ltr'><strong>ltoee</strong></span> 
     </span>
     <span class='ocr_line' id='line_1_43' title="bbox 181 4720 1733 4803; baseline -0.001 -21"><span class='ocrx_word' id='word_1_514' title='bbox 181 4721 290 4782; x_wconf 89' lang='lat' dir='ltr'><strong>linum</strong></span> <span class='ocrx_word' id='word_1_515' title='bbox 306 4720 339 4781; x_wconf 93' lang='lat' dir='ltr'><strong>in</strong></span> <span class='ocrx_word' id='word_1_516' title='bbox 353 4721 471 4788; x_wconf 86' lang='lat' dir='ltr'><strong>vestitu</strong></span> <span class='ocrx_word' id='word_1_517' title='bbox 486 4720 673 4802; x_wconf 87' lang='lat' dir='ltr'><strong>jungebant,</strong></span> <span class='ocrx_word' id='word_1_518' title='bbox 687 4729 722 4783; x_wconf 94' lang='lat' dir='ltr'><strong>ut</strong></span> <span class='ocrx_word' id='word_1_519' title='bbox 737 4721 807 4803; x_wconf 89' lang='lat' dir='ltr'><strong>ipso</strong></span> <span class='ocrx_word' id='word_1_520' title='bbox 823 4720 932 4784; x_wconf 91' lang='lat' dir='ltr'><strong>habitu</strong></span> <span class='ocrx_word' id='word_1_521' title='bbox 987 4730 1063 4780; x_wconf 82' lang='lat' dir='ltr'><strong>sunt</strong></span> <span class='ocrx_word' id='word_1_522' title='bbox 1077 4721 1172 4796; x_wconf 76' lang='lat' dir='ltr'><strong>sipoa</strong></span> <span class='ocrx_word' id='word_1_523' title='bbox 1188 4720 1391 4796; x_wconf 79' lang='lat' dir='ltr'><strong>virpinitctis</strong></span> <span class='ocrx_word' id='word_1_524' title='bbox 1404 4721 1484 4796; x_wconf 79' lang='lat' dir='ltr'><strong>filice</strong></span> <span class='ocrx_word' id='word_1_525' title='bbox 1500 4740 1586 4780; x_wconf 85' lang='lat' dir='ltr'><strong>meae.</strong></span> <span class='ocrx_word' id='word_1_526' title='bbox 1600 4722 1733 4799; x_wconf 69' lang='lat' dir='ltr'><strong>Expan-</strong></span> 
     </span>
     <span class='ocr_line' id='line_1_44' title="bbox 180 4817 1733 4901; baseline 0.001 -22"><span class='ocrx_word' id='word_1_527' title='bbox 180 4817 269 4880; x_wconf 86' lang='lat' dir='ltr'><strong>hanc</strong></span> <span class='ocrx_word' id='word_1_528' title='bbox 284 4818 543 4899; x_wconf 86' lang='lat' dir='ltr'><strong>superstitionem</strong></span> <span class='ocrx_word' id='word_1_529' title='bbox 560 4817 800 4900; x_wconf 84' lang='lat' dir='ltr'><strong>profiterentur.</strong></span> <span class='ocrx_word' id='word_1_530' title='bbox 818 4819 933 4901; x_wconf 87' lang='lat' dir='ltr'><strong>Hujus·</strong></span> <span class='ocrx_word' id='word_1_531' title='bbox 986 4823 1062 4879; x_wconf 77' lang='lat' dir='ltr'><strong>deret</strong></span> <span class='ocrx_word' id='word_1_532' title='bbox 1084 4820 1306 4879; x_wconf 80' lang='lat' dir='ltr'><strong>vestimentum</strong></span> <span class='ocrx_word' id='word_1_533' title='bbox 1325 4839 1433 4878; x_wconf 86' lang='lat' dir='ltr'><strong>coram</strong></span> <span class='ocrx_word' id='word_1_534' title='bbox 1454 4820 1634 4878; x_wconf 81' lang='lat' dir='ltr'><strong>senioribus</strong></span> <span class='ocrx_word' id='word_1_535' title='bbox 1654 4822 1733 4880; x_wconf 85' lang='lat' dir='ltr'><strong>civi·</strong></span> 
     </span>
     <span class='ocr_line' id='line_1_45' title="bbox 179 4911 1732 4997; baseline 0.001 -19"><span class='ocrx_word' id='word_1_536' title='bbox 179 4916 273 4980; x_wconf 92' lang='lat' dir='ltr'><strong>modi</strong></span> <span class='ocrx_word' id='word_1_537' title='bbox 301 4934 428 4997; x_wconf 92' lang='lat' dir='ltr'><strong>quoque</strong></span> <span class='ocrx_word' id='word_1_538' title='bbox 448 4911 690 4997; x_wconf 86' lang='lat' dir='ltr'><strong>conjunctiones</strong></span> <span class='ocrx_word' id='word_1_539' title='bbox 713 4916 771 4978; x_wconf 93' lang='lat' dir='ltr'><strong>lini</strong></span> <span class='ocrx_word' id='word_1_540' title='bbox 790 4937 827 4980; x_wconf 92' lang='lat' dir='ltr'><strong>ac</strong></span> <span class='ocrx_word' id='word_1_541' title='bbox 852 4919 932 4981; x_wconf 80' lang='lat' dir='ltr'><strong>lanae</strong></span> <span class='ocrx_word' id='word_1_542' title='bbox 988 4920 1073 4978; x_wconf 85' lang='lat' dir='ltr'><strong>totis.</strong></span> <span class='ocrx_word' id='word_1_543' title='bbox 1097 4917 1187 4979; x_wconf 90' lang='lat' dir='ltr'><strong>Circa</strong></span> <span class='ocrx_word' id='word_1_544' title='bbox 1205 4917 1266 4980; x_wconf 93' lang='lat' dir='ltr'><strong>hoc</strong></span> <span class='ocrx_word' id='word_1_545' title='bbox 1291 4916 1402 4980; x_wconf 82' lang='lat' dir='ltr'><strong>&#39;scribit</strong></span> <span class='ocrx_word' id='word_1_546' title='bbox 1420 4916 1499 4997; x_wconf 81' lang='lat' dir='ltr'><strong>Lyra</strong></span> <span class='ocrx_word' id='word_1_547' title='bbox 1516 4916 1661 4989; x_wconf 72' lang='lat' dir='ltr'><strong>:,l)icunt</strong></span> <span class='ocrx_word' id='word_1_548' title='bbox 1682 4937 1732 4980; x_wconf 91' lang='lat' dir='ltr'><strong>ex-</strong></span> 
     </span>
     <span class='ocr_line' id='line_1_46' title="bbox 180 5013 1731 5098; baseline 0.003 -22"><span class='ocrx_word' id='word_1_549' title='bbox 180 5015 215 5076; x_wconf 94' lang='lat' dir='ltr'><strong>in</strong></span> <span class='ocrx_word' id='word_1_550' title='bbox 249 5013 403 5090; x_wconf 89' lang='lat' dir='ltr'><strong>vestibus,</strong></span> <span class='ocrx_word' id='word_1_551' title='bbox 431 5013 590 5077; x_wconf 89' lang='lat' dir='ltr'><strong>faciehant</strong></span> <span class='ocrx_word' id='word_1_552' title='bbox 613 5034 685 5077; x_wconf 90' lang='lat' dir='ltr'><strong>oum</strong></span> <span class='ocrx_word' id='word_1_553' title='bbox 711 5015 931 5080; x_wconf 88' lang='lat' dir='ltr'><strong>observatione</strong></span> <span class='ocrx_word' id='word_1_554' title='bbox 986 5015 1142 5097; x_wconf 90' lang='lat' dir='ltr'><strong>positores</strong></span> <span class='ocrx_word' id='word_1_555' title='bbox 1166 5015 1325 5093; x_wconf 86' lang='lat' dir='ltr'><strong>catholici,</strong></span> <span class='ocrx_word' id='word_1_556' title='bbox 1353 5016 1437 5095; x_wconf 94' lang='lat' dir='ltr'><strong>quod</strong></span> <span class='ocrx_word' id='word_1_557' title='bbox 1462 5024 1606 5098; x_wconf 86' lang='lat' dir='ltr'><strong>pateret</strong></span> <span class='ocrx_word' id='word_1_558' title='bbox 1631 5025 1731 5080; x_wconf 89' lang='lat' dir='ltr'><strong>mater</strong></span> 
     </span>
     <span class='ocr_line' id='line_1_47' title="bbox 179 5112 1729 5196; baseline 0.002 -21"><span class='ocrx_word' id='word_1_559' title='bbox 179 5112 422 5192; x_wconf 88' lang='lat' dir='ltr'><strong>conjunctionis</strong></span> <span class='ocrx_word' id='word_1_560' title='bbox 447 5112 621 5176; x_wconf 91' lang='lat' dir='ltr'><strong>stellarum.</strong></span> <span class='ocrx_word' id='word_1_561' title='bbox 645 5114 716 5176; x_wconf 82' lang='lat' dir='ltr'><strong>Haec</strong></span> <span class='ocrx_word' id='word_1_562' title='bbox 730 5113 929 5177; x_wconf 87' lang='lat' dir='ltr'><strong>Guillelmus.</strong></span> <span class='ocrx_word' id='word_1_563' title='bbox 986 5133 1110 5196; x_wconf 80' lang='lat' dir='ltr'><strong>sponsae</strong></span> <span class='ocrx_word' id='word_1_564' title='bbox 1126 5115 1330 5177; x_wconf 90' lang='lat' dir='ltr'><strong>reservabant</strong></span> <span class='ocrx_word' id='word_1_565' title='bbox 1341 5114 1485 5191; x_wconf 92' lang='lat' dir='ltr'><strong>linteum,</strong></span> <span class='ocrx_word' id='word_1_566' title='bbox 1495 5114 1530 5176; x_wconf 92' lang='lat' dir='ltr'><strong>in</strong></span> <span class='ocrx_word' id='word_1_567' title='bbox 1540 5132 1603 5196; x_wconf 89' lang='lat' dir='ltr'><strong>quo</strong></span> <span class='ocrx_word' id='word_1_568' title='bbox 1619 5134 1729 5180; x_wconf 90' lang='lat' dir='ltr'><strong>eorum</strong></span> 
     </span>
     <span class='ocr_line' id='line_1_48' title="bbox 178 5210 1724 5294; baseline 0.001 -20"><span class='ocrx_word' id='word_1_569' title='bbox 178 5212 280 5274; x_wconf 92' lang='lat' dir='ltr'><strong>Porro</strong></span> <span class='ocrx_word' id='word_1_570' title='bbox 294 5210 450 5293; x_wconf 88' lang='lat' dir='ltr'><strong>Iosephus</strong></span> <span class='ocrx_word' id='word_1_571' title='bbox 471 5211 527 5288; x_wconf 88' lang='lat' dir='ltr'><strong>ait,</strong></span> <span class='ocrx_word' id='word_1_572' title='bbox 544 5211 639 5274; x_wconf 90' lang='lat' dir='ltr'><strong>talem</strong></span> <span class='ocrx_word' id='word_1_573' title='bbox 660 5212 808 5274; x_wconf 92' lang='lat' dir='ltr'><strong>vestitum</strong></span> <span class='ocrx_word' id='word_1_574' title='bbox 833 5213 931 5278; x_wconf 90' lang='lat' dir='ltr'><strong>fuisse</strong></span> <span class='ocrx_word' id='word_1_575' title='bbox 987 5212 1055 5274; x_wconf 90' lang='lat' dir='ltr'><strong>filia</strong></span> <span class='ocrx_word' id='word_1_576' title='bbox 1069 5232 1088 5274; x_wconf 86' lang='lat' dir='ltr'><strong>a</strong></span> <span class='ocrx_word' id='word_1_577' title='bbox 1104 5230 1161 5274; x_wconf 93' lang='lat' dir='ltr'><strong>suo</strong></span> <span class='ocrx_word' id='word_1_578' title='bbox 1176 5211 1245 5274; x_wconf 87' lang='lat' dir='ltr'><strong>viro</strong></span> <span class='ocrx_word' id='word_1_579' title='bbox 1263 5210 1605 5288; x_wconf 82' lang='lat' dir='ltr'><strong>fueratdefloratasub</strong></span> <span class='ocrx_word' id='word_1_580' title='bbox 1618 5213 1724 5294; x_wconf 91' lang='lat' dir='ltr'><strong>sigillo</strong></span> 
     </span>
     <span class='ocr_line' id='line_1_49' title="bbox 180 5308 1728 5401; baseline 0.004 -31"><span class='ocrx_word' id='word_1_581' title='bbox 180 5308 383 5392; x_wconf 89' lang='lat' dir='ltr'><strong>prohibitum</strong></span> <span class='ocrx_word' id='word_1_582' title='bbox 399 5317 529 5392; x_wconf 88' lang='lat' dir='ltr'><strong>proptor</strong></span> <span class='ocrx_word' id='word_1_583' title='bbox 545 5309 713 5374; x_wconf 91' lang='lat' dir='ltr'><strong>sacordotii</strong></span> <span class='ocrx_word' id='word_1_584' title='bbox 729 5310 927 5389; x_wconf 85' lang='lat' dir='ltr'><strong>dignitatem,</strong></span> <span class='ocrx_word' id='word_1_585' title='bbox 984 5310 1217 5387; x_wconf 78' lang='lat' dir='ltr'><strong>authenticqut</strong></span> <span class='ocrx_word' id='word_1_586' title='bbox 1232 5329 1289 5392; x_wconf 90' lang='lat' dir='ltr'><strong>por</strong></span> <span class='ocrx_word' id='word_1_587' title='bbox 1299 5311 1359 5374; x_wconf 93' lang='lat' dir='ltr'><strong>boc</strong></span> <span class='ocrx_word' id='word_1_588' title='bbox 1370 5311 1588 5401; x_wconf 82' lang='lat' dir='ltr'><strong>ostenderetur</strong></span> <span class='ocrx_word' id='word_1_589' title='bbox 1598 5312 1728 5393; x_wconf 88' lang='lat' dir='ltr'><strong>signum</strong></span> 
     </span>
    </p>
   </div>
   <div class='ocr_carea' id='block_1_5' title="bbox 0 0 2160 6259">
    <p class='ocr_par' dir='ltr' id='par_1_8' title="bbox 0 0 2160 6259">
     <span class='ocr_line' id='line_1_50' title="bbox 0 0 2160 6259; baseline 0 0"><span class='ocrx_word' id='word_1_590' title='bbox 0 0 2160 6259; x_wconf 95' lang='lat' dir='ltr'><strong> </strong></span> 
     </span>
    </p>
   </div>
  </div>
 </body>
</html>
