<?xml version="1.0" encoding="UTF-8"?>
<!DOCTYPE html PUBLIC "-//W3C//DTD XHTML 1.0 Transitional//EN"
    "http://www.w3.org/TR/xhtml1/DTD/xhtml1-transitional.dtd">
<html xmlns="http://www.w3.org/1999/xhtml" xml:lang="en" lang="en">
 <head>
  <title>
</title>
<meta http-equiv="Content-Type" content="text/html;charset=utf-8" />
  <meta name='ocr-system' content='tesseract 3.04.00' />
  <meta name='ocr-capabilities' content='ocr_page ocr_carea ocr_par ocr_line ocrx_word'/>
</head>
<body>
  <div class='ocr_page' id='page_1' title='image "./doctorisecstati00unkngoog_0013.png"; bbox 0 0 4309 6259; ppageno 0'>
   <div class='ocr_carea' id='block_1_1' title="bbox 507 806 1494 1286">
    <p class='ocr_par' dir='ltr' id='par_1_1' title="bbox 507 806 1494 1286">
     <span class='ocr_line' id='line_1_1' title="bbox 587 806 1215 935; baseline 0.002 -2"><span class='ocrx_word' id='word_1_1' title='bbox 587 926 592 933; x_wconf 83' lang='grc'><strong>,</strong></span> <span class='ocrx_word' id='word_1_2' title='bbox 683 806 1215 935; x_wconf 72' lang='lat' dir='ltr'>unianimo</span> 
     </span>
     <span class='ocr_line' id='line_1_2' title="bbox 507 1113 1494 1286; baseline 0.007 -7"><span class='ocrx_word' id='word_1_3' title='bbox 507 1113 662 1281; x_wconf 90' lang='lat' dir='ltr'>IN</span> <span class='ocrx_word' id='word_1_4' title='bbox 763 1116 1393 1286; x_wconf 85' lang='lat' dir='ltr'>EXODUM</span> <span class='ocrx_word' id='word_1_5' title='bbox 1489 1223 1494 1231; x_wconf 32' lang='grc' dir='ltr'><em>ι</em></span> 
     </span>
    </p>
   </div>
   <div class='ocr_carea' id='block_1_2' title="bbox 414 1458 1490 1562">
    <p class='ocr_par' dir='ltr' id='par_1_2' title="bbox 414 1458 1490 1562">
     <span class='ocr_line' id='line_1_3' title="bbox 414 1458 1490 1562; baseline 0.007 -8"><span class='ocrx_word' id='word_1_6' title='bbox 414 1458 794 1562; x_wconf 85' lang='lat' dir='ltr'><strong>HEBRAICE</strong></span> <span class='ocrx_word' id='word_1_7' title='bbox 848 1466 1138 1561; x_wconf 88' lang='lat' dir='ltr'><strong>VEELLE</strong></span> <span class='ocrx_word' id='word_1_8' title='bbox 1199 1466 1490 1562; x_wconf 83' lang='lat' dir='ltr'>SEMOTH</span> 
     </span>
    </p>
   </div>
   <div class='ocr_carea' id='block_1_3' title="bbox 712 2084 1187 2171">
    <p class='ocr_par' dir='ltr' id='par_1_3' title="bbox 712 2084 1187 2171">
     <span class='ocr_line' id='line_1_4' title="bbox 712 2084 1187 2171; baseline 0 -1"><span class='ocrx_word' id='word_1_9' title='bbox 712 2084 1069 2171; x_wconf 79' lang='lat' dir='ltr'>ARTICULUS</span> <span class='ocrx_word' id='word_1_10' title='bbox 1115 2086 1187 2170; x_wconf 88' lang='lat' dir='ltr'>llL</span> 
     </span>
    </p>
   </div>
   <div class='ocr_carea' id='block_1_4' title="bbox 247 2358 1643 2413">
    <p class='ocr_par' dir='ltr' id='par_1_4' title="bbox 247 2358 1643 2413">
     <span class='ocr_line' id='line_1_5' title="bbox 247 2358 1643 2413; baseline 0.001 -2"><span class='ocrx_word' id='word_1_11' title='bbox 247 2364 406 2411; x_wconf 75' lang='lat' dir='ltr'>uxrosmo</span> <span class='ocrx_word' id='word_1_12' title='bbox 432 2362 571 2409; x_wconf 78' lang='lat' dir='ltr'>cartwtt</span> <span class='ocrx_word' id='word_1_13' title='bbox 597 2360 728 2407; x_wconf 72' lang='lat' dir='ltr'>vtctstttt</span> <span class='ocrx_word' id='word_1_14' title='bbox 749 2360 756 2404; x_wconf 89' lang='lat'>:</span> <span class='ocrx_word' id='word_1_15' title='bbox 781 2358 970 2413; x_wconf 75' lang='lat' dir='ltr'>coebrbsotts</span> <span class='ocrx_word' id='word_1_16' title='bbox 996 2360 1050 2404; x_wconf 79' lang='lat' dir='ltr'>EST</span> <span class='ocrx_word' id='word_1_17' title='bbox 1076 2360 1208 2407; x_wconf 74' lang='lat' dir='ltr'>botttntts</span> <span class='ocrx_word' id='word_1_18' title='bbox 1233 2362 1364 2410; x_wconf 79' lang='lat' dir='ltr'>CUNGTDS</span> <span class='ocrx_word' id='word_1_19' title='bbox 1390 2365 1547 2411; x_wconf 73' lang='lat' dir='ltr'>stationes</span> <span class='ocrx_word' id='word_1_20' title='bbox 1575 2367 1643 2413; x_wconf 78' lang='lat' dir='ltr'>nos.</span> 
     </span>
    </p>
   </div>
   <div class='ocr_carea' id='block_1_5' title="bbox 174 2633 1726 3021">
    <p class='ocr_par' dir='ltr' id='par_1_5' title="bbox 174 2633 1726 3021">
     <span class='ocr_line' id='line_1_6' title="bbox 221 2633 1724 2724; baseline 0.004 -19"><span class='ocrx_word' id='word_1_21' title='bbox 221 2641 278 2705; x_wconf 82' lang='lat' dir='ltr'>hill</span> <span class='ocrx_word' id='word_1_22' title='bbox 297 2640 385 2705; x_wconf 88' lang='lat' dir='ltr'>datio</span> <span class='ocrx_word' id='word_1_23' title='bbox 404 2640 487 2723; x_wconf 83' lang='lat' dir='ltr'>legis</span> <span class='ocrx_word' id='word_1_24' title='bbox 502 2638 705 2703; x_wconf 79' lang='lat' dir='ltr'>describitur.</span> <span class='ocrx_word' id='word_1_25' title='bbox 724 2641 925 2717; x_wconf 82' lang='lat' dir='ltr'>Locutnsquc</span> <span class='ocrx_word' id='word_1_26' title='bbox 940 2633 965 2697; x_wconf 86' lang='grc' dir='ltr'><strong>Α</strong></span> <span class='ocrx_word' id='word_1_27' title='bbox 980 2656 1053 2701; x_wconf 90' lang='lat' dir='ltr'>men</span> <span class='ocrx_word' id='word_1_28' title='bbox 1072 2637 1149 2701; x_wconf 92' lang='lat' dir='ltr'>hinc</span> <span class='ocrx_word' id='word_1_29' title='bbox 1170 2640 1325 2721; x_wconf 88' lang='lat' dir='ltr'>sequitur,</span> <span class='ocrx_word' id='word_1_30' title='bbox 1343 2644 1428 2724; x_wconf 92' lang='lat' dir='ltr'>quod</span> <span class='ocrx_word' id='word_1_31' title='bbox 1448 2643 1482 2706; x_wconf 95' lang='lat' dir='ltr'>in</span> <span class='ocrx_word' id='word_1_32' title='bbox 1502 2644 1563 2709; x_wconf 92' lang='lat' dir='ltr'>hoc</span> <span class='ocrx_word' id='word_1_33' title='bbox 1580 2646 1724 2711; x_wconf 83' lang='lat' dir='ltr'>deviare</span> 
     </span>
     <span class='ocr_line' id='line_1_7' title="bbox 229 2736 1726 2821; baseline 0.003 -18"><span class='ocrx_word' id='word_1_34' title='bbox 229 2752 277 2803; x_wconf 77' lang='lat' dir='ltr'>est</span> <span class='ocrx_word' id='word_1_35' title='bbox 296 2743 458 2803; x_wconf 82' lang='lat' dir='ltr'><strong><em>Dominus</em></strong></span> <span class='ocrx_word' id='word_1_36' title='bbox 477 2750 607 2801; x_wconf 80' lang='lat' dir='ltr'>cunctos</span> <span class='ocrx_word' id='word_1_37' title='bbox 625 2738 869 2799; x_wconf 78' lang='lat' dir='ltr'>sermoneslzos.</span> <span class='ocrx_word' id='word_1_38' title='bbox 891 2736 925 2797; x_wconf 91' lang='lat' dir='ltr'>lu</span> <span class='ocrx_word' id='word_1_39' title='bbox 979 2737 1227 2801; x_wconf 91' lang='lat' dir='ltr'>runtaratione.</span> <span class='ocrx_word' id='word_1_40' title='bbox 1236 2738 1430 2821; x_wconf 86' lang='lat' dir='ltr'>Frequenter</span> <span class='ocrx_word' id='word_1_41' title='bbox 1440 2743 1527 2806; x_wconf 93' lang='lat' dir='ltr'>enim</span> <span class='ocrx_word' id='word_1_42' title='bbox 1543 2743 1627 2808; x_wconf 91' lang='lat' dir='ltr'>circa</span> <span class='ocrx_word' id='word_1_43' title='bbox 1641 2765 1726 2809; x_wconf 90' lang='lat' dir='ltr'>eam·</span> 
     </span>
     <span class='ocr_line' id='line_1_8' title="bbox 174 2835 1724 2925; baseline 0.002 -23"><span class='ocrx_word' id='word_1_44' title='bbox 174 2841 243 2905; x_wconf 89' lang='lat' dir='ltr'>line</span> <span class='ocrx_word' id='word_1_45' title='bbox 274 2838 485 2923; x_wconf 79' lang='lat' dir='ltr'>praecedentis</span> <span class='ocrx_word' id='word_1_46' title='bbox 515 2836 647 2921; x_wconf 89' lang='lat' dir='ltr'>capituli</span> <span class='ocrx_word' id='word_1_47' title='bbox 678 2836 833 2919; x_wconf 87' lang='lat' dir='ltr'>scriptum</span> <span class='ocrx_word' id='word_1_48' title='bbox 864 2842 923 2911; x_wconf 88' lang='lat' dir='ltr'>est,</span> <span class='ocrx_word' id='word_1_49' title='bbox 979 2836 1051 2898; x_wconf 96' lang='lat' dir='ltr'>dem</span> <span class='ocrx_word' id='word_1_50' title='bbox 1067 2835 1234 2899; x_wconf 79' lang='lat' dir='ltr'><strong>materiam</strong></span> <span class='ocrx_word' id='word_1_51' title='bbox 1250 2838 1385 2902; x_wconf 83' lang='lat' dir='ltr'>diversae</span> <span class='ocrx_word' id='word_1_52' title='bbox 1404 2841 1572 2923; x_wconf 86' lang='lat' dir='ltr'><strong>opiniones</strong></span> <span class='ocrx_word' id='word_1_53' title='bbox 1590 2852 1724 2925; x_wconf 85' lang='lat' dir='ltr'><strong>possunt</strong></span> 
     </span>
     <span class='ocr_line' id='line_1_9' title="bbox 174 2932 1726 3021; baseline 0.001 -19"><span class='ocrx_word' id='word_1_54' title='bbox 174 2940 315 3021; x_wconf 87' lang='lat' dir='ltr'>qualiter</span> <span class='ocrx_word' id='word_1_55' title='bbox 331 2938 452 3019; x_wconf 76' lang='lat' dir='ltr'>lloyses</span> <span class='ocrx_word' id='word_1_56' title='bbox 467 2938 507 2999; x_wconf 94' lang='lat' dir='ltr'>de</span> <span class='ocrx_word' id='word_1_57' title='bbox 522 2935 714 3000; x_wconf 75' lang='lat' dir='ltr'>celsitudine</span> <span class='ocrx_word' id='word_1_58' title='bbox 734 2934 852 2997; x_wconf 91' lang='lat' dir='ltr'>montis</span> <span class='ocrx_word' id='word_1_59' title='bbox 873 2934 926 2996; x_wconf 88' lang='lat' dir='ltr'>de-</span> <span class='ocrx_word' id='word_1_60' title='bbox 979 2932 1189 3016; x_wconf 79' lang='lat' dir='ltr'>probabiliter</span> <span class='ocrx_word' id='word_1_61' title='bbox 1203 2936 1316 3014; x_wconf 85' lang='lat' dir='ltr'>teneri,</span> <span class='ocrx_word' id='word_1_62' title='bbox 1325 2938 1447 3019; x_wconf 87' lang='lat' dir='ltr'>absque</span> <span class='ocrx_word' id='word_1_63' title='bbox 1461 2957 1569 3003; x_wconf 91' lang='lat' dir='ltr'>errore</span> <span class='ocrx_word' id='word_1_64' title='bbox 1578 2949 1610 3004; x_wconf 88' lang='lat' dir='ltr'>et</span> <span class='ocrx_word' id='word_1_65' title='bbox 1620 2943 1726 3006; x_wconf 88' lang='lat' dir='ltr'>devia-</span> 
     </span>
    </p>
   </div>
   <div class='ocr_carea' id='block_1_6' title="bbox 46 3032 1725 3221">
    <p class='ocr_par' dir='ltr' id='par_1_6' title="bbox 46 3032 1725 3221">
     <span class='ocr_line' id='line_1_10' title="bbox 59 3032 1725 3117; baseline 0.004 -23"><span class='ocrx_word' id='word_1_66' title='bbox 59 3052 68 3094; x_wconf 80' lang='lat'><em>:</em></span> <span class='ocrx_word' id='word_1_67' title='bbox 107 3068 160 3109; x_wconf 61' lang='lat' dir='ltr'>ur,</span> <span class='ocrx_word' id='word_1_68' title='bbox 175 3040 346 3115; x_wconf 87' lang='lat' dir='ltr'>scendens,</span> <span class='ocrx_word' id='word_1_69' title='bbox 359 3034 505 3101; x_wconf 86' lang='lat' dir='ltr'>recitavit</span> <span class='ocrx_word' id='word_1_70' title='bbox 520 3034 639 3117; x_wconf 93' lang='lat' dir='ltr'>populo</span> <span class='ocrx_word' id='word_1_71' title='bbox 655 3052 692 3099; x_wconf 88' lang='lat' dir='ltr'>ea</span> <span class='ocrx_word' id='word_1_72' title='bbox 707 3053 778 3115; x_wconf 83' lang='lat' dir='ltr'>quae</span> <span class='ocrx_word' id='word_1_73' title='bbox 794 3032 839 3095; x_wconf 94' lang='lat' dir='ltr'>ihi</span> <span class='ocrx_word' id='word_1_74' title='bbox 851 3039 925 3094; x_wconf 94' lang='lat' dir='ltr'>sunt</span> <span class='ocrx_word' id='word_1_75' title='bbox 981 3032 1066 3095; x_wconf 89' lang='lat' dir='ltr'>tione</span> <span class='ocrx_word' id='word_1_76' title='bbox 1081 3052 1100 3095; x_wconf 93' lang='lat' dir='ltr'>a</span> <span class='ocrx_word' id='word_1_77' title='bbox 1119 3033 1254 3111; x_wconf 92' lang='lat' dir='ltr'>ratione,</span> <span class='ocrx_word' id='word_1_78' title='bbox 1271 3037 1400 3116; x_wconf 90' lang='lat' dir='ltr'>quando</span> <span class='ocrx_word' id='word_1_79' title='bbox 1421 3055 1485 3100; x_wconf 92' lang='lat' dir='ltr'>non</span> <span class='ocrx_word' id='word_1_80' title='bbox 1507 3038 1725 3102; x_wconf 81' lang='lat' dir='ltr'>defenduntur</span> 
     </span>
     <span class='ocr_line' id='line_1_11' title="bbox 46 3121 1723 3221; baseline -0.001 -20"><span class='ocrx_word' id='word_1_81' title='bbox 46 3121 71 3157; x_wconf 66' lang='lat'>⁴·</span> <span class='ocrx_word' id='word_1_82' title='bbox 174 3138 307 3221; x_wconf 87' lang='lat' dir='ltr'>scripta.</span> <span class='ocrx_word' id='word_1_83' title='bbox 330 3136 435 3217; x_wconf 83' lang='lat' dir='ltr'>Moyse</span> <span class='ocrx_word' id='word_1_84' title='bbox 459 3134 567 3215; x_wconf 89' lang='lat' dir='ltr'>itaque</span> <span class='ocrx_word' id='word_1_85' title='bbox 591 3132 728 3196; x_wconf 88' lang='lat' dir='ltr'>inierius</span> <span class='ocrx_word' id='word_1_86' title='bbox 753 3132 925 3196; x_wconf 83' lang='lat' dir='ltr'>exsistente</span> <span class='ocrx_word' id='word_1_87' title='bbox 977 3149 1050 3192; x_wconf 90' lang='lat' dir='ltr'>cum</span> <span class='ocrx_word' id='word_1_88' title='bbox 1076 3129 1204 3195; x_wconf 86' lang='lat' dir='ltr'>incauta</span> <span class='ocrx_word' id='word_1_89' title='bbox 1228 3141 1260 3195; x_wconf 92' lang='lat' dir='ltr'>et</span> <span class='ocrx_word' id='word_1_90' title='bbox 1285 3136 1451 3198; x_wconf 90' lang='lat' dir='ltr'>temeraria</span> <span class='ocrx_word' id='word_1_91' title='bbox 1476 3138 1663 3214; x_wconf 83' lang='lat' dir='ltr'>assertione,</span> <span class='ocrx_word' id='word_1_92' title='bbox 1688 3147 1723 3200; x_wconf 94' lang='lat' dir='ltr'>ut</span> 
     </span>
    </p>
   </div>
   <div class='ocr_carea' id='block_1_7' title="bbox 117 3230 1726 5402">
    <p class='ocr_par' dir='ltr' id='par_1_7' title="bbox 169 3230 1725 3511">
     <span class='ocr_line' id='line_1_12' title="bbox 172 3230 1725 3319; baseline -0.001 -19"><span class='ocrx_word' id='word_1_93' title='bbox 172 3256 246 3300; x_wconf 93' lang='lat' dir='ltr'>cum</span> <span class='ocrx_word' id='word_1_94' title='bbox 273 3234 405 3319; x_wconf 87' lang='lat' dir='ltr'>populo,</span> <span class='ocrx_word' id='word_1_95' title='bbox 432 3234 557 3297; x_wconf 88' lang='lat' dir='ltr'>locutus</span> <span class='ocrx_word' id='word_1_96' title='bbox 581 3240 630 3295; x_wconf 92' lang='lat' dir='ltr'>est</span> <span class='ocrx_word' id='word_1_97' title='bbox 649 3230 802 3296; x_wconf 88' lang='lat' dir='ltr'>Dominus</span> <span class='ocrx_word' id='word_1_98' title='bbox 827 3230 924 3295; x_wconf 84' lang='lat' dir='ltr'>rerba</span> <span class='ocrx_word' id='word_1_99' title='bbox 977 3230 1082 3310; x_wconf 87' lang='lat' dir='ltr'>patuit</span> <span class='ocrx_word' id='word_1_100' title='bbox 1101 3230 1229 3312; x_wconf 92' lang='lat' dir='ltr'>plenius</span> <span class='ocrx_word' id='word_1_101' title='bbox 1250 3230 1283 3293; x_wconf 94' lang='lat' dir='ltr'>in</span> <span class='ocrx_word' id='word_1_102' title='bbox 1303 3234 1502 3315; x_wconf 86' lang='lat' dir='ltr'>expositione</span> <span class='ocrx_word' id='word_1_103' title='bbox 1523 3237 1644 3299; x_wconf 83' lang='lat' dir='ltr'>exordii</span> <span class='ocrx_word' id='word_1_104' title='bbox 1668 3236 1725 3299; x_wconf 90' lang='lat' dir='ltr'>Ge·</span> 
     </span>
     <span class='ocr_line' id='line_1_13' title="bbox 171 3328 1723 3417; baseline 0 -19"><span class='ocrx_word' id='word_1_105' title='bbox 171 3354 259 3398; x_wconf 90' lang='lat' dir='ltr'>nunc</span> <span class='ocrx_word' id='word_1_106' title='bbox 275 3332 476 3417; x_wconf 84' lang='lat' dir='ltr'>exponenda,</span> <span class='ocrx_word' id='word_1_107' title='bbox 495 3340 558 3393; x_wconf 94' lang='lat' dir='ltr'>tam</span> <span class='ocrx_word' id='word_1_108' title='bbox 573 3330 677 3413; x_wconf 82' lang='lat' dir='ltr'>Moyse</span> <span class='ocrx_word' id='word_1_109' title='bbox 691 3350 787 3411; x_wconf 93' lang='lat' dir='ltr'>quam</span> <span class='ocrx_word' id='word_1_110' title='bbox 804 3328 923 3411; x_wconf 94' lang='lat' dir='ltr'>populo</span> <span class='ocrx_word' id='word_1_111' title='bbox 978 3346 1101 3405; x_wconf 89' lang='lat' dir='ltr'>neseos,</span> <span class='ocrx_word' id='word_1_112' title='bbox 1117 3330 1204 3410; x_wconf 89' lang='lat' dir='ltr'>quod</span> <span class='ocrx_word' id='word_1_113' title='bbox 1224 3331 1326 3393; x_wconf 89' lang='lat' dir='ltr'>sancti</span> <span class='ocrx_word' id='word_1_114' title='bbox 1345 3332 1490 3396; x_wconf 88' lang='lat' dir='ltr'>doctores</span> <span class='ocrx_word' id='word_1_115' title='bbox 1510 3334 1723 3399; x_wconf 84' lang='lat' dir='ltr'>diversimode</span> 
     </span>
     <span class='ocr_line' id='line_1_14' title="bbox 169 3432 1202 3511; baseline -0.009 -13"><span class='ocrx_word' id='word_1_116' title='bbox 169 3434 336 3511; x_wconf 84' lang='lat' dir='ltr'>audiente,</span> <span class='ocrx_word' id='word_1_117' title='bbox 348 3433 459 3495; x_wconf 92' lang='lat' dir='ltr'>dicens</span> <span class='ocrx_word' id='word_1_118' title='bbox 477 3432 567 3509; x_wconf 75' lang='lat' dir='ltr'>:Epo</span> <span class='ocrx_word' id='word_1_119' title='bbox 581 3450 653 3491; x_wconf 82' lang='lat' dir='ltr'>sum</span> <span class='ocrx_word' id='word_1_120' title='bbox 668 3432 827 3491; x_wconf 78' lang='lat' dir='ltr'>Dominus</span> <span class='ocrx_word' id='word_1_121' title='bbox 838 3433 924 3489; x_wconf 81' lang='lat' dir='ltr'>Dens</span> <span class='ocrx_word' id='word_1_122' title='bbox 976 3436 1202 3509; x_wconf 86' lang='lat' dir='ltr'>exposuerunt.</span> 
     </span>
    </p>

    <p class='ocr_par' dir='ltr' id='par_1_8' title="bbox 117 3525 1726 5402">
     <span class='ocr_line' id='line_1_15' title="bbox 171 3525 1721 3613; baseline 0 -18"><span class='ocrx_word' id='word_1_123' title='bbox 171 3544 260 3605; x_wconf 68' lang='lat' dir='ltr'>trans,</span> <span class='ocrx_word' id='word_1_124' title='bbox 272 3534 333 3613; x_wconf 81' lang='lat' dir='ltr'>qui</span> <span class='ocrx_word' id='word_1_125' title='bbox 347 3533 450 3593; x_wconf 71' lang='lat' dir='ltr'>edasni</span> <span class='ocrx_word' id='word_1_126' title='bbox 465 3540 493 3591; x_wconf 83' lang='lat' dir='ltr'>te</span> <span class='ocrx_word' id='word_1_127' title='bbox 507 3532 546 3590; x_wconf 83' lang='lat' dir='ltr'>de</span> <span class='ocrx_word' id='word_1_128' title='bbox 563 3539 649 3589; x_wconf 83' lang='lat' dir='ltr'>terro</span> <span class='ocrx_word' id='word_1_129' title='bbox 662 3530 812 3605; x_wconf 73' lang='lat' dir='ltr'>AEpypti,</span> <span class='ocrx_word' id='word_1_130' title='bbox 823 3531 923 3589; x_wconf 83' lang='lat' dir='ltr'>dedo</span> <span class='ocrx_word' id='word_1_131' title='bbox 1015 3525 1136 3589; x_wconf 82' lang='lat' dir='ltr'>Deinde</span> <span class='ocrx_word' id='word_1_132' title='bbox 1150 3526 1250 3589; x_wconf 83' lang='lat' dir='ltr'>Rabbi</span> <span class='ocrx_word' id='word_1_133' title='bbox 1264 3528 1379 3590; x_wconf 88' lang='lat' dir='ltr'>Paulus</span> <span class='ocrx_word' id='word_1_134' title='bbox 1394 3531 1543 3612; x_wconf 83' lang='lat' dir='ltr'>reprobat</span> <span class='ocrx_word' id='word_1_135' title='bbox 1557 3531 1721 3613; x_wconf 81' lang='lat' dir='ltr'>praelatam</span> 
     </span>
     <span class='ocr_line' id='line_1_16' title="bbox 168 3622 1720 3708; baseline 0 -15"><span class='ocrx_word' id='word_1_136' title='bbox 168 3654 220 3693; x_wconf 76' lang='lat' dir='ltr'>sno</span> <span class='ocrx_word' id='word_1_137' title='bbox 234 3633 416 3693; x_wconf 78' lang='lat' dir='ltr'>servitutis.</span> <span class='ocrx_word' id='word_1_138' title='bbox 428 3628 701 3703; x_wconf 85' lang='lat' dir='ltr'>Quemadmodum</span> <span class='ocrx_word' id='word_1_139' title='bbox 720 3626 819 3690; x_wconf 83' lang='lat' dir='ltr'>refert</span> <span class='ocrx_word' id='word_1_140' title='bbox 829 3626 919 3708; x_wconf 88' lang='lat' dir='ltr'>Lyra,</span> <span class='ocrx_word' id='word_1_141' title='bbox 975 3622 1179 3687; x_wconf 80' lang='lat' dir='ltr'>Hebraeorum</span> <span class='ocrx_word' id='word_1_142' title='bbox 1193 3626 1390 3707; x_wconf 86' lang='lat' dir='ltr'>opinionem,</span> <span class='ocrx_word' id='word_1_143' title='bbox 1403 3628 1478 3708; x_wconf 92' lang='lat' dir='ltr'>quia</span> <span class='ocrx_word' id='word_1_144' title='bbox 1494 3628 1527 3690; x_wconf 92' lang='lat' dir='ltr'>in</span> <span class='ocrx_word' id='word_1_145' title='bbox 1543 3630 1650 3693; x_wconf 91' lang='lat' dir='ltr'>verbis</span> <span class='ocrx_word' id='word_1_146' title='bbox 1661 3631 1720 3708; x_wconf 90' lang='lat' dir='ltr'>his,</span> 
     </span>
     <span class='ocr_line' id='line_1_17' title="bbox 168 3722 1723 3811; baseline 0 -19"><span class='ocrx_word' id='word_1_147' title='bbox 168 3730 295 3794; x_wconf 79' lang='lat' dir='ltr'>Hebraei</span> <span class='ocrx_word' id='word_1_148' title='bbox 320 3728 443 3804; x_wconf 90' lang='lat' dir='ltr'>dicunt,</span> <span class='ocrx_word' id='word_1_149' title='bbox 470 3726 556 3808; x_wconf 89' lang='lat' dir='ltr'>quod</span> <span class='ocrx_word' id='word_1_150' title='bbox 581 3726 671 3809; x_wconf 55' lang='lat' dir='ltr'>,istud</span> <span class='ocrx_word' id='word_1_151' title='bbox 698 3725 740 3787; x_wconf 89' lang='lat' dir='ltr'>sit</span> <span class='ocrx_word' id='word_1_152' title='bbox 765 3744 865 3787; x_wconf 93' lang='lat' dir='ltr'>unum</span> <span class='ocrx_word' id='word_1_153' title='bbox 891 3733 922 3787; x_wconf 92' lang='lat' dir='ltr'>et</span> <span class='ocrx_word' id='word_1_154' title='bbox 976 3722 1040 3803; x_wconf 87' lang='lat' dir='ltr'>Ego</span> <span class='ocrx_word' id='word_1_155' title='bbox 1056 3742 1128 3785; x_wconf 92' lang='lat' dir='ltr'>sum</span> <span class='ocrx_word' id='word_1_156' title='bbox 1143 3724 1296 3787; x_wconf 92' lang='lat' dir='ltr'>Dominus</span> <span class='ocrx_word' id='word_1_157' title='bbox 1311 3724 1393 3787; x_wconf 90' lang='lat' dir='ltr'>Deus</span> <span class='ocrx_word' id='word_1_158' title='bbox 1409 3735 1493 3805; x_wconf 90' lang='lat' dir='ltr'>tuus,</span> <span class='ocrx_word' id='word_1_159' title='bbox 1512 3746 1575 3791; x_wconf 93' lang='lat' dir='ltr'>non</span> <span class='ocrx_word' id='word_1_160' title='bbox 1591 3731 1723 3811; x_wconf 93' lang='lat' dir='ltr'>ponitur</span> 
     </span>
     <span class='ocr_line' id='line_1_18' title="bbox 167 3821 1722 3911; baseline 0.001 -20"><span class='ocrx_word' id='word_1_161' title='bbox 167 3830 314 3911; x_wconf 89' lang='lat' dir='ltr'>primum</span> <span class='ocrx_word' id='word_1_162' title='bbox 345 3832 542 3910; x_wconf 70' lang='lat' dir='ltr'>preceptum</span> <span class='ocrx_word' id='word_1_163' title='bbox 567 3824 725 3905; x_wconf 84' lang='lat' dir='ltr'>Decalogi‚</span> <span class='ocrx_word' id='word_1_164' title='bbox 754 3842 811 3907; x_wconf 90' lang='lat' dir='ltr'>per</span> <span class='ocrx_word' id='word_1_165' title='bbox 836 3824 922 3905; x_wconf 93' lang='lat' dir='ltr'>quod</span> <span class='ocrx_word' id='word_1_166' title='bbox 939 3821 1107 3903; x_wconf 88' lang='lat' dir='ltr'>Baliquod</span> <span class='ocrx_word' id='word_1_167' title='bbox 1129 3822 1261 3886; x_wconf 87' lang='lat' dir='ltr'>verbum</span> <span class='ocrx_word' id='word_1_168' title='bbox 1286 3823 1511 3906; x_wconf 87' lang='lat' dir='ltr'>imperativum</span> <span class='ocrx_word' id='word_1_169' title='bbox 1532 3835 1588 3889; x_wconf 92' lang='lat' dir='ltr'>aut</span> <span class='ocrx_word' id='word_1_170' title='bbox 1609 3847 1722 3910; x_wconf 81' lang='lat' dir='ltr'>praece</span> 
     </span>
     <span class='ocr_line' id='line_1_19' title="bbox 167 3920 1724 4009; baseline 0.001 -20"><span class='ocrx_word' id='word_1_171' title='bbox 167 3926 369 3990; x_wconf 82' lang='lat' dir='ltr'>affirmative</span> <span class='ocrx_word' id='word_1_172' title='bbox 394 3924 540 4008; x_wconf 81' lang='lat' dir='ltr'>praecipit</span> <span class='ocrx_word' id='word_1_173' title='bbox 564 3924 656 4001; x_wconf 91' lang='lat' dir='ltr'>Deus,</span> <span class='ocrx_word' id='word_1_174' title='bbox 683 3932 718 3985; x_wconf 90' lang='lat' dir='ltr'>ut</span> <span class='ocrx_word' id='word_1_175' title='bbox 742 3924 811 4005; x_wconf 92' lang='lat' dir='ltr'>ipse</span> <span class='ocrx_word' id='word_1_176' title='bbox 836 3922 923 3986; x_wconf 89' lang='lat' dir='ltr'>solus</span> <span class='ocrx_word' id='word_1_177' title='bbox 977 3920 1185 4002; x_wconf 82' lang='lat' dir='ltr'>ptivum3sed</span> <span class='ocrx_word' id='word_1_178' title='bbox 1196 3930 1245 3985; x_wconf 89' lang='lat' dir='ltr'>est</span> <span class='ocrx_word' id='word_1_179' title='bbox 1258 3920 1303 3984; x_wconf 89' lang='lat' dir='ltr'>ibi</span> <span class='ocrx_word' id='word_1_180' title='bbox 1316 3922 1419 3986; x_wconf 92' lang='lat' dir='ltr'>solum</span> <span class='ocrx_word' id='word_1_181' title='bbox 1431 3924 1631 3989; x_wconf 90' lang='lat' dir='ltr'>denuntiatio</span> <span class='ocrx_word' id='word_1_182' title='bbox 1641 3948 1724 4009; x_wconf 68' lang='lat' dir='ltr'>quac</span> 
     </span>
     <span class='ocr_line' id='line_1_20' title="bbox 166 4020 1722 4110; baseline 0.001 -21"><span class='ocrx_word' id='word_1_183' title='bbox 166 4026 329 4089; x_wconf 86' lang='lat' dir='ltr'>habeatur</span> <span class='ocrx_word' id='word_1_184' title='bbox 343 4033 375 4088; x_wconf 90' lang='lat' dir='ltr'>et</span> <span class='ocrx_word' id='word_1_185' title='bbox 391 4024 514 4087; x_wconf 90' lang='lat' dir='ltr'>colatur</span> <span class='ocrx_word' id='word_1_186' title='bbox 529 4042 587 4105; x_wconf 92' lang='lat' dir='ltr'>pro</span> <span class='ocrx_word' id='word_1_187' title='bbox 603 4041 679 4086; x_wconf 84' lang='lat' dir='ltr'>vero</span> <span class='ocrx_word' id='word_1_188' title='bbox 695 4023 768 4097; x_wconf 93' lang='lat' dir='ltr'>Deo,</span> <span class='ocrx_word' id='word_1_189' title='bbox 786 4021 841 4103; x_wconf 89' lang='lat' dir='ltr'>qui</span> <span class='ocrx_word' id='word_1_190' title='bbox 858 4031 922 4084; x_wconf 86' lang='lat' dir='ltr'>tam</span> <span class='ocrx_word' id='word_1_191' title='bbox 976 4020 1132 4101; x_wconf 88' lang='lat' dir='ltr'>dam,qua</span> <span class='ocrx_word' id='word_1_192' title='bbox 1141 4021 1224 4083; x_wconf 91' lang='lat' dir='ltr'>Deus</span> <span class='ocrx_word' id='word_1_193' title='bbox 1238 4022 1407 4085; x_wconf 88' lang='lat' dir='ltr'>annuntiat</span> <span class='ocrx_word' id='word_1_194' title='bbox 1421 4024 1540 4106; x_wconf 93' lang='lat' dir='ltr'>populo</span> <span class='ocrx_word' id='word_1_195' title='bbox 1556 4028 1642 4106; x_wconf 92' lang='lat' dir='ltr'>quod</span> <span class='ocrx_word' id='word_1_196' title='bbox 1654 4026 1722 4110; x_wconf 90' lang='lat' dir='ltr'>ipse</span> 
     </span>
     <span class='ocr_line' id='line_1_21' title="bbox 166 4118 1722 4208; baseline 0 -19"><span class='ocrx_word' id='word_1_197' title='bbox 166 4133 320 4207; x_wconf 88' lang='lat' dir='ltr'>potenter</span> <span class='ocrx_word' id='word_1_198' title='bbox 350 4132 382 4187; x_wconf 89' lang='lat' dir='ltr'>et</span> <span class='ocrx_word' id='word_1_199' title='bbox 411 4121 602 4186; x_wconf 83' lang='lat' dir='ltr'>miraculose</span> <span class='ocrx_word' id='word_1_200' title='bbox 626 4120 736 4185; x_wconf 85' lang='lat' dir='ltr'>eduxit</span> <span class='ocrx_word' id='word_1_201' title='bbox 764 4121 858 4183; x_wconf 91' lang='lat' dir='ltr'>lsrael</span> <span class='ocrx_word' id='word_1_202' title='bbox 884 4122 935 4207; x_wconf 75' lang='lat' dir='ltr'>de¹</span> <span class='ocrx_word' id='word_1_203' title='bbox 977 4118 1032 4201; x_wconf 89' lang='lat' dir='ltr'>qui</span> <span class='ocrx_word' id='word_1_204' title='bbox 1052 4119 1206 4201; x_wconf 87' lang='lat' dir='ltr'>loquitur,</span> <span class='ocrx_word' id='word_1_205' title='bbox 1223 4120 1265 4181; x_wconf 93' lang='lat' dir='ltr'>sit</span> <span class='ocrx_word' id='word_1_206' title='bbox 1279 4120 1361 4185; x_wconf 90' lang='lat' dir='ltr'>Deus</span> <span class='ocrx_word' id='word_1_207' title='bbox 1380 4122 1435 4202; x_wconf 89' lang='lat' dir='ltr'>qui</span> <span class='ocrx_word' id='word_1_208' title='bbox 1455 4141 1508 4186; x_wconf 87' lang='lat' dir='ltr'>eos</span> <span class='ocrx_word' id='word_1_209' title='bbox 1529 4124 1569 4187; x_wconf 91' lang='lat' dir='ltr'>de</span> <span class='ocrx_word' id='word_1_210' title='bbox 1587 4125 1722 4208; x_wconf 79' lang='lat' dir='ltr'>AEgypto</span> 
     </span>
     <span class='ocr_line' id='line_1_22' title="bbox 166 4218 1722 4307; baseline 0 -20"><span class='ocrx_word' id='word_1_211' title='bbox 166 4222 474 4307; x_wconf 80' lang='lat' dir='ltr'>AEgypto.Quocirca</span> <span class='ocrx_word' id='word_1_212' title='bbox 484 4220 710 4283; x_wconf 85' lang='lat' dir='ltr'>RabblPaulus</span> <span class='ocrx_word' id='word_1_213' title='bbox 721 4220 924 4302; x_wconf 92' lang='lat' dir='ltr'>reprehendit</span> <span class='ocrx_word' id='word_1_214' title='bbox 977 4219 1096 4281; x_wconf 88' lang='lat' dir='ltr'>eduxit.</span> <span class='ocrx_word' id='word_1_215' title='bbox 1123 4218 1161 4280; x_wconf 87' lang='lat' dir='ltr'>Et</span> <span class='ocrx_word' id='word_1_216' title='bbox 1185 4219 1219 4281; x_wconf 92' lang='lat' dir='ltr'>in</span> <span class='ocrx_word' id='word_1_217' title='bbox 1245 4218 1305 4283; x_wconf 90' lang='lat' dir='ltr'>isto</span> <span class='ocrx_word' id='word_1_218' title='bbox 1327 4218 1426 4283; x_wconf 89' lang='lat' dir='ltr'>Rabbi</span> <span class='ocrx_word' id='word_1_219' title='bbox 1450 4221 1565 4285; x_wconf 89' lang='lat' dir='ltr'>Paulus</span> <span class='ocrx_word' id='word_1_220' title='bbox 1591 4224 1722 4288; x_wconf 90' lang='lat' dir='ltr'>catholi-</span> 
     </span>
     <span class='ocr_line' id='line_1_23' title="bbox 165 4317 1722 4404; baseline 0.001 -21"><span class='ocrx_word' id='word_1_221' title='bbox 165 4323 298 4404; x_wconf 80' lang='lat' dir='ltr'>Lyram,</span> <span class='ocrx_word' id='word_1_222' title='bbox 315 4339 354 4385; x_wconf 87' lang='lat' dir='ltr'>eo</span> <span class='ocrx_word' id='word_1_223' title='bbox 370 4320 455 4401; x_wconf 89' lang='lat' dir='ltr'>quod</span> <span class='ocrx_word' id='word_1_224' title='bbox 477 4317 666 4401; x_wconf 90' lang='lat' dir='ltr'>simpliciter</span> <span class='ocrx_word' id='word_1_225' title='bbox 687 4326 793 4381; x_wconf 90' lang='lat' dir='ltr'>narret</span> <span class='ocrx_word' id='word_1_226' title='bbox 811 4327 924 4400; x_wconf 88' lang='lat' dir='ltr'>praeta·</span> <span class='ocrx_word' id='word_1_227' title='bbox 977 4317 1137 4395; x_wconf 86' lang='lat' dir='ltr'>cosentit,</span> <span class='ocrx_word' id='word_1_228' title='bbox 1154 4318 1230 4399; x_wconf 92' lang='lat' dir='ltr'>quia</span> <span class='ocrx_word' id='word_1_229' title='bbox 1251 4325 1283 4381; x_wconf 92' lang='lat' dir='ltr'>et</span> <span class='ocrx_word' id='word_1_230' title='bbox 1302 4317 1412 4382; x_wconf 86' lang='lat' dir='ltr'>Glossa</span> <span class='ocrx_word' id='word_1_231' title='bbox 1431 4320 1499 4383; x_wconf 91' lang='lat' dir='ltr'>ait:</span> <span class='ocrx_word' id='word_1_232' title='bbox 1517 4320 1585 4384; x_wconf 92' lang='lat' dir='ltr'>Nou</span> <span class='ocrx_word' id='word_1_233' title='bbox 1608 4332 1657 4387; x_wconf 89' lang='lat' dir='ltr'>est</span> <span class='ocrx_word' id='word_1_234' title='bbox 1679 4324 1722 4386; x_wconf 93' lang='lat' dir='ltr'>is·</span> 
     </span>
     <span class='ocr_line' id='line_1_24' title="bbox 164 4398 1721 4502; baseline -0.001 -17"><span class='ocrx_word' id='word_1_235' title='bbox 164 4430 253 4485; x_wconf 89' lang='lat' dir='ltr'>ctam</span> <span class='ocrx_word' id='word_1_236' title='bbox 270 4419 477 4483; x_wconf 79' lang='lat' dir='ltr'>Hebraeorum</span> <span class='ocrx_word' id='word_1_237' title='bbox 492 4417 690 4499; x_wconf 91' lang='lat' dir='ltr'>opinionem,</span> <span class='ocrx_word' id='word_1_238' title='bbox 703 4416 794 4499; x_wconf 89' lang='lat' dir='ltr'>quasi</span> <span class='ocrx_word' id='word_1_239' title='bbox 809 4416 923 4499; x_wconf 90' lang='lat' dir='ltr'>proba·</span> <span class='ocrx_word' id='word_1_240' title='bbox 977 4416 1033 4477; x_wconf 91' lang='lat' dir='ltr'>tud</span> <span class='ocrx_word' id='word_1_241' title='bbox 1054 4416 1252 4492; x_wconf 90' lang='lat' dir='ltr'>mandatum,</span> <span class='ocrx_word' id='word_1_242' title='bbox 1269 4417 1325 4479; x_wconf 91' lang='lat' dir='ltr'>sed</span> <span class='ocrx_word' id='word_1_243' title='bbox 1346 4398 1541 4497; x_wconf 80' lang='lat' dir='ltr'>significatio</span> <span class='ocrx_word' id='word_1_244' title='bbox 1563 4422 1657 4502; x_wconf 85' lang='lat' dir='ltr'>cujus</span> <span class='ocrx_word' id='word_1_245' title='bbox 1679 4422 1721 4485; x_wconf 89' lang='lat' dir='ltr'>sit</span> 
     </span>
     <span class='ocr_line' id='line_1_25' title="bbox 165 4514 1722 4600; baseline 0.001 -19"><span class='ocrx_word' id='word_1_246' title='bbox 165 4519 282 4582; x_wconf 91' lang='lat' dir='ltr'>biliter</span> <span class='ocrx_word' id='word_1_247' title='bbox 297 4516 400 4600; x_wconf 89' lang='lat' dir='ltr'>possit</span> <span class='ocrx_word' id='word_1_248' title='bbox 416 4515 528 4592; x_wconf 89' lang='lat' dir='ltr'>teneri,</span> <span class='ocrx_word' id='word_1_249' title='bbox 538 4522 571 4578; x_wconf 90' lang='lat' dir='ltr'>et</span> <span class='ocrx_word' id='word_1_250' title='bbox 587 4533 651 4578; x_wconf 90' lang='lat' dir='ltr'>non</span> <span class='ocrx_word' id='word_1_251' title='bbox 667 4514 815 4596; x_wconf 90' lang='lat' dir='ltr'>reprobet</span> <span class='ocrx_word' id='word_1_252' title='bbox 830 4534 900 4579; x_wconf 88' lang='lat' dir='ltr'>eam</span> <span class='ocrx_word' id='word_1_253' title='bbox 913 4530 933 4579; x_wconf 76' lang='grc' dir='ltr'>ε’</span> <span class='ocrx_word' id='word_1_254' title='bbox 977 4515 1173 4577; x_wconf 88' lang='lat' dir='ltr'>mandatum.</span> <span class='ocrx_word' id='word_1_255' title='bbox 1194 4515 1259 4577; x_wconf 90' lang='lat' dir='ltr'>lloc</span> <span class='ocrx_word' id='word_1_256' title='bbox 1283 4514 1368 4578; x_wconf 90' lang='lat' dir='ltr'>idem</span> <span class='ocrx_word' id='word_1_257' title='bbox 1392 4515 1504 4580; x_wconf 89' lang='lat' dir='ltr'>asserit</span> <span class='ocrx_word' id='word_1_258' title='bbox 1525 4517 1722 4600; x_wconf 75' lang='lat' dir='ltr'>Augustinus</span> 
     </span>
     <span class='ocr_line' id='line_1_26' title="bbox 164 4596 1723 4701; baseline 0.001 -21"><span class='ocrx_word' id='word_1_259' title='bbox 164 4619 246 4700; x_wconf 88' lang='lat' dir='ltr'>quia</span> <span class='ocrx_word' id='word_1_260' title='bbox 260 4616 290 4679; x_wconf 89' lang='lat' dir='ltr'>si</span> <span class='ocrx_word' id='word_1_261' title='bbox 306 4623 416 4699; x_wconf 89' lang='lat' dir='ltr'>posset</span> <span class='ocrx_word' id='word_1_262' title='bbox 427 4612 540 4691; x_wconf 90' lang='lat' dir='ltr'>teneri,</span> <span class='ocrx_word' id='word_1_263' title='bbox 550 4620 737 4695; x_wconf 82' lang='lat' dir='ltr'>sequeretur</span> <span class='ocrx_word' id='word_1_264' title='bbox 748 4596 923 4677; x_wconf 87' lang='lat' dir='ltr'>secundum</span> <span class='ocrx_word' id='word_1_265' title='bbox 976 4621 1008 4676; x_wconf 93' lang='lat' dir='ltr'>et</span> <span class='ocrx_word' id='word_1_266' title='bbox 1029 4611 1085 4675; x_wconf 95' lang='lat' dir='ltr'>alii</span> <span class='ocrx_word' id='word_1_267' title='bbox 1102 4612 1297 4695; x_wconf 83' lang='lat' dir='ltr'>expositores</span> <span class='ocrx_word' id='word_1_268' title='bbox 1321 4614 1544 4679; x_wconf 88' lang='lat' dir='ltr'>communiter.</span> <span class='ocrx_word' id='word_1_269' title='bbox 1567 4617 1723 4701; x_wconf 91' lang='lat' dir='ltr'>Deinceps</span> 
     </span>
     <span class='ocr_line' id='line_1_27' title="bbox 165 4710 1721 4796; baseline 0 -16"><span class='ocrx_word' id='word_1_270' title='bbox 165 4716 274 4779; x_wconf 86' lang='lat' dir='ltr'>llabbi</span> <span class='ocrx_word' id='word_1_271' title='bbox 289 4714 435 4791; x_wconf 86' lang='lat' dir='ltr'>Paulum,</span> <span class='ocrx_word' id='word_1_272' title='bbox 456 4712 541 4793; x_wconf 90' lang='lat' dir='ltr'>quod</span> <span class='ocrx_word' id='word_1_273' title='bbox 557 4712 703 4775; x_wconf 88' lang='lat' dir='ltr'>doctores</span> <span class='ocrx_word' id='word_1_274' title='bbox 723 4710 871 4775; x_wconf 91' lang='lat' dir='ltr'>catholici</span> <span class='ocrx_word' id='word_1_275' title='bbox 888 4712 922 4775; x_wconf 93' lang='lat' dir='ltr'>in</span> <span class='ocrx_word' id='word_1_276' title='bbox 977 4710 1078 4773; x_wconf 86' lang='lat' dir='ltr'>Rabbi</span> <span class='ocrx_word' id='word_1_277' title='bbox 1099 4710 1213 4774; x_wconf 90' lang='lat' dir='ltr'>Paulus</span> <span class='ocrx_word' id='word_1_278' title='bbox 1239 4710 1341 4790; x_wconf 78' lang='lat' dir='ltr'>tangit</span> <span class='ocrx_word' id='word_1_279' title='bbox 1365 4713 1482 4776; x_wconf 88' lang='lat' dir='ltr'>motiva</span> <span class='ocrx_word' id='word_1_280' title='bbox 1506 4714 1721 4796; x_wconf 78' lang='lat' dir='ltr'>Hebraeorum,</span> 
     </span>
     <span class='ocr_line' id='line_1_28' title="bbox 164 4809 1722 4897; baseline 0 -18"><span class='ocrx_word' id='word_1_281' title='bbox 164 4814 418 4879; x_wconf 87' lang='lat' dir='ltr'>enumeratione</span> <span class='ocrx_word' id='word_1_282' title='bbox 435 4811 581 4892; x_wconf 85' lang='lat' dir='ltr'>Decalogi</span> <span class='ocrx_word' id='word_1_283' title='bbox 600 4809 783 4874; x_wconf 90' lang='lat' dir='ltr'>deviassent</span> <span class='ocrx_word' id='word_1_284' title='bbox 797 4830 816 4873; x_wconf 91' lang='lat' dir='ltr'>a</span> <span class='ocrx_word' id='word_1_285' title='bbox 832 4811 924 4875; x_wconf 82' lang='lat' dir='ltr'>ratio</span> <span class='ocrx_word' id='word_1_286' title='bbox 978 4809 1152 4889; x_wconf 91' lang='lat' dir='ltr'>dicentium</span> <span class='ocrx_word' id='word_1_287' title='bbox 1172 4809 1269 4874; x_wconf 92' lang='lat' dir='ltr'>verba</span> <span class='ocrx_word' id='word_1_288' title='bbox 1293 4811 1467 4891; x_wconf 74' lang='lat' dir='ltr'>prehabito</span> <span class='ocrx_word' id='word_1_289' title='bbox 1488 4832 1559 4877; x_wconf 89' lang='lat' dir='ltr'>esse</span> <span class='ocrx_word' id='word_1_290' title='bbox 1580 4816 1722 4897; x_wconf 90' lang='lat' dir='ltr'>primum</span> 
     </span>
     <span class='ocr_line' id='line_1_29' title="bbox 166 4907 1725 4992; baseline 0 -15"><span class='ocrx_word' id='word_1_291' title='bbox 166 4914 354 4978; x_wconf 68' lang='lat' dir='ltr'>neverum</span> <span class='ocrx_word' id='word_1_292' title='bbox 370 4912 438 4975; x_wconf 78' lang='lat' dir='ltr'>hnc</span> <span class='ocrx_word' id='word_1_293' title='bbox 451 4908 656 4992; x_wconf 87' lang='lat' dir='ltr'>reprehensio</span> <span class='ocrx_word' id='word_1_294' title='bbox 671 4917 720 4971; x_wconf 91' lang='lat' dir='ltr'>est</span> <span class='ocrx_word' id='word_1_295' title='bbox 735 4908 855 4991; x_wconf 91' lang='lat' dir='ltr'>inepta,</span> <span class='ocrx_word' id='word_1_296' title='bbox 865 4929 923 4973; x_wconf 89' lang='lat' dir='ltr'>nec</span> <span class='ocrx_word' id='word_1_297' title='bbox 978 4909 1174 4971; x_wconf 91' lang='lat' dir='ltr'>mandatum.</span> <span class='ocrx_word' id='word_1_298' title='bbox 1191 4907 1332 4972; x_wconf 92' lang='lat' dir='ltr'>Primum</span> <span class='ocrx_word' id='word_1_299' title='bbox 1347 4918 1406 4988; x_wconf 90' lang='lat' dir='ltr'>est,</span> <span class='ocrx_word' id='word_1_300' title='bbox 1423 4910 1500 4992; x_wconf 89' lang='lat' dir='ltr'>quia</span> <span class='ocrx_word' id='word_1_301' title='bbox 1518 4913 1558 4975; x_wconf 91' lang='lat' dir='ltr'>ad</span> <span class='ocrx_word' id='word_1_302' title='bbox 1578 4915 1725 4977; x_wconf 94' lang='lat' dir='ltr'>omnium</span> 
     </span>
     <span class='ocr_line' id='line_1_30' title="bbox 166 5006 1726 5093; baseline -0.001 -16"><span class='ocrx_word' id='word_1_303' title='bbox 166 5023 261 5077; x_wconf 88' lang='lat' dir='ltr'>tenet</span> <span class='ocrx_word' id='word_1_304' title='bbox 273 5009 507 5093; x_wconf 88' lang='lat' dir='ltr'>consequentia</span> <span class='ocrx_word' id='word_1_305' title='bbox 522 5008 597 5072; x_wconf 90' lang='lat' dir='ltr'>illa:</span> <span class='ocrx_word' id='word_1_306' title='bbox 615 5008 692 5089; x_wconf 88' lang='lat' dir='ltr'>quia</span> <span class='ocrx_word' id='word_1_307' title='bbox 706 5008 756 5087; x_wconf 93' lang='lat' dir='ltr'>(ut</span> <span class='ocrx_word' id='word_1_308' title='bbox 771 5007 856 5071; x_wconf 85' lang='lat' dir='ltr'>inira</span> <span class='ocrx_word' id='word_1_309' title='bbox 871 5026 923 5089; x_wconf 88' lang='lat' dir='ltr'>pa·</span> <span class='ocrx_word' id='word_1_310' title='bbox 938 5007 960 5072; x_wconf 86' lang='lat' dir='ltr'>C</span> <span class='ocrx_word' id='word_1_311' title='bbox 977 5006 1161 5071; x_wconf 89' lang='lat' dir='ltr'>divinorum</span> <span class='ocrx_word' id='word_1_312' title='bbox 1172 5006 1407 5070; x_wconf 86' lang='lat' dir='ltr'>observantiam</span> <span class='ocrx_word' id='word_1_313' title='bbox 1423 5018 1664 5092; x_wconf 72' lang='lat' dir='ltr'>preceptorum,</span> <span class='ocrx_word' id='word_1_314' title='bbox 1674 5032 1726 5076; x_wconf 83' lang='lat' dir='ltr'>ne</span> 
     </span>
     <span class='ocr_line' id='line_1_31' title="bbox 166 5106 1726 5192; baseline -0.001 -17"><span class='ocrx_word' id='word_1_315' title='bbox 166 5113 269 5192; x_wconf 91' lang='lat' dir='ltr'>tebit)</span> <span class='ocrx_word' id='word_1_316' title='bbox 291 5108 391 5173; x_wconf 88' lang='lat' dir='ltr'>etiam</span> <span class='ocrx_word' id='word_1_317' title='bbox 413 5108 514 5171; x_wconf 89' lang='lat' dir='ltr'>uostri</span> <span class='ocrx_word' id='word_1_318' title='bbox 536 5108 680 5171; x_wconf 90' lang='lat' dir='ltr'>doctores</span> <span class='ocrx_word' id='word_1_319' title='bbox 701 5106 734 5168; x_wconf 92' lang='lat' dir='ltr'>iu</span> <span class='ocrx_word' id='word_1_320' title='bbox 756 5108 850 5171; x_wconf 91' lang='lat' dir='ltr'>modo</span> <span class='ocrx_word' id='word_1_321' title='bbox 871 5126 926 5169; x_wconf 92' lang='lat' dir='ltr'>nu·</span> <span class='ocrx_word' id='word_1_322' title='bbox 979 5124 1067 5169; x_wconf 89' lang='lat' dir='ltr'>cesse</span> <span class='ocrx_word' id='word_1_323' title='bbox 1081 5114 1130 5168; x_wconf 91' lang='lat' dir='ltr'>est</span> <span class='ocrx_word' id='word_1_324' title='bbox 1145 5124 1391 5189; x_wconf 81' lang='lat' dir='ltr'>praesuppouere</span> <span class='ocrx_word' id='word_1_325' title='bbox 1401 5108 1486 5188; x_wconf 90' lang='lat' dir='ltr'>quod</span> <span class='ocrx_word' id='word_1_326' title='bbox 1497 5107 1553 5173; x_wconf 92' lang='lat' dir='ltr'>ille</span> <span class='ocrx_word' id='word_1_327' title='bbox 1563 5110 1620 5191; x_wconf 84' lang='lat' dir='ltr'>qui</span> <span class='ocrx_word' id='word_1_328' title='bbox 1629 5112 1726 5192; x_wconf 84' lang='lat' dir='ltr'>jussit</span> 
     </span>
     <span class='ocr_line' id='line_1_32' title="bbox 166 5205 1726 5291; baseline -0.003 -16"><span class='ocrx_word' id='word_1_329' title='bbox 166 5210 333 5287; x_wconf 88' lang='lat' dir='ltr'>morandi,</span> <span class='ocrx_word' id='word_1_330' title='bbox 350 5206 582 5287; x_wconf 78' lang='lat' dir='ltr'>distinguendi,</span> <span class='ocrx_word' id='word_1_331' title='bbox 599 5226 636 5269; x_wconf 88' lang='lat' dir='ltr'>ac</span> <span class='ocrx_word' id='word_1_332' title='bbox 655 5206 795 5269; x_wconf 90' lang='lat' dir='ltr'>situandi</span> <span class='ocrx_word' id='word_1_333' title='bbox 815 5206 924 5269; x_wconf 89' lang='lat' dir='ltr'>decem</span> <span class='ocrx_word' id='word_1_334' title='bbox 979 5224 1027 5282; x_wconf 89' lang='lat' dir='ltr'>ea,</span> <span class='ocrx_word' id='word_1_335' title='bbox 1044 5205 1086 5266; x_wconf 94' lang='lat' dir='ltr'>sit</span> <span class='ocrx_word' id='word_1_336' title='bbox 1107 5205 1188 5268; x_wconf 91' lang='lat' dir='ltr'>Deus</span> <span class='ocrx_word' id='word_1_337' title='bbox 1208 5205 1264 5286; x_wconf 84' lang='lat' dir='ltr'>qui</span> <span class='ocrx_word' id='word_1_338' title='bbox 1284 5205 1378 5269; x_wconf 86' lang='lat' dir='ltr'>lsrael</span> <span class='ocrx_word' id='word_1_339' title='bbox 1399 5207 1563 5269; x_wconf 87' lang='lat' dir='ltr'>transtulit</span> <span class='ocrx_word' id='word_1_340' title='bbox 1582 5227 1620 5272; x_wconf 83' lang='lat' dir='ltr'>ex</span> <span class='ocrx_word' id='word_1_341' title='bbox 1633 5208 1726 5291; x_wconf 79' lang='lat' dir='ltr'>AEgy·</span> 
     </span>
     <span class='ocr_line' id='line_1_33' title="bbox 117 5302 1722 5402; baseline -0.001 -31"><span class='ocrx_word' id='word_1_342' title='bbox 117 5376 125 5402; x_wconf 29' lang='lat' dir='ltr'><strong>t</strong></span> <span class='ocrx_word' id='word_1_343' title='bbox 165 5316 346 5395; x_wconf 79' lang='lat' dir='ltr'>praecepta,</span> <span class='ocrx_word' id='word_1_344' title='bbox 363 5305 462 5369; x_wconf 88' lang='lat' dir='ltr'>variis</span> <span class='ocrx_word' id='word_1_345' title='bbox 479 5304 583 5369; x_wconf 90' lang='lat' dir='ltr'>modis</span> <span class='ocrx_word' id='word_1_346' title='bbox 599 5312 786 5379; x_wconf 88' lang='lat' dir='ltr'>sanseruut;</span> <span class='ocrx_word' id='word_1_347' title='bbox 805 5324 863 5369; x_wconf 91' lang='lat' dir='ltr'>nec</span> <span class='ocrx_word' id='word_1_348' title='bbox 881 5312 926 5367; x_wconf 84' lang='lat' dir='ltr'>ta-</span> <span class='ocrx_word' id='word_1_349' title='bbox 979 5304 1214 5387; x_wconf 76' lang='lat' dir='ltr'>ptozquoniam</span> <span class='ocrx_word' id='word_1_350' title='bbox 1225 5302 1307 5367; x_wconf 84' lang='lat' dir='ltr'>fides</span> <span class='ocrx_word' id='word_1_351' title='bbox 1323 5324 1379 5369; x_wconf 90' lang='lat' dir='ltr'>seu</span> <span class='ocrx_word' id='word_1_352' title='bbox 1394 5306 1641 5389; x_wconf 84' lang='lat' dir='ltr'>praesuppositio</span> <span class='ocrx_word' id='word_1_353' title='bbox 1656 5307 1722 5385; x_wconf 91' lang='lat' dir='ltr'>illa,</span> 
     </span>
    </p>
   </div>
   <div class='ocr_carea' id='block_1_8' title="bbox 301 5439 1602 5497">
    <p class='ocr_par' dir='ltr' id='par_1_9' title="bbox 301 5439 1602 5497">
     <span class='ocr_line' id='line_1_34' title="bbox 301 5439 1602 5497; baseline -0.002 -3"><span class='ocrx_word' id='word_1_354' title='bbox 301 5440 335 5497; x_wconf 86' lang='grc' dir='ltr'>Τ.</span> <span class='ocrx_word' id='word_1_355' title='bbox 352 5440 377 5491; x_wconf 80' lang='lat'>2.</span> <span class='ocrx_word' id='word_1_356' title='bbox 1586 5439 1602 5491; x_wconf 89' lang='lat'>1</span> 
     </span>
    </p>
   </div>
   <div class='ocr_carea' id='block_1_9' title="bbox 0 0 2160 6259">
    <p class='ocr_par' dir='ltr' id='par_1_10' title="bbox 0 0 2160 6259">
     <span class='ocr_line' id='line_1_35' title="bbox 0 0 2160 6259; baseline 0 4"><span class='ocrx_word' id='word_1_357' title='bbox 0 0 2160 6259; x_wconf 95' lang='lat' dir='ltr'> </span> 
     </span>
    </p>
   </div>
  </div>
 </body>
</html>
