<?xml version="1.0" encoding="UTF-8"?>
<!DOCTYPE html PUBLIC "-//W3C//DTD XHTML 1.0 Transitional//EN"
    "http://www.w3.org/TR/xhtml1/DTD/xhtml1-transitional.dtd">
<html xmlns="http://www.w3.org/1999/xhtml" xml:lang="en" lang="en">
 <head>
  <title>
</title>
<meta http-equiv="Content-Type" content="text/html;charset=utf-8" />
  <meta name='ocr-system' content='tesseract 3.04.00' />
  <meta name='ocr-capabilities' content='ocr_page ocr_carea ocr_par ocr_line ocrx_word'/>
</head>
<body>
  <div class='ocr_page' id='page_1' title='image "./doctorisecstati00unkngoog_0734.png"; bbox 0 0 4309 6259; ppageno 0'>
   <div class='ocr_carea' id='block_1_1' title="bbox 423 493 1661 559">
    <p class='ocr_par' dir='ltr' id='par_1_1' title="bbox 423 493 1661 559">
     <span class='ocr_line' id='line_1_1' title="bbox 423 493 1661 559; baseline 0 -3"><span class='ocrx_word' id='word_1_1' title='bbox 423 493 482 556; x_wconf 81' lang='lat' dir='ltr'><strong>tto</strong></span> <span class='ocrx_word' id='word_1_2' title='bbox 728 511 902 557; x_wconf 77' lang='lat' dir='ltr'><strong>auannxrro</strong></span> <span class='ocrx_word' id='word_1_3' title='bbox 923 513 953 557; x_wconf 86' lang='lat' dir='ltr'><strong>m</strong></span> <span class='ocrx_word' id='word_1_4' title='bbox 976 513 1044 558; x_wconf 77' lang='lat' dir='ltr'><strong>cnr.</strong></span> <span class='ocrx_word' id='word_1_5' title='bbox 1067 511 1131 559; x_wconf 89' lang='lat' dir='ltr'><strong>xxx</strong></span> <span class='ocrx_word' id='word_1_6' title='bbox 1152 510 1386 558; x_wconf 82' lang='lat' dir='ltr'><strong>naoraaouoxu.</strong></span> <span class='ocrx_word' id='word_1_7' title='bbox 1408 531 1449 542; x_wconf 95' lang='lat'>—</span> <span class='ocrx_word' id='word_1_8' title='bbox 1469 511 1540 557; x_wconf 76' lang='lat' dir='ltr'><strong>aar.</strong></span> <span class='ocrx_word' id='word_1_9' title='bbox 1563 509 1661 557; x_wconf 84' lang='lat' dir='ltr'><strong>xxxm</strong></span> 
     </span>
    </p>
   </div>
   <div class='ocr_carea' id='block_1_2' title="bbox 278 681 2111 2250">
    <p class='ocr_par' dir='ltr' id='par_1_2' title="bbox 385 681 1969 864">
     <span class='ocr_line' id='line_1_2' title="bbox 425 681 1969 766; baseline 0 -22"><span class='ocrx_word' id='word_1_10' title='bbox 425 682 487 744; x_wconf 90' lang='lat' dir='ltr'><strong>lem</strong></span> <span class='ocrx_word' id='word_1_11' title='bbox 511 691 603 763; x_wconf 93' lang='lat' dir='ltr'><strong>potus</strong></span> <span class='ocrx_word' id='word_1_12' title='bbox 627 682 914 746; x_wconf 71' lang='lat' dir='ltr'><strong>immoderantiam.</strong></span> <span class='ocrx_word' id='word_1_13' title='bbox 932 683 1077 746; x_wconf 77' lang='lat' dir='ltr'><strong>Securmo</strong></span> <span class='ocrx_word' id='word_1_14' title='bbox 1098 703 1168 766; x_wconf 79' lang='lat' dir='ltr'><strong>pro</strong></span> <span class='ocrx_word' id='word_1_15' title='bbox 1183 685 1207 746; x_wconf 76' lang='lat' dir='ltr'>X</span> <span class='ocrx_word' id='word_1_16' title='bbox 1223 683 1289 760; x_wconf 90' lang='lat' dir='ltr'><strong>illa,</strong></span> <span class='ocrx_word' id='word_1_17' title='bbox 1307 684 1345 744; x_wconf 85' lang='lat' dir='ltr'><strong>Et</strong></span> <span class='ocrx_word' id='word_1_18' title='bbox 1360 691 1501 745; x_wconf 89' lang='lat' dir='ltr'><strong>assumat</strong></span> <span class='ocrx_word' id='word_1_19' title='bbox 1516 682 1605 745; x_wconf 93' lang='lat' dir='ltr'><strong>ebria</strong></span> <span class='ocrx_word' id='word_1_20' title='bbox 1624 681 1795 759; x_wconf 82' lang='lat' dir='ltr'><strong>sitientem,</strong></span> <span class='ocrx_word' id='word_1_21' title='bbox 1811 682 1858 745; x_wconf 90' lang='lat' dir='ltr'><strong>ait</strong></span> <span class='ocrx_word' id='word_1_22' title='bbox 1879 682 1969 745; x_wconf 87' lang='lat' dir='ltr'><strong>Glos-</strong></span> 
     </span>
     <span class='ocr_line' id='line_1_3' title="bbox 385 781 1966 864; baseline 0.001 -23"><span class='ocrx_word' id='word_1_23' title='bbox 385 793 388 800; x_wconf 83' lang='grc'><em>“</em></span> <span class='ocrx_word' id='word_1_24' title='bbox 427 789 496 862; x_wconf 89' lang='lat' dir='ltr'><strong>pter</strong></span> <span class='ocrx_word' id='word_1_25' title='bbox 512 781 667 845; x_wconf 89' lang='lat' dir='ltr'><strong>malorum</strong></span> <span class='ocrx_word' id='word_1_26' title='bbox 683 781 857 863; x_wconf 89' lang='lat' dir='ltr'><strong>poenalium</strong></span> <span class='ocrx_word' id='word_1_27' title='bbox 876 781 1095 863; x_wconf 87' lang='lat' dir='ltr'><strong>repletionem.</strong></span> <span class='ocrx_word' id='word_1_28' title='bbox 1107 782 1170 845; x_wconf 84' lang='lat' dir='ltr'><strong>Un-</strong></span> <span class='ocrx_word' id='word_1_29' title='bbox 1223 801 1278 845; x_wconf 92' lang='lat' dir='ltr'><strong>sa:</strong></span> <span class='ocrx_word' id='word_1_30' title='bbox 1295 783 1339 845; x_wconf 90' lang='lat' dir='ltr'><strong>Ne</strong></span> <span class='ocrx_word' id='word_1_31' title='bbox 1361 783 1433 862; x_wconf 87' lang='lat' dir='ltr'><strong>quis</strong></span> <span class='ocrx_word' id='word_1_32' title='bbox 1454 782 1568 864; x_wconf 90' lang='lat' dir='ltr'><strong>plenus</strong></span> <span class='ocrx_word' id='word_1_33' title='bbox 1589 782 1712 845; x_wconf 86' lang='lat' dir='ltr'><strong>malitia</strong></span> <span class='ocrx_word' id='word_1_34' title='bbox 1726 790 1758 844; x_wconf 93' lang='lat' dir='ltr'><strong>et</strong></span> <span class='ocrx_word' id='word_1_35' title='bbox 1773 781 1966 857; x_wconf 88' lang='lat' dir='ltr'><strong>idololatria,</strong></span> 
     </span>
    </p>

    <p class='ocr_par' dir='ltr' id='par_1_3' title="bbox 290 878 1971 1260">
     <span class='ocr_line' id='line_1_4' title="bbox 290 878 1968 962; baseline 0.001 -22"><span class='ocrx_word' id='word_1_36' title='bbox 290 889 323 932; x_wconf 73' lang='lat'><strong>1⁸·</strong></span> <span class='ocrx_word' id='word_1_37' title='bbox 332 889 400 938; x_wconf 53' lang='grc' dir='ltr'><strong>ωλι·</strong></span> <span class='ocrx_word' id='word_1_38' title='bbox 424 880 464 942; x_wconf 90' lang='lat' dir='ltr'><strong>dc</strong></span> <span class='ocrx_word' id='word_1_39' title='bbox 480 878 621 960; x_wconf 89' lang='lat' dir='ltr'><strong>loquitur</strong></span> <span class='ocrx_word' id='word_1_40' title='bbox 636 880 747 943; x_wconf 79' lang='lat' dir='ltr'><strong>isaias:</strong></span> <span class='ocrx_word' id='word_1_41' title='bbox 762 879 856 942; x_wconf 87' lang='lat' dir='ltr'><strong>Ebria</strong></span> <span class='ocrx_word' id='word_1_42' title='bbox 872 888 904 942; x_wconf 90' lang='lat' dir='ltr'><strong>et</strong></span> <span class='ocrx_word' id='word_1_43' title='bbox 919 900 982 943; x_wconf 93' lang='lat' dir='ltr'><strong>non</strong></span> <span class='ocrx_word' id='word_1_44' title='bbox 998 901 1017 943; x_wconf 92' lang='lat' dir='ltr'><strong>a</strong></span> <span class='ocrx_word' id='word_1_45' title='bbox 1032 881 1119 944; x_wconf 91' lang='lat' dir='ltr'><strong>vino.</strong></span> <span class='ocrx_word' id='word_1_46' title='bbox 1132 881 1170 944; x_wconf 83' lang='lat' dir='ltr'><strong>Et</strong></span> <span class='ocrx_word' id='word_1_47' title='bbox 1224 882 1353 944; x_wconf 90' lang='lat' dir='ltr'><strong>seducat</strong></span> <span class='ocrx_word' id='word_1_48' title='bbox 1372 900 1443 943; x_wconf 90' lang='lat' dir='ltr'><strong>eum</strong></span> <span class='ocrx_word' id='word_1_49' title='bbox 1460 881 1517 962; x_wconf 88' lang='lat' dir='ltr'><strong>qui</strong></span> <span class='ocrx_word' id='word_1_50' title='bbox 1533 881 1599 943; x_wconf 86' lang='lat' dir='ltr'><strong>sitit</strong></span> <span class='ocrx_word' id='word_1_51' title='bbox 1616 881 1738 943; x_wconf 87' lang='lat' dir='ltr'><strong>discere</strong></span> <span class='ocrx_word' id='word_1_52' title='bbox 1752 889 1785 944; x_wconf 93' lang='lat' dir='ltr'><strong>et</strong></span> <span class='ocrx_word' id='word_1_53' title='bbox 1800 881 1968 943; x_wconf 82' lang='lat' dir='ltr'><strong>veritatem</strong></span> 
     </span>
     <span class='ocr_line' id='line_1_5' title="bbox 426 978 1805 1062; baseline 0.001 -23"><span class='ocrx_word' id='word_1_54' title='bbox 426 978 465 1040; x_wconf 88' lang='lat' dir='ltr'><strong>dc</strong></span> <span class='ocrx_word' id='word_1_55' title='bbox 486 978 546 1040; x_wconf 91' lang='lat' dir='ltr'><strong>boc</strong></span> <span class='ocrx_word' id='word_1_56' title='bbox 570 978 752 1059; x_wconf 81' lang='lat' dir='ltr'><strong>frequenter</strong></span> <span class='ocrx_word' id='word_1_57' title='bbox 774 986 821 1040; x_wconf 89' lang='lat' dir='ltr'><strong>cst</strong></span> <span class='ocrx_word' id='word_1_58' title='bbox 843 997 946 1041; x_wconf 91' lang='lat' dir='ltr'><strong>sermo</strong></span> <span class='ocrx_word' id='word_1_59' title='bbox 969 978 1001 1040; x_wconf 93' lang='lat' dir='ltr'><strong>in</strong></span> <span class='ocrx_word' id='word_1_60' title='bbox 1022 979 1167 1042; x_wconf 87' lang='lat' dir='ltr'><strong>Ieremia.</strong></span> <span class='ocrx_word' id='word_1_61' title='bbox 1223 999 1425 1062; x_wconf 79' lang='lat' dir='ltr'><strong>cognoscere,</strong></span> <span class='ocrx_word' id='word_1_62' title='bbox 1443 981 1526 1043; x_wconf 79' lang='lat' dir='ltr'><strong>slout</strong></span> <span class='ocrx_word' id='word_1_63' title='bbox 1539 988 1638 1060; x_wconf 82' lang='lat' dir='ltr'><strong>agunt</strong></span> <span class='ocrx_word' id='word_1_64' title='bbox 1653 980 1805 1043; x_wconf 75' lang='lat' dir='ltr'><strong>baaretIci.</strong></span> 
     </span>
     <span class='ocr_line' id='line_1_6' title="bbox 426 1069 1970 1160; baseline 0.001 -21"><span class='ocrx_word' id='word_1_65' title='bbox 426 1078 541 1156; x_wconf 88' lang='lat' dir='ltr'><strong>Tertio,</strong></span> <span class='ocrx_word' id='word_1_66' title='bbox 560 1086 689 1160; x_wconf 90' lang='lat' dir='ltr'><strong>propter</strong></span> <span class='ocrx_word' id='word_1_67' title='bbox 704 1097 866 1141; x_wconf 75' lang='lat' dir='ltr'><strong>excessum</strong></span> <span class='ocrx_word' id='word_1_68' title='bbox 889 1079 1044 1141; x_wconf 89' lang='lat' dir='ltr'><strong>malorum</strong></span> <span class='ocrx_word' id='word_1_69' title='bbox 1067 1069 1170 1160; x_wconf 81' lang='lat' dir='ltr'><strong>culpae</strong></span> <span class='ocrx_word' id='word_1_70' title='bbox 1263 1080 1435 1154; x_wconf 90' lang='lat' dir='ltr'><strong>Postremo,</strong></span> <span class='ocrx_word' id='word_1_71' title='bbox 1447 1078 1544 1142; x_wconf 86' lang='lat' dir='ltr'><strong>Rabbi</strong></span> <span class='ocrx_word' id='word_1_72' title='bbox 1556 1079 1670 1142; x_wconf 92' lang='lat' dir='ltr'><strong>Paulus</strong></span> <span class='ocrx_word' id='word_1_73' title='bbox 1685 1079 1736 1142; x_wconf 92' lang='lat' dir='ltr'><strong>hic</strong></span> <span class='ocrx_word' id='word_1_74' title='bbox 1751 1079 1874 1154; x_wconf 89' lang='lat' dir='ltr'><strong>scribit,</strong></span> <span class='ocrx_word' id='word_1_75' title='bbox 1882 1081 1970 1160; x_wconf 90' lang='lat' dir='ltr'><strong>quod</strong></span> 
     </span>
     <span class='ocr_line' id='line_1_7' title="bbox 425 1177 1971 1260; baseline 0.001 -22"><span class='ocrx_word' id='word_1_76' title='bbox 425 1195 480 1239; x_wconf 90' lang='lat' dir='ltr'><strong>seu</strong></span> <span class='ocrx_word' id='word_1_77' title='bbox 497 1177 704 1258; x_wconf 79' lang='lat' dir='ltr'><strong>repletionem</strong></span> <span class='ocrx_word' id='word_1_78' title='bbox 721 1177 861 1250; x_wconf 74' lang='lat' dir='ltr'><strong>melitite,</strong></span> <span class='ocrx_word' id='word_1_79' title='bbox 880 1178 963 1240; x_wconf 89' lang='lat' dir='ltr'><strong>sicut</strong></span> <span class='ocrx_word' id='word_1_80' title='bbox 979 1179 1010 1240; x_wconf 87' lang='lat' dir='ltr'><strong>In</strong></span> <span class='ocrx_word' id='word_1_81' title='bbox 1026 1179 1168 1241; x_wconf 85' lang='lat' dir='ltr'><strong>Psalmo:</strong></span> <span class='ocrx_word' id='word_1_82' title='bbox 1223 1178 1474 1255; x_wconf 80' lang='lat' dir='ltr'><strong>maledictiones,</strong></span> <span class='ocrx_word' id='word_1_83' title='bbox 1492 1197 1564 1260; x_wconf 80' lang='lat' dir='ltr'><strong>que</strong></span> <span class='ocrx_word' id='word_1_84' title='bbox 1584 1180 1635 1258; x_wconf 92' lang='lat' dir='ltr'><strong>(ut</strong></span> <span class='ocrx_word' id='word_1_85' title='bbox 1656 1197 1753 1260; x_wconf 89' lang='lat' dir='ltr'><strong>supra</strong></span> <span class='ocrx_word' id='word_1_86' title='bbox 1777 1177 1906 1258; x_wconf 82' lang='lat' dir='ltr'><strong>legitur)</strong></span> <span class='ocrx_word' id='word_1_87' title='bbox 1927 1177 1971 1239; x_wconf 85' lang='lat' dir='ltr'><strong>Ia-</strong></span> 
     </span>
    </p>

    <p class='ocr_par' dir='ltr' id='par_1_4' title="bbox 278 1276 1971 1557">
     <span class='ocr_line' id='line_1_8' title="bbox 278 1276 1971 1359; baseline 0 -21"><span class='ocrx_word' id='word_1_88' title='bbox 278 1291 318 1335; x_wconf 74' lang='lat' dir='ltr'><strong>ra.</strong></span> <span class='ocrx_word' id='word_1_89' title='bbox 329 1293 409 1341; x_wconf 67' lang='lat' dir='ltr'><strong>caat.</strong></span> <span class='ocrx_word' id='word_1_90' title='bbox 426 1276 556 1338; x_wconf 78' lang='lat' dir='ltr'><strong>Turbati</strong></span> <span class='ocrx_word' id='word_1_91' title='bbox 572 1285 656 1352; x_wconf 89' lang='lat' dir='ltr'><strong>sunt,</strong></span> <span class='ocrx_word' id='word_1_92' title='bbox 666 1285 696 1339; x_wconf 91' lang='lat' dir='ltr'><strong>et</strong></span> <span class='ocrx_word' id='word_1_93' title='bbox 712 1277 789 1340; x_wconf 91' lang='lat' dir='ltr'><strong>moti</strong></span> <span class='ocrx_word' id='word_1_94' title='bbox 806 1285 880 1339; x_wconf 91' lang='lat' dir='ltr'><strong>sunt</strong></span> <span class='ocrx_word' id='word_1_95' title='bbox 896 1277 979 1339; x_wconf 90' lang='lat' dir='ltr'><strong>sieut</strong></span> <span class='ocrx_word' id='word_1_96' title='bbox 994 1277 1113 1340; x_wconf 90' lang='lat' dir='ltr'><strong>ebrius.</strong></span> <span class='ocrx_word' id='word_1_97' title='bbox 1126 1277 1171 1338; x_wconf 85' lang='lat' dir='ltr'><strong>lli·</strong></span> <span class='ocrx_word' id='word_1_98' title='bbox 1224 1278 1345 1340; x_wconf 67' lang='lat' dir='ltr'><strong>ciendae</strong></span> <span class='ocrx_word' id='word_1_99' title='bbox 1369 1285 1460 1340; x_wconf 91' lang='lat' dir='ltr'><strong>crant</strong></span> <span class='ocrx_word' id='word_1_100' title='bbox 1485 1277 1517 1338; x_wconf 95' lang='lat' dir='ltr'><strong>in</strong></span> <span class='ocrx_word' id='word_1_101' title='bbox 1540 1286 1647 1340; x_wconf 89' lang='lat' dir='ltr'><strong>monte</strong></span> <span class='ocrx_word' id='word_1_102' title='bbox 1667 1277 1775 1353; x_wconf 87' lang='lat' dir='ltr'><strong>Hebal,</strong></span> <span class='ocrx_word' id='word_1_103' title='bbox 1793 1277 1971 1359; x_wconf 85' lang='lat' dir='ltr'><strong>respIciunt</strong></span> 
     </span>
     <span class='ocr_line' id='line_1_9' title="bbox 425 1373 1970 1460; baseline 0 -22"><span class='ocrx_word' id='word_1_104' title='bbox 425 1374 508 1438; x_wconf 90' lang='lat' dir='ltr'><strong>citur</strong></span> <span class='ocrx_word' id='word_1_105' title='bbox 531 1373 625 1437; x_wconf 90' lang='lat' dir='ltr'><strong>etiam</strong></span> <span class='ocrx_word' id='word_1_106' title='bbox 648 1375 722 1456; x_wconf 87' lang='lat' dir='ltr'><strong>quis</strong></span> <span class='ocrx_word' id='word_1_107' title='bbox 744 1376 851 1438; x_wconf 88' lang='lat' dir='ltr'><strong>ebrius</strong></span> <span class='ocrx_word' id='word_1_108' title='bbox 874 1375 906 1437; x_wconf 92' lang='lat' dir='ltr'><strong>in</strong></span> <span class='ocrx_word' id='word_1_109' title='bbox 928 1375 1023 1453; x_wconf 87' lang='lat' dir='ltr'><strong>bono,</strong></span> <span class='ocrx_word' id='word_1_110' title='bbox 1041 1385 1172 1458; x_wconf 85' lang='lat' dir='ltr'><strong>propter</strong></span> <span class='ocrx_word' id='word_1_111' title='bbox 1225 1386 1354 1460; x_wconf 89' lang='lat' dir='ltr'><strong>peccata</strong></span> <span class='ocrx_word' id='word_1_112' title='bbox 1369 1377 1503 1452; x_wconf 88' lang='lat' dir='ltr'><strong>occulta,</strong></span> <span class='ocrx_word' id='word_1_113' title='bbox 1516 1395 1580 1440; x_wconf 93' lang='lat' dir='ltr'><strong>non</strong></span> <span class='ocrx_word' id='word_1_114' title='bbox 1596 1375 1784 1439; x_wconf 79' lang='lat' dir='ltr'><strong>manifesta:</strong></span> <span class='ocrx_word' id='word_1_115' title='bbox 1800 1377 1888 1459; x_wconf 93' lang='lat' dir='ltr'><strong>quod</strong></span> <span class='ocrx_word' id='word_1_116' title='bbox 1905 1394 1970 1438; x_wconf 93' lang='lat' dir='ltr'><strong>non</strong></span> 
     </span>
     <span class='ocr_line' id='line_1_10' title="bbox 426 1473 1970 1557; baseline -0.001 -21"><span class='ocrx_word' id='word_1_117' title='bbox 426 1473 603 1557; x_wconf 81' lang='lat' dir='ltr'><strong>spIritualis</strong></span> <span class='ocrx_word' id='word_1_118' title='bbox 624 1475 836 1556; x_wconf 84' lang='lat' dir='ltr'><strong>jucunditatis</strong></span> <span class='ocrx_word' id='word_1_119' title='bbox 858 1483 890 1538; x_wconf 90' lang='lat' dir='ltr'><strong>et</strong></span> <span class='ocrx_word' id='word_1_120' title='bbox 912 1475 1011 1538; x_wconf 88' lang='lat' dir='ltr'><strong>sancti</strong></span> <span class='ocrx_word' id='word_1_121' title='bbox 1036 1475 1171 1538; x_wconf 83' lang='lat' dir='ltr'><strong>ferroris</strong></span> <span class='ocrx_word' id='word_1_122' title='bbox 1224 1476 1350 1539; x_wconf 89' lang='lat' dir='ltr'><strong>videtur</strong></span> <span class='ocrx_word' id='word_1_123' title='bbox 1374 1493 1514 1557; x_wconf 82' lang='lat' dir='ltr'><strong>congrue</strong></span> <span class='ocrx_word' id='word_1_124' title='bbox 1538 1475 1672 1551; x_wconf 92' lang='lat' dir='ltr'><strong>dictum,</strong></span> <span class='ocrx_word' id='word_1_125' title='bbox 1690 1495 1789 1556; x_wconf 87' lang='lat' dir='ltr'><strong>quum</strong></span> <span class='ocrx_word' id='word_1_126' title='bbox 1814 1474 1859 1537; x_wconf 92' lang='lat' dir='ltr'><strong>ibi</strong></span> <span class='ocrx_word' id='word_1_127' title='bbox 1886 1474 1970 1536; x_wconf 90' lang='lat' dir='ltr'><strong>inter</strong></span> 
     </span>
    </p>

    <p class='ocr_par' dir='ltr' id='par_1_5' title="bbox 287 1572 2111 2250">
     <span class='ocr_line' id='line_1_11' title="bbox 287 1572 2085 1655; baseline 0.001 -19"><span class='ocrx_word' id='word_1_128' title='bbox 287 1577 382 1625; x_wconf 60' lang='lat' dir='ltr'><strong>Catil·</strong></span> <span class='ocrx_word' id='word_1_129' title='bbox 393 1578 412 1616; x_wconf 91' lang='lat'><strong>¹·</strong></span> <span class='ocrx_word' id='word_1_130' title='bbox 427 1572 675 1651; x_wconf 80' lang='lat' dir='ltr'><strong>exuberantiam,</strong></span> <span class='ocrx_word' id='word_1_131' title='bbox 689 1575 777 1655; x_wconf 88' lang='lat' dir='ltr'><strong>juxta</strong></span> <span class='ocrx_word' id='word_1_132' title='bbox 792 1575 872 1636; x_wconf 94' lang='lat' dir='ltr'><strong>illud</strong></span> <span class='ocrx_word' id='word_1_133' title='bbox 888 1574 921 1637; x_wconf 95' lang='lat' dir='ltr'><strong>in</strong></span> <span class='ocrx_word' id='word_1_134' title='bbox 932 1574 1090 1637; x_wconf 89' lang='lat' dir='ltr'><strong>Canticis:</strong></span> <span class='ocrx_word' id='word_1_135' title='bbox 1109 1575 1172 1637; x_wconf 83' lang='lat' dir='ltr'><strong>Ine</strong></span> <span class='ocrx_word' id='word_1_136' title='bbox 1225 1584 1330 1639; x_wconf 88' lang='lat' dir='ltr'><strong>cetera</strong></span> <span class='ocrx_word' id='word_1_137' title='bbox 1354 1575 1478 1636; x_wconf 89' lang='lat' dir='ltr'><strong>dicatur</strong></span> <span class='ocrx_word' id='word_1_138' title='bbox 1502 1574 1536 1636; x_wconf 92' lang='lat' dir='ltr'><strong>in</strong></span> <span class='ocrx_word' id='word_1_139' title='bbox 1562 1573 1687 1636; x_wconf 91' lang='lat' dir='ltr'><strong>littera:</strong></span> <span class='ocrx_word' id='word_1_140' title='bbox 1704 1573 1888 1637; x_wconf 79' lang='lat' dir='ltr'><strong>Maledictus</strong></span> <span class='ocrx_word' id='word_1_141' title='bbox 1911 1573 1967 1655; x_wconf 86' lang='lat' dir='ltr'><strong>qui</strong></span> <span class='ocrx_word' id='word_1_142' title='bbox 2021 1600 2085 1643; x_wconf 56' lang='lat' dir='ltr'><strong>nai.</strong></span> 
     </span>
     <span class='ocr_line' id='line_1_12' title="bbox 426 1666 2108 1768; baseline 0 -35"><span class='ocrx_word' id='word_1_143' title='bbox 426 1671 592 1748; x_wconf 90' lang='lat' dir='ltr'><strong>briamini,</strong></span> <span class='ocrx_word' id='word_1_144' title='bbox 619 1672 789 1735; x_wconf 88' lang='lat' dir='ltr'><strong>carissimi.</strong></span> <span class='ocrx_word' id='word_1_145' title='bbox 817 1674 883 1736; x_wconf 91' lang='lat' dir='ltr'><strong>Nou</strong></span> <span class='ocrx_word' id='word_1_146' title='bbox 913 1682 1018 1736; x_wconf 91' lang='lat' dir='ltr'><strong>autem</strong></span> <span class='ocrx_word' id='word_1_147' title='bbox 1046 1673 1172 1735; x_wconf 87' lang='lat' dir='ltr'><strong>ridetur</strong></span> <span class='ocrx_word' id='word_1_148' title='bbox 1219 1673 1376 1736; x_wconf 79' lang='lat' dir='ltr'><strong>transfert</strong></span> <span class='ocrx_word' id='word_1_149' title='bbox 1399 1673 1551 1736; x_wconf 81' lang='lat' dir='ltr'><strong>termInos</strong></span> <span class='ocrx_word' id='word_1_150' title='bbox 1571 1673 1707 1754; x_wconf 84' lang='lat' dir='ltr'><strong>proximi</strong></span> <span class='ocrx_word' id='word_1_151' title='bbox 1726 1672 1787 1735; x_wconf 90' lang='lat' dir='ltr'><strong>sui.</strong></span> <span class='ocrx_word' id='word_1_152' title='bbox 1805 1673 1893 1748; x_wconf 82' lang='lat' dir='ltr'><strong>Item,</strong></span> <span class='ocrx_word' id='word_1_153' title='bbox 1910 1666 2108 1768; x_wconf 61' lang='lat' dir='ltr'><strong>M⁸·{{⁸¹²¹⁷&#39;&#39;³&#39;</strong></span> 
     </span>
     <span class='ocr_line' id='line_1_13' title="bbox 426 1758 2018 1853; baseline 0.001 -23"><span class='ocrx_word' id='word_1_154' title='bbox 426 1769 555 1851; x_wconf 90' lang='lat' dir='ltr'><strong>proprie</strong></span> <span class='ocrx_word' id='word_1_155' title='bbox 570 1769 642 1850; x_wconf 91' lang='lat' dir='ltr'><strong>quis</strong></span> <span class='ocrx_word' id='word_1_156' title='bbox 659 1769 766 1833; x_wconf 85' lang='lat' dir='ltr'><strong>ebrius</strong></span> <span class='ocrx_word' id='word_1_157' title='bbox 782 1772 970 1852; x_wconf 86' lang='lat' dir='ltr'><strong>nuncupari,</strong></span> <span class='ocrx_word' id='word_1_158' title='bbox 981 1790 1019 1834; x_wconf 88' lang='lat' dir='ltr'><strong>co</strong></span> <span class='ocrx_word' id='word_1_159' title='bbox 1033 1771 1119 1853; x_wconf 90' lang='lat' dir='ltr'><strong>quod</strong></span> <span class='ocrx_word' id='word_1_160' title='bbox 1134 1789 1172 1833; x_wconf 89' lang='lat' dir='ltr'><strong>ex</strong></span> <span class='ocrx_word' id='word_1_161' title='bbox 1226 1772 1360 1835; x_wconf 90' lang='lat' dir='ltr'><strong>ledictus</strong></span> <span class='ocrx_word' id='word_1_162' title='bbox 1376 1770 1432 1852; x_wconf 85' lang='lat' dir='ltr'><strong>qui</strong></span> <span class='ocrx_word' id='word_1_163' title='bbox 1448 1791 1553 1834; x_wconf 88' lang='lat' dir='ltr'><strong>errare</strong></span> <span class='ocrx_word' id='word_1_164' title='bbox 1570 1770 1647 1834; x_wconf 84' lang='lat' dir='ltr'><strong>lacit</strong></span> <span class='ocrx_word' id='word_1_165' title='bbox 1661 1789 1779 1834; x_wconf 76' lang='lat' dir='ltr'><strong>cecum</strong></span> <span class='ocrx_word' id='word_1_166' title='bbox 1802 1771 1836 1832; x_wconf 93' lang='lat' dir='ltr'><strong>in</strong></span> <span class='ocrx_word' id='word_1_167' title='bbox 1852 1770 1914 1833; x_wconf 85' lang='lat' dir='ltr'><strong>via.</strong></span> <span class='ocrx_word' id='word_1_168' title='bbox 1932 1771 1971 1832; x_wconf 88' lang='lat' dir='ltr'><strong>Et</strong></span> <span class='ocrx_word' id='word_1_169' title='bbox 2012 1758 2018 1767; x_wconf 73' lang='grc'><strong>’</strong></span> 
     </span>
     <span class='ocr_line' id='line_1_14' title="bbox 425 1869 1971 1951; baseline 0.001 -21"><span class='ocrx_word' id='word_1_170' title='bbox 425 1869 605 1950; x_wconf 80' lang='lat' dir='ltr'><strong>ignorantia</strong></span> <span class='ocrx_word' id='word_1_171' title='bbox 622 1877 737 1950; x_wconf 89' lang='lat' dir='ltr'><strong>peccet,</strong></span> <span class='ocrx_word' id='word_1_172' title='bbox 750 1869 811 1931; x_wconf 85' lang='lat' dir='ltr'><strong>nisi</strong></span> <span class='ocrx_word' id='word_1_173' title='bbox 827 1869 907 1933; x_wconf 88' lang='lat' dir='ltr'><strong>Iorte</strong></span> <span class='ocrx_word' id='word_1_174' title='bbox 919 1879 1077 1951; x_wconf 87' lang='lat' dir='ltr'><strong>peccetex</strong></span> <span class='ocrx_word' id='word_1_175' title='bbox 1088 1869 1209 1951; x_wconf 78' lang='lat' dir='ltr'><strong>ignoti</strong></span> <span class='ocrx_word' id='word_1_176' title='bbox 1226 1889 1346 1945; x_wconf 92' lang='lat' dir='ltr'><strong>rursus,</strong></span> <span class='ocrx_word' id='word_1_177' title='bbox 1364 1869 1548 1932; x_wconf 81' lang='lat' dir='ltr'><strong>Maledictus</strong></span> <span class='ocrx_word' id='word_1_178' title='bbox 1562 1870 1618 1951; x_wconf 88' lang='lat' dir='ltr'><strong>qui</strong></span> <span class='ocrx_word' id='word_1_179' title='bbox 1639 1870 1758 1932; x_wconf 91' lang='lat' dir='ltr'><strong>dormit</strong></span> <span class='ocrx_word' id='word_1_180' title='bbox 1777 1889 1850 1932; x_wconf 92' lang='lat' dir='ltr'><strong>eum</strong></span> <span class='ocrx_word' id='word_1_181' title='bbox 1871 1888 1971 1932; x_wconf 86' lang='lat' dir='ltr'><strong>uxore</strong></span> 
     </span>
     <span class='ocr_line' id='line_1_15' title="bbox 425 1966 2111 2050; baseline 0.001 -23"><span class='ocrx_word' id='word_1_182' title='bbox 425 1967 527 2029; x_wconf 88' lang='lat' dir='ltr'><strong>rantia</strong></span> <span class='ocrx_word' id='word_1_183' title='bbox 543 1976 691 2030; x_wconf 88' lang='lat' dir='ltr'><strong>crassaet</strong></span> <span class='ocrx_word' id='word_1_184' title='bbox 706 1967 951 2050; x_wconf 61' lang='lat' dir='ltr'><strong>affectumque</strong></span> <span class='ocrx_word' id='word_1_185' title='bbox 965 1969 1173 2050; x_wconf 85' lang='lat' dir='ltr'><strong>culpamgra-</strong></span> <span class='ocrx_word' id='word_1_186' title='bbox 1226 1968 1410 2050; x_wconf 88' lang='lat' dir='ltr'><strong>patrissui:</strong></span> <span class='ocrx_word' id='word_1_187' title='bbox 1429 1969 1512 2049; x_wconf 93' lang='lat' dir='ltr'><strong>quod</strong></span> <span class='ocrx_word' id='word_1_188' title='bbox 1530 1966 1607 2030; x_wconf 86' lang='lat' dir='ltr'><strong>iecit</strong></span> <span class='ocrx_word' id='word_1_189' title='bbox 1626 1967 1765 2031; x_wconf 79' lang='lat' dir='ltr'><strong>Absalon</strong></span> <span class='ocrx_word' id='word_1_190' title='bbox 1787 1967 1968 2031; x_wconf 80' lang='lat' dir='ltr'><strong>manifeste.</strong></span> <span class='ocrx_word' id='word_1_191' title='bbox 1992 1985 2111 2038; x_wconf 55' lang='lat' dir='ltr'><strong>trama</strong></span> 
     </span>
     <span class='ocr_line' id='line_1_16' title="bbox 424 2050 2019 2149; baseline 0.002 -22"><span class='ocrx_word' id='word_1_192' title='bbox 424 2073 487 2139; x_wconf 90' lang='lat' dir='ltr'><strong>vat,</strong></span> <span class='ocrx_word' id='word_1_193' title='bbox 499 2084 561 2128; x_wconf 91' lang='lat' dir='ltr'><strong>non</strong></span> <span class='ocrx_word' id='word_1_194' title='bbox 578 2066 715 2128; x_wconf 90' lang='lat' dir='ltr'><strong>minuit:</strong></span> <span class='ocrx_word' id='word_1_195' title='bbox 735 2075 864 2149; x_wconf 89' lang='lat' dir='ltr'><strong>propter</strong></span> <span class='ocrx_word' id='word_1_196' title='bbox 879 2068 965 2148; x_wconf 92' lang='lat' dir='ltr'><strong>quod</strong></span> <span class='ocrx_word' id='word_1_197' title='bbox 980 2067 1019 2130; x_wconf 90' lang='lat' dir='ltr'><strong>dc</strong></span> <span class='ocrx_word' id='word_1_198' title='bbox 1036 2066 1091 2129; x_wconf 91' lang='lat' dir='ltr'><strong>illa</strong></span> <span class='ocrx_word' id='word_1_199' title='bbox 1106 2086 1170 2131; x_wconf 92' lang='lat' dir='ltr'><strong>non</strong></span> <span class='ocrx_word' id='word_1_200' title='bbox 1226 2068 1298 2130; x_wconf 92' lang='lat' dir='ltr'><strong>Ideo</strong></span> <span class='ocrx_word' id='word_1_201' title='bbox 1327 2067 1566 2130; x_wconf 87' lang='lat' dir='ltr'><strong>maledictiones</strong></span> <span class='ocrx_word' id='word_1_202' title='bbox 1596 2067 1674 2144; x_wconf 71' lang='lat' dir='ltr'><strong>istae,</strong></span> <span class='ocrx_word' id='word_1_203' title='bbox 1707 2076 1770 2130; x_wconf 91' lang='lat' dir='ltr'><strong>tam</strong></span> <span class='ocrx_word' id='word_1_204' title='bbox 1801 2067 1971 2130; x_wconf 79' lang='lat' dir='ltr'><strong>manifesta</strong></span> <span class='ocrx_word' id='word_1_205' title='bbox 1984 2050 2019 2089; x_wconf 44' lang='grc' dir='ltr'><strong>’ξ’</strong></span> 
     </span>
     <span class='ocr_line' id='line_1_17' title="bbox 425 2162 1827 2250; baseline 0.004 -26"><span class='ocrx_word' id='word_1_206' title='bbox 425 2162 566 2246; x_wconf 87' lang='lat' dir='ltr'><strong>loquitur</strong></span> <span class='ocrx_word' id='word_1_207' title='bbox 589 2165 744 2247; x_wconf 85' lang='lat' dir='ltr'><strong>expositio</strong></span> <span class='ocrx_word' id='word_1_208' title='bbox 767 2163 837 2228; x_wconf 92' lang='lat' dir='ltr'><strong>ista.</strong></span> <span class='ocrx_word' id='word_1_209' title='bbox 860 2165 938 2229; x_wconf 89' lang='lat' dir='ltr'><strong>Hinc</strong></span> <span class='ocrx_word' id='word_1_210' title='bbox 959 2185 1053 2248; x_wconf 87' lang='lat' dir='ltr'><strong>super</strong></span> <span class='ocrx_word' id='word_1_211' title='bbox 1074 2165 1171 2228; x_wconf 88' lang='lat' dir='ltr'><strong>verba</strong></span> <span class='ocrx_word' id='word_1_212' title='bbox 1226 2185 1321 2250; x_wconf 90' lang='lat' dir='ltr'><strong>quam</strong></span> <span class='ocrx_word' id='word_1_213' title='bbox 1337 2166 1461 2230; x_wconf 89' lang='lat' dir='ltr'><strong>occulta</strong></span> <span class='ocrx_word' id='word_1_214' title='bbox 1477 2174 1605 2249; x_wconf 87' lang='lat' dir='ltr'><strong>peccata</strong></span> <span class='ocrx_word' id='word_1_215' title='bbox 1620 2174 1827 2230; x_wconf 85' lang='lat' dir='ltr'><strong>concernunt.</strong></span> 
     </span>
    </p>
   </div>
   <div class='ocr_carea' id='block_1_3' title="bbox 921 2598 1476 2685">
    <p class='ocr_par' dir='ltr' id='par_1_6' title="bbox 921 2598 1476 2685">
     <span class='ocr_line' id='line_1_18' title="bbox 921 2598 1476 2685; baseline 0 -1"><span class='ocrx_word' id='word_1_216' title='bbox 921 2598 1247 2685; x_wconf 82' lang='lat' dir='ltr'>ARTIGULUS</span> <span class='ocrx_word' id='word_1_217' title='bbox 1284 2600 1476 2685; x_wconf 82' lang='lat' dir='ltr'>XXXIII</span> 
     </span>
    </p>
   </div>
   <div class='ocr_carea' id='block_1_4' title="bbox 580 2872 1817 3018">
    <p class='ocr_par' dir='ltr' id='par_1_7' title="bbox 580 2872 1817 3018">
     <span class='ocr_line' id='line_1_19' title="bbox 580 2872 1817 2930; baseline 0.006 -13"><span class='ocrx_word' id='word_1_218' title='bbox 580 2872 769 2918; x_wconf 79' lang='lat' dir='ltr'><strong>uuctnuarto</strong></span> <span class='ocrx_word' id='word_1_219' title='bbox 792 2873 964 2919; x_wconf 77' lang='lat' dir='ltr'><strong>ttrruuxtts</strong></span> <span class='ocrx_word' id='word_1_220' title='bbox 986 2873 1123 2919; x_wconf 72' lang='lat' dir='ltr'><strong>caritot!</strong></span> <span class='ocrx_word' id='word_1_221' title='bbox 1144 2873 1295 2919; x_wconf 77' lang='lat' dir='ltr'><strong>rutcususs</strong></span> <span class='ocrx_word' id='word_1_222' title='bbox 1317 2875 1324 2919; x_wconf 88' lang='lat'><strong>:</strong></span> <span class='ocrx_word' id='word_1_223' title='bbox 1348 2877 1430 2930; x_wconf 83' lang='lat' dir='ltr'><strong>ouutt</strong></span> <span class='ocrx_word' id='word_1_224' title='bbox 1452 2877 1529 2922; x_wconf 77' lang='lat' dir='ltr'><strong>exuo</strong></span> <span class='ocrx_word' id='word_1_225' title='bbox 1552 2877 1700 2922; x_wconf 76' lang='lat' dir='ltr'><strong>venemur</strong></span> <span class='ocrx_word' id='word_1_226' title='bbox 1723 2877 1817 2924; x_wconf 76' lang='lat' dir='ltr'>SUPER</span> 
     </span>
     <span class='ocr_line' id='line_1_20' title="bbox 986 2971 1412 3018; baseline 0.005 -2"><span class='ocrx_word' id='word_1_227' title='bbox 986 2973 1023 3016; x_wconf 80' lang='grc' dir='ltr'><strong>ΤΕ</strong></span> <span class='ocrx_word' id='word_1_228' title='bbox 1044 2971 1143 3017; x_wconf 74' lang='lat' dir='ltr'><strong>OMNES</strong></span> <span class='ocrx_word' id='word_1_229' title='bbox 1166 2973 1322 3018; x_wconf 80' lang='lat' dir='ltr'><strong>ssuxonxs</strong></span> <span class='ocrx_word' id='word_1_230' title='bbox 1345 2974 1412 3018; x_wconf 85' lang='lat' dir='ltr'><strong>lS&#39;II.</strong></span> 
     </span>
    </p>
   </div>
   <div class='ocr_carea' id='block_1_5' title="bbox 417 3248 2109 4716">
    <p class='ocr_par' dir='ltr' id='par_1_8' title="bbox 417 3248 2109 4716">
     <span class='ocr_line' id='line_1_21' title="bbox 488 3248 1975 3338; baseline 0.006 -28"><span class='ocrx_word' id='word_1_231' title='bbox 488 3248 741 3338; x_wconf 78' lang='lat' dir='ltr'>RAEINDUC&#39;IAE</span> <span class='ocrx_word' id='word_1_232' title='bbox 753 3249 1016 3313; x_wconf 84' lang='lat' dir='ltr'><strong>comminationes</strong></span> <span class='ocrx_word' id='word_1_233' title='bbox 1031 3258 1063 3313; x_wconf 88' lang='lat' dir='ltr'><strong>et</strong></span> <span class='ocrx_word' id='word_1_234' title='bbox 1078 3250 1172 3313; x_wconf 81' lang='lat' dir='ltr'><strong>male</strong></span> <span class='ocrx_word' id='word_1_235' title='bbox 1188 3248 1210 3311; x_wconf 90' lang='lat' dir='ltr'>C</span> <span class='ocrx_word' id='word_1_236' title='bbox 1226 3253 1395 3322; x_wconf 77' lang='lat' dir='ltr'><strong>Dominam,</strong></span> <span class='ocrx_word' id='word_1_237' title='bbox 1415 3262 1450 3312; x_wconf 85' lang='lat' dir='ltr'><strong>ut</strong></span> <span class='ocrx_word' id='word_1_238' title='bbox 1462 3255 1606 3329; x_wconf 69' lang='lat' dir='ltr'><strong>perticat</strong></span> <span class='ocrx_word' id='word_1_239' title='bbox 1618 3273 1715 3330; x_wconf 82' lang='lat' dir='ltr'><strong>super</strong></span> <span class='ocrx_word' id='word_1_240' title='bbox 1730 3255 1809 3314; x_wconf 82' lang='lat' dir='ltr'><strong>te‘in</strong></span> <span class='ocrx_word' id='word_1_241' title='bbox 1824 3258 1975 3319; x_wconf 71' lang='lat' dir='ltr'><strong>omatibus</strong></span> 
     </span>
     <span class='ocr_line' id='line_1_22' title="bbox 426 3346 1976 3431; baseline 0.003 -20"><span class='ocrx_word' id='word_1_242' title='bbox 426 3405 432 3411; x_wconf 83' lang='lat'><strong>.</strong></span> <span class='ocrx_word' id='word_1_243' title='bbox 488 3346 645 3409; x_wconf 89' lang='lat' dir='ltr'><strong>dictiones</strong></span> <span class='ocrx_word' id='word_1_244' title='bbox 662 3347 992 3429; x_wconf 89' lang='lat' dir='ltr'><strong>nuncquodammodo</strong></span> <span class='ocrx_word' id='word_1_245' title='bbox 1008 3367 1172 3431; x_wconf 86' lang='lat' dir='ltr'><strong>exponun-</strong></span> <span class='ocrx_word' id='word_1_246' title='bbox 1226 3352 1325 3421; x_wconf 74' lang='lat' dir='ltr'><strong>bottis,</strong></span> <span class='ocrx_word' id='word_1_247' title='bbox 1351 3353 1381 3410; x_wconf 82' lang='lat' dir='ltr'><strong>si</strong></span> <span class='ocrx_word' id='word_1_248' title='bbox 1407 3360 1513 3410; x_wconf 82' lang='lat' dir='ltr'><strong>tamea</strong></span> <span class='ocrx_word' id='word_1_249' title='bbox 1539 3352 1685 3411; x_wconf 75' lang='lat' dir='ltr'><strong>aratieris</strong></span> <span class='ocrx_word' id='word_1_250' title='bbox 1709 3371 1813 3412; x_wconf 84' lang='lat' dir='ltr'><strong>vocem</strong></span> <span class='ocrx_word' id='word_1_251' title='bbox 1838 3357 1976 3416; x_wconf 74' lang='lat' dir='ltr'><strong>Domini</strong></span> 
     </span>
     <span class='ocr_line' id='line_1_23' title="bbox 425 3445 1974 3527; baseline 0.005 -20"><span class='ocrx_word' id='word_1_252' title='bbox 425 3453 528 3522; x_wconf 87' lang='lat' dir='ltr'><strong>tur,el</strong></span> <span class='ocrx_word' id='word_1_253' title='bbox 540 3445 632 3506; x_wconf 87' lang='lat' dir='ltr'><strong>datur</strong></span> <span class='ocrx_word' id='word_1_254' title='bbox 646 3445 816 3508; x_wconf 85' lang='lat' dir='ltr'><strong>consilium</strong></span> <span class='ocrx_word' id='word_1_255' title='bbox 833 3445 930 3527; x_wconf 83' lang='lat' dir='ltr'><strong>lapsiS</strong></span> <span class='ocrx_word' id='word_1_256' title='bbox 948 3447 979 3508; x_wconf 86' lang='lat' dir='ltr'><strong>iu</strong></span> <span class='ocrx_word' id='word_1_257' title='bbox 996 3451 1171 3516; x_wconf 60' lang='lat' dir='ltr'><strong>castinum</strong></span> <span class='ocrx_word' id='word_1_258' title='bbox 1226 3450 1287 3508; x_wconf 83' lang='lat' dir='ltr'><strong>Dei</strong></span> <span class='ocrx_word' id='word_1_259' title='bbox 1303 3450 1363 3519; x_wconf 80' lang='lat' dir='ltr'><strong>tui,</strong></span> <span class='ocrx_word' id='word_1_260' title='bbox 1376 3459 1406 3508; x_wconf 88' lang='lat' dir='ltr'><strong>et</strong></span> <span class='ocrx_word' id='word_1_261' title='bbox 1420 3452 1593 3509; x_wconf 78' lang='lat' dir='ltr'><strong>revertaris</strong></span> <span class='ocrx_word' id='word_1_262' title='bbox 1607 3453 1651 3509; x_wconf 83' lang='lat' dir='ltr'><strong>ad</strong></span> <span class='ocrx_word' id='word_1_263' title='bbox 1664 3453 1841 3512; x_wconf 77' lang='lat' dir='ltr'><strong>Demittunt</strong></span> <span class='ocrx_word' id='word_1_264' title='bbox 1858 3454 1895 3513; x_wconf 81' lang='lat' dir='ltr'><strong>ia</strong></span> <span class='ocrx_word' id='word_1_265' title='bbox 1911 3463 1974 3514; x_wconf 85' lang='lat' dir='ltr'><strong>leto</strong></span> 
     </span>
     <span class='ocr_line' id='line_1_24' title="bbox 425 3545 1974 3633; baseline 0.006 -28"><span class='ocrx_word' id='word_1_266' title='bbox 425 3563 498 3622; x_wconf 77' lang='lat' dir='ltr'><strong>erpo</strong></span> <span class='ocrx_word' id='word_1_267' title='bbox 524 3546 670 3604; x_wconf 80' lang='lat' dir='ltr'><strong>uenerint</strong></span> <span class='ocrx_word' id='word_1_268' title='bbox 694 3565 791 3621; x_wconf 82' lang='lat' dir='ltr'><strong>seper</strong></span> <span class='ocrx_word' id='word_1_269' title='bbox 817 3554 857 3614; x_wconf 84' lang='lat' dir='ltr'><strong>te,</strong></span> <span class='ocrx_word' id='word_1_270' title='bbox 880 3563 898 3608; x_wconf 96' lang='lat' dir='ltr'><strong>o</strong></span> <span class='ocrx_word' id='word_1_271' title='bbox 922 3545 1039 3626; x_wconf 92' lang='lat' dir='ltr'><strong>popule</strong></span> <span class='ocrx_word' id='word_1_272' title='bbox 1064 3545 1168 3621; x_wconf 90' lang='lat' dir='ltr'><strong>Israel,</strong></span> <span class='ocrx_word' id='word_1_273' title='bbox 1225 3550 1318 3606; x_wconf 78' lang='lat' dir='ltr'><strong>corde</strong></span> <span class='ocrx_word' id='word_1_274' title='bbox 1334 3547 1491 3609; x_wconf 81' lang='lat' dir='ltr'><strong>taolleus</strong></span> <span class='ocrx_word' id='word_1_275' title='bbox 1504 3546 1624 3629; x_wconf 90' lang='lat' dir='ltr'><strong>absque</strong></span> <span class='ocrx_word' id='word_1_276' title='bbox 1635 3567 1691 3611; x_wconf 90' lang='lat' dir='ltr'><strong>sua</strong></span> <span class='ocrx_word' id='word_1_277' title='bbox 1708 3549 1885 3613; x_wconf 87' lang='lat' dir='ltr'><strong>mutatione</strong></span> <span class='ocrx_word' id='word_1_278' title='bbox 1902 3562 1974 3633; x_wconf 91' lang='lat' dir='ltr'><strong>post</strong></span> 
     </span>
     <span class='ocr_line' id='line_1_25' title="bbox 426 3643 1975 3727; baseline 0.006 -24"><span class='ocrx_word' id='word_1_279' title='bbox 426 3662 533 3703; x_wconf 78' lang='lat' dir='ltr'><strong>enteca</strong></span> <span class='ocrx_word' id='word_1_280' title='bbox 547 3663 704 3703; x_wconf 81' lang='lat' dir='ltr'><strong>sermones</strong></span> <span class='ocrx_word' id='word_1_281' title='bbox 721 3645 787 3716; x_wconf 86' lang='lat' dir='ltr'><strong>isti,</strong></span> <span class='ocrx_word' id='word_1_282' title='bbox 803 3645 978 3703; x_wconf 79' lang='lat' dir='ltr'><strong>benedictio</strong></span> <span class='ocrx_word' id='word_1_283' title='bbox 992 3646 1059 3703; x_wconf 83' lang='lat' dir='ltr'><strong>siue</strong></span> <span class='ocrx_word' id='word_1_284' title='bbox 1074 3649 1172 3704; x_wconf 84' lang='lat' dir='ltr'><strong>male·</strong></span> <span class='ocrx_word' id='word_1_285' title='bbox 1226 3643 1363 3707; x_wconf 80' lang='lat' dir='ltr'><strong>effectus</strong></span> <span class='ocrx_word' id='word_1_286' title='bbox 1385 3663 1449 3708; x_wconf 74' lang='lat' dir='ltr'><strong>suae</strong></span> <span class='ocrx_word' id='word_1_287' title='bbox 1472 3645 1621 3725; x_wconf 78' lang='lat' dir='ltr'><strong>rigorose</strong></span> <span class='ocrx_word' id='word_1_288' title='bbox 1642 3646 1773 3727; x_wconf 77' lang='lat' dir='ltr'><strong>justitie</strong></span> <span class='ocrx_word' id='word_1_289' title='bbox 1799 3648 1857 3710; x_wconf 87' lang='lat' dir='ltr'><strong>tibi</strong></span> <span class='ocrx_word' id='word_1_290' title='bbox 1883 3649 1975 3712; x_wconf 83' lang='lat' dir='ltr'><strong>inlli-</strong></span> 
     </span>
     <span class='ocr_line' id='line_1_26' title="bbox 427 3741 1974 3825; baseline 0.008 -26"><span class='ocrx_word' id='word_1_291' title='bbox 427 3742 526 3800; x_wconf 79' lang='lat' dir='ltr'><strong>dictio</strong></span> <span class='ocrx_word' id='word_1_292' title='bbox 541 3760 639 3819; x_wconf 82' lang='lat' dir='ltr'><strong>quom</strong></span> <span class='ocrx_word' id='word_1_293' title='bbox 656 3742 811 3817; x_wconf 81' lang='lat' dir='ltr'><strong>proposui</strong></span> <span class='ocrx_word' id='word_1_294' title='bbox 826 3743 859 3800; x_wconf 81' lang='lat' dir='ltr'><strong>ic</strong></span> <span class='ocrx_word' id='word_1_295' title='bbox 877 3751 1042 3818; x_wconf 81' lang='lat' dir='ltr'><strong>cottspccttt</strong></span> <span class='ocrx_word' id='word_1_296' title='bbox 1060 3753 1126 3811; x_wconf 83' lang='lat' dir='ltr'><strong>tue,</strong></span> <span class='ocrx_word' id='word_1_297' title='bbox 1140 3741 1171 3803; x_wconf 88' lang='lat' dir='ltr'><strong>id</strong></span> <span class='ocrx_word' id='word_1_298' title='bbox 1226 3751 1304 3819; x_wconf 80' lang='lat' dir='ltr'><strong>cIoS,</strong></span> <span class='ocrx_word' id='word_1_299' title='bbox 1324 3743 1485 3825; x_wconf 88' lang='lat' dir='ltr'><strong>impendet</strong></span> <span class='ocrx_word' id='word_1_300' title='bbox 1509 3742 1566 3804; x_wconf 87' lang='lat' dir='ltr'><strong>tibi</strong></span> <span class='ocrx_word' id='word_1_301' title='bbox 1588 3743 1727 3806; x_wconf 82' lang='lat' dir='ltr'><strong>effectus</strong></span> <span class='ocrx_word' id='word_1_302' title='bbox 1749 3765 1815 3808; x_wconf 77' lang='lat' dir='ltr'><strong>sure</strong></span> <span class='ocrx_word' id='word_1_303' title='bbox 1833 3747 1974 3810; x_wconf 88' lang='lat' dir='ltr'><strong>clemen-</strong></span> 
     </span>
     <span class='ocr_line' id='line_1_27' title="bbox 417 3836 1973 3926; baseline 0.004 -25"><span class='ocrx_word' id='word_1_304' title='bbox 417 3847 476 3902; x_wconf 91' lang='lat' dir='ltr'><strong>·cst</strong></span> <span class='ocrx_word' id='word_1_305' title='bbox 491 3837 574 3900; x_wconf 90' lang='lat' dir='ltr'><strong>mala</strong></span> <span class='ocrx_word' id='word_1_306' title='bbox 590 3836 770 3918; x_wconf 78' lang='lat' dir='ltr'><strong>significata</strong></span> <span class='ocrx_word' id='word_1_307' title='bbox 786 3856 842 3919; x_wconf 88' lang='lat' dir='ltr'><strong>per</strong></span> <span class='ocrx_word' id='word_1_308' title='bbox 858 3838 952 3902; x_wconf 89' lang='lat' dir='ltr'><strong>verba</strong></span> <span class='ocrx_word' id='word_1_309' title='bbox 976 3838 1170 3921; x_wconf 81' lang='lat' dir='ltr'><strong>praebabita3</strong></span> <span class='ocrx_word' id='word_1_310' title='bbox 1228 3841 1288 3917; x_wconf 83' lang='lat' dir='ltr'><strong>tia,</strong></span> <span class='ocrx_word' id='word_1_311' title='bbox 1306 3861 1377 3904; x_wconf 93' lang='lat' dir='ltr'><strong>cum</strong></span> <span class='ocrx_word' id='word_1_312' title='bbox 1401 3860 1465 3904; x_wconf 84' lang='lat' dir='ltr'><strong>suae</strong></span> <span class='ocrx_word' id='word_1_313' title='bbox 1488 3842 1604 3904; x_wconf 88' lang='lat' dir='ltr'><strong>mentis</strong></span> <span class='ocrx_word' id='word_1_314' title='bbox 1628 3841 1808 3907; x_wconf 89' lang='lat' dir='ltr'><strong>invariabili</strong></span> <span class='ocrx_word' id='word_1_315' title='bbox 1824 3847 1973 3926; x_wconf 86' lang='lat' dir='ltr'><strong>jucundi-</strong></span> 
     </span>
     <span class='ocr_line' id='line_1_28' title="bbox 427 3939 1969 4022; baseline 0.005 -24"><span class='ocrx_word' id='word_1_316' title='bbox 427 3949 457 3999; x_wconf 88' lang='lat' dir='ltr'><strong>ct</strong></span> <span class='ocrx_word' id='word_1_317' title='bbox 471 3941 587 3998; x_wconf 80' lang='lat' dir='ltr'><strong>doctos</strong></span> <span class='ocrx_word' id='word_1_318' title='bbox 600 3939 805 4014; x_wconf 64' lang='lat' dir='ltr'><strong>paenitudine</strong></span> <span class='ocrx_word' id='word_1_319' title='bbox 820 3939 925 3998; x_wconf 79' lang='lat' dir='ltr'><strong>cordia</strong></span> <span class='ocrx_word' id='word_1_320' title='bbox 947 3940 997 3998; x_wconf 79' lang='lat' dir='ltr'><strong>tat</strong></span> <span class='ocrx_word' id='word_1_321' title='bbox 1016 3941 1050 3998; x_wconf 78' lang='lat' dir='ltr'><strong>ia</strong></span> <span class='ocrx_word' id='word_1_322' title='bbox 1067 3942 1173 4015; x_wconf 73' lang='lat' dir='ltr'><strong>penti·</strong></span> <span class='ocrx_word' id='word_1_323' title='bbox 1227 3948 1290 4003; x_wconf 88' lang='lat' dir='ltr'><strong>tate</strong></span> <span class='ocrx_word' id='word_1_324' title='bbox 1303 3958 1309 4000; x_wconf 90' lang='lat'>:</span> <span class='ocrx_word' id='word_1_325' title='bbox 1324 3941 1415 4021; x_wconf 88' lang='lat' dir='ltr'><strong>juxta</strong></span> <span class='ocrx_word' id='word_1_326' title='bbox 1439 3941 1524 4020; x_wconf 90' lang='lat' dir='ltr'><strong>quod</strong></span> <span class='ocrx_word' id='word_1_327' title='bbox 1550 3959 1607 4022; x_wconf 91' lang='lat' dir='ltr'><strong>per</strong></span> <span class='ocrx_word' id='word_1_328' title='bbox 1630 3942 1796 4005; x_wconf 82' lang='lat' dir='ltr'><strong>Ieremiam</strong></span> <span class='ocrx_word' id='word_1_329' title='bbox 1825 3953 1969 4017; x_wconf 89' lang='lat' dir='ltr'><strong>testatur,</strong></span> 
     </span>
     <span class='ocr_line' id='line_1_29' title="bbox 427 4037 2109 4125; baseline 0.007 -29"><span class='ocrx_word' id='word_1_330' title='bbox 427 4040 483 4097; x_wconf 77' lang='lat' dir='ltr'><strong>dtas</strong></span> <span class='ocrx_word' id='word_1_331' title='bbox 505 4038 541 4096; x_wconf 82' lang='lat' dir='ltr'><strong>itt</strong></span> <span class='ocrx_word' id='word_1_332' title='bbox 561 4057 641 4116; x_wconf 79' lang='lat' dir='ltr'><strong>quus</strong></span> <span class='ocrx_word' id='word_1_333' title='bbox 661 4037 849 4114; x_wconf 80' lang='lat' dir='ltr'><strong>disperserit</strong></span> <span class='ocrx_word' id='word_1_334' title='bbox 871 4047 898 4096; x_wconf 82' lang='lat' dir='ltr'><strong>tc</strong></span> <span class='ocrx_word' id='word_1_335' title='bbox 915 4039 1072 4097; x_wconf 77' lang='lat' dir='ltr'><strong>Dominus</strong></span> <span class='ocrx_word' id='word_1_336' title='bbox 1088 4039 1172 4097; x_wconf 73' lang='lat' dir='ltr'><strong>beas</strong></span> <span class='ocrx_word' id='word_1_337' title='bbox 1226 4038 1370 4100; x_wconf 84' lang='lat' dir='ltr'><strong>Laelabor</strong></span> <span class='ocrx_word' id='word_1_338' title='bbox 1384 4055 1479 4118; x_wconf 91' lang='lat' dir='ltr'><strong>super</strong></span> <span class='ocrx_word' id='word_1_339' title='bbox 1495 4037 1540 4100; x_wconf 90' lang='lat' dir='ltr'><strong>eis</strong></span> <span class='ocrx_word' id='word_1_340' title='bbox 1556 4058 1656 4118; x_wconf 87' lang='lat' dir='ltr'><strong>quum</strong></span> <span class='ocrx_word' id='word_1_341' title='bbox 1671 4038 1862 4105; x_wconf 82' lang='lat' dir='ltr'><strong>benefecero</strong></span> <span class='ocrx_word' id='word_1_342' title='bbox 1878 4042 1969 4125; x_wconf 83' lang='lat' dir='ltr'><strong>Ipsis.</strong></span> <span class='ocrx_word' id='word_1_343' title='bbox 1996 4074 2109 4116; x_wconf 67' lang='lat' dir='ltr'><strong>reama.</strong></span> 
     </span>
     <span class='ocr_line' id='line_1_30' title="bbox 428 4137 2020 4218; baseline 0.004 -22"><span class='ocrx_word' id='word_1_344' title='bbox 428 4146 515 4204; x_wconf 83' lang='lat' dir='ltr'><strong>tuus,</strong></span> <span class='ocrx_word' id='word_1_345' title='bbox 531 4155 675 4194; x_wconf 79' lang='lat' dir='ltr'><strong>reversus</strong></span> <span class='ocrx_word' id='word_1_346' title='bbox 700 4137 805 4214; x_wconf 74' lang='lat' dir='ltr'><strong>fateris</strong></span> <span class='ocrx_word' id='word_1_347' title='bbox 828 4139 871 4195; x_wconf 83' lang='lat' dir='ltr'><strong>ad</strong></span> <span class='ocrx_word' id='word_1_348' title='bbox 892 4157 965 4196; x_wconf 81' lang='lat' dir='ltr'><strong>cum</strong></span> <span class='ocrx_word' id='word_1_349' title='bbox 986 4154 1041 4217; x_wconf 91' lang='lat' dir='ltr'><strong>per</strong></span> <span class='ocrx_word' id='word_1_350' title='bbox 1065 4154 1171 4198; x_wconf 89' lang='lat' dir='ltr'><strong>veram</strong></span> <span class='ocrx_word' id='word_1_351' title='bbox 1268 4139 1462 4198; x_wconf 80' lang='lat' dir='ltr'><strong>Mandatum</strong></span> <span class='ocrx_word' id='word_1_352' title='bbox 1484 4139 1541 4196; x_wconf 80' lang='lat' dir='ltr'><strong>doc</strong></span> <span class='ocrx_word' id='word_1_353' title='bbox 1559 4141 1645 4217; x_wconf 79' lang='lat' dir='ltr'><strong>quod</strong></span> <span class='ocrx_word' id='word_1_354' title='bbox 1662 4158 1717 4215; x_wconf 73' lang='lat' dir='ltr'><strong>epo</strong></span> <span class='ocrx_word' id='word_1_355' title='bbox 1732 4143 1890 4218; x_wconf 64' lang='lat' dir='ltr'><strong>praecipio</strong></span> <span class='ocrx_word' id='word_1_356' title='bbox 1913 4145 1973 4203; x_wconf 79' lang='lat' dir='ltr'><strong>tibi</strong></span> <span class='ocrx_word' id='word_1_357' title='bbox 1986 4139 2020 4178; x_wconf 81' lang='lat'><strong>‘¹-</strong></span> 
     </span>
     <span class='ocr_line' id='line_1_31' title="bbox 427 4232 1971 4320; baseline 0.005 -24"><span class='ocrx_word' id='word_1_358' title='bbox 427 4233 650 4297; x_wconf 90' lang='lat' dir='ltr'><strong>contritionem</strong></span> <span class='ocrx_word' id='word_1_359' title='bbox 677 4241 708 4295; x_wconf 88' lang='lat' dir='ltr'><strong>ct</strong></span> <span class='ocrx_word' id='word_1_360' title='bbox 733 4232 947 4296; x_wconf 79' lang='lat' dir='ltr'><strong>obedientiam</strong></span> <span class='ocrx_word' id='word_1_361' title='bbox 966 4259 973 4308; x_wconf 87' lang='lat'><strong>;</strong></span> <span class='ocrx_word' id='word_1_362' title='bbox 992 4237 1119 4295; x_wconf 80' lang='lat' dir='ltr'><strong>reducet</strong></span> <span class='ocrx_word' id='word_1_363' title='bbox 1145 4245 1172 4295; x_wconf 86' lang='lat' dir='ltr'><strong>te</strong></span> <span class='ocrx_word' id='word_1_364' title='bbox 1226 4238 1331 4306; x_wconf 73' lang='lat' dir='ltr'><strong>toctte,</strong></span> <span class='ocrx_word' id='word_1_365' title='bbox 1342 4256 1406 4297; x_wconf 77' lang='lat' dir='ltr'><strong>non</strong></span> <span class='ocrx_word' id='word_1_366' title='bbox 1421 4245 1465 4295; x_wconf 79' lang='lat' dir='ltr'><strong>eat</strong></span> <span class='ocrx_word' id='word_1_367' title='bbox 1480 4256 1582 4312; x_wconf 73' lang='lat' dir='ltr'><strong>stupra</strong></span> <span class='ocrx_word' id='word_1_368' title='bbox 1598 4236 1678 4306; x_wconf 85' lang='lat' dir='ltr'><strong>te,id</strong></span> <span class='ocrx_word' id='word_1_369' title='bbox 1695 4247 1752 4315; x_wconf 91' lang='lat' dir='ltr'><strong>est,</strong></span> <span class='ocrx_word' id='word_1_370' title='bbox 1762 4239 1971 4320; x_wconf 87' lang='lat' dir='ltr'><strong>capacitatem</strong></span> 
     </span>
     <span class='ocr_line' id='line_1_32' title="bbox 426 4333 1972 4420; baseline 0.005 -25"><span class='ocrx_word' id='word_1_371' title='bbox 426 4335 584 4395; x_wconf 78' lang='lat' dir='ltr'><strong>Dorainer</strong></span> <span class='ocrx_word' id='word_1_372' title='bbox 601 4335 684 4393; x_wconf 76' lang='lat' dir='ltr'><strong>Deam</strong></span> <span class='ocrx_word' id='word_1_373' title='bbox 701 4342 775 4392; x_wconf 80' lang='lat' dir='ltr'><strong>tuac</strong></span> <span class='ocrx_word' id='word_1_374' title='bbox 790 4335 830 4392; x_wconf 83' lang='lat' dir='ltr'><strong>de</strong></span> <span class='ocrx_word' id='word_1_375' title='bbox 844 4334 1032 4409; x_wconf 76' lang='lat' dir='ltr'><strong>captivitate</strong></span> <span class='ocrx_word' id='word_1_376' title='bbox 1049 4344 1119 4404; x_wconf 82' lang='lat' dir='ltr'><strong>tae,</strong></span> <span class='ocrx_word' id='word_1_377' title='bbox 1135 4356 1173 4394; x_wconf 85' lang='lat' dir='ltr'><strong>ac</strong></span> <span class='ocrx_word' id='word_1_378' title='bbox 1227 4334 1272 4395; x_wconf 88' lang='lat' dir='ltr'><strong>tui</strong></span> <span class='ocrx_word' id='word_1_379' title='bbox 1296 4333 1475 4396; x_wconf 89' lang='lat' dir='ltr'><strong>intellectus</strong></span> <span class='ocrx_word' id='word_1_380' title='bbox 1501 4352 1565 4397; x_wconf 93' lang='lat' dir='ltr'><strong>non</strong></span> <span class='ocrx_word' id='word_1_381' title='bbox 1591 4336 1797 4413; x_wconf 88' lang='lat' dir='ltr'><strong>transcendit,</strong></span> <span class='ocrx_word' id='word_1_382' title='bbox 1815 4345 1850 4399; x_wconf 91' lang='lat' dir='ltr'><strong>ut</strong></span> <span class='ocrx_word' id='word_1_383' title='bbox 1873 4359 1972 4420; x_wconf 84' lang='lat' dir='ltr'><strong>queas</strong></span> 
     </span>
     <span class='ocr_line' id='line_1_33' title="bbox 427 4433 1973 4520; baseline 0.008 -30"><span class='ocrx_word' id='word_1_384' title='bbox 427 4433 629 4491; x_wconf 80' lang='lat' dir='ltr'><strong>mr&#39;acrebitur</strong></span> <span class='ocrx_word' id='word_1_385' title='bbox 645 4433 706 4500; x_wconf 82' lang='lat' dir='ltr'><strong>tui,</strong></span> <span class='ocrx_word' id='word_1_386' title='bbox 722 4439 752 4489; x_wconf 91' lang='lat' dir='ltr'><strong>et</strong></span> <span class='ocrx_word' id='word_1_387' title='bbox 767 4451 897 4490; x_wconf 79' lang='lat' dir='ltr'><strong>rursum</strong></span> <span class='ocrx_word' id='word_1_388' title='bbox 919 4434 1122 4508; x_wconf 62' lang='lat' dir='ltr'><strong>concrepabit</strong></span> <span class='ocrx_word' id='word_1_389' title='bbox 1145 4443 1172 4492; x_wconf 86' lang='lat' dir='ltr'><strong>tc</strong></span> <span class='ocrx_word' id='word_1_390' title='bbox 1186 4434 1211 4494; x_wconf 88' lang='lat' dir='ltr'>D</span> <span class='ocrx_word' id='word_1_391' title='bbox 1228 4440 1257 4494; x_wconf 90' lang='lat' dir='ltr'><strong>te</strong></span> <span class='ocrx_word' id='word_1_392' title='bbox 1273 4453 1433 4509; x_wconf 85' lang='lat' dir='ltr'><strong>excusare,</strong></span> <span class='ocrx_word' id='word_1_393' title='bbox 1443 4433 1594 4496; x_wconf 84' lang='lat' dir='ltr'><strong>dicendo:</strong></span> <span class='ocrx_word' id='word_1_394' title='bbox 1607 4434 1674 4497; x_wconf 88' lang='lat' dir='ltr'><strong>Non</strong></span> <span class='ocrx_word' id='word_1_395' title='bbox 1687 4435 1775 4498; x_wconf 84' lang='lat' dir='ltr'><strong>valeo</strong></span> <span class='ocrx_word' id='word_1_396' title='bbox 1792 4437 1973 4520; x_wconf 85' lang='lat' dir='ltr'><strong>intelligere</strong></span> 
     </span>
     <span class='ocr_line' id='line_1_34' title="bbox 425 4528 1974 4613; baseline 0.008 -25"><span class='ocrx_word' id='word_1_397' title='bbox 425 4533 464 4589; x_wconf 79' lang='lat' dir='ltr'><strong>(le</strong></span> <span class='ocrx_word' id='word_1_398' title='bbox 480 4531 603 4589; x_wconf 76' lang='lat' dir='ltr'><strong>cunctis</strong></span> <span class='ocrx_word' id='word_1_399' title='bbox 615 4529 756 4606; x_wconf 83' lang='lat' dir='ltr'><strong>populis.</strong></span> <span class='ocrx_word' id='word_1_400' title='bbox 773 4530 814 4589; x_wconf 85' lang='lat' dir='ltr'><strong>Si</strong></span> <span class='ocrx_word' id='word_1_401' title='bbox 835 4532 879 4588; x_wconf 80' lang='lat' dir='ltr'><strong>cd</strong></span> <span class='ocrx_word' id='word_1_402' title='bbox 900 4531 1060 4598; x_wconf 75' lang='lat' dir='ltr'><strong>cardiace,</strong></span> <span class='ocrx_word' id='word_1_403' title='bbox 1077 4528 1172 4591; x_wconf 90' lang='lat' dir='ltr'><strong>idest</strong></span> <span class='ocrx_word' id='word_1_404' title='bbox 1226 4551 1298 4613; x_wconf 75' lang='lat' dir='ltr'><strong>quae</strong></span> <span class='ocrx_word' id='word_1_405' title='bbox 1313 4532 1391 4594; x_wconf 92' lang='lat' dir='ltr'><strong>mihi</strong></span> <span class='ocrx_word' id='word_1_406' title='bbox 1409 4541 1482 4594; x_wconf 89' lang='lat' dir='ltr'><strong>sunt</strong></span> <span class='ocrx_word' id='word_1_407' title='bbox 1497 4533 1602 4613; x_wconf 79' lang='lat' dir='ltr'><strong>jussa3</strong></span> <span class='ocrx_word' id='word_1_408' title='bbox 1616 4551 1674 4595; x_wconf 88' lang='lat' dir='ltr'><strong>nec</strong></span> <span class='ocrx_word' id='word_1_409' title='bbox 1686 4533 1769 4596; x_wconf 84' lang='lat' dir='ltr'><strong>viros</strong></span> <span class='ocrx_word' id='word_1_410' title='bbox 1785 4542 1855 4598; x_wconf 90' lang='lat' dir='ltr'><strong>tuas</strong></span> <span class='ocrx_word' id='word_1_411' title='bbox 1871 4546 1974 4599; x_wconf 89' lang='lat' dir='ltr'><strong>trans-</strong></span> 
     </span>
     <span class='ocr_line' id='line_1_35' title="bbox 427 4626 1974 4716; baseline 0.007 -28"><span class='ocrx_word' id='word_1_412' title='bbox 427 4645 528 4708; x_wconf 89' lang='lat' dir='ltr'><strong>usque</strong></span> <span class='ocrx_word' id='word_1_413' title='bbox 548 4626 587 4688; x_wconf 91' lang='lat' dir='ltr'><strong>ad</strong></span> <span class='ocrx_word' id='word_1_414' title='bbox 607 4633 757 4700; x_wconf 91' lang='lat' dir='ltr'><strong>extrema,</strong></span> <span class='ocrx_word' id='word_1_415' title='bbox 775 4627 847 4686; x_wconf 76' lang='lat' dir='ltr'><strong>coeti</strong></span> <span class='ocrx_word' id='word_1_416' title='bbox 861 4628 967 4702; x_wconf 76' lang='lat' dir='ltr'><strong>fateris</strong></span> <span class='ocrx_word' id='word_1_417' title='bbox 981 4629 1170 4703; x_wconf 71' lang='lat' dir='ltr'><strong>dissipatae,</strong></span> <span class='ocrx_word' id='word_1_418' title='bbox 1226 4629 1344 4706; x_wconf 90' lang='lat' dir='ltr'><strong>cendit,</strong></span> <span class='ocrx_word' id='word_1_419' title='bbox 1355 4631 1527 4712; x_wconf 74' lang='lat' dir='ltr'><strong>presertIm</strong></span> <span class='ocrx_word' id='word_1_420' title='bbox 1544 4632 1776 4713; x_wconf 81' lang='lat' dir='ltr'><strong>presupposito</strong></span> <span class='ocrx_word' id='word_1_421' title='bbox 1786 4634 1841 4695; x_wconf 85' lang='lat' dir='ltr'><strong>Ilei</strong></span> <span class='ocrx_word' id='word_1_422' title='bbox 1857 4637 1974 4716; x_wconf 76' lang='lat' dir='ltr'><strong>gratie</strong></span> 
     </span>
    </p>
   </div>
   <div class='ocr_carea' id='block_1_6' title="bbox 281 4721 1974 5400">
    <p class='ocr_par' dir='ltr' id='par_1_9' title="bbox 281 4721 1974 5400">
     <span class='ocr_line' id='line_1_36' title="bbox 427 4721 1972 4810; baseline 0.006 -23"><span class='ocrx_word' id='word_1_423' title='bbox 427 4725 459 4787; x_wconf 95' lang='lat' dir='ltr'><strong>id</strong></span> <span class='ocrx_word' id='word_1_424' title='bbox 485 4733 542 4800; x_wconf 90' lang='lat' dir='ltr'><strong>est,</strong></span> <span class='ocrx_word' id='word_1_425' title='bbox 560 4721 794 4804; x_wconf 84' lang='lat' dir='ltr'><strong>quantumlibet</strong></span> <span class='ocrx_word' id='word_1_426' title='bbox 817 4722 910 4803; x_wconf 83' lang='lat' dir='ltr'><strong>longe</strong></span> <span class='ocrx_word' id='word_1_427' title='bbox 931 4743 967 4785; x_wconf 90' lang='lat' dir='ltr'><strong>ae</strong></span> <span class='ocrx_word' id='word_1_428' title='bbox 990 4723 1052 4786; x_wconf 89' lang='lat' dir='ltr'><strong>late</strong></span> <span class='ocrx_word' id='word_1_429' title='bbox 1073 4723 1172 4786; x_wconf 86' lang='lat' dir='ltr'><strong>lucris</strong></span> <span class='ocrx_word' id='word_1_430' title='bbox 1227 4748 1262 4791; x_wconf 94' lang='lat' dir='ltr'><strong>so</strong></span> <span class='ocrx_word' id='word_1_431' title='bbox 1273 4729 1491 4810; x_wconf 90' lang='lat' dir='ltr'><strong>auxilio,quod</strong></span> <span class='ocrx_word' id='word_1_432' title='bbox 1504 4729 1680 4810; x_wconf 88' lang='lat' dir='ltr'><strong>nuIIIquod</strong></span> <span class='ocrx_word' id='word_1_433' title='bbox 1693 4730 1724 4791; x_wconf 91' lang='lat' dir='ltr'><strong>in</strong></span> <span class='ocrx_word' id='word_1_434' title='bbox 1739 4750 1773 4792; x_wconf 92' lang='lat' dir='ltr'><strong>se</strong></span> <span class='ocrx_word' id='word_1_435' title='bbox 1783 4741 1830 4794; x_wconf 92' lang='lat' dir='ltr'><strong>est</strong></span> <span class='ocrx_word' id='word_1_436' title='bbox 1842 4731 1972 4796; x_wconf 81' lang='lat' dir='ltr'><strong>facienti</strong></span> 
     </span>
     <span class='ocr_line' id='line_1_37' title="bbox 428 4821 1974 4910; baseline 0.004 -23"><span class='ocrx_word' id='word_1_437' title='bbox 428 4843 484 4906; x_wconf 93' lang='lat' dir='ltr'><strong>per</strong></span> <span class='ocrx_word' id='word_1_438' title='bbox 501 4831 615 4885; x_wconf 89' lang='lat' dir='ltr'><strong>terram</strong></span> <span class='ocrx_word' id='word_1_439' title='bbox 632 4821 805 4903; x_wconf 85' lang='lat' dir='ltr'><strong>disparsus,</strong></span> <span class='ocrx_word' id='word_1_440' title='bbox 819 4824 896 4881; x_wconf 84' lang='lat' dir='ltr'><strong>inde</strong></span> <span class='ocrx_word' id='word_1_441' title='bbox 912 4825 1052 4883; x_wconf 73' lang='lat' dir='ltr'><strong>retrahet</strong></span> <span class='ocrx_word' id='word_1_442' title='bbox 1068 4834 1097 4884; x_wconf 88' lang='lat' dir='ltr'><strong>te</strong></span> <span class='ocrx_word' id='word_1_443' title='bbox 1111 4827 1173 4886; x_wconf 87' lang='lat' dir='ltr'><strong>Do·</strong></span> <span class='ocrx_word' id='word_1_444' title='bbox 1228 4833 1371 4903; x_wconf 84' lang='lat' dir='ltr'><strong>negatur.</strong></span> <span class='ocrx_word' id='word_1_445' title='bbox 1384 4826 1460 4887; x_wconf 92' lang='lat' dir='ltr'><strong>Nam</strong></span> <span class='ocrx_word' id='word_1_446' title='bbox 1477 4835 1507 4888; x_wconf 88' lang='lat' dir='ltr'><strong>ot</strong></span> <span class='ocrx_word' id='word_1_447' title='bbox 1524 4825 1710 4889; x_wconf 88' lang='lat' dir='ltr'><strong>maledictus</strong></span> <span class='ocrx_word' id='word_1_448' title='bbox 1726 4831 1844 4910; x_wconf 90' lang='lat' dir='ltr'><strong>estqui</strong></span> <span class='ocrx_word' id='word_1_449' title='bbox 1860 4832 1974 4894; x_wconf 90' lang='lat' dir='ltr'><strong>asserit</strong></span> 
     </span>
     <span class='ocr_line' id='line_1_38' title="bbox 428 4920 1973 5009; baseline 0.005 -27"><span class='ocrx_word' id='word_1_450' title='bbox 428 4925 537 4982; x_wconf 79' lang='lat' dir='ltr'><strong>minua</strong></span> <span class='ocrx_word' id='word_1_451' title='bbox 555 4943 566 4980; x_wconf 94' lang='grc'><strong>.·</strong></span> <span class='ocrx_word' id='word_1_452' title='bbox 589 4921 857 5002; x_wconf 88' lang='lat' dir='ltr'><strong>quemadmodum</strong></span> <span class='ocrx_word' id='word_1_453' title='bbox 884 4920 1002 4983; x_wconf 87' lang='lat' dir='ltr'><strong>lactum</strong></span> <span class='ocrx_word' id='word_1_454' title='bbox 1029 4930 1076 4984; x_wconf 92' lang='lat' dir='ltr'><strong>est</strong></span> <span class='ocrx_word' id='word_1_455' title='bbox 1103 4932 1173 5004; x_wconf 93' lang='lat' dir='ltr'><strong>post</strong></span> <span class='ocrx_word' id='word_1_456' title='bbox 1230 4925 1324 4986; x_wconf 88' lang='lat' dir='ltr'><strong>Ileum</strong></span> <span class='ocrx_word' id='word_1_457' title='bbox 1343 4923 1556 5006; x_wconf 88' lang='lat' dir='ltr'><strong>impossibilia</strong></span> <span class='ocrx_word' id='word_1_458' title='bbox 1571 4924 1973 5009; x_wconf 68' lang='lat' dir='ltr'><strong>hominipreeepissena-</strong></span> 
     </span>
     <span class='ocr_line' id='line_1_39' title="bbox 281 5017 1970 5103; baseline 0.006 -23"><span class='ocrx_word' id='word_1_459' title='bbox 281 5031 365 5075; x_wconf 72' lang='lat' dir='ltr'><strong>ldrdr.</strong></span> <span class='ocrx_word' id='word_1_460' title='bbox 374 5045 413 5080; x_wconf 74' lang='lat' dir='ltr'><strong>nu.</strong></span> <span class='ocrx_word' id='word_1_461' title='bbox 428 5019 649 5102; x_wconf 83' lang='lat' dir='ltr'><strong>BabylonIcam</strong></span> <span class='ocrx_word' id='word_1_462' title='bbox 660 5017 1103 5100; x_wconf 76' lang='lat' dir='ltr'><strong>captivitatem.Circumcidet</strong></span> <span class='ocrx_word' id='word_1_463' title='bbox 1114 5026 1173 5083; x_wconf 87' lang='lat' dir='ltr'><strong>Do·</strong></span> <span class='ocrx_word' id='word_1_464' title='bbox 1227 5043 1288 5103; x_wconf 76' lang='lat' dir='ltr'><strong>que</strong></span> <span class='ocrx_word' id='word_1_465' title='bbox 1298 5028 1415 5100; x_wconf 83' lang='lat' dir='ltr'><strong>procul</strong></span> <span class='ocrx_word' id='word_1_466' title='bbox 1425 5025 1579 5100; x_wconf 68' lang='lat' dir='ltr'><strong>pestium,</strong></span> <span class='ocrx_word' id='word_1_467' title='bbox 1598 5044 1655 5083; x_wconf 81' lang='lat' dir='ltr'><strong>nec</strong></span> <span class='ocrx_word' id='word_1_468' title='bbox 1670 5026 1707 5085; x_wconf 84' lang='lat' dir='ltr'><strong>in</strong></span> <span class='ocrx_word' id='word_1_469' title='bbox 1720 5029 1796 5086; x_wconf 85' lang='lat' dir='ltr'><strong>coelo</strong></span> <span class='ocrx_word' id='word_1_470' title='bbox 1810 5029 1924 5098; x_wconf 78' lang='lat' dir='ltr'><strong>situm,</strong></span> <span class='ocrx_word' id='word_1_471' title='bbox 1940 5028 1970 5090; x_wconf 87' lang='lat' dir='ltr'><strong>id</strong></span> 
     </span>
     <span class='ocr_line' id='line_1_40' title="bbox 428 5118 1970 5198; baseline 0.005 -18"><span class='ocrx_word' id='word_1_472' title='bbox 428 5120 538 5180; x_wconf 75' lang='lat' dir='ltr'><strong>mittas</strong></span> <span class='ocrx_word' id='word_1_473' title='bbox 553 5121 639 5179; x_wconf 82' lang='lat' dir='ltr'><strong>Deus</strong></span> <span class='ocrx_word' id='word_1_474' title='bbox 661 5127 735 5177; x_wconf 76' lang='lat' dir='ltr'><strong>tues</strong></span> <span class='ocrx_word' id='word_1_475' title='bbox 753 5138 806 5177; x_wconf 87' lang='lat' dir='ltr'><strong>cor</strong></span> <span class='ocrx_word' id='word_1_476' title='bbox 825 5129 917 5178; x_wconf 82' lang='lat' dir='ltr'><strong>tuam</strong></span> <span class='ocrx_word' id='word_1_477' title='bbox 933 5118 1090 5198; x_wconf 80' lang='lat' dir='ltr'><strong>spirituali</strong></span> <span class='ocrx_word' id='word_1_478' title='bbox 1115 5121 1173 5184; x_wconf 92' lang='lat' dir='ltr'><strong>cir·</strong></span> <span class='ocrx_word' id='word_1_479' title='bbox 1228 5129 1286 5197; x_wconf 88' lang='lat' dir='ltr'><strong>est,</strong></span> <span class='ocrx_word' id='word_1_480' title='bbox 1305 5139 1369 5183; x_wconf 92' lang='lat' dir='ltr'><strong>non</strong></span> <span class='ocrx_word' id='word_1_481' title='bbox 1396 5130 1518 5183; x_wconf 90' lang='lat' dir='ltr'><strong>tantum</strong></span> <span class='ocrx_word' id='word_1_482' title='bbox 1541 5129 1589 5184; x_wconf 91' lang='lat' dir='ltr'><strong>est</strong></span> <span class='ocrx_word' id='word_1_483' title='bbox 1612 5121 1645 5183; x_wconf 94' lang='lat' dir='ltr'><strong>in</strong></span> <span class='ocrx_word' id='word_1_484' title='bbox 1668 5123 1749 5186; x_wconf 88' lang='lat' dir='ltr'><strong>coelo</strong></span> <span class='ocrx_word' id='word_1_485' title='bbox 1770 5133 1825 5186; x_wconf 91' lang='lat' dir='ltr'><strong>aut</strong></span> <span class='ocrx_word' id='word_1_486' title='bbox 1846 5126 1970 5188; x_wconf 85' lang='lat' dir='ltr'><strong>civibus</strong></span> 
     </span>
     <span class='ocr_line' id='line_1_41' title="bbox 427 5213 1970 5302; baseline 0.005 -22"><span class='ocrx_word' id='word_1_487' title='bbox 427 5215 634 5291; x_wconf 87' lang='lat' dir='ltr'><strong>cumcisione,</strong></span> <span class='ocrx_word' id='word_1_488' title='bbox 652 5213 683 5275; x_wconf 93' lang='lat' dir='ltr'><strong>id</strong></span> <span class='ocrx_word' id='word_1_489' title='bbox 706 5223 764 5290; x_wconf 90' lang='lat' dir='ltr'><strong>est,</strong></span> <span class='ocrx_word' id='word_1_490' title='bbox 784 5215 861 5277; x_wconf 91' lang='lat' dir='ltr'><strong>vitia</strong></span> <span class='ocrx_word' id='word_1_491' title='bbox 883 5215 972 5278; x_wconf 88' lang='lat' dir='ltr'><strong>tollet</strong></span> <span class='ocrx_word' id='word_1_492' title='bbox 987 5236 1005 5278; x_wconf 89' lang='lat' dir='ltr'><strong>a</strong></span> <span class='ocrx_word' id='word_1_493' title='bbox 1022 5224 1062 5294; x_wconf 89' lang='lat' dir='ltr'><strong>te,</strong></span> <span class='ocrx_word' id='word_1_494' title='bbox 1080 5227 1112 5280; x_wconf 91' lang='lat' dir='ltr'><strong>et</strong></span> <span class='ocrx_word' id='word_1_495' title='bbox 1128 5220 1174 5281; x_wconf 93' lang='lat' dir='ltr'><strong>in·</strong></span> <span class='ocrx_word' id='word_1_496' title='bbox 1227 5219 1317 5299; x_wconf 78' lang='lat' dir='ltr'><strong>regni</strong></span> <span class='ocrx_word' id='word_1_497' title='bbox 1333 5219 1482 5296; x_wconf 88' lang='lat' dir='ltr'><strong>coelestis,</strong></span> <span class='ocrx_word' id='word_1_498' title='bbox 1496 5220 1529 5282; x_wconf 93' lang='lat' dir='ltr'><strong>iu</strong></span> <span class='ocrx_word' id='word_1_499' title='bbox 1545 5219 1662 5302; x_wconf 88' lang='lat' dir='ltr'><strong>quibus</strong></span> <span class='ocrx_word' id='word_1_500' title='bbox 1678 5230 1782 5284; x_wconf 90' lang='lat' dir='ltr'><strong>tamen</strong></span> <span class='ocrx_word' id='word_1_501' title='bbox 1798 5231 1846 5285; x_wconf 87' lang='lat' dir='ltr'><strong>est</strong></span> <span class='ocrx_word' id='word_1_502' title='bbox 1862 5224 1912 5287; x_wconf 89' lang='lat' dir='ltr'><strong>lex</strong></span> <span class='ocrx_word' id='word_1_503' title='bbox 1926 5225 1970 5286; x_wconf 94' lang='lat' dir='ltr'><strong>di-</strong></span> 
     </span>
     <span class='ocr_line' id='line_1_42' title="bbox 427 5312 1965 5400; baseline 0.005 -21"><span class='ocrx_word' id='word_1_504' title='bbox 427 5313 653 5398; x_wconf 89' lang='lat' dir='ltr'><strong>dispositioncs</strong></span> <span class='ocrx_word' id='word_1_505' title='bbox 669 5312 707 5374; x_wconf 94' lang='lat' dir='ltr'><strong>ad</strong></span> <span class='ocrx_word' id='word_1_506' title='bbox 723 5312 869 5392; x_wconf 85' lang='lat' dir='ltr'><strong>gratiam.</strong></span> <span class='ocrx_word' id='word_1_507' title='bbox 882 5315 1071 5376; x_wconf 79' lang='lat' dir='ltr'><strong>Revertetar</strong></span> <span class='ocrx_word' id='word_1_508' title='bbox 1085 5321 1173 5379; x_wconf 80' lang='lat' dir='ltr'><strong>enim</strong></span> <span class='ocrx_word' id='word_1_509' title='bbox 1228 5317 1294 5379; x_wconf 91' lang='lat' dir='ltr'><strong>vini</strong></span> <span class='ocrx_word' id='word_1_510' title='bbox 1317 5319 1435 5381; x_wconf 88' lang='lat' dir='ltr'><strong>amoris</strong></span> <span class='ocrx_word' id='word_1_511' title='bbox 1455 5327 1551 5400; x_wconf 86' lang='lat' dir='ltr'><strong>atque</strong></span> <span class='ocrx_word' id='word_1_512' title='bbox 1570 5319 1683 5382; x_wconf 86' lang='lat' dir='ltr'><strong>notitia</strong></span> <span class='ocrx_word' id='word_1_513' title='bbox 1703 5319 1800 5383; x_wconf 90' lang='lat' dir='ltr'><strong>totius</strong></span> <span class='ocrx_word' id='word_1_514' title='bbox 1815 5320 1965 5399; x_wconf 81' lang='lat' dir='ltr'><strong>llosaica,</strong></span> 
     </span>
    </p>
   </div>
   <div class='ocr_carea' id='block_1_7' title="bbox 0 0 2163 6259">
    <p class='ocr_par' dir='ltr' id='par_1_10' title="bbox 0 0 2163 6259">
     <span class='ocr_line' id='line_1_43' title="bbox 0 0 2163 6259; baseline 0 0"><span class='ocrx_word' id='word_1_515' title='bbox 0 0 2163 6259; x_wconf 95' lang='lat' dir='ltr'><strong> </strong></span> 
     </span>
    </p>
   </div>
  </div>
 </body>
</html>
