4309 6259
438 486 498 549 588
758 506 930 554 manuario
951 508 982 553 ΙΝ
1004 508 1071 554 GAP.
1095 508 1159 553 xvn
1179 508 1412 555 neumnenouu.
1435 529 1476 539 -
1495 510 1567 556 ultr.
1589 510 1664 556 xvut

441 683 501 737 tur.
529 676 600 739 ldeo
626 677 858 741 iustitutionem
885 678 1001 742 summi
1026 678 1183 761 principis
1197 676 1223 737 Α
1239 678 1428 760 vina,atque
1444 687 1478 741 ut
1492 698 1618 761 semper
1632 687 1739 742 essent
1752 680 1785 740 in
1794 678 1850 741 Dei
1867 678 1988 740 timore

440 774 502 836 sihi
528 776 678 838 Dominus
705 779 878 841 reservavit
904 799 910 843 :
938 787 1067 860 propter
1097 777 1183 859 quod
1238 796 1274 838 ac
1289 776 1481 839 obedientia.
1498 778 1636 839 Instituit
1651 777 1933 859 quoquequaliter
1949 796 1988 837 se

293 890 423 939 ivamus-1..
439 874 557 955 Moyses
573 876 900 952 exoravit‚Provideat
915 878 1066 940 Dominus
1082 876 1185 939 homi·
1238 874 1392 937 haberent
1412 876 1451 937 ad
1475 876 1629 953 subditos,
1647 886 1682 938 ut
1702 877 1825 939 scilicet
1844 876 1883 937 ad
1908 875 1987 937 illos

297 956 403 1009 'ml'
440 991 512 1035 nem
538 974 592 1055 qui
619 974 660 1036 sit
685 994 780 1057 super
805 976 887 1038 hauc
917 976 1181 1049 multitudinem;
1238 973 1404 1035 humiliter
1423 994 1457 1037 se
1477 975 1718 1052 haberent,nec
1738 976 1825 1056 ipsos
1844 974 1989 1056 superbe

439 1071 548 1151 sieque
573 1091 610 1135 ex
637 1073 690 1135 Dei
716 1074 917 1136 ordinatione
943 1073 1109 1137 institutus
1136 1084 1184 1137 est
1238 1081 1489 1150 contemnerent,
1507 1092 1612 1155 neque
1633 1073 1861 1156 opprimerent,
1885 1092 1946 1135 nee
1966 1094 1989 1134 a

435 1172 529 1233 losue
544 1180 615 1253 post
631 1172 766 1254 Moysen.
786 1174 828 1235 De
844 1172 1005 1255 [singulis]
1019 1173 1183 1254 judicibus
1236 1171 1361 1253 justitia
1375 1172 1584 1234 declinarent.
1601 1173 1672 1235 llaec
1687 1173 1834 1235 Thomas.

436 1287 564 1350 quoque
582 1278 652 1351 post
670 1272 764 1333 losue
785 1270 910 1349 legitur,
928 1272 1014 1353 quod
1030 1272 1183 1334 Dominus
1242 1306 1246 1314 ·
1277 1269 1439 1333 Postremo
1454 1270 1540 1333 cirea
1555 1271 1588 1332 id
1603 1271 1688 1353 quod
1704 1271 1823 1332 dictum
1834 1278 1892 1345 est,
1901 1270 1986 1330 Eum

436 1367 601 1429 suscitavit
618 1370 736 1449 populo
753 1369 953 1431 salvatorem.
972 1370 1043 1432 ldeo
1058 1370 1184 1433 electio
1237 1369 1412 1431 constitues
1438 1388 1555 1450 regem,
1582 1370 1694 1433 scribit
1717 1368 1816 1431 Rabbi
1841 1368 1985 1430 Paulus:

438 1484 510 1527 nem
528 1466 610 1546 regis
627 1466 747 1548 populo
768 1484 831 1530 non
852 1468 1023 1529 commisit.
1040 1468 1183 1548 Denique
1237 1468 1430 1549 Praeceptum
1447 1466 1531 1530 istud
1547 1468 1587 1530 de
1603 1467 1802 1529 institutione
1818 1466 1986 1548 regis‚non

436 1564 582 1644 quamvis
598 1566 782 1628 monarchia
802 1585 856 1628 seu
879 1566 964 1647 regia
980 1567 1184 1648 praesidentia
1237 1575 1286 1629 est
1301 1565 1490 1647 permissive
1506 1566 1761 1647 intelligendum,
1778 1565 1834 1628 sed
1847 1574 1894 1627 est
1909 1565 1988 1626 sim-

437 1664 478 1724 sit
499 1663 655 1744 optimum
679 1664 820 1745 regimen
843 1664 963 1747 populi,
982 1665 1008 1726 si
1031 1684 1094 1728 non
1115 1684 1184 1729 eor·
1239 1666 1311 1745 plen
1325 1664 1490 1725 concessio
1500 1682 1573 1725 cum
1584 1662 1822 1730 conditionibus
1834 1662 1866 1724 in
1877 1662 1987 1725 littera

437 1770 612 1842 rumpatur,
638 1770 743 1824 tamen
767 1771 897 1844 propter
922 1782 1069 1844 magnam
1095 1773 1184 1846 pote·
1239 1761 1366 1843 seriptis
1383 1779 1390 1823 :
1410 1780 1469 1824 nec
1483 1762 1638 1843 sequitur,
1652 1762 1679 1823 si
1695 1762 1737 1823 sit
1752 1760 1927 1835 concessio,
1937 1778 1988 1823 er-

436 1868 547 1921 statem
564 1878 635 1941 quaa
652 1860 718 1940 regi
734 1860 925 1935 conceditur,
937 1860 1075 1924 iaeiliter
1090 1863 1184 1941 dege
1202 1864 1224 1924 D
1238 1878 1278 1940 go
1294 1858 1356 1921 lilii
1369 1860 1462 1922 lsrael
1480 1878 1543 1923 non
1560 1867 1743 1941 peccassent
1758 1876 1862 1939 regem
1878 1867 1988 1939 peten-

438 1966 526 2019 nerat
549 1958 581 2019 in
607 1958 817 2039 tyrannidem,
836 1959 898 2021 nisi
918 1958 1061 2041 perlecta
1082 1960 1183 2023 virtus
1239 1958 1290 2020 do.
1307 1958 1384 2020 Nam
1401 1958 1562 2039 petierunt
1578 1976 1682 2037 regem
1698 1956 1791 2019 aliter
1805 1976 1899 2038 quam
1923 1956 1987 2018 luit

437 2056 515 2117 insit
530 2056 631 2133 ei,eui
647 2056 720 2118 talis
736 2065 874 2139 potestas
890 2058 1075 2120 conceditur
1088 2076 1095 2119 :
1108 2058 1184 2140 quia
1238 2075 1435 2119 concessum.
1453 2056 1516 2119 Nec
1535 2075 1573 2118 ex
1594 2057 1654 2119 hoc
1674 2057 1759 2137 quod
1776 2055 1830 2117 ille
1845 2055 1986 2136 populus

438 2173 501 2217 non
529 2154 590 2217 uisi
616 2154 749 2218 virtuosi
776 2164 835 2232 est,
862 2156 943 2219 bene
975 2155 1057 2219 terre
1083 2158 1183 2219 bonas
1239 2154 1301 2216 luit
1317 2154 1488 2236 peculiaris
1504 2155 1570 2230 Dei,
1589 2154 1732 2235 sequitur
1747 2154 1830 2235 quod
1847 2171 1910 2215 non
1933 2154 1987 2215 de

437 2253 594 2331 fortunaS,
620 2263 656 2316 ut
684 2253 802 2315 dicitur
832 2254 957 2317 decimo
985 2255 1180 2319 Ethieorum.
1237 2253 1327 2315 beret
1342 2271 1437 2335 super
1453 2272 1488 2315 se
1503 2270 1609 2333 regem
1625 2252 1752 2315 habere.
1770 2252 1841 2314 llaec
1855 2252 1985 2313 Paulus.

436 2350 577 2413 Perfecta
592 2360 698 2414 autem
715 2352 816 2415 virtus
833 2352 995 2415 invenitur
1011 2353 1043 2414 in
1061 2354 1181 2435 paucis.
1239 2352 1297 2415 Sed
1319 2359 1354 2413 ut
1374 2358 1459 2433 patet
1481 2371 1519 2414 ex
1540 2351 1647 2427 dietis,
1665 2350 1768 2432 prima
1794 2370 1866 2433 pars
1887 2349 1987 2431 hujus

434 2449 533 2511 Judaei
549 2467 678 2529 quoquc
693 2451 838 2513 crudeles
859 2459 948 2513 erant
971 2459 1001 2513 et
1024 2452 1062 2513 ad
1084 2452 1184 2514 avari·
1237 2450 1315 2513 dicti
1331 2459 1378 2513 est
1394 2459 1504 2512 contra
1519 2450 1732 2529 augustinum
1747 2458 1779 2511 et
1793 2448 1985 2523 Glossam,et

437 2547 513 2609 tiam
525 2548 692 2629 proni‚per
707 2567 778 2630 quae
794 2548 871 2612 vitia
886 2549 1033 2613 homines
1048 2550 1184 2613 maxime
1238 2558 1350 2613 contra
1359 2548 1555 2630 expositores
1565 2548 1786 2611 communiter.
1793 2547 1886 2609 Porro
1896 2548 1987 2627 quod

438 2645 470 2706 in
489 2644 688 2727 tyrannidem
710 2656 807 2709 ruunt
825 2664 832 2707 :
851 2647 922 2710 ideo
944 2648 1097 2710 Dominus
1120 2667 1183 2711 non
1238 2648 1294 2723 ait,
1308 2665 1372 2709 non
1388 2646 1490 2727 sequi,
1502 2647 1657 2729 populum
1669 2646 1762 2707 lsrael
1778 2663 1842 2708 non
1857 2644 1989 2707 debuis-

439 2742 578 2805 iustituit
598 2743 644 2807 eis
664 2764 682 2806 a
704 2744 862 2827 principio
880 2764 985 2825 regem
1000 2765 1072 2809 eum
1090 2748 1185 2829 plena
1240 2765 1273 2808 se
1295 2763 1390 2826 super
1413 2763 1447 2806 se
1469 2762 1576 2823 regem
1599 2743 1726 2819 habere,
1744 2742 1822 2823 quia
1842 2750 1909 2805 erat
1930 2742 1987 2803 Dei

439 2849 606 2923 potestate,
616 2843 669 2904 sed
685 2843 825 2924 judicem
841 2851 872 2905 et
887 2843 1130 2921 gubernatorem
1145 2845 1185 2906 ad
1239 2843 1378 2927 populus
1395 2841 1577 2924 peculiaris,
1598 2859 1662 2903 non
1682 2841 1786 2903 solum
1807 2849 1855 2903 est
1874 2848 1989 2902 eontra

440 2939 580 3022 ipsorum
599 2941 775 3003 custodiam
787 2965 793 3013 ;
807 2950 917 3022 postea
931 2961 1006 3005 vero
1022 2944 1060 3003 ad
1074 2942 1185 3024 populi
1240 2942 1360 3024 Lyram,
1369 2941 1423 3002 sed
1435 2940 1529 3002 etiam
1541 2947 1652 3002 eontra
1662 2938 1989 3018 Thomam,sicutjam

441 3038 639 3121 petitionem,
666 3038 756 3121 quasi
783 3039 978 3120 indignatus,
1005 3040 1051 3102 eis
1081 3060 1185 3121 regem
1204 3050 1226 3113 c
1242 3038 1355 3121 patuit,
1373 3038 1438 3100 imo
1452 3046 1564 3100 contra
1579 3038 1724 3099 doctores
1744 3036 1918 3099 catholicos
1935 3054 1991 3116 ge-

345 3162 426 3199 mm.
443 3138 611 3201 concessit.
627 3137 716 3200 Unde
736 3138 815 3200 dixit
835 3140 873 3201 ad
898 3138 1075 3203 Samuelem
1094 3158 1101 3202 :
1119 3140 1186 3203 Non
1243 3136 1404 3213 neraliter,
1421 3144 1452 3198 et
1466 3144 1578 3198 eontra
1599 3154 1636 3197 ea
1657 3153 1728 3217 quae
1751 3134 1784 3196 in
1807 3134 1890 3197 libro
1903 3134 1992 3196 tudi-

443 3244 474 3299 te
483 3236 680 3317 abjecerunt,
690 3238 742 3299 sed
755 3255 813 3313 me,
822 3256 861 3299 ne
873 3255 1001 3316 regnem
1013 3258 1109 3319 super
1123 3258 1188 3301 eos.
1242 3255 1315 3299 cum
1331 3235 1521 3297 recitantur:
1533 3233 1613 3296 alias
1628 3253 1647 3295 a
1661 3232 1820 3315 principio
1834 3232 1991 3295 Dominus

443 3334 581 3396 Instituit
611 3342 715 3397 tamen
741 3356 759 3397 a
784 3334 942 3417 principio
972 3336 1057 3399 eirea
1082 3356 1187 3417 regem
1242 3335 1289 3397 eis
1311 3351 1416 3413 regem
1439 3332 1589 3395 dedisset.
1607 3332 1844 3394 advertendum
1867 3339 1987 3397 tamen.

443 3432 685 3509 instituendum,
708 3434 811 3515 primo
833 3434 971 3513 eligendi
995 3436 1136 3512 modum,
1154 3435 1187 3497 in
1242 3433 1326 3515 quod
1343 3433 1461 3512 llcgum
1478 3431 1582 3513 primo
1593 3430 1693 3494 Rabbi
1704 3430 1818 3492 Paulus
1833 3429 1988 3498 ailirmal,

442 3549 506 3612 quo
528 3530 591 3593 duo
613 3530 847 3594 determinavit.
865 3532 1005 3593 Primum
1027 3540 1087 3609 est,
1104 3542 1139 3594 ut
1154 3534 1187 3596 in
1243 3531 1328 3612 quod
1351 3529 1412 3592 lilii
1435 3530 1526 3591 lsrael
1549 3537 1771 3612 peccaverunt,
1794 3547 1857 3590 non
1880 3546 1989 3609 regem

443 3628 512 3709 ejus
528 3628 683 3692 electione
703 3638 924 3710 exspectarent
943 3630 1102 3711 judicium
1120 3631 1185 3693 Dei.
1244 3629 1391 3711 petendo,
1409 3630 1463 3691 scd
1480 3628 1556 3711 quia
1572 3628 1732 3710 petierunt
1748 3645 1853 3707 regem
1868 3628 1926 3708 qui
1941 3628 1990 3689 eis

443 3727 634 3800 Secundum,
652 3736 687 3788 ut
710 3746 772 3790 non
798 3726 939 3790 lacerent
960 3746 1064 3807 regem
1083 3729 1187 3792 virum
1243 3736 1393 3810 praeesset
1402 3747 1474 3790 eum
1486 3727 1628 3809 plenaria
1638 3734 1805 3809 potestate,
1815 3726 1848 3787 in
1864 3734 1989 3787 tantum

443 3824 572 3887 alterius
587 3825 860 3907 gentis,quoniam
878 3844 966 3905 reges
983 3826 1060 3889 tales
1076 3848 1188 3909 parum
1243 3827 1328 3908 quod
1344 3834 1427 3889 esset
1441 3826 1606 3889 absolutus
1620 3844 1639 3887 a
1654 3824 1789 3905 legibus.
1801 3825 1866 3888 lloe
1881 3834 1989 3887 autem

443 3922 534 3985 allici
560 3923 663 3986 solent
687 3924 725 3985 ad
752 3923 907 4004 populum
932 3925 984 3987 cui
1010 3925 1190 4006 praeiiciun·
1244 3926 1365 3988 nullam
1380 3924 1599 4007 apparentiam
1614 3923 1807 4004 habetquod
1818 3921 1882 3984 lilii
1893 3922 1989 3985 lsrael

445 4030 517 4082 tur:
534 4030 664 4103 propter
680 4022 764 4101 quod
781 4040 893 4103 parum
909 4031 1021 4084 curant
1036 4024 1075 4085 de
1091 4042 1190 4106 popu·
1243 4026 1338 4087 talem
1354 4023 1417 4086 sibi
1433 4040 1538 4102 regem
1560 4021 1681 4103 praeiiei
1702 4020 1906 4103 postularint,
1924 4021 1990 4084 imo

443 4118 485 4181 lo.
496 4118 639 4181 Secundo
655 4118 794 4181 instituit
809 4119 893 4181 eirea
909 4138 996 4200 reges
1013 4120 1185 4197 institutos,
1244 4122 1332 4185 nulla
1346 4140 1424 4202 gens
1441 4129 1503 4182 tam
1522 4118 1608 4181 latua
1622 4128 1669 4181 est
1684 4137 1755 4200 quae
1769 4118 1864 4181 talem
1882 4138 1988 4201 regem

442 4217 579 4297 qualiter
602 4236 636 4280 se
658 4218 774 4280 habere
795 4218 948 4280 deberent
973 4228 1130 4299 quantum
1148 4221 1188 4281 ad
1205 4233 1228 4294 1)
1243 4220 1470 4303 cupiat,quum
1488 4218 1548 4281 hoc
1563 4236 1627 4279 non
1643 4217 1686 4278 sit
1700 4216 1763 4278 nisi
1774 4216 1857 4279 velle
1872 4216 1990 4279 habere

443 4334 476 4377 se
499 4316 596 4397 ipsos,
619 4316 769 4379 videlieet
792 4325 826 4377 ut
849 4334 912 4379 nou
936 4317 1188 4399 multiplicarent
1243 4328 1424 4401 tyrannum.
1443 4317 1518 4379 Nam
1535 4318 1609 4380 dato
1624 4316 1709 4396 quod
1728 4334 1747 4377 a
1766 4314 1890 4395 legibus
1911 4334 1991 4396 pure

443 4413 504 4475 sini
531 4434 642 4477 currus
668 4422 699 4478 ct
724 4433 834 4495 equos,
857 4433 961 4495 neque
988 4434 1111 4492 uxores,
1130 4434 1189 4478 nec
1244 4415 1400 4499 positivis,
1414 4415 1586 4497 imperator
1600 4423 1656 4476 aut
1672 4433 1725 4475 rex
1741 4412 1865 4475 dicatur
1880 4413 1990 4494 aliquo

444 4512 615 4576 immensas
631 4514 772 4591 divitias,
789 4513 865 4594 quia
881 4531 919 4575 ex
935 4514 1048 4576 horum
1067 4513 1190 4595 cupidi·
1244 4516 1338 4578 modo
1353 4513 1531 4589 absolutus,
1549 4530 1612 4574 non
1630 4520 1735 4573 tamen
1756 4531 1775 4573 a
1795 4510 1918 4591 legibus
1935 4529 1992 4571 na-

443 4618 506 4673 tato
532 4611 694 4693 principes
719 4611 759 4673 ad
785 4611 984 4692 tyrannidem
1015 4612 1188 4689 declinant,
1244 4612 1401 4675 turalibus
1422 4631 1459 4674 ae
1482 4610 1647 4686 divinis‚a
1669 4609 1786 4691 quibus
1809 4608 1872 4670 lilii
1895 4609 1989 4671 lsrael

441 4709 664 4792 justitiamque
687 4709 884 4791 relinquunt.
906 4710 1072 4774 Drdiuavit
1094 4711 1189 4774 etiam
1245 4730 1309 4775 non
1332 4711 1503 4774 voluerunt
1527 4728 1619 4771 suum
1643 4725 1748 4788 regem
1770 4726 1839 4769 esse
1863 4707 1991 4770 absolu·
2063 4758 2068 4765 .

443 4808 580 4889 qualiter
603 4827 636 4871 se
656 4808 811 4871 haberent
829 4808 869 4871 ad
888 4810 998 4885 Deum,
1016 4818 1052 4871 ut
1067 4808 1191 4873 scilicet
1245 4818 1324 4873 tum.
1350 4811 1392 4871 De
1417 4808 1476 4871 hac
1501 4826 1546 4885 re,
1570 4806 1704 4870 Domino
1726 4805 1928 4881 concedente,
1952 4804 1988 4865 in

445 4926 569 4988 semper
585 4907 726 4986 legerent
746 4916 777 4969 et
797 4906 973 4987 cogitarent
992 4908 1031 4971 de
1047 4908 1123 4987 lege
1145 4908 1192 4971 di·
1245 4910 1365 4991 Regum
1382 4906 1546 4971 volumine
1560 4905 1688 4988 plenius
1702 4904 1817 4965 dicam.
