4309 6259
831 487 1005 534 manuario
1026 488 1056 533 llll
1077 487 1147 533 GAP.
1170 488 1243 536 xxvt
1264 488 1366 534 exopt.
1388 506 1429 517 -·
1448 487 1519 533 aar.
1543 488 1571 533 tl

985 899 1310 987 stultulus
1352 901 1408 985 Ll

522 1178 698 1224 utuumnrlo
720 1176 894 1224 tlrrsttntts
915 1176 1053 1222 unstrout
1073 1174 1205 1220 vrcusttss
1227 1174 1313 1221 Sllll'l'l
1336 1176 1343 1220 :
1367 1176 1609 1223 rneuuuscuttut
1631 1176 1709 1223 vulto
1731 1177 1782 1221 ITA
1801 1176 1879 1222 uter.

490 1456 680 1531 OSTQUAM
698 1456 858 1540 descripta
882 1465 957 1519 sunt
971 1457 1116 1539 quedam
1136 1456 1170 1517 in
1187 1454 1285 1519 Alilo
1309 1457 1494 1537 jungentur,
1521 1465 1555 1519 ut
1585 1457 1720 1520 reddant
1747 1476 1845 1521 unam
1876 1457 1971 1520 corti·

490 1556 694 1619 tabernaculo
710 1563 870 1633 contenta,
889 1574 974 1617 nunc
990 1556 1173 1619 tabernaou-
1227 1573 1301 1616 nam
1320 1573 1479 1635 magnam,
1496 1554 1666 1618 habentem
1686 1553 1720 1617 in
1741 1555 1910 1619 latitudine
1923 1556 1972 1617 ri-

427 1655 494 1717 lum
510 1656 616 1737 ipsum
632 1652 833 1717 describitur.
856 1656 1112 1715 Teberuoculum
1127 1674 1173 1713 oe·
1225 1654 1307 1733 giuti
1323 1653 1459 1731 cubitos,
1472 1673 1571 1735 quum
1587 1673 1787 1736 unaqueque
1802 1672 1910 1717 earum
1930 1654 1972 1716 sit

427 1774 462 1816 ro
485 1756 533 1815 ite
557 1758 623 1832 fiet.
650 1751 903 1815 'sabernaculum
929 1750 992 1813 luit
1017 1750 1172 1833 templum
1227 1751 1406 1815 latitudinis
1435 1760 1572 1834 quatuor
1602 1740 1795 1815 cubitorum.
1822 1756 1865 1815 Et
1894 1756 1970 1816 elice

426 1853 598 1935 quoddam,
625 1850 905 1933 sanctuariumque
929 1850 1088 1933 portatile,
1116 1869 1172 1912 seu
1226 1854 1371 1930 quinque
1391 1871 1479 1912 mauu
1499 1852 1605 1912 simili
1627 1853 1839 1922 columbum,
1855 1851 1887 1914 id
1909 1860 1969 1928 est,

427 1953 541 2015 domus
556 1951 618 2013 Deo
639 1949 752 2027 dicata,
770 1950 861 2031 eujus
882 1958 1001 2012 tectum
1026 1967 1091 2012 non
1111 1948 1173 2010 luit
1226 1958 1339 2013 ceterae
1354 1949 1497 2031 quinque
1512 1949 1644 2013 cortina
1658 1950 1770 2013 eodem
1785 1950 1880 2013 modo
1897 1950 1971 2032 juu-

427 2056 621 2112 cameratum
637 2056 668 2111 et
683 2048 853 2126 elevatum,
866 2048 920 2111 sed
936 2048 1068 2129 planum
1083 2048 1173 2129 Juxta
1225 2057 1350 2129 gentur.

426 2167 547 2212 morem
558 2144 935 2227 Palestinorum,luitque
951 2152 1087 2227 quatuor
1100 2164 1172 2228 ope
1265 2152 1410 2209 Amules
1434 2150 1668 2229 hyacinthinas
1693 2149 1731 2208 iu
1754 2150 1909 2210 intuitus
1933 2170 1972 2210 ae

427 2246 572 2310 rimantis
587 2254 745 2327 oportum,
763 2245 934 2326 dequibus
950 2263 1035 2307 nunc
1055 2245 1169 2325 agitur.
1225 2248 1466 2308 summitatibus
1490 2248 1591 2325 facies
1614 2250 1829 2320 cortinarum,
1846 2258 1884 2309 ut
1899 2268 1972 2325 pos-

426 2346 565 2420 Quorum
581 2344 722 2428 primum
744 2343 863 2407 lactum
880 2343 942 2406 luit
964 2343 1003 2406 de
1025 2342 1169 2420 cortinis,
1224 2346 1292 2405 sint
1321 2346 1460 2405 invicem
1488 2347 1648 2422 copulari,
1674 2344 1706 2407 id
1736 2353 1795 2423 est,
1818 2344 1851 2407 in
1872 2345 1972 2409 latere

427 2446 459 2507 in
475 2443 592 2526 quibus
607 2442 805 2525 quadruplex
820 2441 907 2506 color
923 2442 1049 2519 luit‚vel
1066 2442 1171 2524 potius
1225 2461 1290 2504 uno
1302 2443 1398 2506 unius
1415 2442 1541 2505 illarum
1556 2443 1691 2506 duarum
1701 2444 1896 2507 cortinarum
1908 2464 1972 2508 ma·

425 2544 504 2625 ipsa
520 2541 651 2605 cortinae
676 2539 807 2603 luerunt
829 2541 968 2623 primum
993 2540 1172 2622 operimen-
1224 2559 1419 2622 gnarum‚en
1432 2542 1576 2624 quinque
1590 2542 1723 2606 cortinis
1737 2543 1969 2606 constantium:

425 2650 506 2704 tum.
523 2640 611 2703 Unde
632 2659 717 2702 nunc
739 2639 856 2702 dicitur
874 2658 880 2702 :
897 2644 1009 2702 Decem
1030 2643 1171 2700 cortinas
1189 2639 1259 2705 Bin
1275 2640 1643 2721 latere,inquam‚usque
1656 2641 1696 2703 ad
1712 2642 1970 2724 summumejus3

424 2744 465 2801 de
480 2742 568 2817 bysso
583 2748 749 2811 retorto,et
764 2740 939 2817 hyacintho
954 2759 992 2799 uc
1003 2759 1168 2818 purpura,
1226 2737 1374 2802 simililer
1387 2739 1421 2801 in
1434 2739 1532 2802 latere
1547 2758 1611 2803 uno
1626 2740 1758 2803 alterius
1770 2758 1893 2821 magnae
1904 2760 1972 2804 eor-

425 2858 573 2919 eoccoque
589 2839 636 2897 bis
652 2838 762 2909 tincto,
779 2840 925 2899 variatas
940 2857 1031 2916 opere
1041 2842 1171 2915 plume-
1226 2836 1312 2914 tinae,
1330 2846 1366 2899 ut
1381 2838 1451 2901 dua
1471 2838 1534 2900 illas
1555 2856 1677 2920 magnas
1696 2838 1827 2902 cortina
1846 2839 1973 2922 possint

424 2939 475 2998 rio
490 2938 590 3017 facies
612 2935 685 2999 fieri
707 2955 764 3019 ρον
784 2956 897 2999 manus
922 2936 1096 2999 artificum.
1113 2935 1171 2999 lta·
1226 2936 1378 3018 conjungi
1394 2955 1451 3018 per
1473 2955 1567 2999 ansas
1581 2945 1613 3000 et
1633 2937 1782 3001 circulos.
1805 2940 1972 3019 Quinque-

424 3055 488 3118 que
517 3034 667 3119 qualibet
695 3035 890 3099 cortinarum
920 3036 1065 3111 istarum,
1088 3034 1172 3097 lacta
1222 3055 1324 3113 qenes
1338 3040 1470 3097 ansulas
1485 3037 1611 3097 cortina
1631 3038 1756 3098 babebit
1776 3040 1813 3098 iu
1832 3047 1972 3119 utraque

426 3134 489 3197 luit
517 3152 556 3198 ex
585 3141 721 3215 quatuor
749 3133 819 3195 istis
850 3134 1003 3210 materiis,
1035 3152 1170 3214 quarum
1221 3144 1328 3212 perte,
1346 3133 1378 3196 id
1394 3141 1453 3212 est,
1470 3153 1669 3216 unaquaeque
1684 3153 1793 3197 earum
1816 3134 1848 3197 in
1872 3136 1971 3200 latere

426 3233 578 3316 qualibet
593 3232 759 3315 proprium
775 3232 912 3296 babebat
927 3232 1066 3296 colorem
1080 3251 1087 3294 :
1100 3252 1171 3314 quaa
1204 3243 1207 3251 '
1226 3251 1284 3296 suo
1300 3232 1417 3297 habere
1432 3233 1526 3296 debet
1541 3243 1589 3296 tot
1607 3234 1747 3312 ansulas,
1766 3238 1814 3296 ite
1833 3238 1971 3296 insertas

289 3346 411 3402 selam,
427 3332 567 3395 materiae
581 3350 618 3394 ae
634 3330 755 3394 colores
770 3332 854 3394 cirea
869 3331 1064 3414 principium
1079 3350 1172 3414 expe
1226 3332 1371 3409 cortinis,
1387 3343 1424 3393 ut
1439 3354 1521 3394 ense
1535 3343 1647 3395 contra
1666 3355 1781 3395 ausam
1801 3337 1921 3407 veniat,
1938 3334 1970 3396 id

280 3412 332 3462 ³²⁴·
427 3430 552 3494 sitionis
569 3429 716 3493 litteralis
731 3430 862 3512 capituli
878 3430 1087 3512 precedentis
1098 3440 1172 3493 sunt
1226 3440 1285 3509 est,
1303 3451 1381 3495 ansa
1402 3431 1499 3494 unius
1524 3432 1655 3496 cortinae
1676 3433 1797 3496 directe
1817 3432 1926 3498 veniat
1939 3442 1971 3497 et

426 3529 572 3611 expositi,
589 3528 731 3591 Fuerunt
745 3536 851 3591 autem
875 3528 1005 3592 cortines
1030 3529 1169 3607 variatae,
1225 3530 1410 3609 contingere
1425 3530 1527 3612 possit
1541 3549 1651 3593 ansam
1667 3530 1808 3609 alterius,
1822 3542 1852 3593 et
1866 3536 1971 3593 attera

427 3628 459 3691 id
472 3637 521 3691 est
531 3627 745 3692 diversimode
756 3628 911 3691 decoratae
923 3626 1104 3709 depictione
1117 3627 1172 3692 llo
1225 3631 1323 3689 elteri
1333 3632 1435 3706 possit
1449 3630 1615 3708 adaptari,
1633 3630 1665 3692 id
1681 3637 1729 3693 est
1743 3629 1970 3693 convenienter

427 3745 498 3788 rum
514 3746 550 3791 ac
565 3727 784 3811 picturarum:
802 3734 833 3789 et
848 3726 919 3803 hoc,
936 3744 1032 3808 opere
1048 3726 1171 3807 pluma·
1225 3728 1384 3791 connecti.
1415 3728 1510 3791 Porro
1540 3747 1617 3790 ansa
1646 3727 1764 3791 dicitur
1792 3728 1889 3806 auris,
1913 3746 1970 3811 ρον

426 3824 484 3903 νίο,
498 3824 530 3888 id
545 3834 593 3889 ost
609 3826 693 3889 lacto
709 3844 766 3909 per
781 3825 969 3888 aeumNam
986 3823 1206 3907 plumaunoc
1224 3846 1321 3909 quarn
1342 3835 1450 3908 sporta
1471 3846 1527 3889 seu
1547 3846 1603 3891 vas
1623 3835 1778 3910 portatur,
1795 3836 1827 3891 et
1846 3828 1970 3891 cortina

425 3925 519 3987 modo
541 3944 598 4007 pro
619 3944 678 3988 acu
700 3924 876 4007 accipitur3
898 3932 993 4005 atque
1016 3931 1051 3986 ul
1072 3924 1170 3986 sentit
1224 3925 1356 3989 eortina
1380 3926 1591 3989 connectitur.
1619 3926 1694 3990 lnde
1718 3927 1841 4005 ansula,
1858 3936 1968 4010 utpote

424 4022 627 4105 Augustinus,
648 4024 784 4087 varietas
810 4023 866 4086 illa
890 4022 1088 4106 picturarum
1113 4042 1170 4104 ρον
1224 4044 1302 4087 ansa
1324 4044 1432 4107 parva.
1457 4028 1568 4086 Facies
1590 4036 1620 4087 et
1641 4028 1884 4107 quinquaqinta
1905 4030 1968 4087 cir-

424 4140 517 4185 aoum
542 4129 590 4185 est
610 4121 702 4184 faeta.
724 4121 832 4204 Aliqui
859 4130 972 4196 lamen,
994 4122 1090 4183 etiam
1114 4120 1170 4183 He·
1223 4129 1310 4185 culos
1325 4126 1578 4205 eureos,quibus
1593 4126 1795 4186 cortinarum
1809 4127 1969 4203 uelajun-

425 4220 514 4298 brai,
546 4219 712 4283 allirmant
740 4220 826 4302 quod
856 4239 914 4303 ρον
944 4228 1099 4283 texturam
1128 4219 1170 4282 sit
1219 4227 1326 4300 peuda
1340 4233 1424 4284 sumt.
1435 4221 1472 4283 lli
1489 4222 1608 4286 etenim
1623 4222 1735 4285 circuli
1747 4222 1968 4287 inserebantur

424 4319 517 4383 lacta.
544 4321 727 4397 Loupitudo
751 4316 883 4381 certium
908 4322 1022 4389 unius,
1045 4320 1169 4381 babebit
1222 4322 1354 4399 ansulis,
1372 4329 1404 4385 et
1418 4323 1488 4384 duae
1508 4322 1628 4385 ansulae
1647 4341 1712 4385 uno
1731 4340 1827 4385 aureo
1846 4322 1967 4387 circulo

423 4421 546 4497 vipiuti
559 4428 625 4480 octo
640 4420 759 4479 cubitos
773 4442 786 4493 ‚·
803 4419 942 4479 latitudo
961 4428 1102 4499 quatuor
1116 4439 1169 4479 cu·
1222 4421 1466 4502 colligabantur,
1483 4420 1593 4502 sicque
1617 4421 1689 4484 vola
1709 4420 1915 4499 cortinarum,
1933 4421 1965 4484 id

422 4520 563 4579 tritorum
579 4520 640 4578 erit
655 4537 666 4581 :
683 4515 759 4600 quia
784 4516 830 4580 sic
851 4517 1034 4599 requirebat
1054 4534 1168 4580 conve·
1221 4528 1270 4582 est
1284 4519 1355 4581 dua
1375 4518 1512 4601 grandes
1533 4518 1664 4582 cortina
1689 4518 1839 4601 praelatae,
1855 4538 1966 4584 conso

423 4617 515 4680 niens
545 4616 668 4699 opertio
698 4615 895 4679 tabernaculi
926 4634 982 4698 per
1014 4616 1164 4679 cortinas.
1220 4617 1398 4681 ciebantur.
1411 4620 1453 4679 m
1469 4638 1574 4677 uuum
1586 4620 1828 4679 tabernaculum
1841 4620 1919 4695 siat,
1931 4617 1964 4680 id

429 4719 530 4779 Unius
541 4736 698 4777 mensurae
713 4718 798 4794 sieut
809 4717 961 4776 universa
974 4717 1123 4787 tentoria,
1133 4714 1166 4778 id
1220 4724 1268 4778 est
1292 4733 1393 4778 unum
1418 4714 1614 4797 completum
1639 4714 1739 4778 totius
1767 4714 1963 4779 tabernaculi

421 4823 480 4893 est,
498 4813 638 4898 prelata
653 4815 762 4877 decem
785 4814 928 4891 cortina,
946 4820 1039 4876 erunt
1064 4812 1167 4895 longi·
1219 4813 1466 4897 operimentum.
1499 4813 1566 4888 Quo
1590 4822 1730 4891 constat,
1757 4832 1868 4877 verum
1894 4834 1965 4878 asse

421 4914 542 4978 tudinis
558 4912 800 4993 latitudinisque
816 4912 969 4993 ejusdem.
987 4911 1083 4975 Porro
1098 4931 1166 4976 cor·
1219 4913 1304 4994 quod
1330 4911 1475 4993 Magister
1501 4911 1534 4974 in
1559 4912 1702 4977 historiis
1726 4912 1849 4990 asserit,
1876 4912 1964 4997 ipsas

421 5014 496 5075 tina
521 5013 580 5089 hee,
607 5011 699 5075 dicte
721 5018 795 5073 sunt
816 5009 912 5073 etiam
935 5011 1015 5089 vela,
1033 5020 1065 5074 et
1088 5012 1164 5074 item
1178 5013 1204 5074 D
1219 5011 1360 5075 cortinas
1382 5012 1574 5093 quandoque
1596 5011 1836 5074 tabernaculum
1857 5013 1963 5095 appel·

420 5110 564 5187 tentoria,
572 5111 648 5191 quia
662 5109 848 5193 operiebant
863 5108 1101 5173 tabernaculum
1119 5110 1165 5172 in·
1219 5110 1291 5173 lari.
1311 5111 1355 5172 lle
1370 5110 1465 5173 modo
1480 5118 1587 5172 autem
1599 5118 1755 5192 apertura
1766 5110 1961 5174 tabernaculi

420 5218 485 5272 star
502 5207 636 5272 tentorii
647 5209 794 5288 Quinque
806 5210 939 5270 cortines
953 5209 1164 5286 sibijunpen-
1217 5228 1274 5291 per
1289 5208 1397 5271 velum
1413 5226 1470 5271 seu
1491 5208 1726 5290 operimentum
1752 5209 1831 5272 illud
1852 5210 1960 5287 totale,

418 5318 472 5369 tur
488 5317 612 5380 mutuo,
629 5306 738 5385 idest,
757 5307 875 5390 pariter
893 5314 1089 5371 consuantur
1106 5325 1162 5369 seu
1216 5306 1334 5389 duplex
1349 5305 1534 5390 ests-opinio,
1548 5316 1584 5369 ut
1600 5316 1759 5389 tangetur.
