4309 6259
555 529 731 576 nummulo
752 529 783 575 nr
804 528 875 575 aar.
899 527 953 573 un
973 527 1109 575 savrrrcr.
1133 547 1173 560 -
1193 529 1265 574 nnr.
1288 526 1331 574 xx
1657 513 1713 576 191

164 703 403 786 superpiissimi
428 703 494 780 Oei,
518 703 604 786 quod
629 701 783 765 Dominus
808 700 915 783 ipsum
930 696 957 760 tt
972 701 1206 766 imbecillitates
1222 699 1426 763 infirmorum
1443 701 1610 764 sustinere.
1622 701 1660 763 Et
1676 719 1717 766 ne

163 803 270 866 Aaron
285 811 318 866 at
333 810 478 886 posteros
497 803 567 884 ejus
583 802 621 864 ad
644 798 848 883 pontificium
870 818 917 860 sa·
971 801 1045 883 quis
1067 800 1101 862 in
1122 820 1155 864 se
1171 801 1241 883 ipso
1257 798 1344 864 fatue
1357 799 1521 880 glorietur,
1538 799 1630 884 quasi
1653 809 1717 863 tan·

163 900 410 983 cerdotiumqne
431 900 615 983 assumpsit,
639 907 808 982 postquam
831 898 916 960 eirca
973 907 1023 962 tus
1033 900 1189 963 exsistens
1205 907 1240 962 ut
1255 897 1389 980 pusillos
1405 899 1570 976 sustineat,
1581 900 1716 981 ejusque

164 999 304 1062 vitulum
320 999 520 1078 conflatilem
535 1008 599 1061 tam
615 998 685 1061 dire
696 996 850 1080 peccavit.
861 995 918 1058 Ne·
971 997 1207 1080 comparatione
1227 997 1282 1060 alii
1303 1005 1490 1079 reputentur
1512 997 1648 1074 infirmi,
1669 1016 1718 1060 re-

164 1118 218 1162 mo
233 1117 310 1178 ergo
325 1101 366 1162 ad
382 1099 611 1179 ignoscendum
627 1096 669 1159 sit
686 1097 805 1158 tardus.
971 1105 1021 1160 cte
1035 1095 1351 1179 adjecitdpostolus:
1369 1097 1407 1159 Et
1422 1115 1487 1160 non
1503 1096 1597 1160 nobis
1614 1096 1716 1179 place
1731 1117 1863 1170 neuma

205 1201 392 1279 Statimque
410 1201 526 1259 obtulit
545 1201 658 1259 Aaron
678 1206 709 1257 et
728 1197 814 1273 filies
833 1194 915 1270 ejus.
973 1215 1017 1258 re.
1029 1196 1100 1258 llaec
1116 1205 1221 1259 autem
1236 1196 1377 1260 caritatis
1393 1194 1548 1278 perfectio
1563 1195 1717 1278 competit

163 1296 223 1359 Per
237 1297 299 1360 boc
315 1305 455 1373 notatur,
472 1297 558 1379 quod
579 1296 612 1358 in
628 1294 728 1358 saeris
743 1290 916 1356 Ordinibus
972 1294 1030 1372 eis,
1047 1295 1104 1376 qui
1124 1296 1229 1359 dicere
1249 1303 1381 1377 possunt
1396 1313 1402 1356 :
1420 1295 1531 1358 Nostra
1551 1314 1717 1359 conversa·
1757 1315 1858 1372 rusina.

163 1395 344 1473 constituti,
362 1403 437 1457 sunt
454 1396 517 1457 Oeo
538 1393 720 1476 specialiter
735 1387 916 1470 consignati
972 1394 1018 1457 tio
1034 1394 1065 1457 in
1083 1393 1173 1457 coelis
1188 1403 1246 1458 est.
1257 1397 1714 1474 Quedadatrtnpenaeiuyuto,
1731 1395 1760 1432 ¹¹¹·
1774 1383 1807 1424 ²⁰·

164 1493 403 1556 etconsecrati:
418 1494 644 1575 propterquod
660 1489 807 1570 sacrilegi
821 1487 916 1562 fiunt,
972 1495 1100 1571 aptavit
1118 1495 1286 1554 rationali.
1307 1493 1363 1556 Per
1384 1492 1538 1556 rationale
1560 1491 1718 1574 significa-

164 1591 242 1652 dum
260 1592 324 1654 lleo
340 1592 462 1669 relicto,
480 1592 520 1654 ad
536 1591 676 1655 carnalia
691 1599 787 1671 atque
810 1586 918 1651 inania
973 1600 1025 1654 tur
1044 1590 1293 1672 discretioque
1318 1592 1459 1672 cingulo,
1476 1592 1509 1654 id
1534 1600 1583 1656 est
1609 1592 1663 1674 pia
1688 1600 1718 1654 at

165 1709 200 1752 se
221 1689 408 1753 effundunt.
428 1695 596 1769 Quinque
611 1692 741 1751 lavisset
755 1708 827 1748 ees:
842 1686 919 1768 quia
974 1690 1155 1772 sapientiali
1171 1691 1399 1768 moderatione,
1415 1691 1578 1772 jungenda
1593 1699 1641 1754 est
1661 1691 1719 1753 hu-

164 1789 204 1850 ad
222 1807 331 1852 sacros
341 1787 475 1851 Ordines
491 1788 616 1868 indigni
632 1796 709 1850 sunt
725 1785 916 1869 promoveri,
974 1788 1098 1866 merali,
1115 1798 1150 1851 ut
1170 1789 1215 1852 sie
1235 1788 1370 1852 aliorum
1391 1787 1535 1852 defectus
1555 1787 1719 1851 caritative

166 1887 346 1968 praesertim
362 1888 401 1949 ad
419 1885 643 1969 pontificatum
657 1906 694 1949 ae
709 1893 917 1969 pastoratum,
937 1887 1194 1969 Bportentur,ut
1211 1887 1311 1950 nibilo
1322 1887 1429 1949 minus
1445 1907 1517 1950 cum
1528 1887 1720 1950 discretione

164 1984 222 2065 qui
238 1985 281 2047 ab
297 1985 457 2048 universis
472 1985 560 2047 vitiis
575 2003 640 2048 non
661 1992 737 2048 sunt
758 1984 917 2045 immunes
974 1985 1189 2068 corripiantur
1213 1994 1244 2048 et
1267 1985 1472 2067 castigentur,
1500 2005 1540 2050 ne
1565 1987 1720 2050 invetera-

165 2103 222 2146 seu
248 2085 440 2147 emundati:
463 2085 528 2148 imo
552 2085 609 2166 qui
634 2084 674 2146 ad
699 2083 830 2165 aliquod
855 2082 919 2146 tale
975 2093 1065 2147 scant
1078 2093 1174 2166 atque
1186 2093 1368 2166 putrescant
1383 2084 1508 2147 infirmi
1524 2085 1557 2147 in
1572 2084 1720 2149 sordibus

164 2183 324 2246 accedunt
349 2182 486 2264 indigni,
508 2191 618 2265 utpote
644 2182 764 2246 conscii
791 2181 853 2245 sibi
880 2183 919 2244 de
975 2182 1102 2244 suislu
1118 2203 1179 2262 quo
1195 2193 1264 2244 erat
1275 2185 1429 2244 Doctrina
1445 2192 1474 2243 et
1491 2185 1632 2244 Veritus:
1643 2201 1720 2264 quo

164 2281 273 2363 culpa,
298 2291 433 2363 peccant
457 2282 660 2354 mortaliter3
685 2280 834 2344 similiter
862 2279 918 2361 qui
975 2281 1061 2344 niam
1074 2299 1130 2363 per
1141 2280 1365 2345 discretionem
1378 2281 1720 2363 agnoscitur,qualiter

164 2388 273 2442 actum
290 2380 373 2442 sacri
389 2379 517 2443 Ordinis
536 2387 753 2461 exsequuntur
776 2378 916 2459 indigne.
973 2379 1139 2442 audientes
1155 2387 1186 2441 et
1202 2378 1320 2441 subditi
1337 2379 1403 2441 sint
1418 2379 1564 2456 docendi,
1583 2398 1647 2443 non
1671 2397 1720 2443 so-

164 2477 269 2559 lltque
295 2486 330 2540 ut
355 2478 486 2541 divinus
511 2477 680 2559 Dionysius
707 2484 916 2552 contestatur,
974 2477 1041 2541 lum
1064 2497 1122 2562 per
1144 2478 1251 2553 verba,
1275 2478 1331 2541 sed
1356 2477 1451 2541 etiam
1477 2496 1534 2560 per
1558 2477 1717 2560 exempla,

166 2577 349 2639 sacerdotes
365 2577 483 2639 debent
502 2576 599 2639 etiam
616 2595 634 2637 a
650 2575 795 2637 minimis
815 2575 919 2657 culpis
974 2579 1058 2658 quod
1075 2577 1193 2641 veritas
1208 2577 1281 2640 vitae
1297 2577 1449 2640 insinuat.
1465 2580 1579 2638 (tiuart
1592 2597 1717 2657 quoque

165 2675 345 2738 consistere
367 2675 464 2738 alieni
483 2694 490 2738 :
508 2676 594 2757 quod
616 2675 745 2737 denotat
767 2674 844 2737 lotio
867 2693 920 2737 ex·
975 2679 1053 2737 teuit
1068 2688 1175 2756 caput.
1193 2675 1250 2739 Per
1265 2675 1398 2738 cidarim
1414 2676 1570 2739 rectitudo
1586 2674 1717 2756 justitiae

167 2775 366 2837 tramitatum
389 2775 562 2855 digitorum
587 2792 698 2837 eorum
723 2773 755 2834 in
779 2773 919 2836 celebra·
973 2774 1076 2858 accipi
1092 2783 1206 2857 potest,
1222 2794 1285 2857 qua
1300 2784 1406 2857 caput,
1423 2775 1454 2837 id
1470 2783 1519 2837 est
1534 2793 1599 2851 cor,
1613 2773 1719 2837 ornari

166 2872 266 2935 tione.
284 2873 349 2954 lpsi
365 2890 440 2953 ergo
455 2881 529 2935 ante
549 2871 797 2935 celebrationem
818 2890 852 2933 se
871 2871 920 2952 ip·
974 2882 1108 2957 oportet.
1126 2874 1182 2936 Per
1197 2893 1325 2936 auream
1346 2873 1509 2948 laminam,
1524 2872 1555 2934 iu
1572 2891 1636 2954 qua
1651 2880 1721 2934 erat

166 2989 219 3033 sos
243 2971 432 3049 discutiant,
458 2970 684 3046 confiteantur,
712 2977 743 3031 et
773 2968 914 3032 lacrimis
975 2971 1476 3053 nomenllomini,contemplatio
1493 2979 1602 3052 saneta
1618 2970 1721 3050 signa·

168 3069 370 3150 poenitentias
386 3069 504 3132 lavent.
931 3062 955 3129 C
975 3080 1035 3148 tur,
1053 3090 1118 3153 qua
1132 3070 1213 3133 Oeus
1234 3070 1334 3133 menti
1354 3069 1551 3133 inscribitur.
1569 3069 1718 3132 Prmlatus

217 3169 353 3228 Vesticit
366 3170 553 3246 pontificem
568 3169 725 3227 subucula
742 3167 839 3226 linea.
857 3164 919 3226 Pri·
974 3170 1094 3233 etenim
1109 3168 1306 3251 perfectione
1322 3169 1394 3232 vitae
1410 3167 1521 3231 activae
1536 3177 1567 3231 et
1582 3175 1722 3230 contem·

169 3265 357 3348 moquippe
371 3274 498 3347 oportet
511 3265 629 3329 avitiis
644 3263 919 3347 expurgaridein-
975 3267 1101 3350 plativae
1116 3268 1210 3344 debet
1226 3266 1359 3348 fulgere,
1372 3275 1403 3329 et
1419 3285 1503 3328 nunc
1520 3264 1627 3342 unius,
1640 3265 1721 3347 jarn-

47 3374 154 3448 famm.
169 3366 209 3428 de
218 3365 394 3428 virtutibus
410 3365 565 3442 decorari,
573 3365 663 3446 juxta
678 3364 777 3426 illud:
792 3361 919 3425 Oeelina
974 3385 1037 3447 que
1052 3366 1183 3429 alterius
1199 3367 1272 3430 vitae
1287 3365 1447 3428 exercitiis
1463 3364 1632 3428 inhaerere.

37 3439 72 3510 '3'
90 3452 153 3486 “m
168 3484 188 3526 a
203 3464 343 3540 malo‚et
359 3464 408 3527 fac
423 3462 555 3527 bonum.
565 3465 609 3527 De
624 3463 797 3546 multiplici
812 3471 918 3525 autem
1018 3469 1105 3527 Tulit
1120 3476 1149 3527 et
1165 3468 1328 3527 unctionis
1343 3469 1447 3526 oleum
1463 3485 1524 3544 quo
1542 3466 1655 3525 liuicit
1673 3475 1717 3525 ta·

168 3582 266 3625 causa
280 3570 314 3625 et
329 3560 814 3645 significationepontificalium
826 3581 862 3625 ac
874 3580 920 3623 sa·
975 3567 1194 3625 deruccutum.
1206 3563 1357 3644 Perquod
1375 3561 1542 3644 figuratur,
1553 3563 1638 3644 quod
1656 3570 1720 3626 tota

168 3660 381 3724 cerdotalium
391 3662 654 3724 vestimentorum
670 3680 707 3724 ac
718 3668 917 3723 ornamento
976 3661 1121 3725 fidelium
1144 3662 1346 3746 congregatio
1372 3661 1524 3724 unctione
1549 3661 1722 3724 charisma·

168 3778 252 3835 rum,
265 3767 312 3822 tot
326 3767 358 3821 et
374 3767 459 3821 tanta
476 3779 571 3842 super
587 3759 730 3822 Exodum
746 3758 872 3841 scripsi,
884 3767 919 3821 ut
976 3769 1043 3823 tum
1059 3761 1196 3843 Spiritus
1208 3760 1314 3823 Sancti
1331 3759 1371 3822 sit
1387 3759 1621 3842 perfundenda.
1633 3764 1723 3828 Quod

166 3875 205 3926 ea
229 3857 298 3938 jam
323 3857 439 3920 iterare
460 3857 631 3920 molestum
654 3857 705 3919 sit.
730 3857 919 3920 Brevissima
976 3861 1118 3938 suadens
1139 3881 1237 3938 super
1258 3869 1354 3937 caput
1370 3863 1494 3931 Aaron,
1516 3861 1614 3921 enuit
1635 3880 1719 3920 eum.

168 3963 278 4017 autern
296 3957 466 4035 tangendo,
484 3975 541 4036 per
555 3955 746 4018 subuculam
761 3975 818 4018 seu
835 3955 919 4017 tuni·
969 3958 1053 4021 llam
1069 3959 1243 4041 presidens
1260 3977 1315 4020 seu
1333 3958 1482 4039 praelatus
1504 3967 1591 4022 tanto
1607 3959 1722 4021 exube-

169 4073 240 4118 cam
259 4052 377 4116 lineam
399 4055 552 4129 strictam,
569 4054 630 4116 rite
650 4054 841 4133 intelligitur
861 4074 918 4137 pu·
978 4057 1110 4120 rantiori
1128 4057 1249 4137 indiget
1263 4057 1414 4120 unctione
1429 4064 1460 4120 et
1474 4057 1576 4138 gratia
1586 4057 1723 4140 Spiritus

47 4157 156 4230 furt-vn,
171 4153 250 4215 ritas
270 4171 328 4215 seu
348 4152 532 4216 innocentia
552 4153 636 4228 vitae,
657 4172 729 4234 quae
751 4154 849 4216 ardua
871 4161 920 4216 est
977 4154 1095 4232 Sancti,
1112 4174 1176 4236 quo
1192 4155 1293 4236 major
1310 4163 1359 4218 est
1374 4175 1429 4218 sua
1445 4156 1599 4238 praelatio,
1612 4165 1643 4220 et
1658 4176 1722 4238 quo

36 4221 64 4260 ¹*
169 4261 324 4333 arctaque
335 4251 404 4326 via;
416 4270 474 4334 per
484 4251 747 4329 balteum,virtus
757 4252 922 4316 coutinen-
935 4255 960 4318 1)
976 4253 1123 4336 pluribus
1137 4263 1261 4335 praeest,
1274 4272 1337 4335 quo
1353 4253 1429 4317 item
1444 4254 1500 4336 qui
1516 4255 1545 4318 ei
1555 4256 1719 4319 commissi

170 4350 307 4430 tiae,qua
317 4350 535 4432 praecingendi
550 4358 625 4412 sunt
640 4350 758 4424 lumbi3
771 4370 829 4433 per
840 4350 922 4413 tuni·
977 4354 1105 4416 suntad
1121 4352 1234 4416 altiora
1249 4361 1280 4416 et
1298 4352 1490 4435 perfectiora
1510 4363 1669 4433 tenentur,
1688 4355 1721 4417 in

168 4467 241 4512 cam
257 4449 510 4531 hyacinthinam,
520 4449 720 4512 conversatio
731 4449 921 4513 coeliformis
978 4460 1098 4515 tantum
1109 4460 1144 4515 ut
1153 4453 1193 4515 de
1203 4451 1403 4533 plenitudine
1413 4473 1470 4516 sua
1480 4462 1576 4534 queat
1586 4452 1724 4516 influere

167 4556 267 4628 atque
282 4547 523 4629 angelica,quia
533 4547 725 4630 hyacinthus
741 4556 789 4610 est
804 4548 923 4611 eoloris
978 4551 1115 4614 subditis
1131 4551 1208 4613 suis.
1225 4553 1328 4613 Filios
1343 4573 1465 4632 quoque
1481 4554 1552 4630 q'us
1568 4555 1696 4614 vestivit
1712 4574 1723 4613 .·

167 4647 369 4710 coelestis:et
378 4647 418 4709 ad
434 4646 618 4727 hujusmodi
630 4648 917 4725 conversationem,
977 4651 1053 4732 quia
1063 4659 1096 4714 et
1112 4649 1280 4713 inferiores
1296 4651 1475 4714 sacerdotes
1490 4669 1526 4714 ac
1537 4651 1645 4715 cleriei
1661 4670 1725 4715 em-

169 4764 228 4826 per
248 4745 466 4808 innocentiam
486 4744 780 4827 continentiamque
801 4745 921 4828 pertin-
978 4750 1011 4812 ni
1027 4750 1182 4826 castitate,
1200 4750 1394 4826 innocentia,
1403 4751 1527 4832 justitia
1542 4751 1661 4815 debent
1676 4769 1723 4815 or·

167 4845 268 4924 gitur.
286 4847 330 4906 Et
346 4849 483 4922 desuper
496 4847 662 4905 lturnerutc
681 4848 848 4924 imposuit.
866 4846 923 4908 Per
979 4849 1059 4910 nari.
1078 4851 1199 4912 Obtulit
1213 4859 1243 4910 et
1259 4851 1400 4911 vitutum
1410 4870 1472 4927 pro
1484 4859 1611 4927 peccato
1623 4871 1634 4910 .·
1645 4851 1722 4931 quia

169 4944 338 5006 humerale
366 4943 555 5026 exprimitur
582 4944 723 5006 caritatis
753 4944 920 5027 perfectio,
979 4948 1157 5011 sacerdotes
1173 4967 1231 5030 pro
1241 4947 1307 5010 suis
1324 4948 1460 5029 peccatis
1477 4946 1659 5011 satisfacere
1674 4950 1724 5012 de-

169 5062 228 5106 seu
245 5042 385 5104 firmitas
401 5042 574 5125 patientiae,
588 5062 651 5124 qua
666 5043 789 5125 praelati
805 5052 837 5106 et
853 5063 923 5126 per·
978 5045 1138 5124 bentDee,
1149 5054 1180 5109 et
1195 5045 1374 5128 superiores
1389 5066 1426 5109 ae
1442 5047 1648 5128 presidentes
1664 5067 1723 5130 pro

170 5140 541 5216 sacramentariorum
567 5149 598 5204 at
623 5140 813 5223 pusillorum
836 5141 923 5205 defe
979 5145 1041 5207 sibi
1051 5145 1231 5209 commissis
1241 5145 1446 5222 intercedere,
1457 5145 1577 5209 offerre
1587 5153 1619 5209 et
1634 5145 1723 5208 satis-

170 5241 360 5304 ctuositates
370 5241 423 5323 pie
433 5247 465 5303 et
475 5239 639 5304 caritative
649 5249 847 5323 supportant,
857 5242 925 5323 jux·
980 5242 1085 5307 faeere
1099 5243 1217 5307 debent
1236 5244 1310 5319 Deo,
1326 5243 1413 5325 ipsos
1429 5244 1458 5306 ei
1474 5244 1722 5319 reconciliando,

35 5349 153 5402 amn.
171 5349 205 5402 ta
224 5339 307 5402 illud
322 5339 486 5422 Apostoli:
506 5339 661 5403 Debemus
682 5358 740 5403 nos
761 5338 922 5405 firmiores
978 5341 1246 5424 quemadmodum
1266 5349 1394 5404 sanctus
1408 5342 1466 5405 lob
1485 5358 1577 5406 manc
1593 5361 1724 5406 consur-
1755 5359 1797 5404 ru
1809 5363 1856 5412 ns.
