4309 6259
592 508 765 556 annuente
787 510 818 555 tlt
839 510 907 556 CAP.
931 510 995 555 XXX
1016 509 1118 556 exeat.
1141 528 1181 539 -
1201 510 1272 555 ΛΒΤ.
1295 509 1345 554 ttx
1701 488 1740 550 87

191 678 315 741 olierri.
333 678 422 753 Quod
440 688 546 743 autem
567 698 640 741 eum
662 679 752 760 agnis
771 679 835 741 illis
850 678 980 742 anni-A
997 678 1103 761 speeie
1119 679 1211 760 panis
1231 688 1262 740 et
1283 678 1352 740 rini
1369 678 1473 740 iuerat
1489 676 1608 758 jugiter
1630 676 1742 738 immo-

191 778 285 856 euliS,
301 778 463 841 Christum
492 778 791 843 innocentissimum
817 777 941 858 signili-
997 778 1122 856 landus,
1139 786 1170 840 et
1195 778 1412 841 indesinenter
1432 796 1517 838 nune
1540 774 1741 838 immolaturi

192 876 354 955 cantibus,
368 877 464 940 simul
481 877 677 941 oflerebatur
693 878 784 960 panis
801 898 838 940 cx
854 877 941 940 simi·
997 878 1115 940 Verum
1131 878 1170 939 de
1186 876 1418 941 sacrificiorum
1434 874 1584 955 legalium
1609 872 1742 955 mystica

190 978 220 1039 la
234 997 409 1061 conspersa
429 977 500 1041 oleo
524 977 638 1054 laetuS,
656 986 687 1041 et
708 978 820 1039 vinum
838 998 845 1041 :
862 978 940 1059 quid
999 975 1245 1057 significatione,
1263 977 1297 1038 in
1312 975 1511 1063 expositione
1525 973 1657 1037 Levitici
1676 972 1741 1061 plo-

190 1076 278 1140 aliud
309 1076 478 1159 figurarit,
507 1076 571 1139 nisi
600 1077 683 1157 quod
709 1076 853 1140 Christus
882 1076 941 1139 sub
998 1075 1069 1139 nior
1085 1075 1323 1141 crittractatus.

738 1505 1064 1595 ARTICULUS
1106 1507 1203 1595 Llll

345 1784 539 1834 exrnnnnrro
565 1787 741 1834 armannus
767 1787 904 1833 carnum
929 1787 1081 1833 rnrcasnn
1102 1788 1109 1832 :
1133 1788 1240 1836 raama
1264 1786 1382 1848 ooooua
1407 1787 1527 1838 aecana
1552 1787 1594 1839 alt
1657 1769 1662 1779 '

778 1886 962 1936 aootenouu
982 1888 1156 1937 saturante.

261 2169 285 2230 tt
302 2168 551 2245 constructione,
574 2168 719 2246 materia,
738 2168 850 2247 iorma,
868 2188 942 2233 con·
960 2174 982 2235 B
997 2172 1030 2234 id
1046 2179 1104 2249 est,
1121 2179 1227 2235 vectes
1244 2180 1473 2256 ponunturper
1489 2174 1635 2251 annulos,
1652 2186 1681 2237 et
1698 2175 1741 2239 ita

262 2268 440 2330 sacratione
463 2266 572 2329 altaris
598 2268 825 2350 thymiamatis,
849 2278 880 2331 et
902 2272 942 2333 de

189 2366 413 2430 oblationibus
428 2385 499 2448 quaa
517 2365 639 2427 liobant
660 2366 692 2428 in
710 2386 758 2443 co,
777 2387 861 2429 nunc
877 2368 943 2449 agi-

192 2476 253 2529 tur.
272 2468 386 2527 I‘izcics
407 2485 531 2544 qttoquc
551 2470 655 2525 altore
679 2470 723 2526 nd
747 2471 942 2528 arlolcndum

192 2566 388 2643 thymiama,
406 2562 438 2625 id
455 2571 503 2625 est
518 2564 557 2625 ad
573 2564 644 2640 hoe,
659 2572 693 2626 ut
708 2565 871 2627 adoleatur
886 2584 942 2629 seu

190 2670 352 2727 cremetur
369 2662 402 2723 in
419 2680 457 2725 eo
474 2662 648 2744 thymiama
666 2664 734 2725 sire
756 2663 940 2739 incensum3

190 2766 230 2824 de
255 2764 356 2839 lt‘pm's
381 2764 482 2831 setim,
510 2780 581 2841 quae
607 2760 818 2843 imputribilia
843 2771 874 2825 ct
896 2763 942 2824 in-

191 2859 381 2923 cremabilia
401 2859 611 2941 perhibemur
631 2885 637 2935 ;
656 2863 772 2921 11313333
798 2864 942 2922 creditum

190 2961 460 3038 largitricem-,et
475 2964 615 3019 alterum
632 2962 831 3031 luciferianis,
849 2964 884 3021 nt
898 2972 943 3021 est

190 3063 474 3141 quadrangulum,
490 3069 519 3119 et
539 3062 619 3119 ditos
641 3062 761 3120 cubitos
779 3064 813 3119 in
834 3063 944 3122 altitu-

189 3162 278 3220 dine.
292 3161 421 3219 Cornea
436 3178 475 3217 ea:
486 3160 553 3234 ipso
562 3161 731 3234 procedent
743 3180 753 3217 .·
764 3159 824 3221 hoc
840 3167 897 3235 cst,
910 3158 943 3220 in

190 3256 318 3338 angulis
346 3255 565 3337 superioribus
581 3256 678 3337 hujus
700 3257 809 3319 altaris
825 3257 945 3320 emine-

997 2277 1101 2332 nltare
1121 2282 1278 2349 portetur,
1302 2274 1430 2353 quando
1453 2273 1522 2336 loca
1544 2274 1740 2338 tabernaculi

997 2379 1072 2432 suut
1087 2372 1239 2433 mutanda
1253 2372 1530 2452 progredientibus
1546 2372 1623 2435 titiis
1634 2373 1739 2437 lsrael.

1037 2469 1127 2531 Circa
1144 2469 1210 2531 baec
1226 2469 1338 2533 scribit
1352 2471 1433 2553 Lyra
1450 2471 1671 2554 :Expositores
1688 2492 1741 2537 no

998 2568 1054 2629 stri
1073 2569 1286 2631 communiter
1300 2569 1421 2647 dieunt,
1438 2571 1523 2651 quod
1540 2572 1572 2633 in
1589 2572 1740 2647 cornibus

997 2666 1107 2729 altaris
1123 2667 1282 2748 pendebat
1296 2668 1449 2731 eraticula
1464 2670 1497 2731 in
1513 2672 1643 2733 modum
1664 2673 1740 2734 retis

999 2766 1092 2842 lacta,
1120 2766 1152 2827 in
1178 2786 1242 2848 qua
1266 2768 1466 2849 ponebantur
1487 2771 1640 2833 carbones
1662 2771 1739 2847 vivi,

998 2866 1031 2927 in
1047 2865 1165 2947 quibus
1184 2866 1355 2948 tbymiama
1371 2866 1741 2932 incendebatur.ttehraet

998 2983 1072 3028 vero
1093 2965 1215 3041 dicunt,
1236 2965 1387 3046 quodibi
1408 2986 1472 3029 nou
1492 2976 1559 3029 erat
1578 2967 1739 3044 eraticula,

998 3072 1029 3126 et
1054 3065 1138 3145 qued
1164 3064 1197 3125 in
1223 3064 1340 3144 patella
1364 3065 1404 3126 de
1428 3064 1519 3127 altari
1546 3066 1742 3130 holocausto

999 3183 1070 3225 rum
1096 3162 1322 3225 deferebantur
1346 3164 1500 3226 carbones
1525 3165 1683 3242 ardentes,
1710 3175 1741 3228 et

999 3262 1032 3323 in
1057 3263 1168 3324 eadem
1193 3262 1310 3344 patella
1332 3263 1531 3325 cremabatur
1557 3264 1739 3345 thymiama.

189 3356 272 3418 bunt
289 3374 346 3418 seu
364 3354 592 3436 prominebunt
608 3354 723 3436 aliquae
739 3356 809 3437 ojus
826 3365 941 3438 partes,
959 3364 981 3428 C
999 3361 1083 3423 lstud
1106 3379 1235 3443 quoque
1257 3360 1478 3424 rationabilius
1504 3372 1629 3445 reputat
1649 3365 1740 3446 Lyra.

190 3455 284 3537 quasi
301 3454 410 3535 lignea
424 3454 570 3535 quadam
587 3455 775 3530 cernua,rel
793 3462 944 3535 tanquam

190 3553 326 3637 pomelli
353 3571 411 3635 pro
437 3552 550 3614 decere
571 3550 691 3614 alteris.
713 3555 887 3633 italiaeque
908 3557 945 3613 tt-

191 3658 253 3715 13331
268 3653 553 3729 adrogantissimo
571 3652 630 3714 hec
652 3660 710 3729 cst,
729 3652 834 3715 aurcis
854 3653 945 3715 lami-

192 3752 244 3814 nis
270 3750 398 3833 operies
424 3748 505 3811 illud
538 3749 627 3827 letiS,
657 3762 720 3812 tunt
752 3754 944 3813 crott'cttlcun

190 3854 275 3929 ejus,
302 3871 402 3929 parom
427 3851 570 3927 parietes
592 3870 651 3927 per
675 3851 863 3920 er'rcuitum,
889 3850 944 3931 qni

191 3957 285 4013 erant
306 3968 345 4012 cx
368 3947 484 4010 tabulis
501 3967 556 4010 seu
581 3948 743 4011 asseribus
769 3949 849 4030 ligni
869 3970 946 4031 prac-

192 4048 264 4111 fati.
282 4045 448 4128 Siquidem
474 4046 572 4109 altare
596 4047 656 4109 hoc
681 4067 856 4111 concavum
879 4058 945 4111 erat

191 4156 290 4229 atque
315 4145 489 4228 portatile:
508 4146 617 4227 sicque
643 4166 699 4229 per
719 4156 855 4228 quatuor
876 4168 946 4231 par-

191 4256 253 4323 tes
272 4246 374 4309 instar
390 4244 499 4307 serinii
517 4245 653 4307 babebat
670 4247 806 4327 parietes
823 4246 945 4327 ligneos

191 4346 252 4428 qui
279 4342 527 4407 deaurabantur.
545 4348 588 4406 Et
613 4366 746 4408 cornua.
774 4350 946 4427 Faet'esqne

190 4448 225 4507 ei
240 4465 394 4505 coronam
412 4446 578 4504 aureolum
594 4465 654 4522 per·
669 4466 801 4523 pyriten.
819 4446 876 4508 Per
896 4465 947 4509 co-

1001 3460 1055 3521 Per
1081 3458 1238 3521 foramina
1264 3478 1402 3540 namque
1428 3460 1588 3524 eraticula
1612 3462 1744 3525 cecidis-

1000 3566 1070 3620 sent
1090 3558 1234 3619 einerum
1251 3556 1368 3621 lavillae
1388 3578 1484 3639 super
1499 3558 1609 3622 altare.
1627 3560 1687 3622 Sed
1703 3560 1744 3621 is-

1001 3658 1054 3719 tud
1072 3675 1135 3719 non
1151 3656 1278 3718 ridetur
1296 3656 1392 3718 textui
1409 3658 1612 3733 concordare,
1630 3658 1663 3720 in
1679 3678 1743 3740 quo

1001 3756 1091 3820 sicut¹
1107 3756 1172 3836 jam
1199 3755 1312 3837 patuit,
1336 3756 1528 3833 continetur,
1553 3756 1628 3818 Tam
1653 3758 1745 3819 erati-

1000 3854 1105 3916 culam
1128 3854 1209 3933 ejus.
1231 3854 1278 3915 dd
1297 3854 1382 3934 quod
1404 3854 1484 3936 Lyra
1506 3856 1687 3936 respondet,
1710 3858 1743 3919 in

1000 3954 1130 4016 Hebraeo
1147 3953 1269 4029 haberi,
1287 3953 1362 4014 Tam
1379 3960 1496 4014 tectum
1514 3954 1595 4034 ejus.
1612 3955 1677 4034 ligo
1692 3974 1745 4017 au·

1002 4061 1064 4115 tem
1089 4052 1194 4127 eredo,
1218 4051 1443 4132 Hieronymum
1467 4051 1500 4113 in
1524 4052 1745 4117 transferendo

1001 4152 1041 4214 ab
1057 4150 1211 4213 Hebraiea
1227 4150 1359 4214 veritate
1375 4168 1438 4212 non
1455 4150 1633 4229 recessisse,
1646 4160 1678 4215 et
1694 4170 1746 4215 no·

994 4270 1075 4328 ⁸men
1102 4249 1181 4311 illud
1207 4249 1384 4325 Hebraeum,
1411 4268 1468 4332 pro
1493 4269 1557 4331 quo
1584 4252 1746 4314 transtulit

1001 4348 1200 4424 Craticulam,
1214 4366 1283 4410 esse
1299 4345 1444 4410 fortassis
1459 4348 1674 4429 aequivocum
1688 4370 1746 4413 nec

1003 4446 1233 4510 inconveniens
1247 4454 1422 4528 reputatur,
1441 4448 1466 4508 si
1488 4447 1609 4528 aliquid
1631 4450 1748 4511 tenuis-

192 4562 309 4608 ronam
321 4543 403 4605 hanc
416 4542 607 4625 intelligitur
618 4544 761 4624 quaedam
773 4544 945 4623 elevatura,
964 4556 987 4617 1)
1003 4546 1157 4609 simorum
1177 4544 1322 4607 cinerum
1343 4564 1438 4627 super
1452 4545 1551 4609 altare
1571 4547 1650 4609 illud
1667 4546 1748 4609 ruis-

193 4662 253 4707 seu
274 4642 401 4705 labrum
422 4641 658 4723 aliquantulum
679 4643 837 4705 elevatum
853 4664 948 4726 super

195 4742 309 4805 altaris
324 4740 493 4823 planitiem
510 4760 695 4823 pergyrum
712 4742 824 4824 ipsius,
844 4742 892 4807 vel
909 4744 948 4805 ad

196 4841 303 4925 ipsius
320 4840 588 4917 venustationcm,
606 4840 656 4903 vel
673 4861 712 4903 no
734 4860 829 4923 supra
851 4842 949 4904 altare

197 4942 316 5025 posita,
351 4938 489 5002 faciliter
518 4948 649 5022 possent
678 4941 835 5017 decidere,
857 4949 951 5023 prout

125 5098 130 5106 ,
173 5040 286 5117 ,istud
302 5039 336 5101 in
352 5038 552 5120 expositione
573 5038 718 5100 vicesimi
740 5039 844 5121 quinti
867 5040 952 5122 capi-

201 5138 262 5203 tuli
280 5138 410 5219 plenius
426 5144 474 5199 est
489 5156 686 5219 expressum.
700 5142 739 5201 ldt
754 5142 833 5199 31333
849 5160 953 5200 3333-

198 5245 246 5301 loa
267 5258 383 5299 attreos
402 5239 460 5297 sud
484 5257 601 5297 corono
612 5258 673 5315 per·
693 5240 825 5315 singulo
850 5242 952 5299 latere

197 5336 300 5419 hujus
323 5336 444 5414 altariS,
463 5346 500 5397 at
525 5338 699 5398 utittnettn·
716 5338 748 5398 in
772 5358 821 5397 cos
844 5348 951 5411 cactos,

1005 4654 1062 4709 set.
1087 4648 1176 4723 Ipsos
1198 4665 1322 4724 petoque
1347 4655 1443 4705 vectes
1462 4646 1563 4724 facies
1583 4649 1623 4708 de
1648 4649 1749 4726 liparia

1004 4747 1107 4815 actim,
1124 4754 1153 4804 et
1169 4744 1351 4804 tnazcraets.

1044 4847 1211 4923 Poreesque
1226 4847 1329 4903 altare
1347 4842 1560 4925 thymiamatis
1575 4856 1687 4906 centra
1705 4868 1750 4906 33-

1007 4948 1076 5003 13333
1095 4946 1181 5022 quod
1201 4952 1405 5003 centauream
1422 4947 1541 5021 pandet
1562 4946 1747 5007 testimonii.

1007 5042 1141 5104 Sanetus
1166 5040 1375 5122 llieronymus
1403 5050 1434 5102 et
1458 5041 1580 5105 Hebraei
1605 5063 1641 5106 33
1666 5043 1751 5106 lose-

1008 5141 1103 5222 phus,
1115 5140 1226 5202 dieunt
1242 5138 1326 5201 istud
1342 5139 1442 5203 altare
1458 5140 1554 5203 sitnm
1571 5140 1670 5204 luisse
1686 5160 1750 5205 uon

1009 5238 1093 5319 intra
1118 5239 1231 5301 Sancta
1260 5246 1453 5315 sanctorum,
1480 5240 1535 5301 sed
1565 5239 1597 5300 in
1629 5240 1751 5302 Sanctis

1010 5358 1065 5402 seu
1085 5336 1233 5402 exteriori
1255 5336 1469 5412 tabernaculo,
1482 5357 1520 5400 ex
1540 5338 1686 5420 opposito
1702 5357 1753 5402 ve·
