4309 6259
584 500 759 549 annonario
780 501 811 547 ιιι
832 498 901 546 cnr.
924 497 1001 545 xxm
1021 498 1124 545 axem.
1147 518 1188 530 -
1208 500 1279 547 aar.
1302 499 1372 547 sarr
1709 479 1750 545 29

75 696 162 741 narrt.
200 676 331 753 Pilatus,
350 675 549 739 multitudini
575 674 702 751 codena,
719 672 880 737 Christum
905 669 952 751 ju·
966 670 991 731 Α
1006 669 1098 750 quasi
1120 689 1174 733 rex
1188 670 1415 734 circumstante
1429 670 1579 749 exercitu,
1597 690 1684 734 eram
1704 678 1750 733 ta-

48 773 113 809 ¹¹'¹''
130 761 164 801 ²⁴·
203 775 341 839 dicando
356 774 487 856 injuste,
495 772 614 856 populo
630 769 812 835 satisfacere
828 768 949 832 volens
1007 785 1079 830 men
1096 768 1299 831 moerentinm
1321 769 1510 832 consolator.
1530 770 1644 852 Sicque
1659 769 1750 851 jube-

203 876 433 938 Verumtamen
467 870 665 933 multitudini
702 868 831 931 testium
868 874 951 927 stare
1007 873 1058 928 tur
1074 867 1107 928 in
1122 866 1421 932 Psalmozludicate
1436 868 1748 951 egenoetpupil103
1778 884 1894 935 narmi,

203 980 340 1056 oportet,
356 972 419 1034 nisi
435 969 619 1053 oppositum
631 975 728 1050 queat
744 964 884 1049 probari,
897 971 951 1027 aut
1007 964 1162 1029 humilem
1183 974 1215 1029 et
1234 986 1405 1049 pauperem
1424 967 1611 1048 justificate.
1629 968 1750 1050 Eripite
1764 949 1814 996 ³⁸⁴·

200 1072 301 1153 judex
316 1070 545 1134 convenienter
568 1068 670 1151 possit
692 1066 826 1129 evadere
848 1063 952 1145 prola·
1006 1082 1191 1146 pauperem,
1205 1073 1237 1127 et
1251 1082 1386 1145 egenum
1402 1067 1442 1128 de
1462 1086 1559 1129 manu
1574 1066 1750 1149 peccatoris

203 1169 324 1233 tionem
339 1168 514 1243 sententiae,
525 1168 552 1229 si
568 1168 598 1229 ei
614 1174 738 1230 constet
754 1162 951 1245 oppositum,
1007 1161 1151 1227 liberate.

202 1276 237 1330 ut
252 1267 339 1331 infra
355 1267 457 1349 magis
477 1274 634 1345 tangetur.
651 1264 741 1327 Circa
757 1262 824 1325 haeo
840 1259 951 1322 scribit
1047 1264 1088 1323 Si
1101 1266 1278 1323 occurreris
1298 1266 1370 1323 bovi
1389 1266 1521 1325 inimici
1542 1267 1602 1336 tui,
1620 1276 1678 1326 aut
1697 1266 1751 1327 ovi

201 1362 792 1448 Lyrazdliterexponuntludaeihunc
809 1378 950 1442 passum,
1007 1363 1144 1432 erranti,
1159 1365 1258 1423 reduc
1274 1367 1318 1423 ad
1337 1384 1422 1423 eam.
1439 1362 1496 1425 Per
1518 1363 1578 1426 hoc
1598 1364 1751 1427 Dominus

200 1464 356 1546 quoniam
373 1464 405 1527 in
417 1464 547 1526 Hebraeo
564 1462 710 1538 habetur,
723 1460 791 1522 Non
808 1455 951 1540 sequaris
1007 1458 1124 1535 innuit,
1137 1461 1223 1541 quod
1239 1480 1322 1523 unns
1338 1479 1402 1523 non
1417 1461 1511 1524 debet
1526 1470 1636 1525 contra
1650 1462 1750 1525 alium

201 1562 315 1624 llabbi.
344 1563 416 1625 llaec
445 1569 552 1624 autem
578 1559 687 1636 dictio,
712 1556 823 1635 Rabbi,
856 1554 954 1636 aqui-
1008 1558 1047 1619 ad
1063 1557 1216 1621 invidiam
1232 1560 1386 1622 concitari
1407 1568 1535 1642 propter
1551 1559 1640 1623 litem
1656 1580 1752 1641 quam

202 1680 281 1723 roca
300 1667 375 1723 est:
397 1660 474 1741 quia
494 1660 655 1721 interdum
681 1654 844 1736 signifieat
868 1654 952 1715 idem
1009 1656 1042 1718 in
1059 1654 1128 1719 loro
1143 1656 1275 1738 justitia
1289 1657 1482 1732 habentnec
1495 1678 1533 1721 ex
1549 1678 1689 1737 rancore,
1697 1661 1752 1721 sed

203 1760 289 1839 qnod
310 1759 440 1834 multos,
462 1757 572 1838 sicque
597 1754 763 1837 accipitur,
786 1770 886 1833 quum
909 1750 954 1811 di·
1008 1754 1075 1818 zelo
1091 1755 1222 1835 justitiae
1238 1755 1562 1838 unusquisquedebet
1577 1778 1667 1821 suam
1683 1777 1754 1840 pro·

204 1858 301 1935 citur,
326 1858 394 1921 Non
420 1856 564 1939 sequaris
585 1854 686 1917 Rabbi
708 1854 747 1915 ad
772 1850 955 1915 faciendum
972 1847 994 1907 Β
1009 1854 1100 1935 sequi
1125 1872 1265 1916 causam.
1292 1854 1369 1917 Nam
1398 1855 1551 1918 animalia
1577 1856 1752 1920 domestica

206 1955 409 2033 malum,boc
424 1964 483 2031 est,
495 1961 622 2036 propter
639 1952 791 2034 majorem
812 1947 956 2031 judican-
1008 1952 1182 2017 adversarii
1204 1953 1265 2029 sui,
1282 1973 1352 2034 quac
1374 1953 1533 2018 invenerit
1551 1956 1625 2037 quis
1648 1975 1754 2019 erran·

206 2055 285 2118 tium
311 2063 434 2137 partem
456 2073 474 2115 a
495 2071 570 2115 vero
587 2051 710 2133 judicio
726 2049 951 2123 declinantem,
1010 2052 1063 2129 tia,
1073 2052 1168 2115 debet
1181 2053 1221 2114 ad
1237 2053 1453 2116 adversarium
1471 2074 1563 2117 suum
1580 2056 1751 2120 reducere:

204 2172 268 2215 non
290 2153 386 2216 debet
410 2151 528 2233 aliquis
548 2150 762 2232 judicantium
786 2146 877 2227 sequi
903 2162 954 2208 eo-
1008 2153 1095 2232 quod
1110 2159 1159 2214 est
1173 2169 1253 2233 opus
1269 2152 1397 2233 pietatis
1412 2161 1444 2215 et
1458 2153 1651 2218 dilectionis.
1664 2155 1753 2218 Unde

201 2272 272 2315 rum
296 2270 484 2334 perversum
506 2248 672 2330 judicium.
698 2246 799 2310 Rabbi
823 2262 953 2327 quoque
1008 2257 1040 2313 et
1061 2249 1208 2313 subditur
1230 2253 1298 2311 :Si
1318 2253 1439 2313 videtis
1458 2255 1590 2314 minum
1612 2256 1752 2315 odientis

200 2350 366 2431 signifieat
390 2367 522 2430 magnos
548 2366 605 2411 seu
631 2346 812 2427 magistros,
840 2344 950 2423 sicque
1009 2358 1037 2408 te
1045 2349 1155 2426 jacere
1164 2351 1222 2409 sub
1236 2369 1339 2421 eicere,
1349 2371 1414 2410 eon
1425 2354 1652 2429 pertransibis,
1660 2352 1752 2416 asino

199 2448 369 2530 accipitur,
394 2467 495 2530 quum
522 2446 651 2521 dicitur,
677 2444 739 2507 Nec
766 2444 798 2505 in
828 2440 949 2523 judicio
1008 2447 1053 2509 sic
1077 2446 1209 2521 relieto;
1234 2452 1288 2508 sed
1309 2452 1486 2510 sublevabis
1505 2471 1580 2511 cum
1602 2471 1636 2511 eo
1656 2472 1668 2510 .·
1690 2451 1751 2514 boc

200 2556 275 2623 ete,
293 2555 326 2610 et
341 2555 390 2609 est
410 2564 533 2622 sensus,
551 2553 587 2606 ut
608 2562 666 2605 nec
681 2549 810 2624 propter
825 2560 879 2603 eos
895 2537 952 2620 qui
1007 2554 1065 2623 est,
1083 2564 1165 2608 onus
1180 2545 1276 2608 simul
1292 2553 1324 2609 et
1336 2547 1465 2609 asinum
1481 2548 1614 2626 levabis,
1625 2557 1657 2612 et
1672 2568 1754 2613 onus

201 2645 335 2727 majoris
366 2653 441 2707 sunt
470 2642 669 2707 auctoritatis
699 2642 733 2702 in
763 2640 948 2721 judicanda,
1007 2664 1103 2726 super
1122 2645 1248 2707 asinum
1270 2662 1382 2727 pones,
1403 2665 1542 2729 eumque
1564 2648 1687 2711 odienti
1710 2668 1755 2712 re

199 2744 374 2825 quisquam
396 2751 574 2807 ceterorum
593 2738 808 2822 judicantium
831 2759 849 2801 a
870 2738 953 2801 veri·
1006 2744 1128 2806 duces:
1147 2744 1233 2825 quod
1253 2744 1340 2807 etde
1361 2745 1507 2826 quolibet
1528 2746 1660 2809 animali
1676 2766 1754 2811 one-

202 2851 265 2905 tate
291 2843 419 2907 recedat
442 2840 556 2923 judicii
585 2860 592 2903 :
620 2840 692 2901 ideo
718 2839 801 2901 inter
826 2836 952 2919 sapien·
1007 2849 1074 2903 rato
1090 2849 1122 2904 et
1143 2841 1232 2923 lapso
1254 2841 1391 2922 intelligi
1414 2842 1518 2921 debet,
1537 2844 1564 2905 si
1587 2845 1661 2925 quis
1683 2845 1754 2909 sine

200 2950 247 3005 tes
264 2942 448 3005 ludaeorum
465 2939 528 3002 fuit
543 2946 707 3013 statutum,
727 2936 832 3018 utqui
849 2936 952 2999 mino
1006 2940 1149 3021 periculo
1165 2941 1266 3022 possit
1281 2940 1310 3003 ei
1331 2960 1526 3005 succurrere.
1543 2943 1700 3025 Denique,
1718 2953 1752 3007 ut

199 3042 245 3103 ris
269 3050 362 3104 erant
390 3038 605 3114 auctoritatis,
633 3036 737 3119 primo
768 3035 953 3117 inciperent
969 3028 990 3091 C
1006 3037 1106 3101 Rabbi
1121 3039 1241 3120 ldoyses
1261 3039 1315 3117 ait,
1334 3037 1519 3121 frequenter
1540 3040 1622 3104 Deus
1638 3060 1757 3123 prece-

198 3139 347 3221 proferre
371 3138 576 3215 sententiam,
599 3134 778 3217 ultimoque
802 3135 950 3216 majores,
1007 3136 1054 3219 pit
1067 3137 1184 3200 lndaeis
1200 3135 1304 3200 facere
1319 3136 1571 3201 misericordiam
1586 3138 1700 3216 brutis,
1717 3148 1754 3203 nt

200 3258 243 3301 ne
262 3238 406 3301 minores
422 3237 571 3299 timerent
587 3254 606 3297 a
621 3234 779 3316 maiorum
795 3232 952 3297 sententia
1007 3236 1052 3298 sie
1067 3244 1286 3298 assuescerent
1301 3235 1362 3298 sibi
1386 3236 1525 3301 invicem
1539 3246 1635 3319 atque
1650 3238 1754 3302 homi·

200 3337 377 3401 declinare.
395 3335 494 3410 Quem
514 3334 610 3397 etiam
634 3334 764 3396 modum
788 3339 897 3395 tenent
919 3330 952 3393 in
1008 3334 1104 3398 nibus
1128 3353 1198 3397 esse
1227 3334 1469 3409 misericordes3
1496 3344 1588 3399 erant
1615 3355 1754 3420 namque

200 3434 418 3500 Universitate
432 3431 601 3497 Parisiensi
617 3430 651 3493 in
668 3429 953 3494 deliberationibus
1007 3432 1164 3497 crudeles.
1185 3433 1229 3495 Ex
1245 3433 1306 3497 isto
1321 3434 1418 3496 etiam
1440 3433 1586 3513 trabitur,
1603 3437 1690 3517 quod
1707 3438 1756 3500 in-

201 3535 282 3613 suis,
299 3532 487 3615 incipiendo
502 3531 543 3593 ab
563 3530 699 3612 illisqui
720 3529 754 3591 in
771 3528 953 3610 magisterio
1008 3531 1109 3595 tentio
1133 3531 1212 3612 legis
1236 3549 1300 3594 non
1326 3539 1404 3609 erat,
1423 3540 1459 3595 ut
1479 3532 1583 3596 ludaei
1604 3532 1753 3600 inimicos

202 3642 281 3697 sunt
296 3632 451 3696 minores.
1007 3649 1083 3695 suos
1102 3630 1247 3693 absolute
1268 3630 1405 3707 odirent,
1423 3629 1572 3693 videlicet
1594 3640 1750 3713 quantum

244 3732 411 3809 Pauperis
425 3748 550 3809 quoque
564 3747 629 3788 non
641 3726 838 3788 misereberis
852 3727 890 3785 in
897 3726 955 3803 jac
1009 3730 1048 3791 ad
1074 3737 1220 3791 naturam
1250 3746 1307 3791 seu
1331 3746 1500 3811 personam
1526 3748 1648 3793 eorum.
1676 3730 1756 3793 Nam

200 3832 301 3892 da'eio.
313 3829 446 3910 Semper
456 3827 545 3909 pium
556 3833 604 3889 est
614 3820 809 3907 pauperibus
825 3824 955 3886 misere-
1009 3827 1104 3907 iussit
1125 3834 1160 3889 ut
1181 3825 1407 3890 benefacerent
1428 3826 1488 3904 eis,
1512 3835 1543 3890 et
1565 3828 1681 3891 damna
1705 3846 1757 3892 eo·

203 3929 245 4007 ri,
255 3929 312 3993 sed
329 3927 363 3989 in
381 3926 451 3990 loro
464 3923 611 4007 judiciali
629 3932 661 3987 et
674 3922 873 3986 contentioso
891 3940 955 3985 non
1010 3943 1081 3987 rum
1096 3924 1256 3988 vitarent:
1274 3926 1359 4006 quod
1380 3923 1475 3988 etiam
1499 3924 1560 3988 fuit
1575 3925 1756 3990 inimicitia

202 4028 302 4091 debet
323 4024 421 4107 judex
444 4024 578 4107 pauperi
604 4021 747 4085 misereri
772 4020 806 4082 in
828 4021 957 4101 deroga·
1010 4021 1245 4099 exstinctivum,
1255 4030 1351 4105 atque
1366 4021 1483 4087 amoris
1499 4024 1751 4107 provocatirum.

204 4127 329 4191 tionem
355 4124 455 4207 partis
481 4124 638 4199 adversae,
667 4138 770 4203 neque
795 4119 828 4181 in
852 4120 955 4200 jactu·
1009 4120 1088 4182 Hine
1103 4120 1239 4183 Thomas
1257 4121 1289 4182 in
1309 4120 1412 4203 prima
1429 4123 1588 4200 secundae,
1605 4123 1754 4204 quastio-

204 4245 274 4289 ram
290 4221 676 4306 justitiellerumtamen,
684 4218 797 4281 ceteris
814 4217 954 4300 paribus,
971 4218 995 4279 ll
1011 4238 1050 4282 ne
1063 4218 1131 4296 105,
1141 4226 1291 4281 testatur:
1304 4219 1366 4282 Lex
1382 4220 1533 4298 instituit,
1547 4229 1582 4283 ut
1596 4230 1753 4304 quantum

203 4331 365 4406 quantum
386 4320 474 4383 salva
489 4319 615 4402 justitia
637 4316 710 4380 fieri
730 4324 845 4399 potest,
863 4317 958 4379 debet
1011 4318 1050 4380 ad
1066 4316 1184 4398 aliqua,
1196 4336 1272 4391 usus
1288 4336 1395 4380 rerum
1410 4326 1493 4381 esset
1507 4321 1689 4385 communis
1705 4341 1757 4405 pa·

203 4423 305 4505 judex
329 4438 401 4483 esse
423 4418 618 4501 pauperibus
644 4416 801 4498 gratiosus
827 4423 859 4477 et
883 4433 957 4478 con·
1012 4415 1092 4492 triae,
1101 4415 1197 4477 etiam
1208 4423 1363 4496 quantum
1379 4417 1418 4478 ad
1433 4436 1550 4479 curam.
1560 4417 1755 4502 Praeceptum

205 4520 380 4584 solatorius
405 4519 559 4599 adspectu
583 4513 755 4591 etverbis,
780 4533 820 4577 ne
844 4514 959 4577 timore
1013 4513 1099 4579 enim
1124 4521 1173 4576 est
1197 4514 1229 4574 in
1249 4514 1519 4578 Deuteronomio:
1541 4517 1609 4579 Non
1632 4517 1756 4580 videbis
1783 4540 1901 4591 natm,

207 4618 430 4703 potentiorum
444 4616 495 4679 vel
511 4612 786 4697 pusillanimitate,
804 4611 960 4676 deficiant
1015 4631 1107 4676 ovem
1131 4620 1164 4675 et
1187 4611 1301 4674 bovem
1325 4610 1433 4675 fratris
1459 4614 1505 4677 tui
1530 4624 1702 4694 errantem,
1726 4624 1757 4679 et
1772 4605 1791 4646 ¹·

209 4740 231 4783 a
248 4716 437 4781 defensione
447 4723 479 4778 et
492 4716 578 4796 justa
593 4712 814 4795 prosecutione
825 4712 962 4794 propriae
1015 4710 1204 4795 praeteribis,
1228 4711 1283 4775 sed
1306 4712 1438 4775 reduces
1458 4711 1549 4775 fratri
1574 4722 1638 4777 tuo.
1656 4715 1695 4776 Et
1716 4715 1759 4776 si-

210 4835 326 4882 causa
335 4814 416 4876 Hinc
431 4821 559 4876 sanetus
570 4812 629 4875 lob
646 4811 757 4874 recitat
771 4812 810 4873 de
827 4829 860 4873 se
871 4810 959 4893 ipso:
1016 4810 1135 4872 militer
1149 4810 1189 4872 de
1203 4809 1287 4872 aliis.
1304 4811 1344 4871 Et
1364 4811 1424 4875 boo
1440 4811 1524 4874 idem
1546 4831 1634 4875 nunc
1654 4812 1756 4893 jubet.

130 4958 167 4985 u.
186 4974 192 4990 ,
209 4916 346 4993 Quando
357 4912 568 4997 procedebam
583 4912 622 4973 ad
639 4918 762 4993 portam
778 4910 962 4987 civitatis,et
1016 4910 1061 4970 Ex
1075 4908 1193 4990 quibus
1215 4911 1377 4991 probatur,
1395 4911 1568 4991 quodcum
1592 4930 1688 4993 quem
1709 4911 1759 4974 lex

55 5011 74 5053 ⁷·
107 5008 192 5058 *³³²
210 5018 247 5079 in
263 5015 371 5097 platea
390 5012 546 5094 parabant
562 5009 745 5072 cathedram
767 5007 857 5085 mibi,
876 5009 962 5071 auris
1016 5006 1158 5072 vocatin
1175 5006 1235 5071 isto
1255 5007 1394 5089 capitulo
1414 5008 1581 5071 inimicum
1601 5018 1633 5072 et
1652 5009 1761 5073 odien-

208 5113 350 5178 audiens
366 5107 573 5174 beatificabat
593 5126 655 5183 me,
672 5125 709 5169 eo
726 5106 812 5187 quod
833 5106 964 5171 liberas·
1018 5113 1094 5183 tem,
1120 5106 1400 5169 Deuteronominm
1426 5108 1571 5170 nominet
1595 5107 1726 5171 fratrem
1751 5126 1757 5170 :

209 5231 282 5275 sem
304 5227 477 5292 pauperem
493 5206 733 5281 vociferantem,
750 5212 781 5268 et
802 5205 962 5287 pupillum
1018 5205 1127 5286 sicque
1142 5223 1199 5285 per
1216 5203 1346 5267 fratrem
1361 5213 1393 5268 et
1408 5205 1761 5287 proximum,intelligit

208 5310 266 5377 otri
290 5326 357 5372 non
377 5316 447 5371 erat
466 5306 604 5388 adjutor.
628 5304 794 5385 Quumque
819 5304 962 5367 sederem
1018 5313 1084 5368 tam
1100 5302 1240 5367 amicum
1255 5322 1352 5387 quam
1367 5303 1547 5368 inimicum.
