4309 6259
499 471 673 519 annonario
695 471 725 517 ΙΝ
747 470 814 515 CAP.
837 468 903 515 xlltl
923 467 1119 514 Nouanouou.
1142 487 1182 497 -
1202 468 1274 514 ΛΒΤ.
1297 469 1404 516 xxxvl!
1662 453 1722 515 445

179 666 249 709 rum
265 644 476 709 hereditarius
492 663 546 707 rex
560 641 623 706 luit
635 641 780 719 fortassis
790 660 809 703 a
820 640 924 704 Schon
939 638 963 701 A
978 640 1073 721 magi.
1100 640 1175 714 Quis
1205 640 1371 704 hominum
1401 648 1505 723 potest
1533 640 1722 704 fortitudine

179 762 251 824 rege
265 744 402 808 occisus.
978 738 1120 821 corporis
1136 740 1258 819 virgam
1274 748 1397 803 mutare
1412 740 1445 802 in
1462 748 1654 823 serpentem,
1667 747 1721 802 aut

224 845 318 905 Misit
347 863 420 919 erpo
450 860 489 904 cx
518 839 653 904 consilio
683 839 924 902 Madianitarum
978 857 1093 919 aquam
1110 838 1143 899 in
1159 839 1357 919 sanguinem,
1374 841 1459 921 quod
1481 849 1587 903 tamen
1607 839 1655 901 illi
1677 837 1722 901 le-

176 944 309 1003 nnatios
330 941 478 1004 solennes
499 948 531 1003 et
553 940 682 1016 multos,
699 938 792 1021 quasi
814 938 855 1000 ad
878 957 926 1000 rc·
978 936 1199 999 cerunttSunt
1214 946 1319 1000 autem
1336 956 1500 1017 magorum
1514 937 1719 1013 differentiae,

176 1040 353 1103 verentiam
369 1039 505 1115 Balaam,
524 1047 554 1101 ct
569 1040 610 1101 ad
626 1038 839 1101 denotandam
860 1056 926 1099 ma·
978 1042 1010 1098 et
1034 1035 1089 1098 alii
1114 1035 1197 1117 plus,
1219 1035 1274 1097 alii
1300 1036 1406 1099 minus
1428 1045 1573 1119 possunt.
1596 1035 1721 1099 Balaam

174 1138 376 1219 gnitudinem
391 1140 557 1214 causae‚ad
567 1140 708 1197 Balaam
721 1138 831 1214 filiam
842 1139 925 1197 Beer
979 1134 1212 1197 famosissimus
1237 1143 1304 1197 erat
1329 1135 1362 1196 in
1387 1135 1509 1215 magica
1539 1144 1607 1199 arte
1631 1143 1663 1198 et
1689 1135 1722 1196 in

174 1241 331 1309 ariolum,
356 1238 416 1299 hoc
441 1245 489 1299 cst
518 1254 646 1315 magum
672 1244 703 1298 et
728 1234 926 1317 superstitio-
979 1233 1176 1296 carminibus
1201 1241 1314 1315 potens
1334 1259 1341 1310 ;
1365 1252 1428 1297 non
1456 1242 1561 1296 mmca
1586 1234 1723 1297 habebat

176 1356 257 1414 sum,
270 1338 330 1417 qai
345 1339 512 1397 habitabat
526 1355 623 1412 super
637 1338 759 1413 flumen
781 1344 873 1395 terrae
887 1336 926 1411 fi·
980 1340 1167 1415 potestatem
1187 1340 1242 1394 aut
1261 1340 1360 1396 artem
1379 1332 1547 1396 verborum
1569 1333 1607 1395 ad
1627 1332 1724 1396 bene-

178 1437 300 1497 lr'orum
310 1438 459 1496 Ammon.
469 1434 512 1497 lle
524 1434 621 1497 variis
636 1442 742 1497 autem
759 1432 926 1515 speciebus
980 1431 1162 1508 dicendum,
1173 1432 1228 1494 sed
1244 1433 1283 1493 ad
1300 1431 1653 1506 maledicendum.0uia
1668 1430 1725 1511 igi-

179 1542 211 1597 et
235 1532 341 1597 modis
368 1532 498 1613 magicae
523 1532 611 1609 ertia,
639 1540 670 1595 et
694 1531 773 1613 quid
798 1530 927 1613 proprie
981 1540 1033 1593 tur
1048 1530 1082 1592 in
1097 1530 1148 1592 his
1165 1539 1324 1611 expertus,
1342 1530 1584 1612 opinatissimus
1604 1538 1671 1594 erat
1691 1530 1724 1591 in

181 1632 222 1694 sit
237 1632 379 1708 ariolari,
392 1632 513 1695 dictum
530 1631 625 1693 estin
642 1630 795 1707 Levitico,
808 1628 864 1691 ubi
881 1628 928 1690 in·
981 1629 1114 1692 oriente.
1136 1629 1220 1691 Misit
1243 1629 1334 1692 Baiae
1357 1630 1397 1691 ad
1422 1648 1506 1706 eum,
1530 1648 1725 1711 praesumens

52 1746 165 1789 ιιιιιιιι.
181 1740 228 1794 ter
247 1738 354 1795 cetera
375 1729 511 1811 legitur:
529 1730 597 1793 Non
618 1729 784 1792 declinetis
804 1728 843 1790 ad
865 1746 929 1789 ma·
982 1727 1054 1790 lieri
1071 1747 1164 1810 posse
1179 1728 1380 1790 sermonibus
1390 1728 1527 1805 Balaam,
1541 1727 1625 1808 quod
1641 1726 1726 1791 ierro

180 1848 248 1910 gos,
276 1847 336 1891 nec
361 1828 401 1891 ab
425 1828 535 1891 ariolis
559 1828 681 1909 aliquid
706 1824 925 1889 sciscitemini.
945 1826 1014 1889 Bet
1029 1826 1096 1889 acic
1112 1826 1165 1889 vix
1181 1826 1253 1889 lieri
1270 1835 1386 1908 posset.
1404 1827 1536 1891 Videtur
1553 1826 1649 1889 ctiam
1670 1845 1726 1889 rex

180 1927 311 2009 Proprie
326 1928 447 2009 quippe
462 1927 612 1990 ariolator
628 1934 768 2002 vocatur,
787 1925 842 2006 qui
858 1932 929 1987 crta
982 1925 1072 1987 Baiae
1086 1926 1225 2001 audisse,
1242 1926 1328 2007 quod
1346 1924 1407 1986 lilii
1423 1926 1516 1989 lsrael
1534 1926 1639 1989 hostes
1655 1926 1724 1990 vin-

181 2046 235 2089 seu
252 2026 377 2091 viscera
398 2024 586 2087 animalium
609 2025 846 2087 immolatorum
867 2023 928 2085 diis
982 2032 1059 2087 cunt
1078 2024 1231 2101 oratione,
1252 2043 1315 2087 non
1335 2023 1443 2101 armis,
1461 2044 1525 2088 non
1548 2033 1612 2088 tam
1634 2024 1720 2089 ierro

181 2144 237 2188 seu
258 2124 458 2187 daemonibus
478 2142 574 2206 super
593 2142 663 2185 aras
683 2123 874 2199 considerat,
895 2129 930 2183 ut
983 2141 1077 2204 quam
1095 2123 1244 2205 precibus
1258 2123 1449 2204 praeliantes.
1468 2124 1576 2206 ltaque
1591 2125 1677 2206 apud
1692 2144 1726 2188 se
1787 2154 1795 2169 ·

182 2244 218 2285 ea
234 2222 436 2305 inspectione
451 2222 580 2285 illorum
597 2221 731 2296 divinet,
742 2220 867 2283 occulta
883 2238 930 2282 re·
983 2221 1154 2303 cogitavit:
1171 2221 1372 2285 Orationibus
1388 2221 1484 2302 hujus
1505 2222 1617 2305 populi
1639 2223 1728 2287 nulla

182 2323 329 2395 relando,
348 2340 403 2385 seu
420 2320 497 2402 quid
513 2320 564 2401 agi
580 2326 725 2402 oporteat
739 2318 930 2381 denuntian-
983 2338 1071 2382 arma
1096 2328 1229 2401 possunt
1253 2318 1403 2396 couierri,
1421 2320 1494 2383 ideo
1518 2321 1599 2384 mibi
1622 2323 1728 2404 requi-

182 2422 232 2483 do.
257 2424 295 2483 Ut
311 2430 461 2481 vocarent
475 2440 561 2489 eum,
575 2418 605 2479 id
622 2426 680 2495 est,
700 2418 874 2480 invitarent
890 2416 930 2478 ad
984 2419 1090 2481 rendae
1104 2427 1178 2480 sunt
1193 2436 1310 2501 preces.
1320 2418 1404 2481 Dixit
1414 2420 1616 2484 enithunc
1627 2421 1729 2484 ablin-

182 2520 378 2582 veniendum
403 2537 509 2581 secum
533 2518 571 2579 ad
595 2517 696 2593 Ralac,
715 2528 744 2577 et
765 2519 930 2577 dicerent:
983 2526 1036 2597 get
1057 2535 1216 2599 synagoga
1237 2518 1304 2581 haec
1327 2520 1516 2601 omnesqui
1539 2520 1728 2584 incircuitu

182 2622 262 2681 Ecce
277 2638 420 2695 egressus
434 2627 478 2677 est
490 2620 631 2694 populus
646 2638 686 2676 ear
700 2618 854 2693 AEpypto,
871 2616 931 2695 qui
986 2625 1094 2679 nostro
1110 2624 1195 2691 sunt,
1213 2616 1296 2679 siout
1310 2616 1447 2697 ablingit
1462 2618 1581 2681 vitulus
1598 2620 1728 2683 horbam

183 2719 311 2796 operuit
334 2718 539 2793 superficiem
567 2710 669 2787 terrra,
685 2718 795 2775 sedens
819 2722 931 2773 contra
985 2715 1101 2796 campi.
1111 2714 1204 2788 Quasi
1220 2714 1316 2789 dicat,
1329 2715 1416 2778 Siout
1431 2716 1551 2779 vitulus
1566 2718 1730 2800 abrumpit

184 2838 243 2889 me,
262 2816 295 2877 id
316 2823 365 2878 est
384 2834 423 2877 ex
443 2814 590 2897 opposito
611 2814 700 2895 regni
724 2812 798 2890 mei,
816 2812 868 2877 vel
891 2812 931 2874 ad
985 2832 1040 2876 ore
1054 2812 1240 2890 herbam,et
1255 2812 1365 2894 lingua
1379 2823 1531 2897 tanquam
1548 2816 1629 2879 ialce
1645 2827 1731 2881 secat

185 2914 404 2977 insidiandum
425 2914 669 2995 necandumque
688 2912 780 2974 mihi.
799 2913 863 2975 lloc
888 2912 933 2973 di·
986 2932 1058 2994 quaa
1078 2912 1212 2990 invenit,
1231 2912 1275 2974 ita
1294 2913 1432 2996 populus
1452 2915 1504 2977 hic
1519 2934 1574 2978 ore
1589 2924 1620 2979 ct
1636 2916 1729 2979 labiis

184 3014 241 3091 xit,
258 3015 336 3097 quia
356 3012 525 3076 verebatur
546 3013 631 3095 quod
654 3011 897 3093 impugnaretur
914 3030 933 3073 a
949 3010 971 3073 C
988 3020 1118 3093 pugnat,
1131 3019 1162 3074 et
1176 3010 1209 3073 in
1227 3011 1333 3074 verbis
1348 3012 1444 3074 habet
1459 3032 1557 3076 arma.
1575 3014 1668 3077 Mittit
1683 3035 1732 3078 er-

185 3113 264 3175 liliis
289 3112 398 3187 lsrael,
414 3130 433 3173 a
453 3111 571 3194 quibus
595 3118 700 3173 tamen
722 3113 770 3191 (ut
793 3109 933 3190 videtur)
986 3128 1026 3191 go
1041 3112 1081 3172 ad
1096 3110 1232 3186 balaam,
1251 3118 1286 3172 ut
1301 3110 1397 3174 verba
1412 3111 1519 3175 verbis
1534 3123 1685 3194 opponat,
1698 3123 1730 3177 et

184 3230 248 3276 non
267 3210 382 3273 luisset
402 3210 619 3293 impugnatus,
637 3209 663 3271 si
685 3228 748 3271 non
770 3208 934 3290 opposuis-
986 3210 1134 3290 precibus
1150 3227 1280 3290 preces:
1298 3227 1418 3291 preceS,
1431 3209 1673 3292 inquam,iusas
1688 3215 1728 3276 ad

184 3320 232 3373 set
254 3328 289 3373 se
312 3310 369 3387 eis,
387 3308 538 3391 quoniam
564 3327 621 3371 uec
646 3317 760 3371 terram
781 3306 880 3381 Moab,
899 3307 932 3370 in
986 3308 1157 3370 daemones.
1175 3306 1238 3370 Neo
1259 3308 1384 3370 mireris
1405 3308 1431 3370 si
1455 3310 1517 3374 tale
1537 3310 1614 3392 quid
1636 3311 1674 3374 iit
1694 3312 1729 3375 in

183 3427 248 3489 qua
262 3408 333 3490 ipse
349 3416 424 3470 tunc
439 3406 673 3484 dominabatur,
692 3426 750 3469 nec
768 3406 931 3488 regionem
987 3405 1109 3484 magica
1130 3414 1208 3467 arte.
1226 3406 1276 3468 Sic
1297 3406 1383 3469 enim
1403 3406 1566 3490 Scriptura
1584 3410 1730 3489 designat
1828 3467 1835 3484 ,

184 3506 307 3569 Madian
331 3498 521 3588 promiserat
543 3505 695 3568 Dominus
717 3505 835 3567 israeli.
855 3505 933 3567 Veni
987 3523 1056 3566 csse
1076 3504 1158 3565 bane
1178 3513 1288 3581 artem,
1307 3514 1342 3566 ιιι
1358 3524 1428 3567 eam
1444 3506 1630 3587 prohibeat:
1649 3510 1732 3571 sicut

184 3606 303 3681 igitur,
318 3612 348 3665 et
368 3604 508 3664 maledic
522 3607 642 3681 papate
662 3604 749 3674 lauta,
767 3605 846 3682 quia
870 3604 935 3679 sor·
987 3603 1148 3664 daemones
1173 3621 1242 3664 esse
1266 3602 1439 3683 significat,
1467 3605 1520 3667 sed
1546 3606 1607 3668 coli
1633 3616 1730 3686 vetat,

186 3706 249 3763 tior
264 3724 316 3763 me
329 3712 387 3771 est,
404 3699 466 3763 nisi
485 3700 579 3781 juver
599 3718 655 3781 per
673 3708 722 3775 te,
739 3703 769 3760 si
788 3722 849 3781 quo
872 3722 934 3761 mo·
988 3700 1064 3781 quia
1078 3719 1243 3781 magorum
1264 3702 1407 3783 magistri
1424 3710 1498 3764 sunt
1518 3704 1649 3785 spiritus
1670 3726 1734 3769 ma-

183 3804 237 3872 do,
256 3800 288 3862 id
304 3807 353 3862 est
368 3807 403 3861 ut
418 3816 475 3880 per
494 3796 634 3878 aliquem
655 3798 798 3873 modum,
812 3801 933 3875 possim
988 3798 1079 3880 ligni,
1106 3798 1162 3880 qui
1191 3808 1258 3863 arte
1282 3800 1418 3880 quadam
1444 3808 1475 3861 et
1498 3804 1731 3883 compositione

180 3908 351 3975 percutere
364 3908 395 3958 et
408 3896 533 3972 ejicere,
547 3895 580 3957 id
595 3903 644 3957 est
658 3895 804 3959 occidere
819 3896 870 3959 rel
887 3895 934 3958 iu·
988 3898 1161 3961 verborum
1183 3898 1215 3959 in
1238 3897 1394 3960 amicitias
1419 3909 1583 3962 cesserunt
1606 3902 1732 3965 Balaam

183 4014 272 4075 gare,
289 4016 363 4056 eum
377 3998 417 4055 de
433 4004 519 4060 terra
539 4015 620 4055 mea.
637 3993 705 4056 Jam
725 3994 813 4056 enim
833 4013 934 4077 popu·
988 4015 1093 4078 mago.
1106 3997 1176 4059 llaec
1186 3996 1345 4075 Origenes.
1358 3996 1474 4059 Dicunt
1488 3998 1585 4061 etiam
1600 4001 1731 4081 quidam

186 4094 237 4156 lus
253 4092 348 4155 lsrael
365 4091 427 4155 luit
442 4092 475 4153 in
492 4091 722 4173 campestribus
738 4092 837 4155 Moab.
987 4094 1116 4171 Hebraei,
1123 4095 1207 4175 quod
1217 4094 1309 4159 Baiae
1319 4096 1461 4178 percepit
1472 4097 1625 4179 populum
1637 4099 1729 4162 lsrael

232 4192 324 4255 Circa
353 4191 420 4254 haec
450 4188 594 4271 loquitur
617 4188 767 4267 Origenes
794 4191 931 4253 multum
948 4197 973 4258 Ι)
989 4194 1061 4275 plus
1086 4192 1257 4275 praevalere
1280 4193 1385 4257 verbis
1405 4203 1437 4258 ct
1456 4196 1617 4276 precibus,
1635 4217 1731 4279 quam

184 4291 322 4375 pulchre
337 4289 371 4351 in
387 4288 530 4364 bomilia,
549 4288 641 4369 cujus
657 4287 753 4350 etiam
769 4288 867 4351 verba
881 4290 934 4352 ba·
989 4290 1104 4353 armis:
1117 4291 1188 4353 ideo
1204 4291 1328 4355 vocavit
1343 4292 1479 4371 Balaam,
1493 4304 1528 4357 ut
1542 4296 1728 4360 maledicen-

184 4391 305 4453 bcntur
321 4386 440 4450 dilluse
457 4386 489 4448 ia
505 4386 630 4449 Glossa:
643 4385 723 4459 Ouid
738 4405 934 4469 consequen·
988 4391 1039 4467 do,
1057 4388 1155 4451 verba
1169 4388 1276 4451 verbis
1291 4400 1476 4472 opponeret.

185 4489 238 4552 ria
260 4494 318 4550 aut
338 4484 466 4549 consilii
487 4484 583 4547 habet
604 4484 664 4546 ista
684 4484 841 4547 historiat
857 4486 932 4561 Quis
1028 4490 1116 4551 Novi
1129 4489 1218 4548 caim
1233 4492 1319 4568 quod
1339 4492 1521 4551 benedictas
1540 4495 1593 4564 stt,
1611 4496 1667 4553 eui
1686 4497 1734 4554 be

184 4605 297 4667 regum
330 4583 518 4647 imminente
548 4582 610 4644 sibi
639 4583 761 4665 praelio,
789 4584 934 4665 confugit
987 4590 1219 4660 acediaerts;et
1241 4591 1442 4661 maledictas,
1460 4592 1497 4650 ia
1518 4611 1613 4669 quem
1636 4597 1732 4653 mala

184 4685 362 4768 aliquando
384 4684 424 4746 ad
447 4681 544 4745 verba
567 4681 722 4763 aruspicis
743 4692 797 4744 aut
817 4683 931 4761 divini,
987 4688 1077 4747 dicta
1097 4688 1298 4764 conpescaris.
1317 4685 1411 4759 Quasi
1433 4687 1528 4764 dicat,
1552 4687 1623 4751 Scio
1645 4691 1731 4771 quod

184 4784 286 4849 armis
302 4782 445 4845 relictisl
461 4781 494 4844 ln
511 4780 622 4863 primis
638 4798 712 4859 ergo
730 4780 822 4843 latori
843 4800 935 4864 opor·
989 4784 1229 4847 benedictiones
1244 4793 1276 4847 ct
1290 4784 1528 4847 maledictiones
1546 4795 1606 4849 tuae
1622 4786 1735 4852 cilica-

185 4892 242 4959 tet,
260 4882 348 4964 quod
370 4880 403 4941 in
424 4877 585 4960 aliquibus
607 4879 678 4959 plus
699 4880 807 4941 valent
823 4881 931 4959 verba,
989 4882 1070 4945 ciam
1093 4882 1231 4946 babeant
1248 4884 1357 4964 :quod
1376 4884 1733 4968 secundumOrigenem

184 5002 284 5065 quam
307 4995 462 5060 corpora:
480 4986 511 5039 et
533 4977 617 5058 quod
642 4977 798 5039 exercitus
824 4982 935 5060 nequit
989 4989 1021 5043 et
1035 4980 1190 5057 Glossam,
1209 5001 1272 5045 non
1293 4982 1372 5044 dixit
1389 5002 1443 5045 rea
1458 4983 1548 5047 Balac
1566 4987 1732 5067 veraciter,

183 5082 331 5154 allicere,
342 5078 401 5140 boc
417 5076 455 5138 iit
467 5074 589 5149 verbis;
604 5094 661 5138 nec
678 5083 800 5137 tantum
817 5079 935 5142 sanctis
991 5081 1046 5143 sed
1061 5081 1248 5157 adulatorie,
1265 5090 1422 5161 quatenus
1441 5090 1542 5145 artem
1563 5084 1665 5165 ipsius
1680 5086 1733 5148 Ba·

183 5179 296 5245 verbis
313 5174 380 5253 oei,
396 5175 454 5238 sed
467 5182 500 5236 et
515 5172 620 5238 verbis
637 5172 744 5235 inutili
765 5184 832 5238 arte
852 5196 935 5240 com·
990 5177 1071 5240 laam
1088 5179 1254 5255 extollens,
1272 5180 1500 5261 promptiorem
1520 5201 1594 5244 eum
1616 5183 1735 5247 iaceret

183 5278 314 5362 positis.
332 5274 429 5337 Erant
454 5272 487 5334 in
507 5272 640 5355 AEgypto
666 5272 881 5337 incantatores
904 5286 935 5339 et
989 5276 1063 5339 sibi.
1080 5275 1201 5339 Recitat
1222 5285 1327 5340 amen
1349 5278 1439 5360 Lyra,
1461 5282 1733 5361 quemadmodum
