4309 6259
572 538 747 586 thaanach)
767 540 799 585 ΙΝ
820 539 888 586 GAP.
912 540 944 586 xl
965 539 1101 587 tEt’trlcl.
1125 560 1165 571 -
1185 541 1256 589 ΛΒΤ.
1279 541 1352 588 xxvi

1677 521 1736 588 213
1776 565 1780 572 ,

184 712 295 794 sicque
312 710 536 776 invenirentur
552 711 584 774 in
600 712 686 775 vasis
703 711 778 776 illis.
792 712 842 777 Sic
853 733 937 777 nam·
952 711 976 774 Α
994 713 1047 776 nia
1071 714 1132 778 ista
1157 733 1228 798 quro
1252 716 1356 796 prima
1383 715 1465 778 lucie
1493 731 1557 778 non
1587 713 1735 777 videnlur

182 829 245 893 que
266 812 442 875 credebant
465 831 503 875 ea
523 831 593 875 esse
612 813 714 893 magis
729 821 860 895 accepta
874 813 936 875 diis

183 910 260 986 suis,
271 917 385 992 utpote
400 911 501 974 electa
516 912 557 975 ab
572 912 630 974 eis.
642 910 818 993 Supersunt
832 912 936 974 adhuc

181 1009 297 1090 aliquae
314 1009 501 1073 idololatriae
517 1011 614 1092 hujus
630 1009 785 1091 reliquiae.
798 1010 936 1073 Credunt

181 1108 268 1170 euim
300 1108 451 1171 nonnulli
482 1109 684 1192 insipientes,
710 1110 854 1191 quaedam
881 1129 936 1172 no-

181 1216 297 1270 cturna
313 1209 448 1271 numina
464 1209 668 1290 frequentare
691 1209 813 1285 domos,
831 1217 863 1272 et
883 1228 936 1271 va-

125 1357 130 1366 .
183 1327 217 1368 sa
233 1327 307 1388 quae
322 1306 525 1389 discooperta
540 1307 592 1370 vel
615 1315 725 1389 aperta
740 1307 933 1383 invenerint,

181 1411 354 1485 postquam
366 1403 443 1466 inde
454 1404 651 1467 comederint
667 1403 716 1466 vel
733 1403 881 1479 biberint,
891 1424 936 1466 re-

182 1501 330 1584 implere.
348 1502 380 1565 Si
397 1511 503 1565 autem
519 1522 556 1566 ea
571 1503 691 1579 clausa,
702 1502 873 1580 obstructa,
884 1503 933 1564 vel

182 1609 333 1683 cooperta
358 1601 554 1677 invenerint,
581 1603 657 1664 inde
682 1600 819 1678 otiandi,
844 1609 875 1663 et
896 1619 934 1664 ex

181 1701 241 1763 hoc
267 1700 379 1764 domui
402 1699 632 1763 diiiortunium
658 1700 838 1762 imminere.
856 1699 934 1762 Hinc

181 1806 213 1860 et
234 1797 289 1860 alii
311 1807 471 1875 asserunt,
488 1800 574 1880 quod
594 1799 730 1881 gentiles
746 1798 933 1873 idololotrae,

992 813 1127 895 alicujus
1147 813 1312 892 momenti,
1328 813 1443 876 Judaeis
1465 812 1735 895 prohibuitque

992 911 1078 973 niam
1095 913 1270 976 idololatras
1285 913 1360 975 talio
1376 911 1586 975 exercebantt

1030 1011 1203 1087 Postremo,
1214 1011 1295 1074 sicut
1311 1013 1344 1073 in
1361 1011 1464 1094 primo
1480 1011 1637 1084 secunde,
1649 1029 1735 1091 quae-

991 1108 1095 1172 stione
1112 1110 1180 1186 102,
1198 1110 1333 1173 Thomas
1350 1109 1734 1172 testatur:lneretJudaeis

991 1208 1195 1270 immunditia
1210 1209 1354 1289 quaedam
1371 1227 1408 1270 ex
1423 1216 1570 1271 contactu
1585 1226 1736 1288 quarum-

990 1309 1062 1369 dam
1078 1326 1186 1369 rerum
1209 1307 1457 1383 immundarum,
1474 1307 1566 1389 cujus
1588 1304 1734 1368 litteralis

990 1425 1085 1469 causa
1102 1405 1164 1467 luit
1180 1413 1310 1487 propter
1321 1405 1530 1468 reverentiam
1543 1423 1652 1467 eorum
1664 1423 1734 1485 quae

989 1505 1028 1567 ad
1051 1505 1199 1568 divinum
1222 1503 1383 1586 pertinent
1402 1504 1523 1565 cultum
1542 1520 1549 1564 :
1570 1511 1637 1565 tum
1656 1521 1735 1584 quo-

991 1603 1076 1665 niam
1100 1603 1254 1685 pretiosas
1280 1621 1330 1664 res
1351 1601 1497 1665 homines
1521 1609 1648 1680 tangere
1670 1619 1734 1662 non

990 1702 1211 1782 solent,quum
1224 1699 1343 1763 luerint
1360 1699 1538 1775 immundi,
1556 1707 1623 1761 tum
1639 1698 1733 1762 etiam

989 1810 1077 1864 uter
1101 1818 1170 1862 raro
1192 1818 1322 1862 accessu
1344 1799 1383 1861 ad
1399 1797 1520 1875 divine,
1538 1817 1575 1861 ea
1596 1797 1735 1879 amplius

182 1916 282 1978 aquas
298 1917 459 1973 vasorum,
477 1897 623 1978 aliosque
639 1898 791 1980 liquores,
815 1897 847 1958 in
865 1897 935 1978 qui·
950 1904 973 1964 B
990 1905 1229 1963 venerarentur.
1253 1897 1355 1972 Ouum
1380 1898 1465 1959 enim
1492 1915 1602 1960 omnes
1624 1896 1735 1975 hujus-

181 1994 240 2056 bus
266 1994 402 2076 praeiata
424 1996 590 2057 immunda
616 1996 766 2058 animalia
791 1995 936 2059 invenie

182 2094 312 2171 bantur,
326 2094 486 2176 putabant
502 2093 569 2155 suis
584 2094 646 2155 diis
662 2104 817 2176 acceptas,
835 2103 867 2156 et
881 2113 934 2156 eas
962 2128 967 2134 ·

182 2192 366 2256 offerebant
397 2193 473 2255 iilis.
505 2193 595 2256 Unde
623 2202 767 2256 secutum
795 2194 931 2270 videtur,

182 2293 266 2373 quod
293 2291 409 2355 vetulae
434 2294 580 2373 quedam
606 2292 775 2372 sortilegae,
799 2312 874 2355 vasa
900 2292 932 2352 in

182 2390 302 2471 quihus
318 2399 368 2453 est
383 2410 477 2473 aqua,
495 2391 663 2452 dimittunt
678 2391 717 2453 de
732 2399 824 2454 nocte
844 2409 935 2472 aper-

182 2497 222 2564 ta,
248 2497 285 2551 ut
310 2497 468 2552 nocturna
491 2489 624 2551 numina
645 2488 723 2552 illuc
745 2489 875 2552 veniant
894 2488 933 2552 ad

181 2587 372 2650 bibendum.
396 2588 497 2663 Quum
523 2604 597 2667 ergo
623 2587 826 2669 omnipotens
852 2587 933 2650 lleus

181 2687 381 2768 Synagogam
407 2686 565 2763 dilexerit,
593 2696 744 2767 tanquam
768 2705 930 2768 sponsam,

180 2785 270 2867 quasi
287 2805 399 2850 amore
412 2786 559 2868 zelotypo
572 2801 579 2846 :
592 2784 670 2866 quid
688 2785 816 2862 mirum,
827 2784 855 2846 si
870 2802 935 2847 om-

989 1996 1076 2061 modi
1100 1995 1320 2058 immunditias
1343 1995 1437 2058 homo
1454 2013 1524 2057 raro
1540 1993 1641 2076 possit.
1656 1993 1735 2056 vita-

989 2094 1206 2172 re,accidcbat
1217 2095 1303 2175 quod
1319 2113 1389 2158 raro
1402 2093 1504 2176 patuit
1514 2093 1560 2155 eis
1576 2093 1614 2154 ad
1626 2091 1735 2154 divina

989 2214 1147 2270 accessus,
1165 2195 1275 2274 sicque
1291 2211 1347 2255 suo
1369 2199 1510 2274 tempore
1526 2210 1598 2254 cum
1621 2187 1734 2270 maj0ri

989 2292 1169 2355 humilitate
1191 2300 1223 2354 et
1248 2290 1426 2354 reverentia
1450 2296 1674 2370 processerunt
1695 2287 1734 2349 ad

989 2411 1037 2454 ea.
1054 2390 1126 2452 Fuit
1146 2399 1176 2452 et
1192 2390 1254 2452 clia
1270 2388 1350 2452 ratio
1372 2388 1404 2450 in
1425 2386 1617 2469 quibusdam
1635 2403 1642 2447 :
1662 2405 1735 2447 nam

989 2488 1142 2571 quoniam
1166 2489 1225 2552 soli
1252 2488 1364 2550 mundi
1390 2485 1561 2562 intrabant,
1585 2503 1648 2546 non
1675 2482 1735 2545 fuit

989 2587 1086 2650 alicui
1097 2587 1221 2650 occasio
1234 2585 1414 2649 dimittendi
1427 2585 1605 2665 ingressum
1622 2582 1736 2643 insan-

990 2694 1040 2748 cla
1056 2705 1094 2748 ex
1110 2685 1223 2748 timore
1239 2683 1425 2748 iniectionis
1442 2703 1498 2746 seu
1513 2682 1644 2744 horrore
1661 2698 1735 2742 con-

990 2784 1082 2847 sortii
1098 2785 1348 2847 immundorum.

708 3207 1033 3295 ARTIGULUS
1069 3208 1211 3293 XXVI

512 3487 551 3532 bu
577 3485 745 3532 SPllllTUAbl
772 3484 865 3530 dutus
891 3483 1029 3529 carnoti
1056 3483 1198 3528 UNDECllll
1225 3485 1414 3530 mruttucrtt.

241 3765 496 3832 PlRlTUALEll
521 3775 552 3828 et
573 3764 743 3848 mysticum
765 3764 862 3844 hujus
886 3759 972 3826 ca-C
991 3771 1053 3840 tur,
1072 3771 1244 3845 utrumque
1260 3766 1364 3846 quoad
1387 3785 1476 3828 suam
1499 3774 1645 3829 naturam
1667 3767 1735 3830 sive

249 3865 346 3948 pituli
362 3883 506 3941 sensum,
517 3863 548 3926 S.
559 3863 695 3926 Thomas
710 3861 936 3944 compendiose

182 3964 374 4048 perstringit
400 3982 516 4043 magua
538 3963 740 4044 expertein
764 3961 867 4044 prima
889 3980 936 4022 se

182 4062 411 4144 cundro,cujus
426 4061 524 4124 verba
540 4060 814 4123 inducam.Primo
830 4069 934 4124 tamen

185 4165 267 4226 scire
289 4170 427 4244 oportet,
451 4161 537 4242 quod
561 4179 618 4242 per
639 4159 790 4222 animalia
816 4159 944 4234 munda,

185 4270 217 4324 et
232 4260 413 4337 immunda,
431 4257 578 4321 homines
594 4257 794 4320 diversorum
810 4276 935 4320 morum

185 4359 306 4439 signari
323 4366 449 4421 constat
464 4376 502 4420 ex
517 4357 588 4433 hoc,
606 4357 691 4438 quod
708 4355 843 4437 Spiritus
859 4355 936 4417 San-

184 4465 256 4520 ctus
267 4456 380 4521 volens
392 4454 571 4538 principem
580 4454 802 4535 Apostolorum
813 4454 853 4515 ad
864 4472 936 4534 gen-

186 4556 294 4617 tilium
316 4553 560 4618 conversionem
582 4551 809 4627 transmittere,
830 4551 934 4633 primo

991 3863 1174 3940 essentiam,
1199 3865 1355 3925 mundum
1378 3872 1437 3941 est,
1454 3865 1605 3946 quoniam
1630 3867 1735 3928 omnis

991 3971 1135 4024 creatura
1152 3961 1206 4024 Dei
1222 3961 1316 4024 bona.
1334 3961 1473 4036 Quadam
1490 3982 1565 4026 vcro
1577 3963 1736 4044 significa·

992 4061 1078 4124 tione
1103 4079 1203 4140 agnus
1230 4069 1278 4122 ost
1303 4061 1452 4136 mundus,
1480 4070 1510 4124 et
1536 4081 1651 4143 porcus
1676 4063 1735 4124 im-

990 4159 1140 4234 mundus,
1151 4166 1302 4241 tanquam
1320 4159 1347 4220 si
1364 4160 1496 4222 stultum
1512 4168 1542 4222 et
1558 4161 1734 4243 sapientem

991 4258 1120 4321 diceres.
1132 4258 1305 4338 Utrumque
1316 4258 1375 4320 hoc
1392 4277 1507 4321 nomen
1526 4267 1637 4323 natura
1648 4259 1735 4322 vocis

990 4365 1023 4417 et
1033 4357 1209 4419 litterarum
1221 4376 1256 4418 ac
1268 4354 1474 4438 syllabarum,
1484 4375 1521 4419 ex
1533 4357 1649 4439 quibus
1661 4377 1735 4421 con-

991 4461 1063 4531 stat,
1091 4457 1245 4517 mundum
1272 4463 1340 4532 est;
1368 4455 1605 4534 significatione
1629 4465 1734 4520 autem

990 4572 1090 4614 unum
1107 4560 1154 4615 est
1169 4554 1335 4631 mundum,
1353 4553 1503 4635 aliudque
1519 4554 1732 4616 immundum.

60 4683 171 4729 semm-
185 4653 329 4718 osteudit
341 4653 370 4714 ei
384 4653 417 4714 in
429 4653 554 4716 visione
568 4670 632 4728 vas,
642 4650 675 4711 iu
690 4670 754 4732 quo
769 4657 859 4712 eraut
871 4667 936 4712 om·
991 4651 1042 4713 Sic
1058 4651 1176 4712 animal
1192 4652 1277 4732 quod
1294 4651 1443 4728 ruminat,
1460 4659 1491 4714 et
1507 4652 1657 4732 ungulam
1675 4651 1736 4714 iin-

50 4746 152 4790 ΜΝ·
186 4750 242 4813 nia
261 4750 494 4832 quadrupedia,
511 4749 673 4831 serpentia
691 4768 727 4810 ac
743 4747 885 4811 volatilia
905 4754 936 4809 et
990 4748 1048 4826 dit,
1067 4747 1305 4829 significatione
1320 4758 1367 4811 est
1384 4749 1539 4811 mundum
1557 4767 1564 4810 :
1582 4749 1734 4831 quoniam

186 4849 300 4912 bestiae
326 4857 426 4923 terrra,
451 4847 594 4927 dixitque
619 4848 648 4910 ei
671 4864 679 4908 :
702 4845 811 4926 Surge,
834 4847 933 4923 Petro,
993 4847 1083 4910 fissio
1100 4847 1226 4928 unguite
1241 4847 1403 4926 significat
1413 4847 1650 4912 distinctionem
1663 4849 1736 4912 duo-

185 4947 301 5010 occide
326 4953 359 5008 et
383 4945 551 5006 manduca.
574 4945 684 5026 ltaque
705 4962 762 5026 per
787 4944 936 5007 animalia
950 4943 975 5005 ll
991 4966 1061 5009 rum
1089 4947 1372 5023 Testamentorum,
1391 4965 1446 5009 scu
1470 4947 1677 5010 Personarum
1702 4948 1735 5009 in

187 5046 245 5109 illa
262 5042 428 5127 prohibita
445 5043 654 5124 designantur
672 5042 799 5125 reprobi
819 5062 933 5121 moreS,
991 5045 1262 5122 divinis,duarum
1273 5063 1400 5126 quoque
1412 5054 1594 5108 naturarum
1606 5045 1638 5108 in
1651 5046 1737 5110 Chri·

186 5145 382 5224 diversaque
407 5143 501 5219 vitia,
525 5142 683 5224 aquibus
708 5161 821 5205 cavere
845 5161 937 5224 opor·
991 5154 1051 5220 sto,
1069 5152 1165 5224 etque
1180 5142 1405 5206 discretionem
1426 5143 1549 5206 boniet
1571 5145 1657 5221 mali,
1681 5165 1735 5207 seu

79 5259 159 5304 usna
187 5241 342 5308 tetllnde
358 5241 391 5302 iu
408 5241 491 5304 libro
506 5250 616 5304 contra
628 5240 778 5303 Faustum
795 5240 937 5321 loquitur
992 5243 1059 5305 vcri
1085 5251 1117 5305 et
1142 5241 1240 5318 falsi;
1268 5241 1440 5304 ruminatio
1464 5249 1569 5303 autem
1595 5241 1737 5304 insinuat

47 5325 172 5437 ζζῆᾯῗ
188 5339 391 5422 Augustinus
409 5356 416 5401 :
436 5339 523 5402 Side
543 5358 639 5423 porco
654 5348 685 5401 et
701 5357 784 5421 agno
800 5339 938 5420 requiro·
992 5340 1233 5402 meditationem
1249 5339 1481 5421 Scripturarum
1503 5346 1534 5400 ct
1555 5359 1665 5401 sanum
1690 5340 1737 5401 in-
