4309 6259
424 485 445 549 8
832 497 1005 545 unianimo
1026 498 1056 544 ru
1076 498 1145 543 car.
1168 496 1211 543 xx
1231 496 1333 542 exous.
1356 516 1397 527 -
1416 497 1488 543 aur.
1510 498 1561 545 xu

425 692 460 737 sa
470 672 617 737 litteralis
627 672 723 753 hujus
735 670 883 753 precepti
894 666 1167 750 assignatur,quia
1180 664 1208 728 A
1221 685 1309 744 usus,
1326 668 1412 749 quod
1432 668 1533 749 magis
1552 668 1638 731 inira
1656 668 1787 751 patebit.
1805 669 1966 733 Verumta-
2005 698 2080 739 em,

425 772 601 836 idololotrae
626 770 786 835 iaciebant
807 790 864 833 sua
886 769 998 832 altaria
1020 769 1059 831 de
1083 766 1167 830 saxis
1221 786 1296 831 men
1312 768 1338 830 si
1353 768 1453 831 altare
1469 767 1532 830 luit
1551 777 1615 831 tam
1635 769 1747 845 altum,
1763 770 1849 850 quod
1864 788 1966 833 sacer·
1978 774 2048 865 ζῇ·
2069 764 2106 811 ⁴²·

425 870 531 949 sectis,
548 870 668 953 politis,
678 877 710 932 et
725 870 858 952 sculptis
875 886 882 931 :
899 869 971 932 ideo
987 868 1021 929 in
1037 867 1166 931 illorum
1220 868 1311 930 dotes
1327 867 1407 929 illud
1423 868 1536 930 stando
1551 886 1616 931 non
1631 866 1779 931 valebant
1798 867 1964 949 attingere,
2006 854 2013 867 ⁶

424 970 666 1035 detestationem
687 970 769 1031 llcus
794 968 946 1050 pracepit
969 966 1164 1049 oppositum,
1221 973 1345 1048 poterat
1359 965 1494 1047 pedibus
1509 967 1707 1029 sacerdotum
1727 985 1892 1030 scamnum
1912 975 1967 1030 aut

423 1079 454 1133 et
469 1068 545 1151 quia
564 1066 693 1131 nolebat
712 1085 786 1131 suos
805 1068 969 1130 ministros
989 1064 1167 1129 commuui—
1221 1065 1344 1146 aliquid
1360 1064 1423 1127 tale
1439 1064 1589 1147 supponi,
1606 1066 1692 1147 quod
1708 1063 1792 1129 sacta
1807 1066 1968 1129 ministra-

422 1186 493 1231 care
507 1186 580 1231 curn
598 1165 774 1230 idololatris
790 1165 823 1227 in
839 1164 969 1229 divinis.
982 1165 1113 1240 Rursus,
1126 1182 1167 1227 ne
1222 1164 1309 1227 tione
1324 1163 1557 1241 removebatur,
1566 1170 1602 1225 ut
1616 1164 1760 1243 Magister
1776 1164 1809 1226 iu
1824 1164 1967 1228 historiis

420 1265 519 1329 ludaei
539 1284 596 1348 per
612 1264 705 1327 talem
723 1265 918 1347 sculpturam
940 1263 1167 1326 inducerentur
1223 1263 1334 1343 tangit.
1358 1262 1447 1325 Unde
1469 1271 1500 1325 et
1522 1261 1602 1345 Lyra
1622 1262 1740 1343 allegat
1760 1263 1860 1326 Rabbi
1882 1263 1969 1327 Salo

423 1364 576 1448 paulatim
595 1364 635 1426 ad
651 1364 862 1446 sculpendum
883 1372 978 1445 atque
995 1362 1165 1425 colendum
1221 1380 1356 1439 monem,
1367 1362 1526 1425 dicentem
1541 1362 1627 1443 quod
1643 1361 1742 1426 fiebat
1757 1362 1801 1425 ibi
1817 1382 1968 1426 ascensus

422 1462 585 1544 imagines
593 1463 724 1545 lnsuper
734 1462 775 1525 ob
786 1462 951 1543 mysticam
963 1460 1168 1543 significatio
1221 1461 1291 1524 sine
1305 1460 1457 1541 gradibus
1472 1462 1505 1524 in
1521 1460 1743 1543 hujuscemodi
1758 1481 1844 1524 casu.
1857 1462 1969 1526 Fertur

423 1561 665 1640 ncm‚videlicet
680 1562 765 1643 quod
775 1562 857 1625 Deus
873 1561 941 1624 vult
958 1560 990 1622 in
1007 1558 1167 1642 spirituali
1221 1578 1359 1643 quoque,
1377 1561 1463 1641 quod
1486 1560 1519 1622 in
1542 1560 1641 1623 sacris
1662 1560 1767 1642 Priapi
1789 1562 1967 1625 sacerdotes

423 1660 542 1743 templo
568 1678 625 1724 suo
646 1661 745 1741 (quod
768 1667 816 1723 est
837 1659 992 1741 Ecclesia)
1016 1658 1165 1723 collocari
1222 1677 1278 1741 per
1300 1660 1417 1739 gradus
1441 1658 1655 1721 ascendebant
1679 1659 1788 1736 altare,
1813 1667 1909 1740 atque
1933 1659 1967 1721 in

423 1778 575 1841 personas
587 1759 726 1840 integras
736 1767 768 1821 et
782 1758 928 1831 sinceras
938 1756 1092 1821 unitatem
1106 1757 1167 1840 spi·
1220 1758 1285 1821 alto
1301 1767 1433 1834 stantes,
1450 1758 1590 1821 verenda
1606 1777 1663 1819 sua
1678 1758 1899 1821 monstmbant
1913 1777 1969 1841 po-

423 1858 503 1921 ritus
519 1866 754 1935 conservantes,
765 1865 797 1920 et
811 1857 1059 1920 ecclesiasticam
1075 1854 1203 1919 unicB
1222 1857 1299 1939 pulo
1314 1857 1526 1939 discooperta.
1543 1856 1663 1920 ldcirco
1680 1856 1712 1919 iu
1733 1865 1796 1919 tam
1817 1856 1968 1920 obsceno

423 1975 495 2019 nem
518 1974 583 2019 non
599 1956 766 2019 violantes.
784 1955 914 2032 Rursus,
937 1954 1105 2038 spirituale
1124 1955 1167 2017 al·
1222 1975 1293 2019 rum
1308 1955 1551 2020 detestationem
1567 1955 1903 2031 sacrorum,llominus
1917 1956 1968 2018 de-

423 2063 499 2133 tare,
526 2062 574 2118 est
604 2055 701 2118 trium
733 2054 983 2137 theologicarum
1010 2054 1166 2118 virtutum
1221 2054 1269 2117 dit
1284 2054 1452 2137 praelatum
1468 2055 1660 2116 mandatum
1669 2053 1884 2137 spiritualiter
1892 2073 1967 2118 vero

421 2152 577 2217 connexio
599 2153 734 2235 integra,
757 2151 790 2215 in
812 2172 877 2234 qua
898 2151 1067 2216 efferenda
1092 2160 1168 2215 suut
1222 2173 1279 2238 per
1292 2155 1409 2235 gradus
1423 2154 1463 2215 ad
1478 2153 1578 2216 altare
1592 2154 1774 2230 ascendere,
1784 2162 1843 2229 est,
1853 2154 1886 2215 in
1903 2154 1968 2218 lide

420 2254 485 2316 lleo
500 2252 608 2318 omnia
630 2270 726 2334 opera
747 2251 832 2316 bona
851 2260 883 2314 et
903 2251 1064 2315 sacrificia
1086 2251 1168 2314 mili·
1222 2252 1510 2336 superbeatissima
1525 2250 1700 2328 Trinitatis,
1717 2253 1849 2331 gradum
1870 2260 1903 2316 et
1920 2272 1968 2316 or·

421 2350 518 2414 tentis
540 2350 688 2413 Ecclesiae
712 2368 718 2412 :
742 2351 828 2431 quod
850 2350 949 2413 altare
974 2349 1013 2412 iit
1037 2350 1077 2413 dc
1103 2369 1166 2414 non
1221 2352 1329 2415 dinem
1345 2350 1510 2430 dignitatis
1519 2348 1872 2426 asserereallirmando
1881 2353 1967 2433 quod

421 2448 515 2512 sectis
532 2448 705 2531 lapidibus,
722 2448 819 2512 idest
837 2449 878 2512 de
896 2447 997 2511 tribus
1019 2449 1089 2511 istis
1104 2450 1168 2512 vir·
1220 2450 1311 2513 Pater
1328 2449 1431 2530 maior
1450 2448 1493 2511 sit
1510 2447 1602 2525 Filio,
1619 2456 1651 2510 et
1665 2447 1765 2510 Filius
1780 2449 1884 2530 major
1898 2449 1969 2531 Spi-

422 2547 543 2611 tutibus
568 2546 689 2625 firmis,
717 2546 757 2610 ab
783 2546 921 2611 invicem
947 2566 1010 2611 non
1035 2548 1164 2627 divisis,
1222 2548 1285 2612 ritu
1302 2548 1428 2625 Sancto,
1446 2556 1482 2609 ut
1496 2545 1605 2608 Ariani
1620 2546 1769 2609 dixerunt
1786 2564 1793 2608 ε
1811 2549 1895 2628 quod
1911 2548 1967 2629 qui

422 2666 481 2709 nce
496 2646 593 2709 alicui
614 2646 811 2711 simulationi
832 2654 887 2709 aut
909 2646 1090 2729 duplicitati
1109 2647 1167 2709 ad·
1222 2647 1310 2725 iacit,
1338 2645 1571 2728 turpitudinem
1596 2664 1661 2707 sure
1684 2643 1831 2727 perfidiae
1855 2644 1968 2709 infelix

420 2745 551 2826 junctis.
1221 2746 1372 2810 ostendit.
1382 2746 1512 2822 Rursus,
1524 2744 1624 2807 altare
1639 2743 1679 2807 de
1695 2753 1778 2807 terra
1794 2742 1909 2823 lacere,
1919 2753 1969 2809 est

468 2846 543 2905 Noe
576 2848 722 2905 ascendes
751 2864 811 2923 per
835 2847 961 2921 prades
989 2848 1034 2905 ad
1063 2848 1168 2906 altore
1222 2845 1256 2908 in
1271 2844 1396 2909 Christo
1411 2862 1518 2907 veram
1535 2861 1664 2906 carnem
1680 2840 1794 2919 lateri;
1817 2850 1850 2905 ct
1868 2843 1908 2905 ad
1924 2844 1968 2905 al-

421 2962 526 3003 meum
542 2960 555 3003 :
570 2943 663 3024 cujus
677 2941 831 3025 jussionis
847 2942 1051 3024 subjungitur
1067 2944 1164 3008 ratio:
1222 2953 1288 3007 tere
1309 2962 1367 3026 per
1386 2943 1502 3022 gradus
1525 2960 1588 3005 non
1611 2941 1793 3017 ascendere,
1810 2948 1859 3004 est
1878 2941 1912 3003 in
1929 2960 1967 3005 eo

420 3062 460 3101 ne
475 3045 630 3103 revelatur
651 3044 818 3119 turpitudo
840 3050 908 3103 tua.
929 3042 973 3105 Ex
996 3061 1060 3124 que
1081 3036 1203 3107 elici-C
1221 3041 1422 3107 divinitatem
1437 3060 1555 3118 veram,
1573 3060 1637 3122 qua
1656 3040 1788 3122 aequalis
1807 3048 1856 3104 est
1870 3041 1964 3118 Patri,

421 3147 483 3218 tur,
504 3142 589 3222 quod
612 3141 754 3205 nondum
776 3148 843 3204 eret
865 3148 940 3204 tunc
965 3140 1166 3205 feminalium
1221 3160 1405 3225 agnoscere.

964 3613 1290 3701 ARTICULUS
1328 3618 1425 3701 XLI

680 3914 725 3960 DE
752 3913 909 3961 uitrico
937 3914 1047 3962 llutos
1075 3915 1245 3962 capituti
1274 3916 1437 3964 tici-:still
1464 3918 1695 3966 mucescere.

501 4320 621 4384 exitum
646 4318 686 4381 ab
708 4318 841 4401 AEgypto
863 4318 925 4395 die,
950 4320 1023 4382 data
1046 4328 1095 4383 est
1116 4319 1166 4383 lex
1181 4323 1206 4384 D
1221 4321 1304 4385 sicut
1314 4322 1453 4386 Hebraeis
1466 4342 1504 4385 ex
1513 4324 1647 4406 AEgypto
1662 4323 1791 4388 salvatis
1807 4325 1881 4387 data
1889 4333 1966 4387 sunt

487 4420 559 4483 raris
574 4418 607 4481 in
623 4426 732 4481 monte
746 4416 853 4492 Sinai3
875 4417 920 4479 sic
940 4417 1166 4500 quinquagesi-
1220 4422 1329 4485 decem
1351 4422 1406 4484 illa
1426 4430 1584 4504 precepta
1604 4422 1787 4486 immediate
1806 4424 1913 4501 aDeo,
1931 4424 1962 4486 id

420 4538 472 4583 mo
487 4518 540 4581 die
555 4524 627 4601 pest
636 4515 752 4579 Christi
768 4515 1039 4593 resurrectionem,
1047 4516 1164 4580 missus
1219 4529 1267 4582 est
1283 4538 1346 4583 non
1363 4540 1419 4603 per
1433 4521 1571 4602 Moysen,
1589 4521 1645 4584 sed
1660 4539 1717 4603 per
1736 4520 1963 4585 allocutionem

419 4627 468 4683 est
483 4617 619 4701 Spiritus
630 4615 763 4679 Sanctus
779 4613 950 4697 primitive
966 4615 1115 4679 Ecclesiae
1130 4616 1163 4679 in
1218 4619 1273 4682 Dei
1289 4638 1328 4681 ex
1342 4618 1417 4699 igne
1431 4628 1462 4681 ct
1479 4618 1574 4696 nube,
1593 4628 1699 4682 tamen
1720 4639 1777 4702 per
1790 4620 1939 4701 angelum
1954 4644 1961 4695 3

418 4716 531 4800 grandi
551 4714 607 4778 illo
622 4712 798 4789 coenaculo,
816 4712 849 4774 in
869 4730 934 4794 quo
955 4713 1162 4777 novissimam
1219 4716 1265 4780 sic
1289 4718 1382 4781 uobis
1407 4736 1446 4781 cx
1470 4718 1583 4779 mundi
1600 4726 1632 4781 et
1653 4717 1805 4781 vitiorum
1826 4718 1963 4799 caligine

417 4816 536 4881 iecerat
552 4812 696 4878 Christus
712 4811 841 4874 Coenam
860 4828 867 4873 :
885 4830 942 4894 per
959 4812 1052 4893 cujus
1072 4813 1163 4877 Para·
1218 4835 1275 4899 per
1289 4816 1405 4879 Christi
1421 4817 1594 4880 adrentum
1610 4816 1744 4894 eductis,
1758 4818 1869 4880 eedem
1884 4837 1963 4900 prm-

415 4915 489 4979 cleti
505 4912 712 4988 inlusionem,
725 4909 908 4989 evangelica
924 4910 973 4973 lex
989 4910 1022 4972 in
1032 4910 1162 4992 Aposto
1217 4923 1309 4997 cepta
1323 4923 1398 4977 sunt
1413 4916 1446 4977 in
1462 4915 1635 4995 Evangelio
1652 4916 1777 4992 tradita,
1790 4916 1895 4998 primo
1906 4917 1962 4978 im-

415 5015 527 5091 lorum,
537 5018 780 5090 ceterorumque
795 5008 993 5071 credentium
1010 5010 1160 5074 cordibus
1216 5012 1353 5075 mediate
1372 5033 1391 5075 a
1410 5013 1536 5076 Christo
1557 5013 1619 5077 Deo
1640 5032 1725 5090 vero,
1741 5015 1896 5078 veraciter
1916 5016 1961 5077 iu-

414 5121 462 5177 est
478 5111 615 5186 firmate,
633 5114 729 5189 atque
744 5106 855 5170 eodem
872 5106 924 5169 die
939 5107 1010 5169 aliis
1027 5108 1060 5169 in
1075 5108 1161 5171 Jeru-
1215 5119 1355 5187 carnato,
1371 5110 1499 5173 dicente
1516 5128 1523 5173 :
1541 5110 1572 5173 si
1590 5111 1637 5175 vis
1652 5112 1692 5174 ad
1708 5112 1806 5174 vitam
1823 5112 1958 5193 ingredi,
1980 5139 2118 5191 ceriam,

414 5212 511 5275 salem
543 5207 712 5293 predicata
742 5212 774 5269 et
802 5206 885 5281 data,
915 5207 1159 5270 coruscantibus
1214 5228 1305 5271 serva
1316 5209 1674 5291 mandata.ltaque,non
1691 5209 1866 5273 serviamus
1876 5210 1961 5274 ultra
1975 5206 2008 5245 ¹⁷·

413 5309 513 5393 signis
535 5317 685 5389 tanquam
710 5303 900 5385 fulguribus
920 5313 952 5368 ot
973 5306 1157 5387 apostolicis
1212 5306 1361 5389 peccatis,
1380 5325 1438 5371 nec
1451 5326 1595 5371 errorum
1612 5328 1649 5371 ac
1665 5308 1851 5390 passionum
1873 5319 1958 5373 tene

490 4218 775 4285 UEblAllllOllUll
802 4218 1067 4301 quinquagesimo
1095 4230 1167 4303 post
1220 4222 1327 4286 verbis
1343 4222 1540 4301 sonantibus,
1551 4224 1639 4287 velut
1654 4224 1963 4308 tonitruislusuper‚

419 4220 487 4483 ll
