4309 6259
558 513 732 561 massano
754 513 785 559 ut
806 512 875 559 GAP.
898 512 909 558 1
929 512 1163 559 DEUTEMOMOMM.
1185 532 1226 542 -·
1246 513 1317 559 Atta.
1340 514 1351 559 l
1662 494 1722 557 527

170 684 253 747 dicit
277 684 413 748 Thomas
439 684 472 746 in
498 684 638 747 secunda
662 683 821 759 secundas,
837 699 923 764 quae
938 679 963 740 A
978 688 1026 743 ter
1040 680 1146 745 dicere
1161 681 1276 764 potuit,
1292 681 1369 764 quia
1385 680 1411 743 si
1428 682 1562 745 nescivit
1581 682 1658 765 quid
1676 682 1723 763 ju·

169 782 280 846 stione
291 782 347 845 63:
361 783 512 865 deceptio
527 801 735 866 personarum
750 782 923 863 opponitur
977 779 1109 857 dicaret,
1128 780 1265 843 babebat
1286 782 1326 843 ad
1348 780 1475 843 libitum
1500 800 1662 844 recursum
1682 781 1721 845 ad

168 882 387 947 distributivae
406 883 551 965 justitias,
572 902 643 963 qua
667 881 804 945 diversis
819 900 923 963 perso
978 878 1159 957 Dominum,
1177 887 1209 943 et
1225 898 1297 943 mox
1317 878 1553 944 informabatur-
1565 880 1606 943 ab
1621 899 1669 957 eo,
1688 888 1723 941 ut

166 980 225 1041 nis
243 980 354 1044 tribuit
370 981 544 1045 secundum
568 978 756 1059 dignitatern
781 978 922 1060 ipsarum
978 977 1081 1058 patuit
1095 979 1136 1042 de
1151 978 1201 1039 his
1217 977 1272 1060 qui
1289 997 1353 1042 non
1369 986 1514 1061 poterant
1529 997 1586 1042 suo
1602 987 1723 1061 tempo-

168 1097 208 1141 ac
225 1080 351 1142 merita.
365 1080 435 1143 ldao
451 1078 684 1143 considerando
695 1095 839 1160 personae
853 1096 924 1160 pro
978 1094 1011 1137 re
1027 1075 1132 1139 lacere
1146 1075 1255 1153 Phase,
1268 1086 1300 1139 et
1313 1078 1353 1139 de
1368 1095 1406 1140 eo
1419 1078 1475 1159 qui
1492 1077 1578 1156 ligna
1592 1078 1723 1159 collegit
1757 1096 1825 1139 ιιι.
1838 1110 1866 1147 ιι,

169 1177 353 1258 prietatem,
372 1186 612 1261 propterquam
627 1176 750 1259 aliquid
766 1176 795 1239 ei
818 1177 921 1252 datur,
977 1174 1011 1235 in
1037 1174 1180 1252 sabbato,
1207 1183 1238 1238 et
1262 1176 1302 1238 de
1326 1176 1430 1238 causis
1455 1176 1722 1239 concernentibus
1735 1161 1866 1266 ffiffff

169 1293 240 1337 non
257 1285 304 1338 est
319 1276 462 1359 acceptio
478 1294 633 1359 personat,
647 1276 702 1338 sed
718 1293 831 1338 oausae.
844 1274 922 1336 Hinc
978 1271 1063 1336 lilias
1088 1273 1255 1356 Salphaad.
1281 1277 1487 1355 Proeccpique
1515 1277 1626 1336 οιηιιια
1650 1297 1722 1356 quoe
1793 1254 1799 1273 ’

166 1373 271 1455 judex
285 1373 468 1438 discernere
486 1374 581 1438 debet
596 1392 718 1451 causas,
736 1392 800 1437 non
816 1391 924 1456 perso-
976 1374 1083 1449 facere
1101 1376 1230 1442 dedetis,
1248 1373 1354 1450 idest,
1372 1368 1481 1436 omnia
1502 1373 1593 1437 vobis
1614 1394 1721 1438 ncces-

169 1490 244 1535 nas.
262 1472 292 1535 Si
308 1482 416 1537 autem
441 1474 475 1535 in
490 1472 612 1555 judicio
627 1472 745 1555 aliquis
766 1471 924 1554 justitice
978 1470 1060 1533 saria
1075 1472 1115 1534 ad
1131 1471 1276 1550 salutem,
1292 1480 1324 1535 et
1339 1472 1498 1555 quidquid
1517 1474 1598 1536 Deus
1619 1473 1723 1556 requi·

169 1580 224 1634 tur
248 1580 302 1636 aut
327 1571 481 1651 foveatur,
501 1572 577 1654 quia
602 1571 813 1654 propinquus,
833 1571 922 1635 dives
978 1570 1019 1631 rit
1033 1590 1052 1632 ι
1066 1570 1169 1647 vobis,
1186 1590 1223 1633 ex
1239 1581 1328 1654 parte
1342 1571 1396 1634 [lei
1412 1571 1504 1636 vobis
1520 1573 1680 1635 mandavi.

167 1670 222 1733 rel
242 1680 365 1753 potens,
380 1669 777 1753 nonquiaoausambabet
790 1671 920 1751 justam,
1016 1666 1170 1730 Praeterea
1192 1668 1422 1733 advertendum
1446 1668 1531 1751 quod
1558 1670 1591 1732 in
1616 1670 1722 1734 Exodo

169 1788 319 1851 persona
334 1770 477 1851 acceptio
497 1778 555 1845 est,
572 1778 604 1832 et
626 1776 736 1832 contra
756 1768 920 1850 justitiam,
978 1784 1041 1829 non
1064 1766 1181 1846 legitur
1200 1768 1320 1849 Moyses
1342 1768 1514 1849 protulisse
1528 1769 1626 1831 verba
1651 1789 1723 1851 qua

169 1876 271 1949 atquo
286 1886 324 1931 ex
339 1887 397 1932 suo
411 1885 529 1948 genere
544 1875 592 1930 est
608 1866 752 1929 mortale.
763 1868 847 1936 Quia
862 1868 924 1928 Dei
938 1880 960 1943 Β
977 1864 1029 1927 hio
1052 1866 1164 1929 recitat
1188 1885 1222 1929 se
1240 1866 1369 1944 dixisse,
1386 1866 1546 1945 videlicet,
1563 1868 1631 1931 Non
1652 1887 1722 1951 pos·

162 1968 341 2043 judicium
365 1976 420 2037 cst,
448 1965 481 2027 id
503 1973 562 2043 ast,
590 1964 623 2027 in
647 1964 821 2046 judicando
842 1964 924 2044 geri·
978 1986 1048 2028 sum
1064 1965 1151 2029 solus
1171 1966 1329 2029 sustinere
1344 1984 1411 2043 vos,
1429 1975 1489 2029 etc.
1505 1990 1512 2040 ;
1531 1967 1595 2030 imo
1615 1968 1722 2050 potius

171 2063 216 2125 tis
233 2064 337 2127 ricem
352 2065 419 2142 Dei,
437 2072 470 2127 et
484 2064 561 2127 estis
576 2063 687 2126 vicarii
710 2064 792 2144 ejus,
809 2062 860 2126 cui
886 2082 923 2126 ex
979 2065 1012 2126 in
1032 2065 1115 2127 libro
1137 2064 1346 2129 Numerorum
1369 2065 1484 2145 legitur
1506 2064 1568 2129 ista
1589 2066 1720 2131 dixisse.

48 2179 155 2228 ιιιιιι,
172 2181 208 2224 se
230 2162 302 2244 ipso
325 2163 479 2246 competit
503 2181 574 2226 esse
597 2162 821 2226 universorum
842 2161 923 2243 judi·
979 2163 1024 2225 lbi
1046 2164 1166 2246 quippe
1191 2163 1332 2246 loquitur
1351 2164 1435 2228 Deo:
1458 2164 1519 2227 Cur
1539 2165 1721 2247 imposuisti
1760 2182 1867 2235 ιιιιι,

172 2281 245 2324 cem
260 2263 395 2343 justum,
412 2262 468 2344 qui
484 2280 611 2325 omnem
634 2260 823 2342 injustitiam
841 2261 925 2323 dete·
978 2263 1104 2345 pondus
1126 2262 1267 2326 universi
1287 2263 1398 2345 populi
1421 2264 1517 2345 hujus
1532 2283 1628 2346 super
1649 2270 1722 2329 mel
1738 2247 1812 2299 ¹¹·¹⁴'

170 2369 287 2425 statur.
306 2360 378 2424 ldeo
392 2360 515 2443 judices
530 2360 695 2425 constituti
721 2359 782 2421 sub
802 2378 851 2435 eo,
870 2359 924 2422 de·
978 2362 1045 2425 Non
1061 2380 1192 2443 possum
1212 2362 1299 2425 solus
1315 2363 1472 2426 sustinere
1493 2381 1620 2426 omnem
1636 2365 1722 2429 hunc

172 2458 254 2523 bont
272 2460 449 2523 secundum
475 2468 616 2522 tenorem
641 2466 673 2521 et
696 2458 821 2538 regulas
842 2458 924 2538 juris
978 2456 1145 2539 populum,
1162 2455 1239 2538 quia
1261 2456 1367 2536 gravis
1391 2465 1439 2520 est
1461 2456 1552 2521 mihi.
1576 2457 1636 2521 Sed
1661 2460 1722 2523 hoc

50 2572 142 2619 ιιιιι.
171 2559 358 2640 procedere,
371 2566 403 2620 et
418 2558 517 2621 Deum
533 2556 634 2638 sequi,
646 2558 730 2639 apud
746 2576 842 2639 quem
858 2575 923 2620 non
978 2554 1040 2617 luit
1060 2562 1132 2637 post
1152 2574 1314 2619 recessum
1335 2556 1375 2618 de
1390 2556 1504 2635 Horeb,
1523 2576 1582 2621 nec
1606 2558 1645 2621 de
1666 2559 1723 2622 illa

170 2666 221 2719 est
245 2675 454 2739 personarum
476 2655 630 2738 acceptio.
648 2653 735 2729 Quod
758 2650 784 2717 si
803 2675 822 2717 a
841 2655 924 2720 veri·
978 2653 1139 2718 locutione
1170 2674 1255 2718 nunc
1283 2655 1399 2735 agitur,
1427 2656 1503 2738 quia
1531 2666 1604 2740 post
1632 2657 1723 2722 illam

171 2764 237 2819 tate
256 2764 290 2819 et
308 2755 458 2837 aequitate
474 2755 648 2833 declinent,
667 2773 731 2818 non
751 2773 784 2817 se
804 2754 924 2818 babent
977 2754 1097 2836 Moyses
1117 2772 1181 2817 non
1200 2753 1290 2831 dixit,
1308 2754 1383 2817 Date
1399 2774 1437 2818 ex
1459 2756 1550 2821 vobis
1565 2758 1652 2821 viros
1677 2778 1723 2823 sa-

170 2864 207 2917 ιιι
224 2853 347 2931 vicarii,
366 2855 422 2917 sed
440 2862 476 2916 ut
494 2853 668 2917 adversarii
690 2852 755 2916 llei.
778 2853 857 2917 Hinc
874 2872 923 2916 se-
976 2853 1101 2965 pientes
1115 2861 1148 2916 et
1156 2870 1283 2932 gnaros
1292 2860 1324 2915 et
1337 2862 1443 2917 cetera
1454 2874 1539 2918 nunc
1549 2865 1714 2938 praetacta·

170 2953 280 3016 cundo
300 2952 383 3016 libro
401 2952 675 3035 Paralipomenon,
698 2952 847 3033 iosaphat
868 2972 922 3016 rex
978 2952 1043 3016 imo
1060 2952 1115 3015 diu
1130 2960 1204 3015 ante
1227 2952 1315 3015 illam
1337 2951 1531 3017 locutionem
1551 2956 1722 3019 constitue

44 3061 129 3107 lt‘oem
117 3079 154 3115 ιι
170 3050 217 3113 ιιι
241 3050 404 3131 judicibus
430 3050 528 3113 suis:
547 3049 659 3113 Videte
680 3049 759 3132 quid
783 3048 920 3115 iacietis.
939 3058 1026 3126 crat
1040 3069 1202 3135 principes
1218 3058 1250 3113 et
1264 3050 1386 3131 judices
1403 3052 1463 3114 sub
1480 3071 1525 3130 se,
1543 3055 1719 3117 secundum
1737 3076 1858 3122 ιιιιιιιι
1810 3092 1867 3132 ιιιι,

39 3128 82 3171 ⁶¹⁷·
169 3150 242 3213 Non
266 3148 353 3213 enim
375 3149 544 3212 hominum
569 3149 723 3212 exercetis
751 3148 920 3231 judicium,
976 3152 1106 3214 modum
1122 3168 1207 3213 nunc
1224 3150 1399 3213 recitatum.
1418 3150 1479 3215 Sed
1499 3152 1613 3216 merito
1634 3173 1722 3235 qua·
1734 3140 1808 3185 Μ

169 3249 226 3313 sed
245 3248 386 3326 Domini;
379 3256 431 3311 ιι
445 3248 669 3330 quodcumque
684 3248 918 3329 judicaveritis,
977 3248 1067 3325 nitur,
1091 3248 1228 3331 qualiter
1253 3247 1313 3312 ista
1338 3248 1451 3331 Moysis
1476 3251 1620 3315 recitatio
1644 3271 1721 3315 con·

168 3347 203 3411 in
219 3366 277 3411 vos
294 3347 493 3410 redundabit.
507 3346 554 3410 Sit
569 3346 664 3409 timor
680 3347 805 3410 llomini
818 3347 921 3411 robis·
975 3356 1066 3412 sonet
1081 3346 1195 3411 rationi
1210 3366 1307 3429 quam
1326 3348 1359 3410 in
1378 3348 1486 3412 Exodo
1506 3350 1653 3434 Moyses
1646 3372 1715 3436 rpse

167 3467 255 3525 cum,
273 3456 394 3511 etcum
410 3445 577 3527 diligentia
592 3454 707 3509 cuncta
727 3445 833 3509 lecito.
851 3447 919 3510 Non
975 3448 1139 3511 describit.
1157 3447 1320 3529 Siquidem
1343 3446 1387 3509 ibi
1411 3458 1519 3512 narrat
1540 3470 1574 3513 se
1594 3452 1719 3532 judices

166 3547 257 3609 enim
282 3554 330 3609 est
354 3546 441 3628 apud
455 3544 626 3609 Dominum
651 3546 749 3609 Deum
776 3554 919 3608 nostrum
974 3546 1179 3610 constituisse
1197 3565 1235 3609 ex
1253 3545 1512 3611 consilioletlrro
1529 3550 1630 3613 soceri
1646 3552 1718 3629 sui;

167 3646 334 3727 iniquitas,
362 3664 420 3708 nec
446 3662 656 3726 personarum
680 3645 833 3727 acceptio,
861 3664 920 3709 nec
974 3644 1026 3707 bic
1046 3652 1151 3707 autem
1173 3642 1271 3707 refert
1289 3644 1380 3725 quasi
1403 3665 1442 3708 ex
1465 3646 1595 3729 propria
1616 3650 1721 3711 consi-

166 3744 312 3827 acceptio
329 3762 506 3807 munerum.
524 3743 605 3807 llinc
620 3752 652 3806 et
666 3743 850 3806 Aristoteles
868 3763 920 3807 na·
974 3743 1138 3806 deratione
1160 3742 1192 3804 id
1212 3740 1334 3805 lecerit.
1358 3743 1404 3805 lbi
1427 3763 1555 3827 quoque
1578 3748 1719 3810 consulit
1816 3777 1820 3785 ·

166 3842 265 3905 turali
282 3841 404 3905 ratione
420 3842 581 3920 inductus,
596 3842 756 3905 subtiliter
772 3850 820 3905 ιιι
836 3842 920 3906 locu·
972 3841 1091 3918 ιιιιιιο,
1118 3849 1152 3902 ιιι
1175 3840 1294 3923 Moyses
1321 3842 1487 3923 provideat
1510 3844 1597 3907 viros
1624 3855 1717 3928 aptos

168 3950 221 4003 tus
240 3960 247 4005 :
263 3940 364 4003 ludex
385 3940 481 4003 debet
500 3958 570 4003 esse
590 3948 741 4023 tanquam
765 3941 839 4003 viva
856 3941 917 4018 lex,
973 3942 1012 4003 ad
1036 3939 1264 4021 judicandum3
1289 3939 1342 4003 bic
1365 3949 1471 4004 autem
1497 3940 1608 4017 lertur,
1633 3947 1718 4026 quod

167 4047 200 4102 et
216 4039 302 4101 sicut
315 4038 456 4101 animata
470 4037 606 4119 justitia.
973 4038 1092 4121 Moyses
1112 4036 1273 4102 commisit
1297 4039 1417 4122 populo
1437 4040 1549 4104 talium
1574 4042 1717 4107 virorum

210 4140 304 4207 Quod
312 4139 343 4197 si
351 4138 484 4215 difficile
497 4138 627 4216 aliquid
638 4137 724 4197 vobis
735 4138 842 4198 visum
852 4139 920 4216 sue·
974 4137 1719 4222 electionemlltrespondendum,quodutrum·

167 4239 228 4306 rit,
244 4236 278 4297 id
295 4243 353 4312 est,
365 4253 461 4298 causa
479 4234 587 4311 ardua,
600 4234 757 4312 intricata,
777 4243 917 4298 vestrum
932 4242 956 4304 D
973 4254 1034 4316 que
1055 4234 1170 4298 horum
1192 4243 1268 4297 tunc
1294 4235 1414 4299 lactum
1434 4246 1492 4301 est.
1510 4239 1587 4302 Nam
1608 4240 1717 4307 lotbro

168 4335 276 4400 lorum
292 4342 348 4398 aut
358 4332 555 4397 intellectum
566 4333 732 4409 excedens
745 4334 919 4397 occurrerit
972 4333 1075 4416 primo
1090 4333 1259 4396 admonuit
1271 4334 1396 4417 Moysen
1419 4356 1562 4401 seorsum
1578 4340 1617 4403 de
1632 4340 1714 4418 istis,

165 4434 272 4512 vobis,
290 4436 407 4511 referte
429 4431 517 4495 illam
539 4436 584 4492 ad
598 4452 661 4501 me,
677 4430 710 4494 id
726 4439 785 4509 est,
803 4432 842 4494 ad
865 4452 916 4496 me
970 4440 1002 4495 et
1017 4431 1101 4494 inter
1114 4440 1218 4495 cetera
1227 4432 1309 4494 dixit
1320 4435 1360 4496 ad
1375 4452 1447 4497 eum
1462 4455 1501 4498 ex
1516 4436 1716 4502 familiarita-

164 4533 282 4597 babete
303 4531 477 4611 retugium,
495 4531 552 4612 qui
574 4530 761 4594 auctoritate
782 4538 814 4592 et
835 4531 916 4614 sapi·
970 4539 1022 4593 te:
1039 4529 1141 4594 Stulte
1162 4529 1270 4594 labore
1291 4534 1509 4608 consumeris3
1526 4535 1609 4599 ultra
1626 4536 1710 4601 vires
1741 4564 1847 4616 nean.

162 4634 250 4695 entia
266 4650 324 4695 vos
339 4629 465 4693 excedo.
476 4628 543 4691 Non
558 4629 838 4707 arroganterdixit
855 4630 915 4694 boc
969 4638 1039 4692 tuas
1055 4637 1104 4691 est
1118 4628 1179 4692 boc
1193 4630 1366 4710 negotium,
1380 4632 1467 4695 solus
1482 4632 1562 4697 illud
1579 4655 1643 4700 non
1659 4656 1715 4719 po-

163 4732 297 4814 Moyses,
315 4728 371 4792 sad
387 4728 471 4809 juste
485 4735 517 4789 et
536 4726 700 4789 caritative
716 4735 846 4810 propter
861 4727 916 4791 bo·
970 4728 1046 4791 teris
1060 4727 1229 4791 sustinere.
1247 4727 1366 4802 Quibus
1381 4730 1506 4808 auditis,
1524 4732 1642 4816 Moyses
1657 4755 1713 4799 ac·

166 4850 243 4893 num
260 4846 443 4903 commune,
461 4835 493 4889 et
507 4826 582 4907 quia
597 4825 762 4888 evidenter
779 4826 824 4888 sic
843 4826 913 4905 luit,
970 4825 1093 4909 quievit
1107 4826 1449 4893 etlocutusesteadem
1460 4840 1516 4893 aut
1530 4834 1715 4899 consimilia

165 4938 197 4991 et
211 4927 367 5009 quoniam
384 4926 467 4989 inter
487 4925 610 5007 judices
627 4942 755 4987 necesse
771 4933 819 4988 est
833 4927 917 4990 ordi·
971 4925 1067 4989 verba
1082 4925 1201 5007 populo
1223 4927 1315 5007 quasi
1330 4947 1368 4990 ex
1383 4947 1418 4992 se
1431 4929 1514 5013 ipso,
1531 4932 1615 4996 sicut
1628 4953 1714 4998 nunc

167 5047 243 5091 nem
263 5045 346 5101 esse,
364 5033 400 5087 ut
421 5024 455 5086 in
478 5023 573 5087 certis
595 5022 722 5086 casibus
748 5022 916 5089 inleriores
971 5022 1092 5088 recitat.
1110 5023 1334 5088 Verumtamen
1358 5027 1546 5094 electionem
1567 5032 1713 5112 judicum

166 5125 358 5207 judicesad
389 5121 568 5205 superiores
594 5131 768 5185 recurrant.
796 5126 838 5185 Ει
862 5145 917 5203 epo
972 5124 1713 5211 plebicommisit.PorrosocundumJosepbum,

168 5226 320 5296 αιιιιίαιιι,
337 5222 369 5284 id
392 5230 440 5285 est
459 5220 679 5285 determinabo
700 5229 731 5283 et
749 5222 917 5304 expediam
972 5222 1078 5285 Jetlrro
1088 5222 1177 5285 venit
1185 5224 1225 5286 ad
1237 5222 1361 5304 Moysen
1377 5225 1462 5288 circa
1473 5235 1612 5291 montem
1628 5228 1714 5291 Sinai

171 5321 358 5405 hujusmodi
374 5337 505 5385 causas:
523 5320 608 5402 quod
623 5319 741 5402 Moyses
758 5318 918 5384 liduciali·
974 5320 1029 5383 ubi
1040 5320 1073 5382 in
1085 5320 1165 5385 rubo
1175 5320 1290 5383 multas
1302 5320 1424 5384 viderat
1433 5322 1552 5405 Moyses
1563 5325 1716 5392 visiones.
