4309 6259
417 488 457 552 22
803 504 977 551 artmano
999 504 1029 549 rr
1049 503 1118 549 aar.
1141 502 1208 548 xxu
1227 502 1329 547 axoni.
1351 522 1392 532 -
1411 502 1484 549 aar.
1507 502 1577 548 ιιι]

419 679 459 740 de
474 676 545 739 lure
565 685 732 753 nocturno,
750 684 786 737 ut
804 674 925 739 dictum
943 683 1002 737 est.
1018 673 1162 754 Ohjectio
1175 672 1201 735 A
1216 673 1276 736 crit
1292 674 1414 737 mentio
1430 672 1515 736 lacta
1530 674 1593 736 nisi
1608 674 1745 737 debore
1760 683 1793 737 et
1804 694 1875 738 ove.
1888 676 1959 739 ldeo

418 793 546 857 quoque
571 774 789 858 postillatoris,
813 774 963 839 videlicet
982 773 1078 855 Lyrae,
1097 790 1162 834 nou
1215 772 1371 855 Josephus
1387 772 1595 855 probabiliter
1609 772 1698 851 dicit,
1715 785 1909 857 praeceptum
1925 776 1960 837 il-

420 874 570 957 praevalet
587 892 595 936 :
611 874 762 955 quoniam
783 874 868 956 quod
889 873 1033 949 assumit,
1055 880 1103 935 est
1122 873 1163 935 de
1218 872 1273 934 lud
1289 889 1359 934 esse
1375 871 1619 952 intelligendum
1639 890 1703 937 uon
1723 873 1827 936 solum
1846 873 1887 936 de
1905 873 1961 936 bo

419 991 490 1034 raro
515 972 786 1051 contingentibus.
810 972 873 1034 Lex
892 980 997 1034 autem
1021 970 1163 1052 loquitur
1217 969 1278 1031 bus
1293 978 1325 1033 et
1339 969 1465 1047 ovibus,
1482 971 1538 1033 sed
1557 971 1597 1033 de
1615 971 1731 1034 ceteris
1749 989 1877 1053 quoque
1893 973 1962 1035 ani-

419 1073 458 1133 de
472 1071 522 1132 his
537 1089 608 1151 qua
625 1069 809 1151 frequenter
823 1070 1024 1151 contingunt.
1216 1068 1356 1131 malibus
1365 1069 1549 1132 domesticis
1559 1069 1778 1151 utilibusque
1788 1080 1961 1152 pascuntur

462 1169 614 1233 Praeterea
639 1170 739 1251 quari
764 1178 879 1252 potest,
903 1189 943 1231 au
971 1178 1161 1231 nocturnum
1218 1167 1251 1229 iu
1266 1168 1363 1248 agris,
1380 1177 1415 1229 ut
1429 1187 1543 1251 caprae,
1559 1168 1643 1231 asini
1658 1179 1691 1232 et
1704 1169 1896 1233 oonsimilia.

419 1268 523 1331 iurem
539 1268 572 1329 in
589 1268 644 1329 tati
659 1288 735 1331 casu
753 1267 913 1343 oecidenS,
933 1266 1028 1329 luerit
1047 1276 1102 1329 aut
1122 1268 1163 1328 sit
1256 1270 1298 1328 Si
1311 1271 1427 1328 luserit
1441 1270 1607 1345 quispiam
1624 1290 1742 1345 aprum
1762 1272 1812 1327 cet
1831 1271 1961 1330 cineam

418 1365 503 1446 apud
514 1365 612 1427 Deum
626 1382 645 1425 a
660 1364 755 1446 eulpa
766 1364 926 1425 immunis.
935 1363 1066 1426 Videtur
1076 1364 1162 1445 quod
1217 1364 1354 1447 proximi
1370 1365 1432 1442 sui,
1451 1365 1482 1427 id
1498 1374 1557 1442 est,
1574 1367 1812 1449 perseipsum,
1829 1376 1884 1429 aut
1904 1386 1961 1449 per

420 1482 496 1540 non,
521 1481 620 1544 quum
646 1462 775 1525 aliunde
794 1462 896 1545 possit
917 1463 1061 1527 evadere.
1086 1463 1161 1525 ltem
1217 1463 1386 1525 transitum
1402 1482 1458 1527 seu
1474 1473 1635 1546 pasturam
1651 1466 1869 1545 jumentorum
1889 1485 1962 1529 suo

419 1562 515 1625 homo
541 1578 604 1624 uon
630 1570 735 1642 potest
759 1561 830 1624 sine
860 1570 989 1644 peccato
1018 1561 1164 1625 occidere
1217 1581 1300 1638 rum,
1317 1570 1372 1624 aut
1388 1581 1517 1643 persua
1537 1561 1683 1625 vehicula
1702 1582 1758 1625 seu
1777 1564 1959 1644 quadrigas,

418 1660 528 1737 alium,
551 1658 752 1723 defendendo
775 1678 809 1723 se
831 1660 947 1742 ipsum,
972 1660 1034 1721 uisi
1055 1659 1164 1722 ohser—
1218 1661 1268 1724 vel
1291 1660 1390 1722 simili
1411 1661 1506 1724 modo
1526 1660 1672 1723 intulerit
1690 1663 1842 1724 damnum
1859 1663 1962 1745 proxi-

420 1768 492 1823 vato
517 1758 736 1822 moderamine
760 1759 929 1840 inculpatae
955 1759 1071 1821 tutelae.
1094 1758 1165 1821 Pro
1217 1779 1271 1823 mo
1286 1778 1345 1823 suo
1361 1760 1394 1820 in
1410 1760 1480 1841 ejus
1495 1777 1572 1840 agro
1591 1768 1646 1821 aut
1665 1760 1769 1836 vinea,
1791 1760 1842 1823 vel
1862 1761 1961 1823 simili

419 1866 490 1939 pter
510 1858 597 1939 quod
619 1857 733 1919 asserit
752 1857 888 1921 Thomas
908 1858 941 1919 in
962 1857 1102 1921 secunda
1116 1876 1165 1919 se·
1180 1861 1204 1923 B
1219 1878 1264 1936 re,
1285 1867 1362 1940 puta
1387 1858 1421 1919 in
1446 1857 1538 1922 horto
1560 1867 1616 1920 aut
1636 1857 1767 1935 oliveto,
1782 1870 1813 1920 et
1830 1863 1963 1920 dimise-

419 1956 542 2031 oundae,
559 1954 736 2037 quaestione
755 1954 794 2017 tid
812 1974 819 2018 :
837 1956 904 2019 Non
925 1956 1000 2019 licet
1018 1956 1165 2019 occidere
1217 1960 1263 2018 rit
1270 1959 1459 2035 jumentum
1474 1978 1572 2018 suum
1588 1966 1624 2018 ut
1637 1961 1960 2035 depascaturamna,

419 2054 519 2117 alium
540 2072 635 2117 causa
656 2053 850 2117 defendendi
872 2054 1032 2137 propriam
1052 2056 1162 2134 vitam,
1218 2056 1269 2119 vel
1291 2056 1387 2119 etiarn
1410 2073 1475 2118 non
1497 2055 1685 2119 custodierit
1703 2055 1783 2118 illud
1799 2076 1818 2118 a
1835 2057 1890 2119 tali
1910 2077 1963 2140 pa-

421 2154 615 2217 intendaudo
636 2152 768 2216 alterius
791 2154 997 2232 occisionem,
1022 2156 1085 2217 nisi
1107 2176 1165 2238 pu·
1218 2154 1575 2234 bulatione;quidquid
1589 2157 1748 2232 optimum
1762 2158 1911 2217 tamarit
1925 2159 1961 2217 iu

419 2253 537 2316 blicam
559 2252 778 2316 auctoritatem
800 2254 941 2331 habenti,
959 2254 1015 2337 qui
1036 2255 1097 2319 boc
1119 2274 1165 2319 re-
1218 2274 1296 2332 apro
1317 2274 1375 2313 suo
1400 2258 1450 2314 cal
1474 2256 1582 2324 uinea,
1600 2273 1664 2331 pro
1685 2256 1802 2315 domni
1824 2257 1963 2316 castima-

420 2350 482 2413 lert
507 2351 546 2412 ad
570 2350 691 2414 bonum
720 2370 898 2414 commune.
926 2353 1041 2415 lterum
1068 2353 1164 2417 homo
1220 2355 1305 2413 u'oue
1319 2355 1475 2422 restituet,
1486 2352 1517 2413 id
1533 2352 1643 2428 est,de
1658 2352 1789 2434 optimis
1805 2351 1962 2415 fructibus

420 2458 545 2512 tenetur
567 2449 640 2531 plus
662 2449 795 2529 diligere
817 2451 936 2513 bonum
958 2452 1073 2515 animae
1096 2472 1166 2534 pro
1218 2451 1296 2527 suis,
1314 2468 1465 2514 eorumve
1479 2450 1590 2533 pretiis
1606 2450 1701 2513 faciet
1716 2452 1960 2529 restitutionem,

419 2548 495 2609 rimi
518 2547 578 2625 sui,
601 2547 696 2610 etiarn
722 2547 858 2625 inimici,
880 2568 974 2631 quarn
998 2551 1164 2633 proprium
1218 2551 1395 2613 secundum
1410 2549 1528 2630 justam
1540 2550 1686 2630 judicum
1706 2550 1960 2615 estimationem.

420 2665 546 2729 corpus,
573 2645 809 2728 animalemque
834 2648 932 2710 vitam
960 2668 967 2712 :
995 2667 1069 2730 ergo
1099 2668 1164 2713 non
1218 2648 1306 2723 Quod
1331 2648 1358 2710 si
1383 2647 1593 2730 personaliter
1618 2666 1682 2711 non
1707 2649 1822 2712 haheat
1850 2668 1962 2730 agrum

420 2753 526 2827 potest
541 2744 611 2807 sine
631 2745 757 2809 mortali
780 2745 874 2828 culpa
896 2747 1040 2811 occidere
1060 2749 1165 2830 proxi·
1218 2756 1274 2810 aut
1297 2748 1436 2824 vineam,
1459 2746 1589 2810 aliunde
1613 2747 1833 2829 providebitur
1853 2749 1894 2811 do
1916 2768 1964 2811 re

420 2860 509 2904 mum
531 2840 566 2904 iu
589 2841 728 2919 mortali,
752 2861 810 2925 pro
834 2844 1076 2908 conservatione
1100 2866 1164 2910 sum
1219 2846 1480 2928 compensatione
1501 2864 1559 2927 per
1579 2845 1650 2926 ejus
1671 2846 1887 2910 venditionem
1909 2857 1964 2929 aut

420 2940 493 3004 vitae
514 2958 684 3023 corporeae.
706 2942 753 3003 Ad
775 2942 860 3005 istud
882 2943 1011 3024 quidam
1034 2964 1166 3027 respon·
1219 2946 1417 3021 servitutem,
1436 2944 1485 3006 vel
1505 2944 1570 3007 alio
1589 2946 1695 3007 modo.
1711 2945 1868 3027 Rectaque
1889 2946 1964 3009 dici-

421 3041 507 3117 dent,
525 3041 728 3104 concedendo
751 3040 797 3103 sio
817 3060 897 3105 esse.
914 3041 1003 3117 Quod
1022 3062 1098 3109 vero
1118 3045 1166 3106 di·
1182 3050 1204 3114 c
1220 3052 1282 3122 tur,
1300 3045 1340 3107 de
1355 3042 1487 3125 optimo,
1505 3050 1541 3105 ut
1555 3062 1612 3124 per
1627 3043 1688 3107 hoc
1702 3044 1803 3124 magis
1825 3043 1965 3108 relrene

420 3138 513 3217 citur,
533 3140 594 3203 tale
609 3138 818 3204 homicidium
835 3141 958 3205 licitum
974 3162 1055 3221 esse,
1073 3144 1166 3207 intel·
1220 3151 1272 3205 tur
1286 3142 1326 3204 ab
1341 3141 1525 3222 hujusmodi
1542 3142 1753 3205 nocumentis.
1770 3146 1811 3205 Si
1823 3163 1964 3221 epressus

420 3238 524 3318 ligurit
538 3257 576 3301 eo
591 3239 686 3302 modo
705 3258 770 3321 quo
789 3239 917 3317 dicitur,
934 3241 1028 3305 licere
1050 3244 1165 3307 marito
1219 3242 1308 3320 ionis
1327 3244 1488 3302 inuenerit
1507 3244 1623 3321 spicas,
1640 3252 1670 3302 et
1688 3245 1964 3320 compreteuterz't

420 3335 565 3400 occidere
579 3336 771 3412 adulterum,
788 3356 881 3418 quern
899 3358 971 3401 oum
992 3359 1048 3402 sua
1067 3359 1166 3405 uxore
1219 3362 1347 3401 acervos
1370 3342 1521 3417 srttpuru,
1546 3342 1614 3399 siue
1640 3350 1760 3400 stantes
1784 3352 1898 3417 sapetes
1927 3343 1964 3401 iu

421 3434 546 3497 invenit
562 3433 696 3516 turpiter
708 3444 908 3517 occupatum,
925 3436 1002 3517 quia
1016 3437 1166 3503 videlicet
1219 3441 1320 3518 apris,
1338 3437 1445 3515 idest,
1463 3438 1490 3499 si
1510 3437 1628 3519 aliquis
1649 3437 1755 3518 ignem
1770 3437 1963 3515 accenderit,

421 3532 562 3595 humana
574 3534 646 3614 jura
662 3550 726 3595 uon
742 3533 907 3597 vindicant
922 3534 1012 3613 illud,
1026 3555 1063 3601 eo
1078 3540 1164 3619 quod
1220 3546 1251 3601 et
1267 3538 1350 3617 ignis
1367 3537 1422 3599 ille
1441 3556 1475 3600 se
1496 3536 1647 3613 lundens,
1665 3536 1876 3599 combusserit
1889 3535 1966 3599 alio

421 3632 556 3695 maritus
582 3630 697 3695 habeat
721 3632 895 3696 maximum
922 3634 1164 3701 incitamentum
1219 3655 1291 3698 rum
1308 3635 1431 3698 fructus
1447 3634 1965 3718 scupossessiones3raddatdaur·

420 3731 460 3793 ad
476 3730 684 3794 occidendum
701 3731 796 3795 talem
812 3732 1001 3796 adulterum.
1220 3756 1301 3796 uum
1322 3737 1382 3815 qui
1403 3736 1511 3812 apuam
1529 3736 1756 3795 succenderit:
1778 3732 1915 3795 maxime
1937 3733 1964 3795 si

394 3833 401 3843 '
461 3831 501 3891 Si
515 3850 580 3891 uou
596 3832 745 3892 tabuerit
760 3835 845 3911 quod
855 3853 916 3910 pro
931 3834 1021 3911 furto
1037 3839 1163 3909 reddat,
1220 3854 1294 3897 cum
1319 3834 1482 3916 proposito
1506 3833 1576 3914 ejus
1601 3831 1722 3895 lactum
1743 3841 1792 3895 est
1811 3833 1964 3894 damnum

422 3932 489 4009 ipse
514 3932 768 3991 venundabitur.
796 3931 881 3993 Istud
907 3931 1044 3995 refertur
1068 3935 1165 3997 adid
1221 3931 1385 4009 illud,imo
1400 3940 1477 3995 tuno
1494 3939 1654 3995 teneretur
1667 3931 1707 3993 ad
1723 3930 1807 4013 plus.
1816 3930 1847 3993 Si
1857 3938 1964 3994 autem

421 4029 506 4111 quod
527 4028 647 4091 dictum
672 4037 720 4093 est
741 4028 781 4092 de
801 4028 927 4093 furante
948 4039 980 4095 ct
1001 4032 1166 4097 occidente
1220 4050 1366 4110 egressus
1382 4039 1431 4095 est
1446 4031 1529 4112 ignis
1549 4031 1619 4094 sine
1638 4031 1708 4112 ejus
1728 4029 1901 4113 proposito,
1919 4038 1966 4093 ta-

423 4147 479 4191 εει]
495 4128 652 4191 vendente
666 4126 780 4191 bovem
796 4137 850 4191 aut
865 4147 969 4208 ovem,
979 4140 1014 4193 ut
1029 4150 1087 4213 pro
1102 4152 1166 4197 uno
1221 4147 1295 4192 men
1310 4148 1349 4192 ox
1365 4129 1559 4209 negligentia
1574 4148 1641 4204 sua,
1659 4127 1810 4210 quoniam
1832 4146 1896 4191 non
1910 4129 1965 4191 ad-

422 4225 503 4289 bovc
518 4225 664 4289 restituat
678 4226 832 4308 quinque,
845 4235 940 4309 atque
956 4248 1013 4312 pro
1029 4250 1093 4293 una
1107 4250 1167 4295 ove
1180 4236 1205 4297 D
1221 4227 1328 4290 hibuit
1347 4227 1524 4292 custodiam
1544 4226 1695 4303 debitam,
1716 4225 1818 4287 adhuc
1839 4234 1965 4289 tenetur

422 4332 557 4406 quatuor
574 4342 581 4386 :
598 4323 675 4405 quia
694 4323 721 4387 si
738 4343 802 4388 non
818 4326 966 4389 hahuerit
981 4326 1166 4394 facultatem
1220 4329 1260 4390 ad
1277 4326 1625 4409 recompensationem
1643 4343 1706 4388 non
1721 4333 1827 4388 autem
1847 4325 1874 4387 si
1894 4325 1965 4387 dili-

422 4423 481 4486 hoo
507 4421 656 4499 faciendi,
682 4422 744 4485 luit
769 4426 955 4488 vendendus
978 4430 1166 4494 auctoritato
1219 4425 1360 4507 gentiam
1375 4424 1516 4488 debitam
1533 4424 1566 4486 in
1582 4423 1791 4487 custodiendo
1805 4422 1961 4499 adhibuit,

421 4521 571 4602 judicum
590 4529 621 4585 et
636 4521 676 4583 de
691 4522 793 4604 pretio
809 4542 874 4586 suaa
889 4525 1084 4589 venditionis
1100 4538 1167 4592 erat
1220 4534 1255 4589 ut
1271 4524 1297 4587 si
1313 4534 1428 4589 ventus
1444 4532 1574 4606 repente
1588 4523 1762 4587 adveniens
1782 4522 1887 4603 ignem
1903 4522 1964 4584 dil-

421 4620 580 4683 restitutio
600 4619 756 4699 iacienda,
773 4640 941 4704 quousque
962 4623 1034 4687 lieri
1049 4626 1163 4707 quivit.
1221 4624 1345 4687 lundat.
1371 4623 1451 4685 llinc
1476 4622 1625 4685 ilhsalom
1652 4620 1812 4704 peccavit,
1843 4630 1963 4701 segetes
1986 4640 2123 4696 now.

422 4722 462 4781 Si
477 4723 646 4781 inventum
661 4722 764 4801 fucrit
778 4726 869 4800 apud
883 4742 956 4783 eum
971 4729 1057 4804 quod
1071 4729 1166 4806 sura·
1219 4724 1296 4789 Joab
1326 4722 1572 4796 succendend03
1599 4739 1663 4785 nou
1687 4730 1793 4784 autern
1818 4720 1960 4795 Samson,
1978 4705 2012 4744 ³⁰·

423 4829 472 4880 tus
497 4828 553 4889 ast,
576 4820 698 4891 vivens,
722 4819 754 4882 id
779 4828 827 4882 est
856 4822 999 4885 noudum
1023 4825 1163 4887 occisum
1219 4822 1435 4887 comburendo
1452 4840 1509 4902 per
1523 4820 1636 4903 vulpes
1651 4820 1767 4883 stantia
1786 4819 1880 4882 blada
1894 4819 1963 4881 Phi·
1991 4837 2125 4887 latren.

422 4935 480 4980 nec
495 4918 671 4995 venditum,
687 4921 754 4980 sice
769 4920 831 4992 bos,
847 4922 914 4981 sive
928 4924 1006 4995 ovis,
1023 4926 1090 4984 stae
1104 4929 1166 4987 asi-
1220 4922 1412 4997 listinorum,
1434 4918 1587 5002 quoniam
1608 4920 1694 5001 juste
1710 4917 1770 4981 hoe
1791 4917 1877 4995 lacit,
1895 4925 1963 4980 tan-
1976 4902 1997 4949 ⁴’
2006 4903 2028 4943 ⁵·

422 5038 507 5089 uus,·
520 5020 661 5096 duplum
675 5020 831 5081 restituet.
854 5020 941 5084 Tunc
959 5040 1097 5104 namque
1112 5025 1165 5106 pie
1218 5039 1315 5103 quam
1329 5019 1427 5101 judex
1444 5018 1624 5081 israelitica
1640 5016 1753 5100 plebis.

422 5116 682 5196 praesumebatur,
704 5119 791 5200 quod
815 5119 981 5184 restituere
1001 5122 1162 5203 cogitavit,
1257 5120 1494 5199 Consequenter
1516 5118 1646 5199 ponitur
1668 5117 1718 5180 lex
1742 5116 1884 5197 quaedam
1910 5115 1964 5177 de

420 5224 452 5277 ot
474 5214 580 5278 minus
603 5215 721 5299 injuste
744 5219 889 5281 tractavit
911 5238 975 5282 non
998 5240 1065 5283 sua.
1083 5223 1164 5287 Ecce
1217 5218 1314 5304 positi
1341 5235 1348 5278 :
1374 5220 1415 5279 Si
1443 5220 1517 5297 quis
1545 5216 1826 5286 corumendavertt,
1853 5214 1887 5276 id
1913 5222 1962 5276 est

419 5312 471 5377 hic
486 5314 674 5397 exprimitur
688 5315 808 5395 asinus,
825 5336 926 5399 quum
942 5327 1016 5383 aute
1031 5338 1096 5385 non
1113 5320 1163 5384 iu·
1215 5314 1422 5393 commiserit,
1444 5318 1558 5387 amico,
1576 5314 1609 5376 id
1629 5322 1678 5377 est
1698 5312 1853 5397 proximo,
1865 5333 1961 5393 pomc-
