4309 6259
429 483 488 547 334
809 494 983 542 anemurio
1005 494 1035 540 ut
1057 493 1125 540 cnr.
1149 493 1182 538 111
1202 493 1398 541 nnumonuu.
1420 513 1460 523 —
1480 493 1552 540 cnr.
1575 493 1594 537 r

427 674 551 732 cattam
571 670 713 747 pertinet
738 666 973 734 multitudinis,
999 663 1031 725 id
1054 671 1113 739 cst,
1135 680 1172 724 ca
1187 659 1214 721 Α
1228 665 1265 726 in
1285 677 1371 727 terra
1385 669 1535 744 AEpypti,
1557 666 1772 742 sanctificavi,
1791 662 1822 724 id
1845 669 1906 738 est,
1923 660 1973 724 ot-

426 787 498 848 quat
528 784 585 848 pro
614 763 776 829 communi
808 762 926 846 populo
957 760 1051 824 lsrael
1083 768 1173 822 erant
1228 761 1393 826 serendum
1418 773 1450 826 et
1475 764 1691 846 deputandum
1721 763 1805 822 mr'bi
1829 759 1967 828 institui,

426 866 548 945 agenda
573 864 606 926 in
632 862 745 927 hostiis
771 870 803 924 et
832 859 1061 935 oblationibus,
1086 878 1173 922 exse·
1227 863 1389 941 qvidqvid
1403 864 1553 938 primam
1572 862 1720 921 naseitvr
1739 860 1776 918 in
1796 860 1914 926 Israel,
1929 859 1970 916 ab

426 973 566 1045 quantur
576 981 614 1024 ex
628 967 717 1044 parte
732 959 977 1033 communitatis,
988 965 1018 1020 ct
1034 976 1093 1040 pro
1104 976 1173 1038 pro·
1226 961 1354 1020 nomine
1365 963 1619 1039 aspirendpecas
1630 957 1796 1031 inclusive,
1807 957 1873 1016 mei
1882 965 1968 1026 ssent,

427 1061 576 1144 speritate
591 1079 628 1123 ac
644 1059 745 1122 salute
756 1057 979 1121 universorum
995 1057 1170 1120 secundum
1226 1058 1402 1137 pracsertim
1413 1057 1489 1139 quia
1499 1056 1648 1140 primitias
1659 1054 1836 1137 cujuslibet·
1846 1053 1970 1115 tructus

426 1159 566 1240 regulam
590 1157 694 1222 ottieii
719 1155 837 1219 Levitis
859 1153 1038 1239 praelixam,
1062 1175 1171 1215 corant
1226 1155 1289 1218 Deo
1304 1155 1471 1219 debentur.

427 1261 630 1319 tabernaculo
655 1257 842 1324 testimonii,
860 1253 892 1315 id
915 1261 962 1316 est
986 1253 1018 1315 in
1039 1252 1121 1315 atrio
1138 1251 1170 1313 in
1266 1257 1467 1334 [nentesque
1480 1265 1526 1315 est
1535 1255 1694 1315 Dominus
1704 1256 1748 1312 nd
1763 1255 1910 1328 Meysen,
1920 1251 1970 1309 ‹tt-

425 1356 616 1437 quoLevitae
628 1355 689 1417 tale
705 1353 852 1416 cilicium
869 1360 1077 1415 exercuerunt
1088 1370 1172 1414 eom·
1225 1373 1297 1412 cens
1312 1374 1323 1413 .·
1340 1356 1486 1416 Numera
1504 1355 1590 1432 filios
1605 1355 1686 1414 Levi
1703 1372 1763 1429 per
1782 1355 1892 1411 domos
1911 1369 1970 1426 pa·

426 1455 586 1530 muniter;
609 1464 638 1514 ct
658 1453 840 1512 custodiant
862 1473 936 1512 vasa
959 1453 1168 1522 tabernaculi,
1226 1461 1314 1512 trnrn
1342 1473 1473 1513 sacram
1502 1464 1532 1513 et
1556 1453 1716 1529 factitias,
1735 1449 1766 1511 id
1791 1458 1846 1524 est,
1863 1467 1970 1509 nume

289 1571 411 1622 aramma
427 1552 458 1614 id
481 1561 529 1615 cst
545 1553 756 1614 iustrumenta
776 1550 881 1611 cultus
902 1548 1003 1612 divini
1026 1548 1072 1611 eis
1087 1567 1171 1612 com·
1226 1551 1324 1612 raudo
1334 1551 1455 1632 eosqui
1466 1550 1697 1613 descenderunt
1707 1568 1745 1611 ex
1761 1548 1883 1610 semine
1893 1546 1967 1608 beri

277 1639 356 1688 ΜΨ·
426 1651 534 1728 missa,
551 1659 585 1714 ut
608 1649 693 1712 inira
714 1649 848 1724 dicetur,
865 1651 1036 1708 servientes
1058 1649 1095 1707 in
1113 1649 1171 1706 rni—
1225 1667 1281 1728 per
1307 1658 1369 1711 tres
1392 1649 1478 1712 tilios
1500 1649 1580 1729 ejus,
1599 1647 1747 1710 videlicet
1768 1646 1877 1721 Caatb,
1893 1645 1967 1706 Ger·

424 1751 647 1826 nisterloejns,
661 1748 693 1810 id
708 1755 756 1810 est
767 1747 829 1810 Deo
840 1746 1052 1826 obsequentes
1068 1745 1101 1807 in
1118 1745 1168 1806 bis
1224 1763 1282 1808 sen
1303 1755 1334 1809 et
1349 1747 1469 1824 Morari,
1486 1765 1622 1829 quorum
1646 1745 1707 1807 tilii
1730 1753 1885 1808 vocantur
1905 1751 1969 1805 tres

423 1867 494 1930 quac
510 1848 542 1909 in
560 1845 762 1910 tabernaculo
777 1865 814 1906 ac
829 1845 910 1907 atrio
926 1842 1020 1905 siunt.
1187 1837 1354 1919 Bdomus;
1372 1846 1568 1908 numerando
1590 1862 1718 1925 quoque
1740 1852 1829 1904 natos
1851 1861 1890 1902 ex
1913 1859 1969 1922 po

461 1947 622 2025 Dabisqae
647 1947 728 2004 dono
754 1945 883 2004 Levites
898 1945 1010 2002 Aaron
1033 1952 1062 2000 et
1087 1944 1169 2019 filiis
1224 1943 1317 2006 steris
1332 1943 1407 2021 illis,
1425 1944 1480 2024 qui
1498 1942 1642 2006 fecerunt
1662 1942 1778 2004 multas
1799 1939 1965 2003 familias:

419 2046 496 2122 ejas,
515 2043 547 2104 id
563 2051 621 2120 est,
639 2041 763 2104 Levites
783 2039 960 2119 assignabis
974 2039 1115 2119 gratuito
1129 2058 1166 2102 ae
1223 2040 1333 2124 sicque
1362 2043 1486 2118 domus,
1515 2051 1549 2103 ut
1573 2041 1625 2103 bic
1654 2040 1801 2115 sumitur,
1829 2038 1967 2101 includit

419 2143 536 2205 subdes
552 2139 701 2224 pontifici
718 2149 750 2202 et
765 2138 982 2202 sacerdotibus
998 2138 1082 2214 aliis,
1095 2141 1167 2216 qui·
1223 2140 1391 2217 familiam,
1408 2141 1675 2222 quemadmodum
1698 2139 1800 2201 tribus
1822 2139 1965 2201 domum.

420 2243 477 2301 bns
499 2241 615 2302 traditi
633 2249 710 2299 svnt
731 2259 751 2298 a
772 2239 854 2315 filiis
871 2240 982 2308 Israel,
1000 2237 1030 2299 id
1053 2244 1111 2312 est,
1129 2254 1167 2297 ex
1221 2240 1355 2303 Possunt
1384 2247 1489 2301 tamen
1520 2258 1605 2301 nunc
1629 2238 1728 2320 accipi
1758 2256 1816 2318 pre
1841 2237 1965 2312 codem,

421 2348 510 2420 parte
532 2338 675 2400 liliorum
692 2336 796 2412 lsrael,
814 2343 845 2398 et
867 2352 924 2418 pro
947 2334 1025 2416 ipsis
1047 2335 1112 2396 dati
1136 2343 1166 2396 ct
1220 2339 1297 2420 quia
1311 2347 1343 2401 et
1358 2336 1443 2400 inira
1453 2339 1621 2421 posteritas
1632 2335 1804 2418 cujuslibet
1820 2335 1964 2399 tiliorum

418 2435 570 2518 assignati
592 2455 628 2498 ac
649 2434 769 2498 subditi
785 2443 861 2496 sunt
876 2433 993 2497 Levita
1015 2433 1165 2516 pontifici
1220 2437 1449 2513 Levi‚vocatur
1460 2437 1592 2512 familia,
1606 2455 1704 2519 quum
1715 2434 1962 2497 diciturzdaatb
1988 2449 2123 2492 snam».

418 2555 454 2598 ac
479 2535 703 2598 sacerdotibus.
729 2532 892 2614 Siquidem
915 2551 972 2615 pro
993 2540 1057 2596 tota
1079 2551 1163 2596 com-
1219 2554 1323 2616 aquo
1344 2535 1468 2598 familia
1482 2535 1707 2598 Caatbitarum.
1728 2536 1826 2595 Onme
1842 2553 1966 2596 nwseu·
1981 2515 2020 2553 ⁵⁷·

419 2635 574 2698 munitate
590 2634 699 2696 divino
714 2641 790 2695 suut
808 2631 908 2693 cultui
924 2631 1077 2713 deputati.
1095 2635 1162 2694 Aa
1221 2637 1357 2694 tinam*
1381 2637 1421 2695 ab
1446 2655 1510 2695 nno
1534 2655 1638 2694 rnense
1661 2644 1691 2694 et
1714 2653 1826 2710 snpra.
1849 2632 1967 2694 Primo
2002 2651 2122 2690 winae

418 2755 477 2794 ron
498 2743 606 2796 autern
626 2743 655 2792 et
680 2733 765 2810 filios
787 2731 857 2808 ejus
878 2732 1048 2792 constitues
1068 2734 1165 2808 snper
1218 2732 1317 2811 geniti
1339 2752 1477 2814 namque
1496 2732 1631 2794 aliarum
1647 2731 1799 2807 tribuum,
1818 2750 1876 2813 pro
1892 2731 1964 2812 qui·
1982 2722 2113 2754 ”¹“““‘““

416 2837 541 2893 enttvrn
561 2831 743 2900 sacerdotii,
760 2828 792 2892 id
815 2837 873 2906 est,
898 2847 1008 2890 eorum
1031 2847 1160 2892 cxsccu·
1218 2831 1278 2893 bus
1301 2832 1353 2893 isti
1377 2830 1665 2906 commutabantur,
1682 2829 1903 2893 offerebantur
1927 2831 1960 2891 in

418 2930 538 2993 tionem
560 2948 631 3010 quae
653 2929 692 2990 ad
709 2946 869 2989 summum
890 2928 1097 3002 sacerdotem,
1116 2927 1164 2988 in·
1219 2931 1348 3012 templo,
1361 2931 1438 2992 dum
1460 2938 1550 2992 erant
1567 2929 1662 2991 unius
1679 2929 1799 2991 mensis
1816 2938 1847 2992 et
1868 2929 1965 3010 paule

418 3026 615 3110 feriore-sque
631 3028 808 3089 sacerdotes
824 3025 997 3108 pertinent,
1016 3025 1062 3088 eis
1078 3043 1164 3088 ccm-
1181 3029 1203 3092 C
1219 3028 1301 3110 plus,
1315 3028 1436 3091 scilicet
1451 3027 1694 3109 quadragesimo
1709 3028 1794 3090 dica
1810 3046 1868 3089 sua
1884 3027 1966 3089 nati-

418 3131 535 3194 mittcs.
553 3131 638 3192 Istud
659 3129 745 3192 euim
767 3129 832 3210 jam
848 3127 968 3190 exstitit
984 3126 1103 3190 factum
1129 3127 1162 3189 in
1219 3128 1325 3192 ritate.
1351 3129 1545 3190 Nameraait
1567 3130 1690 3204 Moyses
1713 3137 1749 3187 at
1766 3138 1966 3204 praeeperat.

417 3228 656 3292 consecratione
680 3226 835 3310 ipsorum.
852 3229 1030 3296 Externos,
1054 3233 1163 3307 utpote
1218 3229 1387 3297 Dominus,
1404 3234 1464 3288 ete.

418 3328 458 3391 dc
482 3327 580 3410 stirpe
600 3325 739 3388 Levitica
761 3343 825 3388 non
848 3323 1014 3402 exsistens,
1031 3328 1090 3405 qai
1114 3346 1163 3386 ae-
1258 3327 1341 3385 Fitii
1358 3329 1487 3395 Gersorr,
1500 3323 1733 3404 quieratlilius
1745 3324 1819 3386 Levi
1832 3325 1965 3405 patriar-

417 3429 543 3487 cesserit
565 3428 608 3486 avt
632 3425 902 3494 ministrandam,
924 3423 957 3485 id
979 3431 1027 3485 est
1052 3424 1091 3485 ad
1115 3421 1163 3485 sa·
1217 3424 1296 3500 aba,
1314 3423 1443 3485 fuerunt
1466 3425 1568 3484 Lebni
1588 3433 1618 3483 et
1642 3425 1761 3492 Sernei,
1779 3424 1818 3484 dc
1840 3422 1959 3503 quibus

418 3525 568 3588 ciendum
593 3521 769 3586 Leviticum
793 3529 847 3583 ant
871 3520 1065 3585 sacerdotale
1090 3520 1164 3583 otti·
1218 3531 1299 3585 natac
1327 3530 1401 3584 sunt
1425 3521 1495 3583 duae
1525 3519 1666 3597 familiae,
1689 3529 1721 3584 et
1749 3520 1957 3584 continebant

417 3624 514 3702 cium,
528 3625 694 3693 morietur,
707 3621 789 3683 sicut
805 3621 838 3682 in
854 3620 1051 3703 expositione
1066 3620 1163 3703 primi
1218 3628 1339 3703 septem
1351 3619 1454 3682 millia
1465 3619 1668 3700 quingentos.
1679 3623 1727 3681 Hi
1734 3631 1806 3698 post
1818 3623 1964 3680 taberna-

418 3721 550 3806 eapituli
566 3721 687 3783 dictum
703 3728 761 3782 est.
1217 3725 1329 3781 calam
1352 3721 1666 3781 castrametabuntur
1686 3723 1731 3780 ad
1752 3721 1957 3780 accidentem.

431 3867 432 3872 η
458 3826 657 3900 eventusque
685 3829 729 3880 est
753 3820 916 3880 Dorainas
948 3821 992 3878 ad
1017 3821 1162 3895 Moysen,
1220 3821 1260 3879 at
1284 3821 1442 3879 habebant
1465 3819 1629 3887 cacabias,
1646 3817 1676 3879 id
1700 3826 1749 3879 est
1770 3816 1959 3898 vigilantem

417 3924 526 3982 dicens
537 3940 547 3980 :
563 3921 632 3997 Epo
650 3919 713 3980 tntt
727 3919 856 3978 Levitae
872 3938 892 3977 a
907 3918 989 3995 filiis
1004 3921 1117 3988 Israel,
1131 3917 1163 3979 id
1218 3918 1405 3994 custodiam,
1427 3919 1464 3976 in
1485 3919 1689 3977 tabernaculo
1709 3917 1853 3993 sederis,
1871 3935 1961 3978 encr-

418 4027 477 4095 est,
495 4017 612 4080 tribum
627 4015 701 4078 Levi
723 4015 805 4094 clegi
821 4023 852 4076 ct
866 4014 1025 4097 assumpsi
1045 4015 1084 4076 ad
1106 4015 1164 4075 mi·
1218 4017 1318 4079 cende
1342 4014 1461 4076 ibidem
1487 4033 1579 4077 suum
1605 4014 1763 4090 officium,
1787 4015 1959 4093 diligenter

418 4117 587 4180 misterium
609 4133 716 4177 mcum
735 4113 768 4175 in
785 4114 976 4190 sanctuario,
992 4133 1052 4192 pro
1073 4118 1164 4175 orrtni
1217 4114 1426 4177 custodiendo
1446 4115 1554 4190 bisam
1578 4117 1821 4175 tabernaculam
1835 4124 1865 4173 et
1889 4135 1961 4190 ope-

413 4216 629 4294 prirnepenitc
654 4214 712 4293 qni
736 4213 841 4290 aperit
863 4216 996 4273 calvam
1020 4214 1056 4271 in
1080 4215 1163 4290 filiis
1177 4212 1201 4273 l)
1217 4216 1393 4274 rimentarn
1413 4214 1495 4289 ejas,
1512 4211 1576 4274 irno
1592 4212 1801 4293 operimenta,
1817 4231 1957 4293 quorum

417 4318 532 4384 Israel,
545 4313 577 4374 id
592 4320 640 4374 cst
656 4329 714 4393 pro
730 4309 842 4393 primis
854 4310 932 4373 titiis
947 4311 1162 4373 israelitarum
1218 4331 1317 4373 uuum
1335 4309 1449 4372 tuisne
1464 4310 1548 4390 sagis
1563 4309 1712 4387 cilicinis,
1726 4311 1899 4372 secuudum
1915 4313 1959 4373 de

417 4411 741 4476 excuntibusutcrum
752 4416 929 4472 maternum
940 4417 1014 4471 ante
1024 4417 1162 4471 ceteram
1217 4409 1357 4492 pellibus
1385 4409 1520 4471 arietum
1548 4408 1728 4484 rubricatis,
1757 4409 1885 4470 tertium
1916 4410 1959 4472 de

418 4509 540 4592 prolem
554 4533 561 4585 ;
577 4518 735 4589 erantqae
750 4509 869 4569 Levita
885 4509 958 4578 mei,
976 4506 1071 4569 idest
1092 4526 1163 4571 meo
1219 4508 1356 4590 pellibus
1381 4506 1596 4589 hyacinthinis
1614 4531 1622 4580 3
1650 4509 1833 4577 tentorium,
1851 4507 1883 4568 id
1909 4518 1963 4570 est

418 4610 518 4674 cultui
535 4606 715 4690 specialiter
729 4605 883 4688 deputati.
897 4609 1060 4668 Menrncst
1075 4609 1164 4666 enirn
1218 4607 1335 4683 velum,
1352 4609 1437 4686 qued
1457 4609 1601 4666 trabitur
1620 4616 1695 4665 ante
1711 4607 1794 4683 fares
1814 4609 1887 4665 teeti
1901 4609 1964 4682 fa>-

419 4730 511 4770 ornne
522 4707 791 4785 primopenitam,
808 4703 840 4765 id
860 4711 908 4766 est
924 4703 1004 4764 mibi
1020 4704 1164 4785 speciali·
1217 4709 1316 4775 deris,
1333 4705 1428 4766 idest
1450 4703 1631 4779 sanctuarii,
1649 4702 1741 4784 cujus
1763 4711 1880 4765 tectum
1898 4703 1965 4768 tuit

421 4814 468 4868 ter
483 4812 701 4868 consecratum
713 4822 768 4866 seu
784 4802 1035 4865 consecrandum
1051 4821 1090 4865 ex
1100 4803 1163 4865 mei
1218 4803 1378 4887 planities,
1400 4810 1432 4865 ct
1455 4801 1657 4884 operiebatur
1682 4800 1814 4884 pretato
1840 4802 1965 4883 triplici

280 4931 406 4983 mmmm,
422 4903 522 4986 ipsius
553 4910 680 4979 statuto,
704 4901 736 4963 in
766 4900 1102 4964 commemorationem
1133 4911 1165 4965 ct
1218 4901 1442 4985 operiment03
1468 4904 1789 4980 tentorinnrqncpva,
1806 4905 1889 4980 qvod
1903 4924 1967 4980 ap

274 4995 308 5036 ²³·
421 5001 594 5083 gratiarum
610 4999 778 5076 actionem,
797 5000 881 5081 quod
898 4999 1109 5081 primogenita
1125 5003 1165 5063 ls-
1216 5002 1372 5079 penditur
1387 5002 1424 5059 in
1440 5001 1578 5059 introita
1593 5000 1675 5060 atrii
1697 5001 1905 5070 tnbernnenti,
1926 5001 1965 5063 id

421 5099 603 5164 raelitarum
626 5117 690 5161 non
707 5098 807 5177 tetigi,
825 5098 880 5160 sed
902 5098 1021 5160 salvavi
1036 5099 1164 5179 quaudo
1219 5107 1266 5162 est
1286 5098 1392 5161 velum
1415 5098 1498 5178 quod
1521 5105 1594 5159 ante
1614 5097 1744 5177 ianuam
1766 5115 1821 5158 seu
1838 5097 1965 5162 aditum
2023 5123 2100 5166 amr,

421 5198 638 5282 AEgyptiorum
664 5197 877 5277 primogenita
906 5195 1064 5260 interfeci.
1093 5199 1164 5261 ldco
1218 5197 1291 5260 atrii
1318 5196 1497 5278 pependit:
1522 5196 1607 5257 unde
1630 5194 1694 5257 alia
1719 5195 1822 5257 littera
1846 5195 1964 5276 babet,
1984 5196 2079 5237 ¹¹¹⁸'¹'·
2095 5189 2127 5230 ¹³·

420 5297 592 5361 subditur:
617 5299 668 5358 Ila·
689 5317 751 5376 qne
768 5297 913 5373 perctnsi
930 5298 1164 5374 primoyenitcs
1219 5295 1332 5359 Velum
1353 5295 1427 5359 ostii
1449 5294 1522 5356 atrii
1540 5317 1548 5369 ;
1564 5305 1594 5356 et
1615 5295 1778 5374 qttidqnid
1796 5297 1840 5353 ad
1853 5295 1963 5358 ritum
