4309 6259
422 471 481 536 ιιι
787 493 960 539 muriano
981 493 1013 538 m
1034 492 1102 538 car.
1126 490 1226 537 xxxnr
1246 491 1348 537 axoni.
1371 510 1413 521 -
1432 492 1505 538 aar.
1527 492 1598 538 axrv

421 661 574 725 sensitiva
585 662 730 725 humana.
737 662 889 738 Quocirca
900 662 1167 744 sciendum‚qnod
1181 660 1209 723 A
1222 662 1488 739 inaccessibilem,
1505 682 1602 745 quem
1618 663 1725 725 nullus
1740 661 1907 725 hominnm
1920 660 1969 723 vi-

420 760 509 840 juxta
534 760 860 844 philosophoscansa
886 764 990 845 prima
1015 763 1098 825 sieut
1119 768 1167 823 est
1221 762 1279 839 dit,
1297 763 1353 824 sed
1373 782 1432 826 nec
1454 763 1563 825 videre
1588 770 1703 843 potest.
1727 761 1832 823 Nihilo
1857 761 1968 822 minus

422 858 560 923 inlinitae
578 861 770 924 actualitatis
792 872 823 925 et
844 862 1037 937 eminentia,
1060 861 1105 924 ita
1119 867 1169 923 εει
1222 880 1279 942 ρει
1293 861 1558 943 omnipotentiam
1573 862 1628 924 ilci
1645 869 1749 944 potest
1763 861 1858 923 homo
1874 859 1908 921 in
1924 859 1969 921 vi·

423 958 561 1021 infinitae
582 959 984 1043 incomprehensibilitatis,
1003 980 1101 1042 quum
1125 968 1168 1021 ta·
1223 968 1254 1021 ta
1268 959 1327 1022 bae
1342 960 1441 1023 Deum
1457 980 1515 1043 per
1536 959 1676 1043 speeiem
1697 958 1824 1036 intueri,
1842 958 1920 1041 quia
1934 966 1969 1019 ct

423 1075 496 1119 men
518 1076 557 1119 ex
579 1078 635 1121 sua
659 1068 771 1121 natura
793 1060 835 1121 sit
855 1060 993 1123 inlinitae
1016 1057 1167 1136 intelligi·
1221 1059 1317 1140 Moysi
1337 1077 1489 1122 concessa
1503 1069 1551 1123 est
1567 1059 1650 1123 visio
1671 1059 1742 1121 talis
1762 1058 1795 1120 in
1811 1058 1870 1120 hae
1885 1058 1966 1133 vita,
1984 1078 2052 1119 mm
2069 1090 2131 1119 ...a

422 1155 566 1219 bilitatis.
586 1157 715 1240 Propter
735 1160 820 1239 quod
843 1158 922 1221 dixit
943 1156 1164 1239 Philosophus,
1221 1165 1256 1219 ut
1280 1158 1313 1219 in
1335 1158 1417 1222 libro
1439 1159 1648 1221 Numerornm
1674 1157 1819 1233 habetur,
1839 1175 1911 1237 quaa
1935 1155 1967 1218 ei

421 1255 507 1335 qnod
529 1256 612 1318 sicut
632 1276 666 1319 se
684 1256 779 1319 habet
800 1257 911 1321 eeulus
928 1255 1167 1338 vespertilionis
1221 1255 1280 1318 hac
1295 1256 1366 1319 viee
1382 1266 1495 1336 negata
1509 1266 1568 1319 est.
1593 1257 1626 1320 ln
1647 1256 1704 1319 tali
1721 1265 1825 1318 tamen
1841 1254 1970 1317 visione

421 1354 460 1413 ad
486 1353 593 1416 lumen
619 1355 706 1431 solis,
730 1357 775 1420 sie
801 1356 981 1419 intellectus
993 1355 1167 1417 humanos
1220 1354 1270 1433 (ut
1285 1362 1404 1418 tactum
1418 1359 1480 1435 est)
1495 1354 1708 1418 communiter
1723 1354 1819 1417 homo
1839 1372 1904 1415 non
1920 1352 1970 1415 vi-

421 1452 460 1513 ad
486 1452 748 1515 manifestissima
772 1464 902 1531 naturae,
925 1455 957 1515 id
981 1463 1029 1518 εει
1053 1454 1092 1515 ad
1115 1472 1176 1537 co3
1222 1453 1268 1515 vit
1278 1454 1344 1516 vita
1358 1454 1511 1516 sensitiva
1527 1453 1740 1531 humana‚sed
1757 1449 1969 1515 intellectuali

420 1550 596 1629 gnitionem
618 1552 882 1616 intellectualium
902 1562 933 1616 et.
949 1560 1166 1636 separatarum
1221 1554 1442 1616 tantummodo
1457 1572 1493 1615 ac
1509 1553 1629 1630 divina,
1639 1561 1770 1634 propter
1784 1549 1971 1614 abstractio

421 1649 682 1729 substantiarum,
710 1653 912 1733 potissimum
939 1653 1006 1729 Dei,
1033 1672 1105 1735 quaa
1129 1670 1167 1713 cx
1221 1670 1295 1713 nem
1311 1650 1484 1733 praelatam.
1494 1652 1566 1715 ldeo
1582 1651 1767 1731 regulariter
1778 1650 1896 1712 dictum
1907 1656 1968 1723 est,

421 1768 478 1811 sua
497 1759 610 1812 natura
629 1759 703 1812 sunt
724 1752 892 1833 praecipuae
911 1750 1167 1833 cognoscibilite-
1221 1750 1288 1813 Non
1304 1750 1426 1813 videbit
1440 1770 1492 1814 me
1508 1752 1614 1828 homo,
1631 1759 1663 1813 et
1678 1750 1773 1814 vivet.
1790 1749 1894 1811 Nihilo
1910 1748 1971 1809 mi-

421 1848 472 1925 tis,
490 1849 641 1929 quoniam
662 1852 911 1934 unumquodque
927 1858 1050 1913 tantum
1070 1850 1167 1912 habet
1185 1845 1282 1911 Bnus
1304 1868 1362 1931 per
1383 1849 1649 1931 omnipotentiam
1672 1848 1727 1911 llei
1750 1856 1853 1930 potest
1875 1866 1969 1908 mens

420 1945 459 2009 de
469 1947 742 2027 cognoscibilitate
754 1958 783 2012 et
795 1949 1167 2031 intelligibilitataquan-
1222 1947 1361 2009 humana
1375 1948 1475 2010 Deum
1492 1948 1537 2010 ita
1551 1948 1670 2023 videre,
1689 1947 1759 2029 ipso
1774 1943 1904 2010 homine
1919 1944 1969 2007 sic

420 2050 486 2105 tum
507 2045 603 2109 habet
622 2047 661 2109 de
676 2048 807 2111 entitatc
822 2056 854 2111 et
872 2048 1066 2111 actualitatc.
1085 2046 1165 2107 ilinc
1222 2046 1350 2110 vidente
1369 2047 1467 2109 vitam
1488 2047 1672 2111 sensitivam
1694 2046 1840 2121 ducente,
1858 2053 1892 2106 ut
1912 2063 1971 2125 pa-

421 2143 509 2205 nulla
525 2163 615 2206 mens
635 2153 738 2227 potest
754 2147 851 2209 Deum
869 2145 1012 2229 perfecte
1033 2154 1065 2207 ει
1080 2164 1166 2208 eom·
1221 2154 1265 2209 tet
1280 2147 1320 2208 de
1334 2146 1442 2209 anima
1458 2145 1668 2227 Christique
1683 2164 1702 2207 a
1718 2164 1782 2206 ειιιε
1796 2142 1969 2207 creationis

420 2243 610 2325 prehensive
624 2262 815 2324 cognoscere
832 2264 887 2307 seu
904 2243 1165 2307 intellectualiter
1220 2253 1252 2306 et
1272 2243 1401 2307 unionis
1416 2245 1546 2307 exordio
1561 2264 1634 2307 eum
1650 2243 1754 2307 Verbo
1774 2251 1902 2318 aterno,
1922 2241 1971 2303 vi·

420 2341 539 2418 videre,
556 2351 632 2423 puta
649 2352 711 2405 tam
728 2344 822 2426 plene
837 2353 869 2407 et
884 2344 980 2420 clare,
997 2344 1079 2406 sicut
1096 2343 1165 2424 ipse
1220 2342 1268 2404 dit
1292 2363 1357 2426 prae
1379 2343 1538 2408 universis
1559 2343 1661 2405 Beatis
1680 2342 1862 2404 'clarissime
1883 2339 1970 2401 diri-

420 2459 457 2503 cx
483 2460 539 2502 sua
564 2449 676 2503 natura
701 2442 928 2519 cognoscibilis
953 2450 1011 2513 est,
1036 2441 1098 2503 nisi
1125 2441 1166 2502 sit
1220 2461 1293 2503 nam
1314 2443 1496 2518 essentiam,
1524 2441 1642 2504 utendo
1667 2440 1830 2503 sensitivis
1854 2447 1970 2520 poten-

420 2556 510 2599 mens
533 2537 669 2601 infinite
691 2539 955 2621 perspicacitatis,
980 2540 1108 2602 virtutis
1133 2547 1165 2602 et
1220 2539 1285 2616 tiis,
1303 2540 1616 2622 vegetativarumque
1631 2540 1749 2604 virium
1764 2522 1896 2601 aetibirs.

419 2635 615 2716 capacitatis.
628 2636 794 2718 Propterea
809 2636 1088 2720 superbeatissima
1100 2637 1165 2699 Tri·
1259 2637 1410 2701 Praeterea
1420 2639 1651 2702 advertendum
1664 2638 1751 2719 qnod
1766 2652 1860 2717 super
1871 2634 1966 2711 illud,

420 2733 503 2795 nitas
519 2734 598 2797 Dens
615 2734 674 2798 hoc
690 2736 784 2798 modo
804 2734 866 2797 sibi
886 2735 945 2798 soli
968 2736 1165 2816 cognoscibi-
1219 2735 1422 2818 loquebatur
1443 2738 1483 2799 ad
1497 2738 1623 2819 Noysen
1643 2735 1798 2799 Dominus
1820 2734 1902 2796 facio
1924 2734 1968 2796 ad

383 2850 389 2859 ·
419 2831 458 2894 lis
479 2832 680 2914 visibilisque
703 2833 860 2911 consistit,
877 2834 953 2915 quia
976 2853 1034 2897 nec
1057 2834 1164 2897 anima
1220 2831 1346 2913 faciem,
1363 2837 1408 2898 ait
1421 2836 1531 2899 Glossa
1547 2834 1789 2898 interlinearis:
1812 2832 1969 2896 Substan-

417 2929 533 2992 Christi
550 2931 610 2995 hoc
625 2933 720 2996 modo
735 2933 977 3015 comprehendit
991 2934 1163 2996 essentiam
1219 2932 1295 2997 tiam
1321 2936 1375 2999 [lei
1407 2954 1465 2998 nee
1490 2935 1657 2997 hominum
1688 2952 1746 2995 nec
1775 2931 1967 3012 angelorum

417 3027 485 3091 Dei.
1179 3033 1201 3097 G
1218 3033 1379 3115 quispiam
1394 3033 1502 3097 videre
1518 3032 1632 3115 potuit,
1651 3031 1744 3094 sicuti
1761 3039 1819 3093 est.
1832 3029 1918 3103 Quod
1936 3029 1967 3091 si

457 3126 562 3191 Nihilo
578 3129 684 3191 minus
701 3129 806 3193 Sancti
824 3130 856 3191 in
874 3129 975 3212 patria
991 3130 1113 3205 vident,
1132 3137 1163 3193 ει
1219 3132 1415 3213 intelligatur
1439 3133 1478 3195 de
1501 3132 1623 3196 visione
1649 3129 1800 3212 plenariae
1821 3146 1969 3209 compre·

417 3226 601 3307 intelligunt
612 3228 708 3290 Deum
725 3247 780 3310 per
796 3228 1065 3311 speciem,utpete
1076 3230 1162 3291 clare
1217 3230 1392 3308 hensionis,
1402 3251 1465 3313 qua
1480 3232 1562 3294 Deus
1572 3230 1713 3292 cernitur
1729 3236 1793 3290 tam
1808 3226 1966 3308 perlecto,

416 3334 448 3387 et
470 3325 651 3389 immediate
674 3326 707 3388 in
733 3346 767 3390 se
789 3326 934 3408 ipseper
957 3327 1058 3409 ipsam
1081 3329 1163 3390 divi·
1218 3331 1300 3392 sieut
1314 3351 1353 3393 ex
1369 3349 1425 3391 sua
1442 3338 1554 3392 natura
1565 3326 1792 3410 cognoscibilis
1807 3333 1865 3401 est,
1882 3324 1968 3387 veri-

417 3442 490 3485 nam
515 3425 685 3487 essentiam
713 3424 782 3488 loco
808 3425 1022 3506 intelligibilis
1050 3425 1161 3489 lormae
1218 3437 1314 3492 tatem
1339 3429 1481 3493 sortitur.
1500 3428 1532 3491 Si
1558 3436 1665 3490 autem
1685 3424 1882 3505 intelligatur
1902 3423 1963 3499 ita,

416 3522 463 3583 eis
488 3522 620 3584 unitam.
648 3523 766 3605 Nempe
791 3543 889 3605 quum
914 3524 1019 3587 omnis
1045 3524 1158 3602 lorma,
1216 3530 1301 3610 quod
1324 3528 1434 3592 divina
1455 3527 1595 3591 essentia
1612 3525 1713 3588 videri
1737 3543 1801 3587 non
1823 3522 1926 3585 valeat
1945 3542 1965 3583 a

416 3621 539 3701 speeies
554 3630 586 3683 et
600 3622 777 3685 similitudo
792 3622 1049 3700 creata,deliciat
1065 3633 1097 3686 et
1112 3643 1162 3687 oe·
1215 3636 1322 3689 mente
1346 3627 1489 3706 angelica
1514 3635 1545 3688 et
1574 3625 1715 3687 bumana
1740 3642 1796 3705 per
1821 3620 1961 3703 speciem

415 3718 545 3781 cumbet
565 3720 598 3780 in
621 3719 825 3808 inlinitumya
849 3722 943 3804 plena
959 3722 1090 3786 deitatis
1115 3743 1162 3785 rc-
1216 3726 1400 3803 increatam,
1417 3725 1502 3787 clare
1516 3744 1553 3786 ac
1569 3723 1706 3786 revelate
1721 3741 1778 3785 εειι
1796 3719 1963 3781 immedia-

416 3818 669 3897 praesentatione,
694 3822 868 3883 seeundum
893 3822 978 3902 quod
1000 3822 1101 3883 deitas
1125 3822 1158 3883 in
1216 3833 1246 3887 te
1268 3825 1301 3886 in
1323 3844 1357 3887 se
1379 3825 1458 3906 ipsa,
1477 3833 1560 3886 stare
1583 3841 1646 3885 non
1671 3828 1786 3903 potest,
1803 3837 1901 3902 quum
1928 3826 1962 3881 et

415 3933 449 3977 se
471 3916 540 3997 ipsa
561 3917 726 3993 consistit;
752 3937 815 3981 non
838 3927 942 4001 potest
958 3920 1039 3981 Deus
1059 3920 1104 3981 ita
1126 3920 1159 3983 in
1214 3923 1349 3985 loannes
1360 3922 1445 3984 dieat
1460 3921 1623 4003 apostolus
1641 3937 1649 3981 :
1667 3918 1790 3981 Scimus
1806 3915 1958 3999 quoniam
1991 3941 2140 3990 um„

416 4031 450 4074 se
465 4012 535 4095 ipso
549 4014 633 4077 clare
648 4014 750 4079 videri
771 4036 828 4098 per
844 4017 990 4095 lormam,
1009 4018 1159 4080 similitu·
1214 4040 1313 4102 quum
1333 4020 1527 4103 apparuerit,
1544 4018 1665 4081 similes
1685 4018 1716 4081 ei
1737 4017 1866 4093 erimus,
1884 4014 1962 4095 quia
1980 4008 2010 4048 ’-

415 4109 587 4192 dinemquo
601 4120 749 4190 creatam,
767 4115 821 4177 sed
838 4134 893 4197 per
908 4116 1082 4179 increatam
1099 4116 1160 4179 lor·
1215 4120 1394 4183 videbimus
1405 4139 1478 4183 eum
1495 4118 1588 4181 sicuti
1604 4116 1710 4180 est.Et
1724 4116 1838 4178 Paulus
1847 4114 1961 4177 Corin·

415 4226 500 4270 mam
518 4217 550 4271 et
569 4210 707 4293 speciem
722 4213 804 4275 Deus
824 4214 870 4276 sic
885 4215 1027 4277 cernitur
1044 4233 1051 4276 :
1069 4217 1155 4297 quod
1174 4220 1199 4280 b
1215 4218 1290 4280 tbiis
1305 4219 1350 4280 ait
1367 4237 1373 4282 :
1392 4218 1543 4281 Videmus
1562 4235 1648 4279 nunc
1663 4234 1722 4297 per
1736 4213 1900 4296 speculum
1924 4212 1959 4273 in
1996 4238 2142 4291 scama,

416 4324 545 4386 prorsus
564 4311 802 4390 supernaturale
818 4320 876 4388 est,
893 4322 925 4375 et
940 4313 1008 4375 sola
1028 4312 1094 4376 lide
1115 4322 1158 4377 te
1214 4317 1392 4396 enigmate,
1419 4326 1494 4379 tunc
1519 4324 1625 4379 autem
1655 4314 1738 4377 facie
1763 4313 1801 4376 ad
1827 4310 1958 4375 faciam.
1983 4304 2028 4347 ¹²·

415 4414 518 4467 netur.
1213 4416 1301 4479 Nunc
1324 4434 1479 4495 cognosco
1501 4435 1539 4479 ex
1564 4421 1664 4498 parte,
1682 4422 1758 4475 tunc
1781 4419 1886 4473 autem
1904 4428 1961 4473 co-

453 4507 546 4573 Perro
568 4508 601 4571 in
623 4511 681 4574 hae
706 4512 770 4576 vita
792 4514 872 4577 Deus
895 4532 959 4577 non
982 4522 1088 4595 potest
1114 4515 1158 4577 ita
1213 4532 1375 4593 gnoscam,
1399 4515 1481 4576 sicut
1495 4523 1527 4576 et
1541 4512 1689 4593 cognitus
1711 4530 1792 4573 sum.
1810 4506 1961 4589 Unigeni-

413 4605 524 4683 videri,
551 4607 596 4671 ita
620 4620 655 4673 ut
679 4612 773 4675 homo
797 4612 884 4676 vivat
909 4612 973 4675 vita
1000 4613 1154 4678 sensitiva
1214 4621 1265 4674 tus
1280 4632 1408 4694 quoqne
1422 4610 1672 4691 Patristhngeli,
1687 4607 1851 4690 inquit,in
1867 4606 1960 4669 eoelis
2016 4630 2119 4677 uaria.

413 4704 561 4771 humana.
579 4708 611 4771 ln
634 4710 854 4792 hujuscemodi
876 4731 1014 4793 namque
1031 4712 1156 4776 visione
1214 4730 1339 4793 semper
1355 4710 1465 4774 vident
1485 4710 1597 4773 faciem
1618 4709 1719 4771 Patris
1740 4707 1815 4771 mei.
1976 4702 2058 4746 ”¹¹¹⁸
2075 4702 2111 4740 ¹⁰·

414 4802 531 4868 divine
554 4807 711 4884 essentiae,
739 4809 913 4890 requiritur
943 4809 976 4871 in
1006 4810 1064 4873 bac
1091 4810 1156 4873 vita
1254 4809 1372 4872 Deinde
1390 4809 1542 4873 Dominus
1563 4807 1675 4890 pandit
1691 4806 1799 4889 Moysi,
1817 4804 1961 4887 qualiter
2025 4890 2032 4897 ¹

414 4922 537 4966 summa
560 4904 732 4968 abstractio
756 4906 796 4968 ab
820 4906 908 4969 omni
933 4916 1005 4969 actu
1028 4926 1064 4971 ae
1086 4908 1158 4972 visu
1213 4926 1247 4970 se
1262 4908 1339 4969 velit
1357 4906 1386 4970 ei
1406 4907 1465 4970 bac
1479 4907 1549 4971 vice
1564 4906 1743 4970 ostendere.
1756 4907 1799 4967 Et
1815 4907 1959 4965 iterem:

415 5002 637 5067 sensitivarum
655 5004 907 5087 inferiorumque
923 5006 1051 5068 virium.
1068 5007 1157 5070 Unde
1212 5010 1303 5078 Ecce,
1327 5007 1449 5085 inquit,
1469 5016 1513 5067 est
1540 5010 1625 5066 locam
1646 5008 1737 5082 apud
1761 5024 1820 5065 me
1845 4999 1959 5065 Omnis

265 5111 397 5163 ternanto.
414 5098 493 5161 etin
509 5100 639 5178 Ioanne,
659 5111 690 5165 et
707 5122 814 5163 rursus
836 5102 868 5163 in
885 5103 989 5184 prima
1004 5104 1073 5184 ejus
1090 5106 1157 5186 epi·
1214 5106 1301 5168 loeus
1316 5105 1399 5185 apud
1410 5102 1779 5184 incircumscriptibilem
1789 5102 1885 5163 Deum
1896 5108 1960 5173 est3

269 5173 398 5279 ,¹‡⁰“””·'⁸'·
414 5194 495 5259 stola
517 5196 633 5279 legitur
650 5216 657 5259 ε
675 5199 772 5261 Deum
795 5218 887 5263 nemo
904 5199 984 5262 vidit
1002 5220 1154 5282 unquam.
1213 5204 1267 5266 sed
1283 5203 1365 5265 sicot
1380 5203 1461 5265 Deus
1481 5202 1662 5284 specialiter
1679 5199 1741 5263 lnit
1755 5209 1788 5263 et
1801 5197 1961 5261 habitavit

267 5307 396 5358 irratam
413 5294 451 5356 Et
474 5297 514 5357 ad
536 5296 737 5361 Timotheum
765 5317 771 5360 :
799 5298 880 5360 lleus
907 5298 1008 5362 lucem
1034 5300 1157 5363 habitat
1214 5302 1247 5363 in
1262 5308 1370 5364 monte
1386 5300 1483 5376 Sinai,
1497 5300 1540 5362 ita
1556 5318 1641 5363 nune
1656 5298 1838 5380 specialiter
1853 5294 1962 5377 loqui-
