4309 6259
529 534 710 581 mannario-
724 534 753 579 m
776 533 843 579 oar.
867 533 965 607 xxunr
986 534 1182 581 uuuanonun.
1206 554 1246 563 -
1266 535 1337 580 nar.
1360 536 1400 579 un
1672 518 1731 581 503

182 702 291 784 jussit,
315 723 401 766 nunc
424 704 479 766 uni
500 705 624 781 virtuti,
643 722 728 769 nune
750 704 972 768 attentasset
989 706 1062 767 talis
1078 706 1308 782 dilatationem,
1325 707 1555 789 quodpropter
1576 707 1734 788 proximo-

185 802 356 863 intentum.
451 877 453 885 Ι
989 824 1060 865 rum
1085 811 1214 887 peecata
1236 813 1267 867 et
1290 804 1385 867 totius
1407 805 1518 867 mundi
1539 804 1683 867 miserias
1703 813 1735 867 et

226 903 372 979 Profecti
388 904 492 978 r'pr'tor
507 906 546 962 dc
560 907 718 973 Itornesse,
736 903 821 983 quod
842 902 935 963 inter·
990 922 1124 978 errores,
1142 903 1316 984 pracsertim
1338 912 1467 986 propter
1488 902 1735 965 innumerabiles

185 1006 330 1080 pretatur
351 999 522 1062 commotio
541 1018 547 1061 :
571 1001 647 1081 quia
667 1000 781 1064 salvari
802 1000 935 1065 volenti·
990 1010 1021 1064 ot
1037 1020 1184 1064 enormes
1200 1002 1329 1063 Deitatis
1345 1002 1542 1071 ollensiones
1557 1009 1588 1063 et
1604 1002 1736 1064 inbono

187 1097 258 1173 bus,
277 1097 381 1179 primo
403 1118 532 1161 neccsse
547 1106 594 1160 est
609 1098 778 1162 salubriter
800 1118 936 1163 commo
992 1099 1141 1177 rationes,
1159 1101 1286 1162 assidue
1302 1100 1493 1178 ingomiscit,
1510 1108 1687 1181 torquetur,
1705 1108 1736 1162 et

187 1196 254 1257 veri
280 1204 312 1258 et
333 1196 518 1259 conturbari
543 1217 579 1259 ex
602 1198 755 1261 memoria
777 1207 809 1260 et
828 1198 936 1260 dolore
992 1199 1139 1262 lacrimas
1165 1199 1283 1274 lundit,
1310 1199 1420 1261 dicens
1446 1198 1526 1260 illud
1552 1199 1585 1259 in
1610 1199 1734 1261 Esdra:

186 1295 436 1375 procedentium
452 1294 614 1358 vitiorum.
627 1299 937 1357 Cestrometottsent
991 1300 1073 1361 Deus
1092 1316 1193 1374 meua,
1211 1298 1390 1360 confundor
1409 1306 1441 1360 et
1460 1297 1612 1360 erubeseo
1632 1297 1737 1360 levare
1765 1318 1882 1365 ineam.

186 1394 223 1451 in
237 1392 491 1456 Socotlt.Secoth
508 1394 735 1476 interpretatur
751 1394 937 1457 tabernaeu-
993 1397 1107 1460 laeiem
1133 1416 1235 1458 meam
1255 1398 1294 1459 ad
1316 1406 1355 1472 te,
1380 1397 1531 1477 quoniam
1553 1396 1738 1477 iniquitates
1751 1385 1772 1426 ⁶·

185 1490 239 1552 la:
258 1510 315 1571 per
330 1492 415 1573 quod
429 1491 652 1573 intelliguntur
664 1492 871 1575 particulares
882 1492 938 1554 Ec·
994 1503 1109 1557 nostra
1124 1494 1345 1578 multiplicatae
1365 1503 1439 1556 sunt
1458 1513 1554 1575 snper
1573 1503 1669 1575 caput
1684 1512 1739 1556 no-

185 1587 573 1671 clesiaa,congregationes
585 1590 938 1667 devotmclaustraeol·
994 1602 1107 1669 strum,
1124 1601 1156 1656 et
1176 1602 1305 1675 peccata
1326 1601 1434 1655 nostra
1453 1602 1623 1655 creverunt
1639 1612 1739 1674 usque

186 1686 281 1767 legia,
299 1706 453 1769 sacraque
469 1689 548 1765 loca,
565 1688 605 1751 ad
621 1708 691 1769 quaa
707 1689 870 1771 pertingit,
882 1688 938 1769 qui
993 1693 1032 1754 ad
1049 1691 1176 1755 coelum.
1194 1692 1336 1773 ltcmqne
1354 1710 1360 1753 :
1379 1691 1469 1753 Zelus
1486 1692 1598 1754 domus
1615 1699 1677 1753 tua
1691 1709 1740 1753 oo
1766 1718 1806 1761 p„
1817 1731 1885 1769 mm,

187 1796 318 1868 propter
334 1806 391 1849 sua
407 1796 534 1870 peccata
554 1788 675 1850 salubri
694 1788 939 1870 compunctione
996 1790 1095 1854 medit
1109 1810 1172 1853 me.
1185 1794 1390 1871 Prosectr'qzw
1403 1796 1443 1852 de
1459 1794 1567 1860 Mero,
1583 1800 1740 1851 venerant
1755 1783 1787 1824 ¹⁰·

61 1894 171 1943 remi,
187 1884 381 1963 concutitur,
400 1886 510 1967 sieque
534 1886 688 1963 turbatur,
707 1894 742 1947 ut
759 1885 843 1948 dicat
860 1904 867 1946 :
885 1878 939 1947 Al-
959 1889 1031 1951 Br'o
1047 1893 1151 1959 Etim,
1166 1890 1252 1969 quod
1273 1889 1500 1971 interpretatur
1520 1888 1660 1951 arietes:
1683 1908 1740 1971 per
1810 1963 1812 1967 Ι

54 1960 70 1999 9·
187 1983 298 2046 ilictus
319 2004 390 2046 sum
413 1992 445 2047 ot
466 1985 655 2047 humiliatus
675 2004 745 2046 sum
763 1984 870 2061 nimis,
889 2005 939 2047 ru·
995 1990 1082 2072 quod
1112 1996 1211 2051 status
1242 1988 1436 2071 praelationis
1466 1988 1620 2067 signatur.
1651 1987 1740 2049 Aries

186 2082 315 2162 giebam
335 2102 355 2145 a
376 2084 495 2165 gemitu
523 2084 627 2146 cordis
647 2082 728 2158 mei;
750 2092 847 2165 atquc
866 2104 939 2147 eum
995 2088 1081 2150 enim
1097 2096 1249 2149 cornutus
1265 2094 1323 2162 cst,
1336 2095 1368 2148 et
1383 2087 1446 2147 dux
1461 2088 1589 2151 ovium:
1608 2085 1641 2148 in
1658 2095 1740 2149 statu

65 2198 171 2249 ronnas.
187 2189 298 2243 sancto
313 2180 371 2244 Job
390 2181 592 2263 :Antequam
610 2183 785 2257 comedam,
799 2182 936 2264 suspiro,
994 2194 1101 2248 autem
1123 2184 1328 2267 praelationis
1346 2192 1421 2246 sunt
1440 2184 1623 2247 eminentia
1642 2184 1742 2247 ceole

187 2290 219 2343 et
245 2288 397 2361 tanquam
425 2278 611 2343 inundantis
635 2299 726 2361 aquae
749 2281 939 2361 sicprugitus
996 2284 1132 2346 siastieaa
1157 2283 1354 2346 auctoritatis
1377 2303 1413 2345 ac
1439 2283 1616 2364 potestatis.
1633 2282 1739 2358 Porro,

188 2379 264 2441 mei.
279 2378 363 2440 Talis
381 2378 496 2459 dignus
512 2387 560 2441 est
576 2378 772 2461 incorporari
789 2378 938 2442 Ecclesiis
995 2383 1051 2465 qui
1062 2383 1101 2445 ad
1114 2382 1342 2463 praeinducmm
1354 2380 1493 2443 caritatis
1504 2389 1600 2463 atque
1610 2381 1741 2462 justitiae

187 2476 360 2552 Christi‚et
376 2476 409 2538 in
425 2477 496 2559 ejus
511 2477 724 2541 tabernaculis
736 2478 937 2540 commorari.
994 2481 1252 2555 amaritudinem,
1279 2480 1525 2562 generalemque
1554 2480 1609 2542 uei
1638 2479 1740 2541 zelum

187 2580 235 2637 De
258 2578 374 2637 Secetlz.
397 2586 554 2636 ocemont
577 2578 613 2635 in
635 2578 766 2647 Eldana,
785 2576 870 2656 quod
895 2575 939 2637 in·
996 2588 1058 2641 tam
1091 2577 1251 2641 fervidum
1280 2578 1396 2657 attigit,
1423 2578 1608 2660 praelatione
1633 2577 1742 2641 condi-

188 2682 383 2757 tcrprotntur
412 2672 566 2737 tortitudo
595 2692 601 2736 :
629 2674 706 2756 quia
735 2693 792 2756 per
817 2694 939 2737 sacram
995 2696 1076 2758 gnus
1098 2686 1157 2753 est,
1175 2686 1207 2739 et
1231 2677 1366 2739 idoneus
1388 2695 1497 2755 regere
1518 2676 1608 2752 alios,
1632 2685 1741 2757 utpote

189 2772 416 2836 contritionem
428 2780 458 2834 et
469 2772 757 2856 incorporationem
774 2773 938 2855 mysticam
995 2776 1052 2858 qui
1068 2796 1141 2839 cum
1155 2774 1385 2856 gloriosissimo
1401 2774 1491 2837 Petro
1514 2775 1586 2856 plus
1601 2773 1674 2836 aliis
1694 2773 1741 2835 di·
1762 2797 1887 2845 amam

68 2885 174 2940 anan,
188 2872 253 2953 jam
270 2869 447 2953 prefatam,
465 2870 664 2933 confortatur
679 2872 774 2934 homo
791 2871 824 2932 in
840 2871 941 2934 llomi-
996 2875 1066 2955 ligit
1081 2875 1241 2937 Christum
1257 2874 1362 2949 corde,
1380 2892 1434 2935 ore
1449 2882 1480 2935 et
1495 2892 1601 2954 opere,
1619 2880 1651 2934 et
1670 2890 1741 2954 pro
1757 2870 1824 2911 ¹⁵¹⁷·

60 2950 133 3054 ¹⁰13,tx
135 3028 175 3063 „„„„
191 2989 232 3033 no
252 2977 284 3031 et
304 2970 337 3032 in
360 2970 504 3051 potentia
523 2970 651 3031 virtutis
672 2971 752 3051 ejus,
771 2970 940 3053 particeps·
996 2975 1098 3036 ximos
1122 2989 1208 3034 suos.
1234 2972 1267 3033 ln
1292 2972 1353 3034 hoe
1378 2970 1447 3034 loeo
1473 2978 1547 3032 sunt
1570 2973 1741 3032 duodecim

59 3078 86 3117 ¹³³-
190 3088 252 3151 que
282 3067 429 3131 eflicitur
455 3068 598 3130 omnium
629 3068 810 3131 timentium
838 3069 940 3131 llomi-
956 3074 978 3137 C
993 3074 1098 3151 foetes
1113 3093 1124 3131 .·
1145 3090 1202 3154 per
1224 3088 1304 3152 quos
1329 3069 1551 3151 exprimuntur
1571 3066 1739 3130 duodecim

190 3188 279 3244 num,
307 3166 461 3248 quoniam
492 3167 606 3229 merita
635 3167 770 3229 aliorum
797 3167 858 3229 sibi
883 3187 940 3248 per
995 3168 1149 3251 Apostoli,
1162 3168 1218 3249 qui
1235 3167 1365 3230 luerunt
1381 3175 1453 3248 post
1467 3165 1626 3229 Christum
1642 3165 1738 3248 primi

190 3267 356 3329 caritatem
386 3266 674 3329 communicantur.
702 3270 783 3329 Inde
811 3269 937 3343 epressi,
994 3277 1025 3331 et
1050 3267 1168 3330 summi
1193 3265 1406 3330 Ecclesiarum
1432 3263 1565 3347 praelati,
1592 3264 1739 3346 quamvis

190 3374 349 3427 venerant
363 3375 477 3427 ceretro
491 3367 724 3436 Pbiboln'rotlt,
741 3366 825 3447 quod
847 3365 940 3427 inter·
996 3386 1058 3429 non
1093 3364 1262 3428 omnifario
1296 3384 1387 3445 atque
1420 3362 1552 3440 summi,
1587 3362 1738 3444 quoniam

190 3472 336 3546 pretatur
361 3481 396 3526 os
423 3463 591 3527 nobilium.
618 3465 697 3526 llum
723 3464 839 3527 etenim
866 3464 939 3546 quis
993 3466 1103 3527 Petrus
1127 3472 1303 3526 ceterorum
1329 3462 1393 3525 fuit
1416 3461 1565 3544 prelatus
1593 3470 1625 3523 et
1649 3461 1739 3543 prin·

190 3563 366 3628 virtutibus
382 3572 430 3627 cst
446 3563 606 3641 firmatus,
623 3572 654 3626 et
668 3564 807 3643 gratiosa
821 3563 940 3626 contir—
993 3583 1075 3646 ceps.
1088 3563 1140 3624 lsti
1158 3561 1287 3624 luerunt
1301 3561 1406 3624 lontes
1422 3560 1613 3641 evangelica
1626 3558 1740 3641 pradi-

57 3679 175 3731 mcn.
191 3672 294 3725 matus
318 3662 352 3724 in
374 3664 449 3740 Deo,
468 3662 621 3725 discernit
637 3663 810 3745 pretiosum
831 3662 937 3738 ovili,
992 3661 1127 3725 cationis
1148 3669 1180 3724 et
1199 3659 1488 3743 supernaturalium
1509 3658 1735 3721 doctrinarum.

191 3781 301 3825 varum
327 3780 346 3823 a
372 3760 464 3837 lalso,
488 3761 638 3823 virtutem
665 3780 683 3823 a
707 3762 786 3824 vitio
805 3780 811 3824 :
829 3762 939 3842 sieque
993 3762 1132 3823 Fuerunt
1153 3777 1280 3840 quoque
1303 3758 1420 3820 ibidem
1440 3758 1645 3835 septaoqioto
1661 3760 1737 3835 pcl-

190 3860 335 3923 ellieitur
355 3860 446 3942 quasi
470 3878 505 3922 os
526 3860 662 3937 Domini,
680 3868 711 3922 et
733 3878 790 3942 per
811 3878 846 3921 os
869 3860 938 3940 ejus
992 3875 1073 3919 rnoe:
1090 3876 1146 3940 per
1161 3876 1240 3938 quas
1257 3854 1456 3938 septuaginta
1471 3854 1602 3917 secundi
1615 3853 1737 3917 ordinis
1764 3875 1848 3928 euax,
1860 3880 1879 3918 r.

190 3960 333 4042 loquitur
349 3958 487 4041 Spiritus
503 3958 636 4021 Sanctus
651 3967 681 4021 et
697 3959 802 4038 angeli
823 3958 939 4038 glorio
991 3955 1140 4037 discipuli
1161 3954 1278 4017 Christi
1297 3951 1531 4033 significantur,
1548 3951 1603 4033 qui
1620 3951 1737 4015 llorue-
1758 3975 1881 4024 camna.

190 4060 227 4120 si.
245 4059 316 4142 lpse
331 4076 461 4141 quoque
476 4076 551 4120 vere
567 4056 753 4119 nobilitatur
769 4058 802 4119 in
817 4057 938 4120 Creato
992 4061 1067 4116 runt
1083 4062 1117 4115 ut
1132 4054 1258 4135 palmae,
1267 4052 1460 4132 fueruntque
1475 4051 1604 4113 arbores
1615 4048 1736 4112 deeora

191 4177 234 4235 re,
262 4159 356 4239 cujus
382 4156 500 4219 intuitu
524 4164 556 4218 et
580 4175 687 4219 amore
711 4155 818 4229 omnia
843 4173 934 4232 vana,
991 4173 1028 4216 ac
1044 4152 1224 4233 fulgidaet
1239 4150 1428 4213 fidelissime
1443 4148 1562 4212 sanctis
1577 4147 1736 4231 apostolis

191 4277 288 4341 prava
303 4275 339 4319 ao
356 4257 434 4319 vilia
445 4255 725 4339 aspernatur.lnde
738 4258 937 4316 transierant
953 4256 977 4317 l)
992 4251 1152 4335 cooperati
1169 4257 1353 4312 noscuntur.

187 4358 407 4435 percreatum
423 4376 539 4417 more:
559 4354 712 4436 quoniam
731 4353 872 4435 gurgites
893 4353 937 4416 vi·
1041 4354 1124 4412 lade
1147 4351 1276 4426 egressi,
1301 4352 1446 4423 fixerunt
1476 4349 1614 4407 tentoria
1641 4366 1739 4423 super

191 4456 322 4531 tiorum,
356 4453 493 4515 llumina
523 4452 749 4529 tentationum,
782 4461 813 4515 et
842 4471 937 4534 opera
992 4471 1081 4510 ruore
1095 4451 1244 4510 acerum
1260 4467 1271 4506 .·
1287 4465 1344 4527 per
1359 4445 1446 4526 quod
1458 4445 1549 4526 juxta
1563 4443 1739 4525 praehabita

192 4553 383 4634 sanguinum
405 4553 522 4615 cedunt
541 4552 602 4628 his,
622 4551 814 4633 fugiuntque
834 4551 873 4613 ab
897 4551 938 4612 is·
992 4550 1162 4611 denotatur
1182 4543 1384 4627 Baptismatis
1406 4542 1518 4621 gratia.
1544 4541 1603 4615 Qui
1631 4550 1738 4604 autem

193 4651 311 4733 tis‚qui
326 4652 365 4713 ad
382 4658 546 4733 praetactas
562 4650 715 4714 virtutum
732 4649 938 4712 celsitudines
994 4648 1026 4709 in
1042 4644 1227 4728 prelatione
1243 4651 1318 4705 sunt
1332 4641 1509 4717 constituti,
1527 4640 1645 4702 babent
1661 4640 1738 4702 alio-

192 4757 266 4811 sunt
291 4748 447 4831 perducti,
471 4748 515 4810 ita
539 4749 624 4829 quod
650 4747 730 4830 pede
755 4748 850 4822 sicco,
878 4748 937 4810 boc
993 4765 1063 4809 rum
1079 4741 1280 4807 conversioni
1290 4761 1327 4804 ac
1338 4739 1543 4823 baptizationi
1559 4738 1736 4815 intendero,

193 4858 238 4910 est
259 4846 464 4909 immaculato
484 4846 616 4922 affeetu,
635 4846 824 4909 tentationes
840 4854 871 4908 et
886 4846 939 4907 ad·
994 4851 1326 4922 sacramentorumque
1336 4857 1471 4921 pensare
1485 4838 1626 4901 virtutes.
1634 4836 1740 4899 Potest

192 4945 358 5008 recsitates
373 4952 607 5026 pertranseunt,
618 4944 651 5004 in
667 4943 784 5025 quibus
801 4942 940 5005 submer-
995 4944 1070 5005 itcm
1101 4959 1158 5023 per
1188 4958 1274 5003 mare
1299 4938 1439 5001 Rubrum
1470 4935 1606 5016 intelligi
1632 4934 1738 5019 passio

193 5052 313 5123 guntur
328 5043 433 5124 iniqui
448 5051 480 5105 et
495 5051 713 5124 persecutores
729 5042 897 5125 justorum.
995 5039 1178 5116 Salvatoris,
1205 5040 1245 5101 de
1269 5040 1363 5119 eujus
1388 5037 1486 5099 latero
1514 5034 1739 5117 profluxerunt
1759 5052 1883 5095 cmm.

234 5143 308 5205 lndo
330 5150 488 5205 venerunt
508 5146 544 5201 in
567 5144 664 5202 Mero
679 5162 690 5200 .·
711 5140 862 5221 qnoniam
884 5160 940 5221 par
994 5159 1075 5221 aqua
1090 5146 1122 5200 et
1136 5138 1277 5217 sanguis.
1294 5134 1531 5209 Quantumlibet
1545 5143 1650 5196 autom
1667 5132 1738 5214 quis
1753 5118 1786 5156 ³³·

197 5248 453 5323 praememoratas
468 5240 622 5303 virtutum
639 5239 852 5316 ascensiones,
871 5258 941 5321 per·
997 5234 1157 5320 perlectus
1182 5234 1321 5310 exsistat,
1348 5243 1381 5295 et
1404 5233 1540 5296 aliorum
1564 5231 1658 5293 saluti
1684 5250 1740 5292 seu

197 5338 326 5401 ducitur
340 5338 437 5401 homo
452 5338 490 5399 ad
506 5344 625 5400 tantam
646 5336 786 5399 caritatis
801 5345 832 5399 et
847 5337 942 5418 aequi-
996 5331 1259 5415 contemplationi
1276 5330 1432 5411 invigilet,
1450 5329 1546 5392 ccrtis
1566 5337 1672 5390 tamen
1688 5327 1741 5390 ho
