4309 6259
522 533 697 579 mannarro
719 533 749 578 ιιι
771 533 839 579 car.
862 531 927 578 xxu
947 531 1184 578 namaaouorm.
1207 549 1248 562 -
1267 530 1339 576 aar.
1362 530 1439 576 xxm
1693 509 1751 574 ctu

200 703 436 777 dilectionem3
460 707 643 766 introduces
666 725 737 765 earn
763 706 800 764 in
824 706 956 764 domum
970 702 996 763 A
1010 711 1041 765 et
1057 702 1197 784 praelatis
1213 721 1275 765 non
1292 710 1415 785 parcnt,
1433 703 1488 765 sed
1503 701 1638 765 rebelles
1652 699 1755 763 consi-

203 813 312 870 tatam,
322 804 356 865 id
370 812 418 866 cst
433 804 472 866 ad
490 803 776 884 incorporationem
788 802 954 865 Ecclesiae:
1011 809 1106 878 stunt,
1115 820 1178 864 non
1196 811 1367 884 pensantes
1381 802 1467 882 quod
1484 799 1574 882 quasi
1590 807 1699 882 peccat
1700 818 1754 860 um
1786 814 1902 869 tneor

201 921 280 982 quta
296 901 421 965 sedebit
437 921 566 965 suorum
582 901 752 983 deplorans
768 909 907 984 peccata,
926 908 957 962 et
1010 900 1167 963 ariolandi
1183 900 1224 961 sit
1241 917 1426 982 repugnare,
1439 908 1470 962 et
1487 907 1637 981 tanquam
1652 879 1803 960 scelus²³‘

200 1000 348 1082 pristina
363 1001 562 1076 vestimenta,
580 1000 729 1062 videlicet
745 1019 842 1082 opera
861 999 955 1074 mala,
1013 998 1170 1062 idololat'
1132 1007 1200 1061 trra
1215 999 1417 1081 acquiescere
1432 998 1529 1062 nolle.
1546 997 1666 1061 Idcirco
1682 1005 1757 1058 sunt

200 1098 338 1161 habitus
355 1099 496 1174 vitiosos,
513 1099 760 1164 consuetudines
776 1117 890 1180 pravas
906 1097 958 1160 ab
1012 1097 1220 1180 lapidandi,id
1231 1097 1473 1175 cst,durissImis
1484 1094 1757 1178 increpationibus

200 1296 362 1378 perituras,
376 1314 507 1377 prorsus
521 1296 670 1377 deponet,
688 1294 959 1377 circumcidetque
1010 1297 1309 1372 1ιιιεοσαυονιίιοοιο,
1329 1303 1361 1357 ct
1381 1313 1438 1376 pro
1458 1312 1515 1356 suo
1541 1312 1670 1356 excessu
1692 1290 1758 1354 lue

201 1413 345 1475 ungues,
359 1394 450 1457 idest
466 1394 686 1475 operationum
702 1393 956 1475 superfluitatem
1013 1393 1055 1454 rit
1073 1394 1375 1470 excommunicatus,
1394 1411 1578 1475 suspensus,
1601 1391 1755 1464 seclusus,

201 1501 239 1555 et
265 1491 312 1555 sic
339 1491 528 1556 secundabis
552 1492 696 1555 eamdem
721 1510 758 1555 ac
783 1491 958 1554 declarabis
1013 1494 1124 1556 eodem
1147 1492 1199 1555 die
1219 1501 1267 1555 est
1286 1493 1494 1574 deponendus
1514 1492 1554 1554 de
1573 1488 1757 1572 hujusmodi

202 1609 374 1672 sponsam,
399 1589 579 1653 inducendo
602 1608 671 1652 eam
693 1591 731 1652 ad
755 1590 958 1652 devotionem
1013 1610 1119 1669 cruce,
1136 1592 1212 1674 qula
1233 1611 1290 1674 per
1311 1592 1491 1674 superiores
1511 1609 1585 1653 suos
1604 1600 1637 1654 et
1655 1589 1757 1652 bonos

202 1689 435 1768 virtuososque
457 1697 557 1750 actus.
575 1687 648 1762 Qum
671 1689 697 1750 si
718 1697 828 1770 postea
847 1687 959 1769 displi-
1013 1690 1099 1753 viros
1129 1691 1168 1753 ad
1198 1690 1466 1766 emendationem,
1493 1687 1755 1763 satisfactionem,

201 1786 312 1850 cuerit
343 1786 414 1863 tibi,
445 1795 577 1869 propter
603 1786 704 1888 ipsiqs
736 1785 959 1866 transgressio·
1012 1789 1291 1870 obedientiamque
1306 1788 1480 1850 hortandus
1495 1796 1544 1850 est
1558 1805 1594 1850 ac
1610 1786 1758 1848 reducen-

202 1903 295 1960 nem,
307 1903 371 1947 non
389 1903 460 1948 mox
477 1873 682 1948 vlolentandei
698 1893 745 1948 est
749 1884 958 1966 ,autpcnitus
974 1885 997 1948 B
1012 1887 1070 1949 dus
1093 1887 1132 1948 ad
1155 1886 1401 1950 ecclesiasticam
1420 1885 1678 1949 communionem
1699 1902 1757 1966 pro

202 1982 433 2064 opprimenda,
463 2001 518 2045 seu
545 1982 712 2045 vendenda
737 1982 876 2059 diabolo,
904 1981 958 2043 sed
1012 2003 1115 2067 posse.

203 2100 275 2143 suar
301 2079 442 2143 libertati
469 2079 679 2163 relinquenda
704 2082 744 2143 ad
770 2089 906 2162 tempus,
925 2087 960 2142 ut
1052 2083 1213 2146 Postremo
1236 2101 1331 2165 super
1351 2083 1442 2160 illud,
1460 2081 1643 2144 Maledictus
1659 2099 1678 2142 a
1694 2080 1757 2142 Deo

203 2177 389 2259 reSIpiscat.
407 2181 447 2240 Si
462 2181 817 2240 habuen'tltcmcduas
831 2198 956 2238 umores
1013 2181 1138 2263 estqui
1163 2181 1311 2263 pendet
1303 2201 1335 2243 tn
1358 2181 1457 2262 ligno,
1480 2179 1594 2243 asserit
1617 2177 1730 2260 Lyra'
1723 2197 1756 2238 ιιι

201 2277 265 2340 Per
282 2277 446 2340 hominem
464 2278 559 2339 istum
578 2277 768 2359 intelligitur
783 2277 837 2340 Dei
848 2277 960 2356 Unige-
1013 2280 1143 2343 Hebraeo
1158 2279 1280 2356 haberi,
1293 2279 1469 2342 vilificatio
1483 2279 1538 2340 llei
1559 2287 1607 2340 est
1626 2295 1758 2357 suspen·

203 2375 298 2437 nitus
321 2375 519 2453 incarnatus,
541 2376 596 2458 qui
619 2376 698 2438 duas
719 2376 831 2438 babuit
852 2377 960 2457 conju·
1013 2377 1071 2440 sio.
1091 2378 1181 2441 Circa
1195 2379 1280 2459 quod
1295 2377 1394 2440 Rabbi
1410 2377 1558 2440 Salomon
1574 2376 1637 2438 ait:
1655 2375 1757 2448 Quum

203 2492 276 2554 ges,
295 2491 432 2554 quarum
449 2492 513 2535 una
529 2472 613 2536 iacta
629 2481 676 2537 est
691 2474 720 2536 ei
736 2474 856 2550 odIosa,
874 2473 960 2538 vide
1012 2476 1109 2539 bomo
1131 2477 1172 2538 sit
1194 2478 1233 2538 ad
1253 2476 1309 2539 Dei
1331 2475 1501 2555 imaginem
1522 2473 1635 2550 lactus,
1653 2474 1687 2535 in
1702 2472 1757 2536 Ilei

205 2570 285 2634 licet
311 2571 498 2653 Synagoga3
522 2572 633 2648 altera,
657 2580 733 2654 puta
756 2572 898 2635 Ecclesia
922 2592 960 2634 ex
1012 2575 1295 2638 dehonorationem
1308 2573 1542 2655 quodammodo
1558 2573 1756 2647 redundaret,

201 2668 392 2748 gentilitate
413 2687 578 2747 conversa,
598 2669 681 2733 lacta
701 2679 749 2733 est
764 2670 793 2732 ei
809 2689 891 2733 cara.
910 2670 960 2733 At·
1013 2672 1039 2734 si
1055 2672 1112 2735 diu
1127 2681 1270 2736 maneret
1285 2691 1469 2755 suspensus.
1492 2671 1552 2733 Sed
1568 2670 1668 2732 Rabbi
1683 2670 1759 2732 Pau-

205 2775 320 2829 temen
347 2766 597 2849 primogenitum
623 2769 804 2850 Synagogae‚
828 2768 888 2831 boc
912 2778 960 2832 est
1014 2771 1063 2832 lus
1078 2770 1223 2833 ailirmat
1243 2770 1275 2831 in
1295 2769 1425 2832 Hebraeo
1443 2768 1564 2845 haberi,
1582 2767 1758 2830 Maledictio

202 2873 340 2928 sanctos
360 2866 538 2946 Apostolos
558 2885 759 2948 nequaquam
781 2868 959 2949 postposuit
1013 2870 1067 2932 bei
1094 2879 1142 2932 est
1167 2869 1335 2951 suspensio
1362 2886 1370 2929 :
1397 2869 1435 2930 ad
1461 2869 1547 2949 quod
1577 2865 1758 2947 assignatur

124 2991 151 3019 ,ι
207 2963 292 3025 titiis
319 2964 479 3041 Ecclesia,
507 2965 572 3028 imo
597 2966 684 3028 dedit
710 2965 775 3027 illis
801 2966 960 3047 primitias
1014 2968 1131 3050 duplex
1154 2968 1234 3030 rati0
1254 2967 1294 3030 ab
1315 2966 1453 3029 llebraeis
1472 2983 1479 3027 ε
1498 2983 1660 3044 una,qute
1676 2971 1759 3026 tacta

48 3070 59 3082 ‘
105 3116 139 3144 Α
163 3115 187 3152 ,,
206 3063 362 3144 Spiritus,
380 3071 412 3125 et
434 3083 529 3145 super
552 3083 680 3127 omnem
702 3073 818 3128 terram
842 3065 960 3146 princi·
975 3066 997 3129 C
1014 3074 1082 3140 est;
1105 3065 1179 3143 alia,
1201 3065 1352 3147 quoniam
1375 3064 1482 3127 nullus
1505 3061 1759 3144 suspendebatur

205 3180 267 3244 pes
290 3179 345 3224 ecs
367 3160 544 3239 constituit,
570 3181 628 3226 nec
652 3163 739 3225 aliud
761 3164 868 3228 decuit
890 3164 959 3246 ejus
1015 3165 1047 3226 in
1065 3164 1163 3244 ligno,
1180 3163 1243 3226 nisi
1266 3163 1432 3226 idololatra
1450 3170 1506 3224 aut
1525 3161 1755 3242 blasphemus:

202 3258 369 3341 justitiam
385 3267 479 3342 atque
494 3261 708 3324 clementiam.
1015 3264 1087 3327 ideo
1112 3265 1139 3326 si
1163 3271 1307 3326 maneret
1332 3262 1387 3324 diu
1417 3279 1603 3342 suspensus,
1629 3259 1758 3320 daretur

251 3358 297 3419 Ex
321 3357 384 3422 isto
407 3359 483 3421 item
505 3359 646 3441 capitulo
665 3360 846 3440 edocemur,
863 3380 958 3444 quam
1014 3362 1199 3426 hominibus
1224 3361 1348 3424 occasio
1373 3358 1526 3442 loquendi
1557 3358 1596 3420 de
1627 3356 1757 3419 idolola-

201 3455 402 3534 gravissime
425 3466 560 3539 peccent
585 3457 646 3520 lilii
672 3466 888 3533 contumaces
915 3481 960 3524 rc·
1015 3461 1075 3523 tria
1089 3470 1144 3523 aut
1159 3460 1358 3542 blasphemia
1375 3459 1441 3535 illa,
1459 3476 1530 3539 quaa
1546 3464 1675 3539 peccata
1692 3465 1754 3518 tam

201 3553 322 3630 helles,
341 3554 506 3633 luxuriosi,
524 3557 640 3635 gulosi,
656 3557 711 3638 qui
728 3575 802 3619 suos
822 3567 960 3622 contem·
1012 3559 1241 3623 abominabilia
1263 3567 1364 3636 crant,
1387 3558 1473 3639 quod
1494 3557 1576 3619 Deus
1597 3555 1701 3618 noluit
1719 3573 1756 3616 ca

201 3661 290 3713 nunt
306 3663 465 3735 parentes,
483 3663 538 3717 aut
552 3656 693 3719 convitia
709 3655 852 3719 inierunt
867 3658 956 3740 ipsis
1014 3658 1185 3735 nominari,
1212 3657 1295 3721 sicut
1319 3658 1359 3720 de
1383 3656 1574 3737 quibusdam
1600 3653 1688 3716 vitiis
1711 3653 1756 3714 ait

201 3750 366 3814 Similiter
387 3753 443 3835 qui
466 3754 560 3816 matri
583 3773 648 3817 snae
671 3763 787 3818 sanetae
810 3755 959 3820 Ecclesia
1013 3757 1183 3840 Apostolus
1200 3775 1207 3818 :
1224 3756 1285 3819 Nec
1301 3753 1555 3819 nominenturiu
1571 3752 1673 3816 vobis.
1770 3774 1901 3829 aptota

727 4177 1053 4264 ARTICULUS
1091 4182 1242 4266 XXIII

253 4450 446 4496 nactanartc
470 4451 644 4496 ermannus
668 4451 804 4497 castrum
826 4452 956 4498 tlcastltl
979 4453 1105 4499 saccum
1128 4455 1134 4499 :
1158 4455 1220 4500 NON
1241 4456 1358 4501 vtueuts
1379 4456 1479 4502 BOVEII
1499 4457 1628 4502 suarius
1649 4456 1709 4502 TUI.

282 4727 367 4790 Ulli
386 4727 537 4806 enormis,
556 4729 643 4791 rudis
659 4748 695 4792 ac
715 4729 845 4793 evidens
861 4729 959 4793 luerit
972 4734 997 4794 D
1012 4753 1096 4810 cum,
1113 4733 1159 4796 ait
1176 4752 1183 4796 ι
1202 4737 1276 4795 Non
1301 4737 1422 4796 videbis
1444 4739 1551 4797 bovem
1569 4739 1686 4813 fratris
1707 4742 1757 4800 tui

292 4845 381 4889 error
405 4835 438 4889 et
461 4827 591 4889 baeresis
617 4827 791 4890 dicentium
818 4838 955 4892 veterem
1012 4842 1069 4891 aut
1089 4852 1178 4892 ocem
1199 4843 1372 4906 errantem,
1392 4844 1423 4895 et
1440 4837 1632 4911 preteritis,
1648 4835 1756 4912 idest,

204 4928 314 5008 legem
339 4927 444 4988 datam
470 4945 489 4986 a
514 4926 660 5008 principe
685 4926 887 4989 tenebrarum
910 4947 958 4990 es
1012 4929 1038 4990 si
1055 4929 1174 4992 videris
1189 4930 1414 5013 quodcumque
1427 4931 1606 5014 jumentum
1620 4934 1757 5013 proximi

203 5023 388 5086 scutialiter
412 5023 508 5099 malo,
535 5033 659 5087 constat
685 5025 755 5086 lucc
779 5025 896 5088 clarius
920 5046 957 5089 ex
1013 5027 1059 5088 tui
1084 5047 1153 5090 csse
1178 5028 1212 5091 in
1237 5029 1320 5091 mala
1345 5029 1586 5111 periculosaque
1608 5031 1670 5106 via,
1694 5050 1757 5094 non

204 5124 271 5184 isto
287 5121 440 5203 capitulo,
460 5121 492 5184 in
509 5141 573 5204 quo
594 5131 640 5185 tot
657 5123 784 5204 pietatis
801 5133 958 5205 praecepta
1012 5126 1223 5207 pertransibis
1245 5134 1394 5208 tanquam
1416 5147 1480 5191 non
1495 5148 1621 5206 curans,
1638 5134 1693 5189 sed
1707 5153 1757 5190 re-

202 5226 383 5305 ponuntur.
393 5220 509 5284 Volens
521 5221 628 5302 itaque
639 5221 791 5285 Dominus
803 5222 955 5304 populum
1012 5227 1107 5284 ducos
1123 5223 1202 5285 illud
1218 5227 1322 5302 fratri
1338 5236 1415 5298 too;
1429 5236 1459 5287 et
1473 5229 1504 5287 ei
1514 5228 1525 5251 ²
1540 5248 1605 5288 non
1624 5238 1669 5288 est
1683 5248 1756 5305 pro
1785 5247 1874 5290 mom
1885 5248 1908 5290 rs

202 5337 302 5382 suum
318 5326 430 5381 mutuo
445 5337 515 5382 esse
531 5318 720 5383 benevolum
732 5329 827 5402 atquc
838 5319 959 5383 beneti-
1008 5325 1156 5402 pinques
1170 5325 1277 5402 frater
1293 5333 1380 5393 tuus,
1396 5322 1427 5385 id
1444 5331 1502 5400 est,
1518 5324 1545 5386 si
1562 5324 1589 5386 is
1603 5325 1642 5386 ad
1659 5344 1755 5407 quem
