<?xml version="1.0" encoding="UTF-8"?>
<!DOCTYPE html PUBLIC "-//W3C//DTD XHTML 1.0 Transitional//EN"
    "http://www.w3.org/TR/xhtml1/DTD/xhtml1-transitional.dtd">
<html xmlns="http://www.w3.org/1999/xhtml" xml:lang="en" lang="en">
 <head>
  <title>
</title>
<meta http-equiv="Content-Type" content="text/html;charset=utf-8" />
  <meta name='ocr-system' content='tesseract 3.04.00' />
  <meta name='ocr-capabilities' content='ocr_page ocr_carea ocr_par ocr_line ocrx_word'/>
</head>
<body>
  <div class='ocr_page' id='page_1' title='image "./doctorisecstati00unkngoog_0780.png"; bbox 0 0 4309 6259; ppageno 0'>
   <div class='ocr_carea' id='block_1_1' title="bbox 438 447 498 515">
    <p class='ocr_par' dir='ltr' id='par_1_1' title="bbox 438 447 498 515">
     <span class='ocr_line' id='line_1_1' title="bbox 438 447 498 515; baseline 0.033 -2"><span class='ocrx_word' id='word_1_1' title='bbox 438 447 498 515; x_wconf 75' lang='lat'><strong>692</strong></span> 
     </span>
    </p>
   </div>
   <div class='ocr_carea' id='block_1_2' title="bbox 868 470 1558 520">
    <p class='ocr_par' dir='ltr' id='par_1_2' title="bbox 868 470 1558 520">
     <span class='ocr_line' id='line_1_2' title="bbox 868 470 1558 520; baseline 0 -2"><span class='ocrx_word' id='word_1_2' title='bbox 868 471 1045 518; x_wconf 76' lang='lat' dir='ltr'><strong>EPlLOGA&#39;l&#39;lO</strong></span> <span class='ocrx_word' id='word_1_3' title='bbox 1067 470 1097 516; x_wconf 82' lang='lat' dir='ltr'><strong>tlt</strong></span> <span class='ocrx_word' id='word_1_4' title='bbox 1119 470 1368 519; x_wconf 78' lang='lat' dir='ltr'><strong>ecurarsucttott.</strong></span> <span class='ocrx_word' id='word_1_5' title='bbox 1391 492 1432 501; x_wconf 94' lang='lat'><em>-</em></span> <span class='ocrx_word' id='word_1_6' title='bbox 1452 473 1524 520; x_wconf 76' lang='lat' dir='ltr'><strong>aar.</strong></span> <span class='ocrx_word' id='word_1_7' title='bbox 1547 473 1558 518; x_wconf 92' lang='lat' dir='ltr'><strong>l</strong></span> 
     </span>
    </p>
   </div>
   <div class='ocr_carea' id='block_1_3' title="bbox 440 629 2139 727">
    <p class='ocr_par' dir='ltr' id='par_1_3' title="bbox 440 629 2139 727">
     <span class='ocr_line' id='line_1_3' title="bbox 440 629 2139 727; baseline -0.002 -25"><span class='ocrx_word' id='word_1_8' title='bbox 440 642 484 705; x_wconf 94' lang='lat' dir='ltr'><strong>tio</strong></span> <span class='ocrx_word' id='word_1_9' title='bbox 508 636 694 705; x_wconf 74' lang='lat' dir='ltr'><strong>naturaliter</strong></span> <span class='ocrx_word' id='word_1_10' title='bbox 718 643 817 706; x_wconf 90' lang='lat' dir='ltr'><strong>menti</strong></span> <span class='ocrx_word' id='word_1_11' title='bbox 842 644 989 706; x_wconf 82' lang='lat' dir='ltr'><strong>humanae</strong></span> <span class='ocrx_word' id='word_1_12' title='bbox 1018 642 1182 724; x_wconf 91' lang='lat' dir='ltr'><strong>inscripta,</strong></span> <span class='ocrx_word' id='word_1_13' title='bbox 1199 643 1222 704; x_wconf 83' lang='grc' dir='ltr'>Α</span> <span class='ocrx_word' id='word_1_14' title='bbox 1238 642 1469 720; x_wconf 76' lang='grc' dir='ltr'><strong>(ῖὶθηῖῖῖὶθθιῖῖθ</strong></span> <span class='ocrx_word' id='word_1_15' title='bbox 1480 644 1714 727; x_wconf 87' lang='lat' dir='ltr'><strong>Scriptura:En</strong></span> <span class='ocrx_word' id='word_1_16' title='bbox 1729 643 1845 707; x_wconf 88' lang='lat' dir='ltr'><strong>coelum</strong></span> <span class='ocrx_word' id='word_1_17' title='bbox 1862 650 1895 705; x_wconf 90' lang='lat' dir='ltr'><strong>ct</strong></span> <span class='ocrx_word' id='word_1_18' title='bbox 1909 629 1985 705; x_wconf 83' lang='lat' dir='ltr'><strong>coeli</strong></span> <span class='ocrx_word' id='word_1_19' title='bbox 2011 658 2121 705; x_wconf 63' lang='lat' dir='ltr'><strong>seorim,</strong></span> <span class='ocrx_word' id='word_1_20' title='bbox 2138 638 2139 645; x_wconf 74' lang='grc'>’</span> 
     </span>
    </p>
   </div>
   <div class='ocr_carea' id='block_1_4' title="bbox 293 740 1183 1811">
    <p class='ocr_par' dir='ltr' id='par_1_4' title="bbox 293 740 1183 1811">
     <span class='ocr_line' id='line_1_4' title="bbox 440 740 1182 821; baseline 0.001 -21"><span class='ocrx_word' id='word_1_21' title='bbox 440 741 593 803; x_wconf 88' lang='lat' dir='ltr'><strong>naturalis</strong></span> <span class='ocrx_word' id='word_1_22' title='bbox 610 742 660 803; x_wconf 81' lang='lat' dir='ltr'><strong>lex</strong></span> <span class='ocrx_word' id='word_1_23' title='bbox 674 741 802 804; x_wconf 93' lang='lat' dir='ltr'><strong>dicitur.</strong></span> <span class='ocrx_word' id='word_1_24' title='bbox 812 742 931 806; x_wconf 77' lang='lat' dir='ltr'>Idcirco</span> <span class='ocrx_word' id='word_1_25' title='bbox 942 740 1182 821; x_wconf 77' lang='lat' dir='ltr'><strong>interrogationi</strong></span> 
     </span>
     <span class='ocr_line' id='line_1_5' title="bbox 293 839 1180 922; baseline 0 -21"><span class='ocrx_word' id='word_1_26' title='bbox 293 854 423 904; x_wconf 58' lang='lat' dir='ltr'><strong>rainer.</strong></span> <span class='ocrx_word' id='word_1_27' title='bbox 438 839 612 903; x_wconf 90' lang='lat' dir='ltr'><strong>multorum</strong></span> <span class='ocrx_word' id='word_1_28' title='bbox 626 841 683 922; x_wconf 93' lang='lat' dir='ltr'><strong>qui</strong></span> <span class='ocrx_word' id='word_1_29' title='bbox 698 840 904 917; x_wconf 83' lang='lat' dir='ltr'><strong>dicunt,0uis</strong></span> <span class='ocrx_word' id='word_1_30' title='bbox 920 840 1069 916; x_wconf 81' lang='lat' dir='ltr'><strong>ostendit,</strong></span> <span class='ocrx_word' id='word_1_31' title='bbox 1079 839 1111 902; x_wconf 93' lang='lat' dir='ltr'><strong>id</strong></span> <span class='ocrx_word' id='word_1_32' title='bbox 1122 850 1180 917; x_wconf 91' lang='lat' dir='ltr'><strong>est,</strong></span> 
     </span>
     <span class='ocr_line' id='line_1_6' title="bbox 437 932 1183 1021; baseline -0.001 -20"><span class='ocrx_word' id='word_1_33' title='bbox 437 956 629 1019; x_wconf 85' lang='lat' dir='ltr'><strong>cognoscere</strong></span> <span class='ocrx_word' id='word_1_34' title='bbox 653 939 739 1016; x_wconf 89' lang='lat' dir='ltr'><strong>lecit,</strong></span> <span class='ocrx_word' id='word_1_35' title='bbox 764 940 856 1003; x_wconf 92' lang='lat' dir='ltr'><strong>nobis</strong></span> <span class='ocrx_word' id='word_1_36' title='bbox 881 940 989 1002; x_wconf 79' lang='lat' dir='ltr'><strong>buna‘t</strong></span> <span class='ocrx_word' id='word_1_37' title='bbox 1011 932 1183 1021; x_wconf 86' lang='lat' dir='ltr'><strong>respondet</strong></span> 
     </span>
     <span class='ocr_line' id='line_1_7' title="bbox 436 1038 1181 1120; baseline 0.001 -21"><span class='ocrx_word' id='word_1_38' title='bbox 436 1038 602 1100; x_wconf 91' lang='lat' dir='ltr'><strong>Psalmista</strong></span> <span class='ocrx_word' id='word_1_39' title='bbox 619 1056 626 1101; x_wconf 91' lang='lat'>:</span> <span class='ocrx_word' id='word_1_40' title='bbox 644 1038 808 1120; x_wconf 83' lang='lat' dir='ltr'><strong>Signatum</strong></span> <span class='ocrx_word' id='word_1_41' title='bbox 825 1046 873 1101; x_wconf 90' lang='lat' dir='ltr'><strong>cst</strong></span> <span class='ocrx_word' id='word_1_42' title='bbox 889 1058 984 1120; x_wconf 93' lang='lat' dir='ltr'><strong>super</strong></span> <span class='ocrx_word' id='word_1_43' title='bbox 999 1056 1058 1101; x_wconf 93' lang='lat' dir='ltr'><strong>nos</strong></span> <span class='ocrx_word' id='word_1_44' title='bbox 1073 1038 1181 1101; x_wconf 92' lang='lat' dir='ltr'><strong>lumen</strong></span> 
     </span>
     <span class='ocr_line' id='line_1_8' title="bbox 437 1136 1181 1218; baseline -0.003 -19"><span class='ocrx_word' id='word_1_45' title='bbox 437 1136 543 1199; x_wconf 90' lang='lat' dir='ltr'><strong>vultus</strong></span> <span class='ocrx_word' id='word_1_46' title='bbox 559 1136 617 1213; x_wconf 93' lang='lat' dir='ltr'><strong>tui,</strong></span> <span class='ocrx_word' id='word_1_47' title='bbox 632 1137 773 1200; x_wconf 83' lang='lat' dir='ltr'><strong>Domine.</strong></span> <span class='ocrx_word' id='word_1_48' title='bbox 783 1138 816 1199; x_wconf 94' lang='lat' dir='ltr'><strong>ln</strong></span> <span class='ocrx_word' id='word_1_49' title='bbox 833 1137 892 1200; x_wconf 94' lang='lat' dir='ltr'><strong>boc</strong></span> <span class='ocrx_word' id='word_1_50' title='bbox 907 1136 1029 1218; x_wconf 91' lang='lat' dir='ltr'><strong>quippe</strong></span> <span class='ocrx_word' id='word_1_51' title='bbox 1044 1136 1181 1199; x_wconf 91' lang='lat' dir='ltr'><strong>naturali</strong></span> 
     </span>
     <span class='ocr_line' id='line_1_9' title="bbox 436 1234 1183 1315; baseline 0.001 -19"><span class='ocrx_word' id='word_1_52' title='bbox 436 1234 557 1298; x_wconf 91' lang='lat' dir='ltr'><strong>lumine</strong></span> <span class='ocrx_word' id='word_1_53' title='bbox 573 1235 705 1299; x_wconf 90' lang='lat' dir='ltr'><strong>rationis</strong></span> <span class='ocrx_word' id='word_1_54' title='bbox 719 1236 884 1299; x_wconf 90' lang='lat' dir='ltr'><strong>veritatem</strong></span> <span class='ocrx_word' id='word_1_55' title='bbox 900 1235 1132 1315; x_wconf 81' lang='lat' dir='ltr'><strong>cognoscimus,</strong></span> <span class='ocrx_word' id='word_1_56' title='bbox 1151 1244 1183 1297; x_wconf 89' lang='lat' dir='ltr'><strong>et</strong></span> 
     </span>
     <span class='ocr_line' id='line_1_10' title="bbox 437 1332 1181 1416; baseline 0.001 -22"><span class='ocrx_word' id='word_1_57' title='bbox 437 1332 519 1395; x_wconf 90' lang='lat' dir='ltr'><strong>inter</strong></span> <span class='ocrx_word' id='word_1_58' title='bbox 541 1335 625 1397; x_wconf 92' lang='lat' dir='ltr'><strong>bona</strong></span> <span class='ocrx_word' id='word_1_59' title='bbox 645 1354 682 1397; x_wconf 92' lang='lat' dir='ltr'><strong>ae</strong></span> <span class='ocrx_word' id='word_1_60' title='bbox 702 1335 787 1398; x_wconf 89' lang='lat' dir='ltr'><strong>mala</strong></span> <span class='ocrx_word' id='word_1_61' title='bbox 808 1334 1032 1397; x_wconf 77' lang='lat' dir='ltr'><strong>discernimus.</strong></span> <span class='ocrx_word' id='word_1_62' title='bbox 1049 1334 1181 1416; x_wconf 87' lang='lat' dir='ltr'><strong>Propter</strong></span> 
     </span>
     <span class='ocr_line' id='line_1_11' title="bbox 298 1432 1179 1515; baseline 0.001 -21"><span class='ocrx_word' id='word_1_63' title='bbox 298 1446 421 1498; x_wconf 64' lang='lat' dir='ltr'><strong>ronnas.</strong></span> <span class='ocrx_word' id='word_1_64' title='bbox 436 1433 521 1512; x_wconf 93' lang='lat' dir='ltr'><strong>quod</strong></span> <span class='ocrx_word' id='word_1_65' title='bbox 541 1434 580 1495; x_wconf 93' lang='lat' dir='ltr'><strong>ad</strong></span> <span class='ocrx_word' id='word_1_66' title='bbox 600 1434 757 1498; x_wconf 89' lang='lat' dir='ltr'><strong>Romanos</strong></span> <span class='ocrx_word' id='word_1_67' title='bbox 780 1434 825 1496; x_wconf 88' lang='lat' dir='ltr'><strong>ait</strong></span> <span class='ocrx_word' id='word_1_68' title='bbox 848 1433 1017 1515; x_wconf 77' lang='lat' dir='ltr'><strong>Apostolus</strong></span> <span class='ocrx_word' id='word_1_69' title='bbox 1044 1450 1051 1493; x_wconf 76' lang='grc' dir='ltr'><strong>ε</strong></span> <span class='ocrx_word' id='word_1_70' title='bbox 1078 1432 1179 1506; x_wconf 86' lang='lat' dir='ltr'><strong>Quum</strong></span> 
     </span>
     <span class='ocr_line' id='line_1_12' title="bbox 435 1532 1180 1613; baseline 0.003 -20"><span class='ocrx_word' id='word_1_71' title='bbox 435 1539 546 1610; x_wconf 87' lang='lat' dir='ltr'><strong>gentes</strong></span> <span class='ocrx_word' id='word_1_72' title='bbox 560 1551 632 1613; x_wconf 86' lang='lat' dir='ltr'><strong>quae</strong></span> <span class='ocrx_word' id='word_1_73' title='bbox 646 1532 747 1613; x_wconf 88' lang='lat' dir='ltr'><strong>legem</strong></span> <span class='ocrx_word' id='word_1_74' title='bbox 765 1551 828 1595; x_wconf 90' lang='lat' dir='ltr'><strong>non</strong></span> <span class='ocrx_word' id='word_1_75' title='bbox 849 1532 978 1607; x_wconf 86' lang='lat' dir='ltr'><strong>babent,</strong></span> <span class='ocrx_word' id='word_1_76' title='bbox 995 1532 1180 1595; x_wconf 88' lang='lat' dir='ltr'><strong>naturaliter</strong></span> 
     </span>
     <span class='ocr_line' id='line_1_13' title="bbox 435 1629 1180 1711; baseline 0.001 -21"><span class='ocrx_word' id='word_1_77' title='bbox 435 1648 472 1690; x_wconf 90' lang='lat' dir='ltr'><strong>ea</strong></span> <span class='ocrx_word' id='word_1_78' title='bbox 493 1648 564 1711; x_wconf 77' lang='lat' dir='ltr'><strong>quae</strong></span> <span class='ocrx_word' id='word_1_79' title='bbox 585 1630 664 1711; x_wconf 91' lang='lat' dir='ltr'><strong>legis</strong></span> <span class='ocrx_word' id='word_1_80' title='bbox 686 1640 771 1708; x_wconf 89' lang='lat' dir='ltr'><strong>sunt,</strong></span> <span class='ocrx_word' id='word_1_81' title='bbox 789 1630 921 1706; x_wconf 84' lang='lat' dir='ltr'><strong>iaciunt,</strong></span> <span class='ocrx_word' id='word_1_82' title='bbox 940 1629 1001 1711; x_wconf 90' lang='lat' dir='ltr'><strong>ipsi</strong></span> <span class='ocrx_word' id='word_1_83' title='bbox 1022 1629 1084 1691; x_wconf 93' lang='lat' dir='ltr'><strong>sibi</strong></span> <span class='ocrx_word' id='word_1_84' title='bbox 1105 1639 1180 1692; x_wconf 86' lang='lat' dir='ltr'><strong>sunt</strong></span> 
     </span>
     <span class='ocr_line' id='line_1_14' title="bbox 434 1726 1177 1811; baseline 0.003 -24"><span class='ocrx_word' id='word_1_85' title='bbox 434 1726 495 1805; x_wconf 81' lang='lat' dir='ltr'><strong>lex,</strong></span> <span class='ocrx_word' id='word_1_86' title='bbox 511 1728 568 1809; x_wconf 95' lang='lat' dir='ltr'><strong>qui</strong></span> <span class='ocrx_word' id='word_1_87' title='bbox 584 1729 757 1791; x_wconf 91' lang='lat' dir='ltr'><strong>ostendunt</strong></span> <span class='ocrx_word' id='word_1_88' title='bbox 772 1749 852 1811; x_wconf 90' lang='lat' dir='ltr'><strong>opus</strong></span> <span class='ocrx_word' id='word_1_89' title='bbox 867 1727 946 1808; x_wconf 90' lang='lat' dir='ltr'><strong>legis</strong></span> <span class='ocrx_word' id='word_1_90' title='bbox 969 1727 1122 1809; x_wconf 87' lang='lat' dir='ltr'><strong>scriptum</strong></span> <span class='ocrx_word' id='word_1_91' title='bbox 1145 1728 1177 1789; x_wconf 93' lang='lat' dir='ltr'><strong>in</strong></span> 
     </span>
    </p>
   </div>
   <div class='ocr_carea' id='block_1_5' title="bbox 2028 726 2139 771">
    <p class='ocr_par' dir='ltr' id='par_1_5' title="bbox 2028 726 2139 771">
     <span class='ocr_line' id='line_1_15' title="bbox 2028 726 2139 771; baseline 0 -9"><span class='ocrx_word' id='word_1_92' title='bbox 2028 726 2076 771; x_wconf 77' lang='lat' dir='ltr'><strong>,ra</strong></span> <span class='ocrx_word' id='word_1_93' title='bbox 2138 748 2139 751; x_wconf 66' lang='lat'><strong>,</strong></span> 
     </span>
    </p>
   </div>
   <div class='ocr_carea' id='block_1_6' title="bbox 1237 724 2139 1107">
    <p class='ocr_par' dir='ltr' id='par_1_6' title="bbox 1238 724 2026 923">
     <span class='ocr_line' id='line_1_16' title="bbox 1238 724 2026 825; baseline -0.001 -21"><span class='ocrx_word' id='word_1_94' title='bbox 1238 742 1402 819; x_wconf 85' lang='lat' dir='ltr'><strong>coelorum,</strong></span> <span class='ocrx_word' id='word_1_95' title='bbox 1415 745 1547 825; x_wconf 89' lang='lat' dir='ltr'><strong>abyssus</strong></span> <span class='ocrx_word' id='word_1_96' title='bbox 1562 752 1592 807; x_wconf 91' lang='lat' dir='ltr'><strong>et</strong></span> <span class='ocrx_word' id='word_1_97' title='bbox 1609 743 1757 806; x_wconf 89' lang='lat' dir='ltr'><strong>universa</strong></span> <span class='ocrx_word' id='word_1_98' title='bbox 1772 750 1867 817; x_wconf 88' lang='lat' dir='ltr'><strong>terra,</strong></span> <span class='ocrx_word' id='word_1_99' title='bbox 1877 750 1909 803; x_wconf 87' lang='lat' dir='ltr'><strong>ct</strong></span> <span class='ocrx_word' id='word_1_100' title='bbox 1919 760 1987 804; x_wconf 91' lang='lat' dir='ltr'><strong>om·</strong></span> <span class='ocrx_word' id='word_1_101' title='bbox 2003 724 2026 762; x_wconf 74' lang='lat'><strong>¹⁸</strong></span> 
     </span>
     <span class='ocr_line' id='line_1_17' title="bbox 1239 840 1985 923; baseline 0 -22"><span class='ocrx_word' id='word_1_102' title='bbox 1239 840 1291 902; x_wconf 91' lang='lat' dir='ltr'><strong>nia</strong></span> <span class='ocrx_word' id='word_1_103' title='bbox 1306 861 1377 923; x_wconf 76' lang='lat' dir='ltr'><strong>quae</strong></span> <span class='ocrx_word' id='word_1_104' title='bbox 1393 842 1425 904; x_wconf 92' lang='lat' dir='ltr'><strong>in</strong></span> <span class='ocrx_word' id='word_1_105' title='bbox 1442 842 1488 905; x_wconf 90' lang='lat' dir='ltr'><strong>cis</strong></span> <span class='ocrx_word' id='word_1_106' title='bbox 1505 850 1590 918; x_wconf 91' lang='lat' dir='ltr'><strong>sunt,</strong></span> <span class='ocrx_word' id='word_1_107' title='bbox 1602 842 1634 904; x_wconf 93' lang='lat' dir='ltr'><strong>in</strong></span> <span class='ocrx_word' id='word_1_108' title='bbox 1651 849 1823 923; x_wconf 89' lang='lat' dir='ltr'><strong>conspeetu</strong></span> <span class='ocrx_word' id='word_1_109' title='bbox 1834 840 1888 903; x_wconf 90' lang='lat' dir='ltr'><strong>Dei</strong></span> <span class='ocrx_word' id='word_1_110' title='bbox 1900 859 1985 903; x_wconf 93' lang='lat' dir='ltr'><strong>ccm-</strong></span> 
     </span>
    </p>

    <p class='ocr_par' dir='ltr' id='par_1_7' title="bbox 1237 930 2139 1107">
     <span class='ocr_line' id='line_1_18' title="bbox 1238 930 2139 1023; baseline 0.001 -23"><span class='ocrx_word' id='word_1_111' title='bbox 1238 940 1510 1017; x_wconf 79' lang='lat' dir='ltr'><strong>movebuntur3et</strong></span> <span class='ocrx_word' id='word_1_112' title='bbox 1522 960 1618 1023; x_wconf 92' lang='lat' dir='ltr'><strong>quum</strong></span> <span class='ocrx_word' id='word_1_113' title='bbox 1630 930 1981 1023; x_wconf 80' lang='lat' dir='ltr'><strong>conspcireritealleus,</strong></span> <span class='ocrx_word' id='word_1_114' title='bbox 2138 1004 2139 1015; x_wconf 60' lang='lat'><strong>,</strong></span> 
     </span>
     <span class='ocr_line' id='line_1_19' title="bbox 1237 1038 2139 1107; baseline 0 -10"><span class='ocrx_word' id='word_1_115' title='bbox 1237 1044 1373 1101; x_wconf 91' lang='lat' dir='ltr'><strong>tremore</strong></span> <span class='ocrx_word' id='word_1_116' title='bbox 1383 1040 1612 1103; x_wconf 89' lang='lat' dir='ltr'><strong>concutientur.</strong></span> <span class='ocrx_word' id='word_1_117' title='bbox 1630 1040 1667 1101; x_wconf 90' lang='lat' dir='ltr'><strong>Et</strong></span> <span class='ocrx_word' id='word_1_118' title='bbox 1683 1039 1787 1103; x_wconf 92' lang='lat' dir='ltr'><strong>denuo</strong></span> <span class='ocrx_word' id='word_1_119' title='bbox 1800 1056 1807 1100; x_wconf 95' lang='lat'><strong>:</strong></span> <span class='ocrx_word' id='word_1_120' title='bbox 1820 1038 1983 1101; x_wconf 80' lang='lat' dir='ltr'><strong>Columnae</strong></span> <span class='ocrx_word' id='word_1_121' title='bbox 2017 1062 2056 1103; x_wconf 71' lang='lat' dir='ltr'><strong>aa</strong></span> <span class='ocrx_word' id='word_1_122' title='bbox 2067 1077 2116 1107; x_wconf 64' lang='lat' dir='ltr'><strong>ne,</strong></span> <span class='ocrx_word' id='word_1_123' title='bbox 2138 1066 2139 1097; x_wconf 64' lang='lat'><em>2</em></span> 
     </span>
    </p>
   </div>
   <div class='ocr_carea' id='block_1_7' title="bbox 1235 1127 2027 1312">
    <p class='ocr_par' dir='ltr' id='par_1_8' title="bbox 1235 1127 2027 1312">
     <span class='ocr_line' id='line_1_20' title="bbox 1235 1127 2027 1220; baseline 0.004 -23"><span class='ocrx_word' id='word_1_124' title='bbox 1235 1136 1308 1198; x_wconf 84' lang='lat' dir='ltr'><strong>coeli</strong></span> <span class='ocrx_word' id='word_1_125' title='bbox 1320 1146 1438 1220; x_wconf 88' lang='lat' dir='ltr'><strong>pavent</strong></span> <span class='ocrx_word' id='word_1_126' title='bbox 1452 1140 1492 1201; x_wconf 91' lang='lat' dir='ltr'><strong>ad</strong></span> <span class='ocrx_word' id='word_1_127' title='bbox 1508 1148 1620 1201; x_wconf 90' lang='lat' dir='ltr'><strong>nutum</strong></span> <span class='ocrx_word' id='word_1_128' title='bbox 1636 1138 1749 1220; x_wconf 88' lang='lat' dir='ltr'><strong>ipsius.</strong></span> <span class='ocrx_word' id='word_1_129' title='bbox 1998 1127 2027 1165; x_wconf 85' lang='lat'><strong>¹¹·</strong></span> 
     </span>
     <span class='ocr_line' id='line_1_21' title="bbox 1276 1230 1982 1312; baseline 0.003 -20"><span class='ocrx_word' id='word_1_130' title='bbox 1276 1231 1382 1312; x_wconf 89' lang='lat' dir='ltr'><strong>ltaque</strong></span> <span class='ocrx_word' id='word_1_131' title='bbox 1398 1233 1448 1295; x_wconf 83' lang='lat' dir='ltr'><strong>lex</strong></span> <span class='ocrx_word' id='word_1_132' title='bbox 1464 1232 1616 1295; x_wconf 90' lang='lat' dir='ltr'><strong>naturalis</strong></span> <span class='ocrx_word' id='word_1_133' title='bbox 1628 1233 1661 1294; x_wconf 90' lang='lat' dir='ltr'><strong>in</strong></span> <span class='ocrx_word' id='word_1_134' title='bbox 1672 1232 1814 1309; x_wconf 92' lang='lat' dir='ltr'><strong>homine,</strong></span> <span class='ocrx_word' id='word_1_135' title='bbox 1824 1230 1982 1312; x_wconf 89' lang='lat' dir='ltr'><strong>estquod-</strong></span> 
     </span>
    </p>
   </div>
   <div class='ocr_carea' id='block_1_8' title="bbox 1234 1330 1981 1806">
    <p class='ocr_par' dir='ltr' id='par_1_9' title="bbox 1234 1330 1981 1806">
     <span class='ocr_line' id='line_1_22' title="bbox 1235 1330 1981 1413; baseline 0 -22"><span class='ocrx_word' id='word_1_136' title='bbox 1235 1330 1307 1391; x_wconf 88' lang='lat' dir='ltr'><strong>dam</strong></span> <span class='ocrx_word' id='word_1_137' title='bbox 1330 1330 1488 1409; x_wconf 89' lang='lat' dir='ltr'><strong>dictamen</strong></span> <span class='ocrx_word' id='word_1_138' title='bbox 1511 1351 1566 1395; x_wconf 90' lang='lat' dir='ltr'><strong>seu</strong></span> <span class='ocrx_word' id='word_1_139' title='bbox 1588 1330 1748 1394; x_wconf 90' lang='lat' dir='ltr'><strong>ordinatio</strong></span> <span class='ocrx_word' id='word_1_140' title='bbox 1767 1330 1917 1413; x_wconf 72' lang='lat' dir='ltr'><strong>practicae</strong></span> <span class='ocrx_word' id='word_1_141' title='bbox 1937 1349 1981 1391; x_wconf 92' lang='lat' dir='ltr'><strong>ra-</strong></span> 
     </span>
     <span class='ocr_line' id='line_1_23' title="bbox 1236 1427 1978 1510; baseline -0.001 -21"><span class='ocrx_word' id='word_1_142' title='bbox 1236 1428 1343 1504; x_wconf 85' lang='lat' dir='ltr'><strong>tionis,</strong></span> <span class='ocrx_word' id='word_1_143' title='bbox 1353 1448 1513 1510; x_wconf 85' lang='lat' dir='ltr'><strong>perquam</strong></span> <span class='ocrx_word' id='word_1_144' title='bbox 1529 1429 1624 1491; x_wconf 94' lang='lat' dir='ltr'><strong>homo</strong></span> <span class='ocrx_word' id='word_1_145' title='bbox 1634 1430 1672 1491; x_wconf 90' lang='lat' dir='ltr'><strong>ad</strong></span> <span class='ocrx_word' id='word_1_146' title='bbox 1683 1427 1805 1509; x_wconf 91' lang='lat' dir='ltr'><strong>aliquid</strong></span> <span class='ocrx_word' id='word_1_147' title='bbox 1820 1428 1978 1509; x_wconf 87' lang='lat' dir='ltr'><strong>agendum</strong></span> 
     </span>
     <span class='ocr_line' id='line_1_24' title="bbox 1235 1526 1979 1606; baseline -0.001 -18"><span class='ocrx_word' id='word_1_148' title='bbox 1235 1526 1284 1589; x_wconf 90' lang='lat' dir='ltr'><strong>vel</strong></span> <span class='ocrx_word' id='word_1_149' title='bbox 1308 1544 1372 1588; x_wconf 94' lang='lat' dir='ltr'><strong>non</strong></span> <span class='ocrx_word' id='word_1_150' title='bbox 1397 1528 1554 1606; x_wconf 89' lang='lat' dir='ltr'><strong>agendum</strong></span> <span class='ocrx_word' id='word_1_151' title='bbox 1576 1526 1749 1589; x_wconf 87' lang='lat' dir='ltr'><strong>inducitur.</strong></span> <span class='ocrx_word' id='word_1_152' title='bbox 1766 1526 1979 1589; x_wconf 87' lang='lat' dir='ltr'><strong>Consideran-</strong></span> 
     </span>
     <span class='ocr_line' id='line_1_25' title="bbox 1234 1624 1979 1706; baseline 0.003 -21"><span class='ocrx_word' id='word_1_153' title='bbox 1234 1625 1310 1685; x_wconf 93' lang='lat' dir='ltr'><strong>dum</strong></span> <span class='ocrx_word' id='word_1_154' title='bbox 1330 1634 1378 1687; x_wconf 93' lang='lat' dir='ltr'><strong>est</strong></span> <span class='ocrx_word' id='word_1_155' title='bbox 1398 1624 1496 1703; x_wconf 92' lang='lat' dir='ltr'><strong>enim,</strong></span> <span class='ocrx_word' id='word_1_156' title='bbox 1514 1627 1599 1706; x_wconf 93' lang='lat' dir='ltr'><strong>quod</strong></span> <span class='ocrx_word' id='word_1_157' title='bbox 1620 1626 1798 1689; x_wconf 89' lang='lat' dir='ltr'><strong>intellectus</strong></span> <span class='ocrx_word' id='word_1_158' title='bbox 1820 1644 1877 1687; x_wconf 90' lang='lat' dir='ltr'><strong>seu</strong></span> <span class='ocrx_word' id='word_1_159' title='bbox 1898 1626 1979 1687; x_wconf 89' lang='lat' dir='ltr'><strong>ratio</strong></span> 
     </span>
     <span class='ocr_line' id='line_1_26' title="bbox 1234 1720 1979 1806; baseline 0.005 -25"><span class='ocrx_word' id='word_1_160' title='bbox 1234 1720 1372 1785; x_wconf 91' lang='lat' dir='ltr'><strong>bominis</strong></span> <span class='ocrx_word' id='word_1_161' title='bbox 1398 1724 1515 1805; x_wconf 82' lang='lat' dir='ltr'><strong>duplex</strong></span> <span class='ocrx_word' id='word_1_162' title='bbox 1538 1732 1596 1801; x_wconf 91' lang='lat' dir='ltr'><strong>est,</strong></span> <span class='ocrx_word' id='word_1_163' title='bbox 1619 1725 1740 1788; x_wconf 90' lang='lat' dir='ltr'><strong>scilicet</strong></span> <span class='ocrx_word' id='word_1_164' title='bbox 1765 1724 1916 1806; x_wconf 91' lang='lat' dir='ltr'><strong>practica,</strong></span> <span class='ocrx_word' id='word_1_165' title='bbox 1945 1732 1979 1786; x_wconf 93' lang='lat' dir='ltr'><strong>ut</strong></span> 
     </span>
    </p>
   </div>
   <div class='ocr_carea' id='block_1_9' title="bbox 432 1822 1976 1905">
    <p class='ocr_par' dir='ltr' id='par_1_10' title="bbox 432 1822 1976 1905">
     <span class='ocr_line' id='line_1_27' title="bbox 432 1822 1976 1905; baseline -0.003 -18"><span class='ocrx_word' id='word_1_166' title='bbox 432 1826 581 1888; x_wconf 88' lang='lat' dir='ltr'><strong>cordibus</strong></span> <span class='ocrx_word' id='word_1_167' title='bbox 605 1827 683 1904; x_wconf 92' lang='lat' dir='ltr'><strong>suis,</strong></span> <span class='ocrx_word' id='word_1_168' title='bbox 700 1828 916 1890; x_wconf 89' lang='lat' dir='ltr'><strong>testimonium</strong></span> <span class='ocrx_word' id='word_1_169' title='bbox 938 1826 1003 1887; x_wconf 94' lang='lat' dir='ltr'><strong>illis</strong></span> <span class='ocrx_word' id='word_1_170' title='bbox 1027 1827 1178 1889; x_wconf 86' lang='lat' dir='ltr'><strong>reddente</strong></span> <span class='ocrx_word' id='word_1_171' title='bbox 1197 1826 1329 1900; x_wconf 90' lang='lat' dir='ltr'><strong>Bquum</strong></span> <span class='ocrx_word' id='word_1_172' title='bbox 1346 1822 1489 1885; x_wconf 88' lang='lat' dir='ltr'><strong>veritatis</strong></span> <span class='ocrx_word' id='word_1_173' title='bbox 1500 1823 1641 1904; x_wconf 91' lang='lat' dir='ltr'><strong>cognitio</strong></span> <span class='ocrx_word' id='word_1_174' title='bbox 1651 1824 1815 1886; x_wconf 91' lang='lat' dir='ltr'><strong>ordinatur</strong></span> <span class='ocrx_word' id='word_1_175' title='bbox 1826 1824 1865 1885; x_wconf 93' lang='lat' dir='ltr'><strong>ad</strong></span> <span class='ocrx_word' id='word_1_176' title='bbox 1882 1842 1976 1905; x_wconf 90' lang='lat' dir='ltr'><strong>opus,</strong></span> 
     </span>
    </p>
   </div>
   <div class='ocr_carea' id='block_1_10' title="bbox 277 1925 1208 4859">
    <p class='ocr_par' dir='ltr' id='par_1_11' title="bbox 432 1925 795 2008">
     <span class='ocr_line' id='line_1_28' title="bbox 432 1925 795 2008; baseline 0.003 -22"><span class='ocrx_word' id='word_1_177' title='bbox 432 1925 627 1988; x_wconf 90' lang='lat' dir='ltr'><strong>conscientia</strong></span> <span class='ocrx_word' id='word_1_178' title='bbox 643 1926 795 2008; x_wconf 91' lang='lat' dir='ltr'><strong>ipsorum.</strong></span> 
     </span>
    </p>

    <p class='ocr_par' dir='ltr' id='par_1_12' title="bbox 430 2023 1176 2597">
     <span class='ocr_line' id='line_1_29' title="bbox 472 2023 1176 2107; baseline 0.004 -23"><span class='ocrx_word' id='word_1_179' title='bbox 472 2023 526 2085; x_wconf 84' lang='lat' dir='ltr'><strong>Est</strong></span> <span class='ocrx_word' id='word_1_180' title='bbox 549 2033 656 2087; x_wconf 91' lang='lat' dir='ltr'><strong>autem</strong></span> <span class='ocrx_word' id='word_1_181' title='bbox 680 2024 848 2107; x_wconf 82' lang='lat' dir='ltr'><strong>multiplex</strong></span> <span class='ocrx_word' id='word_1_182' title='bbox 872 2025 932 2087; x_wconf 88' lang='lat' dir='ltr'><strong>lex.</strong></span> <span class='ocrx_word' id='word_1_183' title='bbox 959 2026 1014 2087; x_wconf 87' lang='lat' dir='ltr'><strong>Est</strong></span> <span class='ocrx_word' id='word_1_184' title='bbox 1038 2044 1176 2107; x_wconf 90' lang='lat' dir='ltr'><strong>namque</strong></span> 
     </span>
     <span class='ocr_line' id='line_1_30' title="bbox 431 2120 1176 2201; baseline 0.004 -19"><span class='ocrx_word' id='word_1_185' title='bbox 431 2120 482 2183; x_wconf 84' lang='lat' dir='ltr'><strong>lex</strong></span> <span class='ocrx_word' id='word_1_186' title='bbox 496 2131 624 2200; x_wconf 84' lang='lat' dir='ltr'><strong>aeterna,</strong></span> <span class='ocrx_word' id='word_1_187' title='bbox 637 2124 687 2186; x_wconf 87' lang='lat' dir='ltr'><strong>lex</strong></span> <span class='ocrx_word' id='word_1_188' title='bbox 702 2122 867 2201; x_wconf 89' lang='lat' dir='ltr'><strong>naturalis,</strong></span> <span class='ocrx_word' id='word_1_189' title='bbox 881 2124 930 2187; x_wconf 83' lang='lat' dir='ltr'><strong>lex</strong></span> <span class='ocrx_word' id='word_1_190' title='bbox 947 2124 1065 2199; x_wconf 89' lang='lat' dir='ltr'><strong>divina,</strong></span> <span class='ocrx_word' id='word_1_191' title='bbox 1080 2133 1111 2187; x_wconf 90' lang='lat' dir='ltr'><strong>et</strong></span> <span class='ocrx_word' id='word_1_192' title='bbox 1127 2124 1176 2186; x_wconf 83' lang='lat' dir='ltr'><strong>lex</strong></span> 
     </span>
     <span class='ocr_line' id='line_1_31' title="bbox 431 2218 1175 2299; baseline 0.007 -20"><span class='ocrx_word' id='word_1_193' title='bbox 431 2218 580 2283; x_wconf 91' lang='lat' dir='ltr'><strong>humana.</strong></span> <span class='ocrx_word' id='word_1_194' title='bbox 598 2221 660 2284; x_wconf 83' lang='lat' dir='ltr'><strong>Lex</strong></span> <span class='ocrx_word' id='word_1_195' title='bbox 678 2229 806 2299; x_wconf 78' lang='lat' dir='ltr'><strong>aterna,</strong></span> <span class='ocrx_word' id='word_1_196' title='bbox 824 2230 872 2284; x_wconf 90' lang='lat' dir='ltr'><strong>est</strong></span> <span class='ocrx_word' id='word_1_197' title='bbox 893 2222 973 2285; x_wconf 91' lang='lat' dir='ltr'><strong>ratio</strong></span> <span class='ocrx_word' id='word_1_198' title='bbox 994 2222 1111 2284; x_wconf 73' lang='lat' dir='ltr'><strong>divinae</strong></span> <span class='ocrx_word' id='word_1_199' title='bbox 1126 2241 1175 2284; x_wconf 89' lang='lat' dir='ltr'><strong>sa-</strong></span> 
     </span>
     <span class='ocr_line' id='line_1_32' title="bbox 430 2317 1176 2401; baseline 0.007 -23"><span class='ocrx_word' id='word_1_200' title='bbox 430 2317 570 2398; x_wconf 83' lang='lat' dir='ltr'><strong>pientiae,</strong></span> <span class='ocrx_word' id='word_1_201' title='bbox 595 2320 627 2381; x_wconf 93' lang='lat' dir='ltr'><strong>in</strong></span> <span class='ocrx_word' id='word_1_202' title='bbox 652 2328 806 2401; x_wconf 91' lang='lat' dir='ltr'><strong>quantum</strong></span> <span class='ocrx_word' id='word_1_203' title='bbox 832 2330 880 2383; x_wconf 84' lang='grc' dir='ltr'><strong>θεῖ</strong></span> <span class='ocrx_word' id='word_1_204' title='bbox 904 2320 1058 2383; x_wconf 92' lang='lat' dir='ltr'><strong>directiva</strong></span> <span class='ocrx_word' id='word_1_205' title='bbox 1080 2320 1176 2383; x_wconf 91' lang='lat' dir='ltr'><strong>actio-</strong></span> 
     </span>
     <span class='ocr_line' id='line_1_33' title="bbox 431 2418 1174 2482; baseline 0.005 -7"><span class='ocrx_word' id='word_1_206' title='bbox 431 2433 507 2476; x_wconf 94' lang='lat' dir='ltr'><strong>num</strong></span> <span class='ocrx_word' id='word_1_207' title='bbox 522 2435 559 2479; x_wconf 94' lang='lat' dir='ltr'><strong>ac</strong></span> <span class='ocrx_word' id='word_1_208' title='bbox 574 2426 717 2480; x_wconf 94' lang='lat' dir='ltr'><strong>motuum</strong></span> <span class='ocrx_word' id='word_1_209' title='bbox 732 2418 875 2480; x_wconf 93' lang='lat' dir='ltr'><strong>omnium</strong></span> <span class='ocrx_word' id='word_1_210' title='bbox 891 2426 1118 2482; x_wconf 87' lang='lat' dir='ltr'><strong>creaturarum.</strong></span> <span class='ocrx_word' id='word_1_211' title='bbox 1131 2418 1174 2479; x_wconf 86' lang='lat' dir='ltr'><strong>lle</strong></span> 
     </span>
     <span class='ocr_line' id='line_1_34' title="bbox 430 2513 1172 2597; baseline 0.003 -23"><span class='ocrx_word' id='word_1_212' title='bbox 430 2513 488 2575; x_wconf 91' lang='lat' dir='ltr'><strong>hac</strong></span> <span class='ocrx_word' id='word_1_213' title='bbox 504 2514 572 2594; x_wconf 88' lang='lat' dir='ltr'><strong>lege</strong></span> <span class='ocrx_word' id='word_1_214' title='bbox 587 2522 704 2577; x_wconf 77' lang='lat' dir='ltr'><strong>aeterna</strong></span> <span class='ocrx_word' id='word_1_215' title='bbox 719 2516 836 2577; x_wconf 91' lang='lat' dir='ltr'><strong>summi</strong></span> <span class='ocrx_word' id='word_1_216' title='bbox 852 2524 947 2597; x_wconf 89' lang='lat' dir='ltr'><strong>atque</strong></span> <span class='ocrx_word' id='word_1_217' title='bbox 963 2516 1172 2579; x_wconf 89' lang='lat' dir='ltr'><strong>incommuta-</strong></span> 
     </span>
    </p>

    <p class='ocr_par' dir='ltr' id='par_1_13' title="bbox 277 2609 1208 4250">
     <span class='ocr_line' id='line_1_35' title="bbox 307 2609 1172 2695; baseline 0.001 -22"><span class='ocrx_word' id='word_1_218' title='bbox 307 2618 363 2673; x_wconf 61' lang='grc' dir='ltr'><strong>δεῖ·</strong></span> <span class='ocrx_word' id='word_1_219' title='bbox 377 2632 413 2671; x_wconf 74' lang='lat' dir='ltr'><strong>xv.</strong></span> <span class='ocrx_word' id='word_1_220' title='bbox 428 2609 503 2673; x_wconf 92' lang='lat' dir='ltr'><strong>bilis</strong></span> <span class='ocrx_word' id='word_1_221' title='bbox 518 2610 583 2689; x_wconf 82' lang='lat' dir='ltr'><strong>nei,</strong></span> <span class='ocrx_word' id='word_1_222' title='bbox 596 2612 628 2674; x_wconf 92' lang='lat' dir='ltr'><strong>in</strong></span> <span class='ocrx_word' id='word_1_223' title='bbox 640 2612 802 2695; x_wconf 86' lang='lat' dir='ltr'><strong>Sapientia</strong></span> <span class='ocrx_word' id='word_1_224' title='bbox 817 2614 970 2695; x_wconf 91' lang='lat' dir='ltr'><strong>scriptum</strong></span> <span class='ocrx_word' id='word_1_225' title='bbox 986 2622 1054 2676; x_wconf 90' lang='lat' dir='ltr'><strong>est:</strong></span> <span class='ocrx_word' id='word_1_226' title='bbox 1070 2613 1172 2687; x_wconf 80' lang='lat' dir='ltr'><strong>Ouum</strong></span> 
     </span>
     <span class='ocr_line' id='line_1_36' title="bbox 282 2682 1173 2793; baseline 0.006 -25"><span class='ocrx_word' id='word_1_227' title='bbox 282 2682 315 2731; x_wconf 78' lang='lat'><strong>¹⁵⁸</strong></span> <span class='ocrx_word' id='word_1_228' title='bbox 328 2683 359 2723; x_wconf 74' lang='lat'><strong>&#39;⁰&#39;</strong></span> <span class='ocrx_word' id='word_1_229' title='bbox 427 2708 472 2771; x_wconf 88' lang='lat' dir='ltr'><strong>sis</strong></span> <span class='ocrx_word' id='word_1_230' title='bbox 487 2727 562 2790; x_wconf 87' lang='lat' dir='ltr'><strong>ergo</strong></span> <span class='ocrx_word' id='word_1_231' title='bbox 575 2711 691 2792; x_wconf 78' lang='lat' dir='ltr'><strong>justuS,</strong></span> <span class='ocrx_word' id='word_1_232' title='bbox 708 2710 792 2792; x_wconf 88' lang='lat' dir='ltr'><strong>juste</strong></span> <span class='ocrx_word' id='word_1_233' title='bbox 807 2712 915 2774; x_wconf 89' lang='lat' dir='ltr'><strong>omnia</strong></span> <span class='ocrx_word' id='word_1_234' title='bbox 930 2712 1094 2793; x_wconf 92' lang='lat' dir='ltr'><strong>disponis:</strong></span> <span class='ocrx_word' id='word_1_235' title='bbox 1111 2712 1173 2775; x_wconf 92' lang='lat' dir='ltr'><strong>vir·</strong></span> 
     </span>
     <span class='ocr_line' id='line_1_37' title="bbox 427 2808 1172 2890; baseline 0.004 -22"><span class='ocrx_word' id='word_1_236' title='bbox 427 2815 477 2869; x_wconf 90' lang='lat' dir='ltr'><strong>tus</strong></span> <span class='ocrx_word' id='word_1_237' title='bbox 491 2808 577 2870; x_wconf 90' lang='lat' dir='ltr'><strong>enim</strong></span> <span class='ocrx_word' id='word_1_238' title='bbox 594 2817 648 2871; x_wconf 92' lang='lat' dir='ltr'><strong>tua</strong></span> <span class='ocrx_word' id='word_1_239' title='bbox 664 2810 796 2890; x_wconf 82' lang='lat' dir='ltr'><strong>justitiae</strong></span> <span class='ocrx_word' id='word_1_240' title='bbox 817 2810 943 2871; x_wconf 92' lang='lat' dir='ltr'><strong>initium</strong></span> <span class='ocrx_word' id='word_1_241' title='bbox 964 2819 1023 2872; x_wconf 88' lang='grc' dir='ltr'><strong>θεῖ.</strong></span> <span class='ocrx_word' id='word_1_242' title='bbox 1045 2811 1084 2871; x_wconf 85' lang='grc' dir='ltr'><strong>Εῖ</strong></span> <span class='ocrx_word' id='word_1_243' title='bbox 1104 2830 1172 2872; x_wconf 91' lang='lat' dir='ltr'><strong>rur-</strong></span> 
     </span>
     <span class='ocr_line' id='line_1_38' title="bbox 292 2907 1170 2985; baseline 0.014 -27"><span class='ocrx_word' id='word_1_244' title='bbox 292 2916 397 2961; x_wconf 72' lang='lat' dir='ltr'><strong>icula.</strong></span> <span class='ocrx_word' id='word_1_245' title='bbox 426 2924 480 2967; x_wconf 90' lang='lat' dir='ltr'><strong>sus</strong></span> <span class='ocrx_word' id='word_1_246' title='bbox 497 2924 505 2968; x_wconf 73' lang='grc' dir='ltr'><strong>ε</strong></span> <span class='ocrx_word' id='word_1_247' title='bbox 524 2907 569 2968; x_wconf 83' lang='lat' dir='ltr'><strong>Tu</strong></span> <span class='ocrx_word' id='word_1_248' title='bbox 594 2916 711 2984; x_wconf 90' lang='lat' dir='ltr'><strong>autem,</strong></span> <span class='ocrx_word' id='word_1_249' title='bbox 733 2908 913 2971; x_wconf 85' lang='lat' dir='ltr'><strong>dominator</strong></span> <span class='ocrx_word' id='word_1_250' title='bbox 936 2908 1079 2985; x_wconf 88' lang='lat' dir='ltr'><strong>Domine,</strong></span> <span class='ocrx_word' id='word_1_251' title='bbox 1098 2922 1170 2971; x_wconf 85' lang='lat' dir='ltr'><strong>cum·</strong></span> 
     </span>
     <span class='ocr_line' id='line_1_39' title="bbox 425 3004 1208 3087; baseline 0.009 -24"><span class='ocrx_word' id='word_1_252' title='bbox 425 3004 657 3085; x_wconf 82' lang='lat' dir='ltr'><strong>tranquillitate</strong></span> <span class='ocrx_word' id='word_1_253' title='bbox 671 3005 807 3087; x_wconf 84' lang='lat' dir='ltr'><strong>judicas,</strong></span> <span class='ocrx_word' id='word_1_254' title='bbox 824 3014 942 3068; x_wconf 90' lang='lat' dir='ltr'><strong>etcum</strong></span> <span class='ocrx_word' id='word_1_255' title='bbox 958 3024 1073 3087; x_wconf 91' lang='lat' dir='ltr'><strong>magna</strong></span> <span class='ocrx_word' id='word_1_256' title='bbox 1088 3025 1171 3069; x_wconf 86' lang='lat' dir='ltr'><strong>rcve</strong></span> <span class='ocrx_word' id='word_1_257' title='bbox 1186 3008 1208 3070; x_wconf 84' lang='lat' dir='ltr'>C</span> 
     </span>
     <span class='ocr_line' id='line_1_40' title="bbox 424 3102 1167 3185; baseline 0.004 -23"><span class='ocrx_word' id='word_1_258' title='bbox 424 3102 527 3165; x_wconf 90' lang='lat' dir='ltr'><strong>rentia</strong></span> <span class='ocrx_word' id='word_1_259' title='bbox 541 3103 686 3185; x_wconf 93' lang='lat' dir='ltr'><strong>disponis</strong></span> <span class='ocrx_word' id='word_1_260' title='bbox 701 3123 769 3167; x_wconf 92' lang='lat' dir='ltr'><strong>nos.</strong></span> <span class='ocrx_word' id='word_1_261' title='bbox 788 3105 858 3167; x_wconf 82' lang='lat' dir='ltr'><strong>llaec</strong></span> <span class='ocrx_word' id='word_1_262' title='bbox 874 3104 959 3166; x_wconf 92' lang='lat' dir='ltr'><strong>enim</strong></span> <span class='ocrx_word' id='word_1_263' title='bbox 975 3104 1025 3166; x_wconf 82' lang='lat' dir='ltr'><strong>lex</strong></span> <span class='ocrx_word' id='word_1_264' title='bbox 1040 3113 1167 3181; x_wconf 83' lang='lat' dir='ltr'><strong>aeterna,</strong></span> 
     </span>
     <span class='ocr_line' id='line_1_41' title="bbox 423 3200 1169 3284; baseline 0.005 -23"><span class='ocrx_word' id='word_1_265' title='bbox 423 3200 493 3281; x_wconf 90' lang='lat' dir='ltr'><strong>ipsa</strong></span> <span class='ocrx_word' id='word_1_266' title='bbox 507 3210 556 3264; x_wconf 91' lang='lat' dir='ltr'><strong>est</strong></span> <span class='ocrx_word' id='word_1_267' title='bbox 570 3202 680 3265; x_wconf 92' lang='lat' dir='ltr'><strong>divina</strong></span> <span class='ocrx_word' id='word_1_268' title='bbox 699 3210 730 3265; x_wconf 93' lang='grc' dir='ltr'><strong>θῖ</strong></span> <span class='ocrx_word' id='word_1_269' title='bbox 750 3202 890 3265; x_wconf 89' lang='lat' dir='ltr'><strong>increata</strong></span> <span class='ocrx_word' id='word_1_270' title='bbox 909 3202 1082 3284; x_wconf 88' lang='lat' dir='ltr'><strong>Sapientia,</strong></span> <span class='ocrx_word' id='word_1_271' title='bbox 1099 3222 1169 3283; x_wconf 75' lang='lat' dir='ltr'><strong>quat</strong></span> 
     </span>
     <span class='ocr_line' id='line_1_42' title="bbox 277 3299 1166 3381; baseline 0.004 -22"><span class='ocrx_word' id='word_1_272' title='bbox 277 3308 410 3360; x_wconf 67' lang='lat' dir='ltr'><strong>trid-unu.</strong></span> <span class='ocrx_word' id='word_1_273' title='bbox 422 3299 551 3378; x_wconf 89' lang='lat' dir='ltr'><strong>attingit</strong></span> <span class='ocrx_word' id='word_1_274' title='bbox 574 3320 592 3361; x_wconf 89' lang='lat' dir='ltr'><strong>a</strong></span> <span class='ocrx_word' id='word_1_275' title='bbox 618 3299 684 3363; x_wconf 90' lang='lat' dir='ltr'><strong>line</strong></span> <span class='ocrx_word' id='word_1_276' title='bbox 705 3302 866 3381; x_wconf 88' lang='lat' dir='ltr'><strong>usquead</strong></span> <span class='ocrx_word' id='word_1_277' title='bbox 890 3300 991 3363; x_wconf 86' lang='lat' dir='ltr'><strong>linem</strong></span> <span class='ocrx_word' id='word_1_278' title='bbox 1015 3301 1166 3363; x_wconf 81' lang='lat' dir='ltr'><strong>fortiter:</strong></span> 
     </span>
     <span class='ocr_line' id='line_1_43' title="bbox 422 3396 1168 3480; baseline 0.004 -22"><span class='ocrx_word' id='word_1_279' title='bbox 422 3396 531 3459; x_wconf 90' lang='lat' dir='ltr'><strong>subest</strong></span> <span class='ocrx_word' id='word_1_280' title='bbox 545 3398 631 3460; x_wconf 90' lang='lat' dir='ltr'><strong>enim</strong></span> <span class='ocrx_word' id='word_1_281' title='bbox 651 3397 692 3475; x_wconf 88' lang='lat' dir='ltr'><strong>ei,</strong></span> <span class='ocrx_word' id='word_1_282' title='bbox 709 3417 810 3479; x_wconf 91' lang='lat' dir='ltr'><strong>quum</strong></span> <span class='ocrx_word' id='word_1_283' title='bbox 833 3398 981 3475; x_wconf 90' lang='lat' dir='ltr'><strong>voluerit,</strong></span> <span class='ocrx_word' id='word_1_284' title='bbox 999 3418 1113 3480; x_wconf 90' lang='lat' dir='ltr'><strong>posse;</strong></span> <span class='ocrx_word' id='word_1_285' title='bbox 1136 3408 1168 3470; x_wconf 90' lang='lat' dir='ltr'><strong>et</strong></span> 
     </span>
     <span class='ocr_line' id='line_1_44' title="bbox 420 3494 1167 3577; baseline 0.003 -22"><span class='ocrx_word' id='word_1_286' title='bbox 420 3494 562 3577; x_wconf 91' lang='lat' dir='ltr'><strong>disponit</strong></span> <span class='ocrx_word' id='word_1_287' title='bbox 585 3497 693 3558; x_wconf 89' lang='lat' dir='ltr'><strong>omnia</strong></span> <span class='ocrx_word' id='word_1_288' title='bbox 718 3496 869 3573; x_wconf 87' lang='lat' dir='ltr'><strong>suaviter,</strong></span> <span class='ocrx_word' id='word_1_289' title='bbox 885 3497 1036 3577; x_wconf 90' lang='lat' dir='ltr'><strong>quoniam</strong></span> <span class='ocrx_word' id='word_1_290' title='bbox 1060 3504 1167 3560; x_wconf 92' lang='lat' dir='ltr'><strong>movet</strong></span> 
     </span>
     <span class='ocr_line' id='line_1_45' title="bbox 419 3594 1164 3677; baseline 0.004 -24"><span class='ocrx_word' id='word_1_291' title='bbox 419 3596 670 3676; x_wconf 90' lang='lat' dir='ltr'><strong>unumquodque</strong></span> <span class='ocrx_word' id='word_1_292' title='bbox 690 3594 728 3657; x_wconf 92' lang='lat' dir='ltr'><strong>ad</strong></span> <span class='ocrx_word' id='word_1_293' title='bbox 751 3594 912 3677; x_wconf 90' lang='lat' dir='ltr'><strong>propriam</strong></span> <span class='ocrx_word' id='word_1_294' title='bbox 934 3595 1164 3677; x_wconf 87' lang='lat' dir='ltr'><strong>perlectionem</strong></span> 
     </span>
     <span class='ocr_line' id='line_1_46' title="bbox 419 3693 1165 3775; baseline 0.004 -23"><span class='ocrx_word' id='word_1_295' title='bbox 419 3693 594 3755; x_wconf 91' lang='lat' dir='ltr'><strong>secundum</strong></span> <span class='ocrx_word' id='word_1_296' title='bbox 619 3694 773 3755; x_wconf 89' lang='lat' dir='ltr'><strong>naturalis</strong></span> <span class='ocrx_word' id='word_1_297' title='bbox 797 3693 1014 3757; x_wconf 90' lang='lat' dir='ltr'><strong>inclinationis</strong></span> <span class='ocrx_word' id='word_1_298' title='bbox 1038 3694 1165 3775; x_wconf 83' lang='lat' dir='ltr'><strong>exigen-</strong></span> 
     </span>
     <span class='ocr_line' id='line_1_47' title="bbox 418 3790 1165 3869; baseline 0.007 -18"><span class='ocrx_word' id='word_1_299' title='bbox 418 3790 506 3852; x_wconf 90' lang='lat' dir='ltr'><strong>tiam.</strong></span> <span class='ocrx_word' id='word_1_300' title='bbox 525 3791 595 3854; x_wconf 81' lang='lat' dir='ltr'><strong>llac</strong></span> <span class='ocrx_word' id='word_1_301' title='bbox 615 3792 665 3855; x_wconf 83' lang='lat' dir='ltr'><strong>lex</strong></span> <span class='ocrx_word' id='word_1_302' title='bbox 684 3792 803 3855; x_wconf 79' lang='lat' dir='ltr'><strong>divina</strong></span> <span class='ocrx_word' id='word_1_303' title='bbox 822 3793 939 3855; x_wconf 91' lang='lat' dir='ltr'><strong>mentis</strong></span> <span class='ocrx_word' id='word_1_304' title='bbox 953 3802 1083 3869; x_wconf 78' lang='lat' dir='ltr'><strong>aeterna,</strong></span> <span class='ocrx_word' id='word_1_305' title='bbox 1101 3812 1165 3856; x_wconf 91' lang='lat' dir='ltr'><strong>om-</strong></span> 
     </span>
     <span class='ocr_line' id='line_1_48' title="bbox 419 3890 1164 3972; baseline 0.003 -21"><span class='ocrx_word' id='word_1_306' title='bbox 419 3891 468 3951; x_wconf 90' lang='lat' dir='ltr'><strong>nis</strong></span> <span class='ocrx_word' id='word_1_307' title='bbox 485 3890 696 3967; x_wconf 66' lang='lat' dir='ltr'><strong>rectitudinis</strong></span> <span class='ocrx_word' id='word_1_308' title='bbox 715 3891 854 3967; x_wconf 72' lang='lat' dir='ltr'><strong>virtutiS,</strong></span> <span class='ocrx_word' id='word_1_309' title='bbox 872 3892 1015 3955; x_wconf 88' lang='lat' dir='ltr'><strong>veritatis</strong></span> <span class='ocrx_word' id='word_1_310' title='bbox 1031 3912 1068 3954; x_wconf 89' lang='lat' dir='ltr'><strong>ac</strong></span> <span class='ocrx_word' id='word_1_311' title='bbox 1086 3891 1164 3972; x_wconf 88' lang='lat' dir='ltr'><strong>legis</strong></span> 
     </span>
     <span class='ocr_line' id='line_1_49' title="bbox 418 3989 1165 4074; baseline 0.004 -23"><span class='ocrx_word' id='word_1_312' title='bbox 418 3990 507 4070; x_wconf 91' lang='lat' dir='ltr'><strong>origo</strong></span> <span class='ocrx_word' id='word_1_313' title='bbox 532 3997 591 4066; x_wconf 93' lang='lat' dir='ltr'><strong>est,</strong></span> <span class='ocrx_word' id='word_1_314' title='bbox 611 3998 642 4052; x_wconf 92' lang='lat' dir='ltr'><strong>et</strong></span> <span class='ocrx_word' id='word_1_315' title='bbox 666 3989 785 4053; x_wconf 89' lang='lat' dir='ltr'><strong>lontale</strong></span> <span class='ocrx_word' id='word_1_316' title='bbox 807 3999 902 4072; x_wconf 91' lang='lat' dir='ltr'><strong>atquc</strong></span> <span class='ocrx_word' id='word_1_317' title='bbox 927 3992 1053 4054; x_wconf 89' lang='lat' dir='ltr'><strong>causale</strong></span> <span class='ocrx_word' id='word_1_318' title='bbox 1079 3992 1165 4074; x_wconf 92' lang='lat' dir='ltr'><strong>prin-</strong></span> 
     </span>
     <span class='ocr_line' id='line_1_50' title="bbox 417 4088 1163 4170; baseline 0.004 -19"><span class='ocrx_word' id='word_1_319' title='bbox 417 4088 550 4170; x_wconf 91' lang='lat' dir='ltr'><strong>cipium,</strong></span> <span class='ocrx_word' id='word_1_320' title='bbox 567 4089 740 4151; x_wconf 91' lang='lat' dir='ltr'><strong>secundum</strong></span> <span class='ocrx_word' id='word_1_321' title='bbox 759 4088 944 4152; x_wconf 78' lang='lat' dir='ltr'><strong>Anselmum</strong></span> <span class='ocrx_word' id='word_1_322' title='bbox 966 4091 999 4152; x_wconf 93' lang='lat' dir='ltr'><strong>iu</strong></span> <span class='ocrx_word' id='word_1_323' title='bbox 1021 4091 1103 4154; x_wconf 92' lang='lat' dir='ltr'><strong>libro</strong></span> <span class='ocrx_word' id='word_1_324' title='bbox 1125 4092 1163 4154; x_wconf 89' lang='lat' dir='ltr'><strong>de</strong></span> 
     </span>
     <span class='ocr_line' id='line_1_51' title="bbox 418 4185 568 4250; baseline -0.02 0"><span class='ocrx_word' id='word_1_325' title='bbox 418 4185 568 4250; x_wconf 83' lang='lat' dir='ltr'><strong>Veritate.</strong></span> 
     </span>
    </p>

    <p class='ocr_par' dir='ltr' id='par_1_14' title="bbox 415 4285 1201 4859">
     <span class='ocr_line' id='line_1_52' title="bbox 457 4285 1164 4370; baseline 0.007 -25"><span class='ocrx_word' id='word_1_326' title='bbox 457 4285 519 4347; x_wconf 82' lang='lat' dir='ltr'><strong>Lex</strong></span> <span class='ocrx_word' id='word_1_327' title='bbox 535 4304 611 4365; x_wconf 90' lang='lat' dir='ltr'><strong>ergo</strong></span> <span class='ocrx_word' id='word_1_328' title='bbox 627 4286 791 4362; x_wconf 92' lang='lat' dir='ltr'><strong>naturalis,</strong></span> <span class='ocrx_word' id='word_1_329' title='bbox 809 4294 857 4349; x_wconf 89' lang='lat' dir='ltr'><strong>est</strong></span> <span class='ocrx_word' id='word_1_330' title='bbox 872 4288 1017 4367; x_wconf 79' lang='lat' dir='ltr'><strong>quadam</strong></span> <span class='ocrx_word' id='word_1_331' title='bbox 1035 4288 1164 4370; x_wconf 91' lang='lat' dir='ltr'><strong>partici-</strong></span> 
     </span>
     <span class='ocr_line' id='line_1_53' title="bbox 416 4382 1163 4464; baseline 0.009 -20"><span class='ocrx_word' id='word_1_332' title='bbox 416 4382 502 4464; x_wconf 94' lang='lat' dir='ltr'><strong>patio</strong></span> <span class='ocrx_word' id='word_1_333' title='bbox 521 4383 600 4463; x_wconf 91' lang='lat' dir='ltr'><strong>legis</strong></span> <span class='ocrx_word' id='word_1_334' title='bbox 620 4393 756 4462; x_wconf 74' lang='lat' dir='ltr'><strong>eternae,</strong></span> <span class='ocrx_word' id='word_1_335' title='bbox 775 4385 896 4447; x_wconf 91' lang='lat' dir='ltr'><strong>naturis</strong></span> <span class='ocrx_word' id='word_1_336' title='bbox 917 4404 1023 4448; x_wconf 87' lang='lat' dir='ltr'><strong>rerum</strong></span> <span class='ocrx_word' id='word_1_337' title='bbox 1046 4396 1163 4451; x_wconf 88' lang='lat' dir='ltr'><strong>creata-</strong></span> 
     </span>
     <span class='ocr_line' id='line_1_54' title="bbox 415 4482 1162 4568; baseline 0.012 -27"><span class='ocrx_word' id='word_1_338' title='bbox 415 4500 486 4543; x_wconf 90' lang='lat' dir='ltr'><strong>rum</strong></span> <span class='ocrx_word' id='word_1_339' title='bbox 503 4482 689 4545; x_wconf 88' lang='lat' dir='ltr'><strong>naturaliter</strong></span> <span class='ocrx_word' id='word_1_340' title='bbox 705 4482 817 4558; x_wconf 91' lang='lat' dir='ltr'><strong>indita,</strong></span> <span class='ocrx_word' id='word_1_341' title='bbox 828 4502 884 4563; x_wconf 93' lang='lat' dir='ltr'><strong>per</strong></span> <span class='ocrx_word' id='word_1_342' title='bbox 900 4503 996 4564; x_wconf 92' lang='lat' dir='ltr'><strong>quam</strong></span> <span class='ocrx_word' id='word_1_343' title='bbox 1013 4506 1162 4568; x_wconf 85' lang='lat' dir='ltr'><strong>unaquae·</strong></span> 
     </span>
     <span class='ocr_line' id='line_1_55' title="bbox 416 4580 1160 4663; baseline 0.008 -22"><span class='ocrx_word' id='word_1_344' title='bbox 416 4597 479 4659; x_wconf 92' lang='lat' dir='ltr'><strong>que</strong></span> <span class='ocrx_word' id='word_1_345' title='bbox 490 4580 592 4642; x_wconf 91' lang='lat' dir='ltr'><strong>tendit</strong></span> <span class='ocrx_word' id='word_1_346' title='bbox 602 4580 634 4641; x_wconf 93' lang='lat' dir='ltr'><strong>in</strong></span> <span class='ocrx_word' id='word_1_347' title='bbox 649 4581 812 4663; x_wconf 93' lang='lat' dir='ltr'><strong>proprium</strong></span> <span class='ocrx_word' id='word_1_348' title='bbox 827 4580 934 4656; x_wconf 86' lang='lat' dir='ltr'><strong>linem,</strong></span> <span class='ocrx_word' id='word_1_349' title='bbox 949 4584 1010 4645; x_wconf 90' lang='lat' dir='ltr'><strong>sibi</strong></span> <span class='ocrx_word' id='word_1_350' title='bbox 1021 4604 1040 4646; x_wconf 92' lang='lat' dir='ltr'><strong>a</strong></span> <span class='ocrx_word' id='word_1_351' title='bbox 1051 4585 1160 4648; x_wconf 94' lang='lat' dir='ltr'><strong>divina</strong></span> 
     </span>
     <span class='ocr_line' id='line_1_56' title="bbox 417 4678 1162 4765; baseline 0.008 -25"><span class='ocrx_word' id='word_1_352' title='bbox 417 4678 578 4760; x_wconf 86' lang='lat' dir='ltr'><strong>Sapientia</strong></span> <span class='ocrx_word' id='word_1_353' title='bbox 603 4680 831 4761; x_wconf 84' lang='lat' dir='ltr'><strong>praestitutum,</strong></span> <span class='ocrx_word' id='word_1_354' title='bbox 858 4689 889 4742; x_wconf 91' lang='lat' dir='ltr'><strong>ct</strong></span> <span class='ocrx_word' id='word_1_355' title='bbox 912 4690 1062 4763; x_wconf 90' lang='lat' dir='ltr'><strong>operatur</strong></span> <span class='ocrx_word' id='word_1_356' title='bbox 1089 4703 1162 4765; x_wconf 93' lang='lat' dir='ltr'><strong>pro-</strong></span> 
     </span>
     <span class='ocr_line' id='line_1_57' title="bbox 416 4777 1201 4859; baseline 0.013 -22"><span class='ocrx_word' id='word_1_357' title='bbox 416 4777 502 4858; x_wconf 91' lang='lat' dir='ltr'><strong>prias</strong></span> <span class='ocrx_word' id='word_1_358' title='bbox 516 4779 945 4859; x_wconf 90' lang='lat' dir='ltr'><strong>actiones,quemadmodum</strong></span> <span class='ocrx_word' id='word_1_359' title='bbox 957 4781 1002 4843; x_wconf 92' lang='lat' dir='ltr'><strong>ait</strong></span> <span class='ocrx_word' id='word_1_360' title='bbox 1012 4781 1137 4845; x_wconf 89' lang='lat' dir='ltr'><strong>Boetius</strong></span> <span class='ocrx_word' id='word_1_361' title='bbox 1152 4802 1158 4847; x_wconf 94' lang='lat'><strong>:</strong></span> <span class='ocrx_word' id='word_1_362' title='bbox 1196 4778 1201 4783; x_wconf 71' lang='grc'>’</span> 
     </span>
    </p>
   </div>
   <div class='ocr_carea' id='block_1_11' title="bbox 1178 4192 1203 4254">
    <p class='ocr_par' dir='ltr' id='par_1_15' title="bbox 1178 4192 1203 4254">
     <span class='ocr_line' id='line_1_58' title="bbox 1178 4192 1203 4254; baseline 0 0"><span class='ocrx_word' id='word_1_363' title='bbox 1178 4192 1203 4254; x_wconf 87' lang='lat' dir='ltr'>D</span> 
     </span>
    </p>
   </div>
   <div class='ocr_carea' id='block_1_12' title="bbox 446 4936 1114 5085">
    <p class='ocr_par' dir='ltr' id='par_1_16' title="bbox 446 4936 1114 5085">
     <span class='ocr_line' id='line_1_59' title="bbox 446 4936 1098 5008; baseline 0.009 -20"><span class='ocrx_word' id='word_1_364' title='bbox 446 4938 470 4988; x_wconf 93' lang='grc' dir='ltr'>Ο</span> <span class='ocrx_word' id='word_1_365' title='bbox 485 4936 530 5003; x_wconf 93' lang='lat' dir='ltr'><strong>qui</strong></span> <span class='ocrx_word' id='word_1_366' title='bbox 541 4942 673 5003; x_wconf 86' lang='lat' dir='ltr'><strong>perpetua</strong></span> <span class='ocrx_word' id='word_1_367' title='bbox 684 4940 816 4991; x_wconf 92' lang='lat' dir='ltr'><strong>mundum</strong></span> <span class='ocrx_word' id='word_1_368' title='bbox 831 4941 936 4992; x_wconf 86' lang='lat' dir='ltr'><strong>ratione</strong></span> <span class='ocrx_word' id='word_1_369' title='bbox 949 4943 1098 5008; x_wconf 78' lang='lat' dir='ltr'><strong>gubernas,</strong></span> 
     </span>
     <span class='ocr_line' id='line_1_60' title="bbox 448 5017 1114 5085; baseline 0.011 -16"><span class='ocrx_word' id='word_1_370' title='bbox 448 5056 496 5069; x_wconf 91' lang='grc'>.....</span> <span class='ocrx_word' id='word_1_371' title='bbox 508 5017 670 5085; x_wconf 84' lang='lat' dir='ltr'><strong>stabilisque</strong></span> <span class='ocrx_word' id='word_1_372' title='bbox 682 5035 806 5080; x_wconf 86' lang='lat' dir='ltr'><strong>manens,</strong></span> <span class='ocrx_word' id='word_1_373' title='bbox 818 5020 869 5073; x_wconf 81' lang='lat' dir='ltr'><strong>das</strong></span> <span class='ocrx_word' id='word_1_374' title='bbox 883 5025 984 5073; x_wconf 84' lang='lat' dir='ltr'><strong>cuncta</strong></span> <span class='ocrx_word' id='word_1_375' title='bbox 998 5026 1114 5077; x_wconf 89' lang='lat' dir='ltr'><strong>moveri.</strong></span> 
     </span>
    </p>
   </div>
   <div class='ocr_carea' id='block_1_13' title="bbox 413 5164 1161 5351">
    <p class='ocr_par' dir='ltr' id='par_1_17' title="bbox 413 5164 1161 5351">
     <span class='ocr_line' id='line_1_61' title="bbox 413 5164 1161 5246; baseline 0.011 -19"><span class='ocrx_word' id='word_1_376' title='bbox 413 5164 471 5228; x_wconf 89' lang='lat' dir='ltr'><strong>Per</strong></span> <span class='ocrx_word' id='word_1_377' title='bbox 492 5166 574 5229; x_wconf 90' lang='lat' dir='ltr'><strong>banc</strong></span> <span class='ocrx_word' id='word_1_378' title='bbox 600 5165 699 5246; x_wconf 88' lang='lat' dir='ltr'><strong>legem</strong></span> <span class='ocrx_word' id='word_1_379' title='bbox 725 5168 900 5229; x_wconf 88' lang='lat' dir='ltr'><strong>naturalem</strong></span> <span class='ocrx_word' id='word_1_380' title='bbox 927 5169 1035 5232; x_wconf 92' lang='lat' dir='ltr'><strong>omnia</strong></span> <span class='ocrx_word' id='word_1_381' title='bbox 1056 5182 1161 5235; x_wconf 86' lang='lat' dir='ltr'><strong>creata</strong></span> 
     </span>
     <span class='ocr_line' id='line_1_62' title="bbox 414 5264 1161 5351; baseline 0.009 -24"><span class='ocrx_word' id='word_1_382' title='bbox 414 5265 531 5327; x_wconf 78' lang='lat' dir='ltr'><strong>divina</strong></span> <span class='ocrx_word' id='word_1_383' title='bbox 546 5264 718 5328; x_wconf 89' lang='lat' dir='ltr'><strong>voluntatis</strong></span> <span class='ocrx_word' id='word_1_384' title='bbox 735 5266 869 5348; x_wconf 90' lang='lat' dir='ltr'><strong>imperio</strong></span> <span class='ocrx_word' id='word_1_385' title='bbox 891 5269 929 5329; x_wconf 91' lang='lat' dir='ltr'><strong>ad</strong></span> <span class='ocrx_word' id='word_1_386' title='bbox 954 5278 1067 5351; x_wconf 90' lang='lat' dir='ltr'><strong>nutum</strong></span> <span class='ocrx_word' id='word_1_387' title='bbox 1089 5271 1161 5334; x_wconf 91' lang='lat' dir='ltr'><strong>obe-</strong></span> 
     </span>
    </p>
   </div>
   <div class='ocr_carea' id='block_1_14' title="bbox 1216 1917 2108 5359">
    <p class='ocr_par' dir='ltr' id='par_1_18' title="bbox 1216 1917 2108 5058">
     <span class='ocr_line' id='line_1_63' title="bbox 1233 1917 1979 2003; baseline 0.005 -25"><span class='ocrx_word' id='word_1_388' title='bbox 1233 1917 1314 1980; x_wconf 91' lang='lat' dir='ltr'><strong>sicut</strong></span> <span class='ocrx_word' id='word_1_389' title='bbox 1334 1920 1474 2000; x_wconf 86' lang='lat' dir='ltr'><strong>cognitio</strong></span> <span class='ocrx_word' id='word_1_390' title='bbox 1497 1922 1637 1985; x_wconf 92' lang='lat' dir='ltr'><strong>moralis.</strong></span> <span class='ocrx_word' id='word_1_391' title='bbox 1655 1922 1731 1985; x_wconf 93' lang='lat' dir='ltr'><strong>Nam</strong></span> <span class='ocrx_word' id='word_1_392' title='bbox 1753 1921 1830 2003; x_wconf 94' lang='lat' dir='ltr'><strong>quid</strong></span> <span class='ocrx_word' id='word_1_393' title='bbox 1851 1922 1893 1983; x_wconf 89' lang='lat' dir='ltr'><strong>sit</strong></span> <span class='ocrx_word' id='word_1_394' title='bbox 1915 1920 1979 1983; x_wconf 90' lang='lat' dir='ltr'><strong>vir-</strong></span> 
     </span>
     <span class='ocr_line' id='line_1_64' title="bbox 1231 2017 1978 2101; baseline 0.007 -24"><span class='ocrx_word' id='word_1_395' title='bbox 1231 2024 1280 2079; x_wconf 91' lang='lat' dir='ltr'><strong>tus</strong></span> <span class='ocrx_word' id='word_1_396' title='bbox 1307 2017 1514 2101; x_wconf 89' lang='lat' dir='ltr'><strong>inquirimus,</strong></span> <span class='ocrx_word' id='word_1_397' title='bbox 1539 2040 1602 2084; x_wconf 94' lang='lat' dir='ltr'><strong>non</strong></span> <span class='ocrx_word' id='word_1_398' title='bbox 1628 2030 1663 2083; x_wconf 93' lang='lat' dir='ltr'><strong>ut</strong></span> <span class='ocrx_word' id='word_1_399' title='bbox 1687 2021 1838 2097; x_wconf 91' lang='lat' dir='ltr'><strong>sciamus,</strong></span> <span class='ocrx_word' id='word_1_400' title='bbox 1862 2022 1917 2083; x_wconf 88' lang='lat' dir='ltr'><strong>scd</strong></span> <span class='ocrx_word' id='word_1_401' title='bbox 1943 2029 1978 2083; x_wconf 90' lang='lat' dir='ltr'><strong>ut</strong></span> 
     </span>
     <span class='ocr_line' id='line_1_65' title="bbox 1230 2118 1976 2197; baseline 0.007 -19"><span class='ocrx_word' id='word_1_402' title='bbox 1230 2133 1398 2197; x_wconf 90' lang='lat' dir='ltr'><strong>operemur</strong></span> <span class='ocrx_word' id='word_1_403' title='bbox 1420 2128 1451 2181; x_wconf 90' lang='lat' dir='ltr'><strong>et</strong></span> <span class='ocrx_word' id='word_1_404' title='bbox 1472 2118 1549 2182; x_wconf 91' lang='lat' dir='ltr'><strong>boni</strong></span> <span class='ocrx_word' id='word_1_405' title='bbox 1570 2118 1763 2182; x_wconf 81' lang='lat' dir='ltr'><strong>efficiamur.</strong></span> <span class='ocrx_word' id='word_1_406' title='bbox 1785 2120 1875 2182; x_wconf 78' lang='lat' dir='ltr'><strong>ilatio</strong></span> <span class='ocrx_word' id='word_1_407' title='bbox 1897 2138 1976 2183; x_wconf 80' lang='lat' dir='ltr'><strong>vcro</strong></span> 
     </span>
     <span class='ocr_line' id='line_1_66' title="bbox 1230 2215 1975 2301; baseline 0.005 -25"><span class='ocrx_word' id='word_1_408' title='bbox 1230 2215 1424 2295; x_wconf 89' lang='lat' dir='ltr'><strong>speculativa</strong></span> <span class='ocrx_word' id='word_1_409' title='bbox 1439 2237 1495 2280; x_wconf 92' lang='lat' dir='ltr'><strong>scu</strong></span> <span class='ocrx_word' id='word_1_410' title='bbox 1510 2217 1692 2281; x_wconf 88' lang='lat' dir='ltr'><strong>intellectus</strong></span> <span class='ocrx_word' id='word_1_411' title='bbox 1707 2218 1975 2301; x_wconf 89' lang='lat' dir='ltr'><strong>contemplativus</strong></span> 
     </span>
     <span class='ocr_line' id='line_1_67' title="bbox 1229 2314 1974 2399; baseline 0.005 -24"><span class='ocrx_word' id='word_1_412' title='bbox 1229 2320 1287 2389; x_wconf 89' lang='lat' dir='ltr'><strong>est,</strong></span> <span class='ocrx_word' id='word_1_413' title='bbox 1305 2314 1380 2376; x_wconf 94' lang='lat' dir='ltr'><strong>dum</strong></span> <span class='ocrx_word' id='word_1_414' title='bbox 1404 2315 1473 2397; x_wconf 90' lang='lat' dir='ltr'><strong>ipsa</strong></span> <span class='ocrx_word' id='word_1_415' title='bbox 1494 2315 1636 2378; x_wconf 89' lang='lat' dir='ltr'><strong>veritatis</strong></span> <span class='ocrx_word' id='word_1_416' title='bbox 1659 2317 1772 2379; x_wconf 89' lang='lat' dir='ltr'><strong>notitia</strong></span> <span class='ocrx_word' id='word_1_417' title='bbox 1788 2324 1917 2399; x_wconf 89' lang='lat' dir='ltr'><strong>propter</strong></span> <span class='ocrx_word' id='word_1_418' title='bbox 1940 2336 1974 2379; x_wconf 90' lang='lat' dir='ltr'><strong>se</strong></span> 
     </span>
     <span class='ocr_line' id='line_1_68' title="bbox 1229 2410 1974 2494; baseline 0.008 -24"><span class='ocrx_word' id='word_1_419' title='bbox 1229 2410 1330 2491; x_wconf 91' lang='lat' dir='ltr'><strong>ipsam</strong></span> <span class='ocrx_word' id='word_1_420' title='bbox 1354 2412 1574 2476; x_wconf 89' lang='lat' dir='ltr'><strong>consideratur</strong></span> <span class='ocrx_word' id='word_1_421' title='bbox 1593 2422 1689 2494; x_wconf 91' lang='lat' dir='ltr'><strong>atque</strong></span> <span class='ocrx_word' id='word_1_422' title='bbox 1713 2423 1848 2490; x_wconf 91' lang='lat' dir='ltr'><strong>tenetur,</strong></span> <span class='ocrx_word' id='word_1_423' title='bbox 1866 2425 1901 2477; x_wconf 89' lang='lat' dir='ltr'><strong>ut</strong></span> <span class='ocrx_word' id='word_1_424' title='bbox 1924 2423 1974 2478; x_wconf 89' lang='grc' dir='ltr'><strong>θεῖ</strong></span> 
     </span>
     <span class='ocr_line' id='line_1_69' title="bbox 1228 2508 1973 2593; baseline 0.008 -23"><span class='ocrx_word' id='word_1_425' title='bbox 1228 2508 1368 2589; x_wconf 92' lang='lat' dir='ltr'><strong>cognitio</strong></span> <span class='ocrx_word' id='word_1_426' title='bbox 1383 2510 1577 2574; x_wconf 91' lang='lat' dir='ltr'><strong>divinorum.</strong></span> <span class='ocrx_word' id='word_1_427' title='bbox 1590 2512 1627 2574; x_wconf 86' lang='lat' dir='ltr'><strong>Et</strong></span> <span class='ocrx_word' id='word_1_428' title='bbox 1642 2512 1792 2593; x_wconf 90' lang='lat' dir='ltr'><strong>quoniam</strong></span> <span class='ocrx_word' id='word_1_429' title='bbox 1808 2513 1973 2576; x_wconf 88' lang='lat' dir='ltr'><strong>beatitudo</strong></span> 
     </span>
     <span class='ocr_line' id='line_1_70' title="bbox 1228 2608 1971 2693; baseline 0.009 -26"><span class='ocrx_word' id='word_1_430' title='bbox 1228 2616 1336 2670; x_wconf 91' lang='lat' dir='ltr'><strong>nostra</strong></span> <span class='ocrx_word' id='word_1_431' title='bbox 1351 2608 1384 2669; x_wconf 90' lang='lat' dir='ltr'><strong>in</strong></span> <span class='ocrx_word' id='word_1_432' title='bbox 1400 2610 1581 2689; x_wconf 88' lang='lat' dir='ltr'><strong>cognitione</strong></span> <span class='ocrx_word' id='word_1_433' title='bbox 1591 2610 1771 2674; x_wconf 89' lang='lat' dir='ltr'><strong>intellectus</strong></span> <span class='ocrx_word' id='word_1_434' title='bbox 1782 2612 1971 2693; x_wconf 85' lang='lat' dir='ltr'><strong>speculativi</strong></span> 
     </span>
     <span class='ocr_line' id='line_1_71' title="bbox 1227 2706 2108 2790; baseline 0.012 -23"><span class='ocrx_word' id='word_1_435' title='bbox 1227 2706 1438 2769; x_wconf 85' lang='lat' dir='ltr'><strong>essentialiter</strong></span> <span class='ocrx_word' id='word_1_436' title='bbox 1463 2708 1522 2770; x_wconf 90' lang='lat' dir='ltr'><strong>sita</strong></span> <span class='ocrx_word' id='word_1_437' title='bbox 1544 2718 1603 2785; x_wconf 93' lang='lat' dir='ltr'><strong>cst,</strong></span> <span class='ocrx_word' id='word_1_438' title='bbox 1619 2710 1708 2790; x_wconf 85' lang='lat' dir='ltr'><strong>juxta</strong></span> <span class='ocrx_word' id='word_1_439' title='bbox 1729 2709 1819 2787; x_wconf 91' lang='lat' dir='ltr'><strong>illud,</strong></span> <span class='ocrx_word' id='word_1_440' title='bbox 1837 2710 1907 2774; x_wconf 78' lang='lat' dir='ltr'><strong>llaec</strong></span> <span class='ocrx_word' id='word_1_441' title='bbox 1923 2720 1972 2773; x_wconf 90' lang='grc' dir='ltr'><strong>θεῖ</strong></span> <span class='ocrx_word' id='word_1_442' title='bbox 1993 2735 2108 2782; x_wconf 58' lang='lat' dir='ltr'><strong>:mim</strong></span> 
     </span>
     <span class='ocr_line' id='line_1_72' title="bbox 1226 2800 2008 2887; baseline 0.008 -21"><span class='ocrx_word' id='word_1_443' title='bbox 1226 2804 1291 2867; x_wconf 89' lang='lat' dir='ltr'><strong>vita</strong></span> <span class='ocrx_word' id='word_1_444' title='bbox 1306 2813 1481 2883; x_wconf 70' lang='lat' dir='ltr'><strong>sternant</strong></span> <span class='ocrx_word' id='word_1_445' title='bbox 1496 2817 1689 2887; x_wconf 88' lang='lat' dir='ltr'><strong>cognoscant</strong></span> <span class='ocrx_word' id='word_1_446' title='bbox 1699 2817 1729 2871; x_wconf 88' lang='lat' dir='ltr'><strong>te</strong></span> <span class='ocrx_word' id='word_1_447' title='bbox 1740 2808 1843 2872; x_wconf 92' lang='lat' dir='ltr'><strong>solum</strong></span> <span class='ocrx_word' id='word_1_448' title='bbox 1857 2828 1969 2872; x_wconf 88' lang='lat' dir='ltr'><strong>verum</strong></span> <span class='ocrx_word' id='word_1_449' title='bbox 1988 2800 2008 2840; x_wconf 87' lang='lat'><strong>³·</strong></span> 
     </span>
     <span class='ocr_line' id='line_1_73' title="bbox 1225 2903 1973 2991; baseline 0.007 -27"><span class='ocrx_word' id='word_1_450' title='bbox 1225 2903 1339 2966; x_wconf 88' lang='lat' dir='ltr'><strong>Deum:</strong></span> <span class='ocrx_word' id='word_1_451' title='bbox 1352 2904 1497 2986; x_wconf 89' lang='lat' dir='ltr'><strong>adquam</strong></span> <span class='ocrx_word' id='word_1_452' title='bbox 1509 2906 1846 2971; x_wconf 90' lang='lat' dir='ltr'><strong>beatitudincmhomo</strong></span> <span class='ocrx_word' id='word_1_453' title='bbox 1858 2909 1973 2991; x_wconf 91' lang='lat' dir='ltr'><strong>perdu-</strong></span> 
     </span>
     <span class='ocr_line' id='line_1_74' title="bbox 1225 3002 1968 3090; baseline 0.005 -25"><span class='ocrx_word' id='word_1_454' title='bbox 1225 3002 1253 3065; x_wconf 93' lang='lat' dir='ltr'><strong>ci</strong></span> <span class='ocrx_word' id='word_1_455' title='bbox 1266 3021 1329 3065; x_wconf 93' lang='lat' dir='ltr'><strong>non</strong></span> <span class='ocrx_word' id='word_1_456' title='bbox 1346 3011 1460 3086; x_wconf 88' lang='lat' dir='ltr'><strong>potest,</strong></span> <span class='ocrx_word' id='word_1_457' title='bbox 1475 3004 1536 3067; x_wconf 90' lang='lat' dir='ltr'><strong>nisi</strong></span> <span class='ocrx_word' id='word_1_458' title='bbox 1548 3024 1605 3087; x_wconf 87' lang='lat' dir='ltr'><strong>per</strong></span> <span class='ocrx_word' id='word_1_459' title='bbox 1620 3015 1737 3069; x_wconf 88' lang='lat' dir='ltr'><strong>rectam</strong></span> <span class='ocrx_word' id='word_1_460' title='bbox 1748 3007 1968 3090; x_wconf 89' lang='lat' dir='ltr'><strong>operationem</strong></span> 
     </span>
     <span class='ocr_line' id='line_1_75' title="bbox 1225 3100 2107 3186; baseline 0.016 -25"><span class='ocrx_word' id='word_1_461' title='bbox 1225 3100 1404 3165; x_wconf 91' lang='lat' dir='ltr'><strong>intellectus</strong></span> <span class='ocrx_word' id='word_1_462' title='bbox 1421 3104 1563 3185; x_wconf 91' lang='lat' dir='ltr'><strong>practici,</strong></span> <span class='ocrx_word' id='word_1_463' title='bbox 1575 3106 1663 3186; x_wconf 84' lang='lat' dir='ltr'><strong>juxta</strong></span> <span class='ocrx_word' id='word_1_464' title='bbox 1678 3106 1757 3168; x_wconf 92' lang='lat' dir='ltr'><strong>illud</strong></span> <span class='ocrx_word' id='word_1_465' title='bbox 1773 3106 1921 3183; x_wconf 82' lang='lat' dir='ltr'><strong>llatthaei,</strong></span> <span class='ocrx_word' id='word_1_466' title='bbox 1935 3106 1966 3169; x_wconf 91' lang='lat' dir='ltr'><strong>Si</strong></span> <span class='ocrx_word' id='word_1_467' title='bbox 1992 3131 2107 3178; x_wconf 70' lang='lat' dir='ltr'><strong>vastam.</strong></span> 
     </span>
     <span class='ocr_line' id='line_1_76' title="bbox 1223 3196 2020 3283; baseline 0.011 -23"><span class='ocrx_word' id='word_1_468' title='bbox 1223 3199 1270 3261; x_wconf 94' lang='lat' dir='ltr'><strong>vis</strong></span> <span class='ocrx_word' id='word_1_469' title='bbox 1290 3201 1330 3263; x_wconf 89' lang='lat' dir='ltr'><strong>ad</strong></span> <span class='ocrx_word' id='word_1_470' title='bbox 1353 3202 1450 3264; x_wconf 90' lang='lat' dir='ltr'><strong>vitam</strong></span> <span class='ocrx_word' id='word_1_471' title='bbox 1471 3202 1606 3283; x_wconf 86' lang='lat' dir='ltr'><strong>ingredi,</strong></span> <span class='ocrx_word' id='word_1_472' title='bbox 1630 3223 1721 3267; x_wconf 88' lang='lat' dir='ltr'><strong>serva</strong></span> <span class='ocrx_word' id='word_1_473' title='bbox 1743 3206 1912 3281; x_wconf 80' lang='lat' dir='ltr'><strong>mandata3</strong></span> <span class='ocrx_word' id='word_1_474' title='bbox 1936 3215 1969 3269; x_wconf 92' lang='grc' dir='ltr'><strong>θῖ</strong></span> <span class='ocrx_word' id='word_1_475' title='bbox 1986 3196 2020 3236; x_wconf 80' lang='lat'><strong>¹⁷·</strong></span> 
     </span>
     <span class='ocr_line' id='line_1_77' title="bbox 1223 3298 2106 3385; baseline 0.01 -25"><span class='ocrx_word' id='word_1_476' title='bbox 1223 3298 1403 3381; x_wconf 77' lang='lat' dir='ltr'><strong>Sapientia,</strong></span> <span class='ocrx_word' id='word_1_477' title='bbox 1420 3301 1577 3365; x_wconf 89' lang='lat' dir='ltr'><strong>Bonorum</strong></span> <span class='ocrx_word' id='word_1_478' title='bbox 1597 3321 1728 3385; x_wconf 91' lang='lat' dir='ltr'><strong>operum</strong></span> <span class='ocrx_word' id='word_1_479' title='bbox 1745 3304 1903 3384; x_wconf 89' lang='lat' dir='ltr'><strong>gloriosus</strong></span> <span class='ocrx_word' id='word_1_480' title='bbox 1919 3315 1967 3369; x_wconf 89' lang='lat' dir='ltr'><strong>est</strong></span> <span class='ocrx_word' id='word_1_481' title='bbox 1983 3328 2106 3381; x_wconf 58' lang='lat' dir='ltr'><strong>stane.</strong></span> 
     </span>
     <span class='ocr_line' id='line_1_78' title="bbox 1224 3396 1965 3467; baseline 0.012 -9"><span class='ocrx_word' id='word_1_482' title='bbox 1224 3396 1345 3460; x_wconf 85' lang='lat' dir='ltr'><strong>tructus</strong></span> <span class='ocrx_word' id='word_1_483' title='bbox 1364 3418 1370 3460; x_wconf 95' lang='lat'>:</span> <span class='ocrx_word' id='word_1_484' title='bbox 1389 3400 1460 3463; x_wconf 90' lang='lat' dir='ltr'><strong>ideo</strong></span> <span class='ocrx_word' id='word_1_485' title='bbox 1486 3400 1632 3464; x_wconf 89' lang='lat' dir='ltr'><strong>rationali</strong></span> <span class='ocrx_word' id='word_1_486' title='bbox 1657 3402 1771 3465; x_wconf 79' lang='lat' dir='ltr'><strong>anima</strong></span> <span class='ocrx_word' id='word_1_487' title='bbox 1797 3412 1965 3467; x_wconf 88' lang='lat' dir='ltr'><strong>concreata</strong></span> 
     </span>
     <span class='ocr_line' id='line_1_79' title="bbox 1221 3499 1964 3584; baseline 0.008 -25"><span class='ocrx_word' id='word_1_488' title='bbox 1221 3506 1268 3559; x_wconf 92' lang='grc' dir='ltr'><strong>θεῖ</strong></span> <span class='ocrx_word' id='word_1_489' title='bbox 1284 3501 1428 3578; x_wconf 80' lang='lat' dir='ltr'><strong>quaedam</strong></span> <span class='ocrx_word' id='word_1_490' title='bbox 1441 3499 1611 3562; x_wconf 88' lang='lat' dir='ltr'><strong>habitualis</strong></span> <span class='ocrx_word' id='word_1_491' title='bbox 1631 3502 1771 3581; x_wconf 87' lang='lat' dir='ltr'><strong>cognitio</strong></span> <span class='ocrx_word' id='word_1_492' title='bbox 1786 3502 1964 3584; x_wconf 91' lang='lat' dir='ltr'><strong>primorum</strong></span> 
     </span>
     <span class='ocr_line' id='line_1_80' title="bbox 1221 3595 1964 3681; baseline 0.011 -25"><span class='ocrx_word' id='word_1_493' title='bbox 1221 3595 1463 3679; x_wconf 90' lang='lat' dir='ltr'><strong>principiorum,</strong></span> <span class='ocrx_word' id='word_1_494' title='bbox 1483 3606 1545 3659; x_wconf 73' lang='lat' dir='ltr'><strong>mm</strong></span> <span class='ocrx_word' id='word_1_495' title='bbox 1562 3598 1815 3680; x_wconf 89' lang='lat' dir='ltr'><strong>speculabilium,</strong></span> <span class='ocrx_word' id='word_1_496' title='bbox 1828 3619 1900 3681; x_wconf 80' lang='lat' dir='ltr'><strong>quae</strong></span> <span class='ocrx_word' id='word_1_497' title='bbox 1915 3602 1964 3664; x_wconf 91' lang='lat' dir='ltr'><strong>di-</strong></span> 
     </span>
     <span class='ocr_line' id='line_1_81' title="bbox 1220 3695 1961 3781; baseline 0.007 -24"><span class='ocrx_word' id='word_1_498' title='bbox 1220 3695 1302 3757; x_wconf 90' lang='lat' dir='ltr'><strong>citur</strong></span> <span class='ocrx_word' id='word_1_499' title='bbox 1317 3696 1496 3758; x_wconf 90' lang='lat' dir='ltr'><strong>intellectus</strong></span> <span class='ocrx_word' id='word_1_500' title='bbox 1506 3696 1546 3758; x_wconf 92' lang='lat' dir='ltr'><strong>ad</strong></span> <span class='ocrx_word' id='word_1_501' title='bbox 1563 3697 1717 3761; x_wconf 89' lang='lat' dir='ltr'><strong>rationem</strong></span> <span class='ocrx_word' id='word_1_502' title='bbox 1733 3698 1961 3781; x_wconf 81' lang='lat' dir='ltr'><strong>speculativam</strong></span> 
     </span>
     <span class='ocr_line' id='line_1_82' title="bbox 1220 3794 1966 3881; baseline 0.007 -27"><span class='ocrx_word' id='word_1_503' title='bbox 1220 3794 1393 3874; x_wconf 89' lang='lat' dir='ltr'><strong>pertinens,</strong></span> <span class='ocrx_word' id='word_1_504' title='bbox 1411 3814 1506 3875; x_wconf 89' lang='lat' dir='ltr'><strong>quam</strong></span> <span class='ocrx_word' id='word_1_505' title='bbox 1526 3795 1749 3878; x_wconf 90' lang='lat' dir='ltr'><strong>operabilium‚</strong></span> <span class='ocrx_word' id='word_1_506' title='bbox 1766 3817 1837 3878; x_wconf 79' lang='lat' dir='ltr'><strong>quae</strong></span> <span class='ocrx_word' id='word_1_507' title='bbox 1858 3798 1966 3881; x_wconf 89' lang='lat' dir='ltr'><strong>appel-</strong></span> 
     </span>
     <span class='ocr_line' id='line_1_83' title="bbox 1220 3891 1965 3976; baseline 0.009 -24"><span class='ocrx_word' id='word_1_508' title='bbox 1220 3891 1302 3953; x_wconf 91' lang='lat' dir='ltr'><strong>latur</strong></span> <span class='ocrx_word' id='word_1_509' title='bbox 1322 3893 1511 3974; x_wconf 81' lang='lat' dir='ltr'><strong>synderesis,</strong></span> <span class='ocrx_word' id='word_1_510' title='bbox 1537 3894 1569 3955; x_wconf 93' lang='lat' dir='ltr'><strong>in</strong></span> <span class='ocrx_word' id='word_1_511' title='bbox 1590 3895 1729 3976; x_wconf 90' lang='lat' dir='ltr'><strong>practica</strong></span> <span class='ocrx_word' id='word_1_512' title='bbox 1749 3896 1871 3959; x_wconf 88' lang='lat' dir='ltr'><strong>rationo</strong></span> <span class='ocrx_word' id='word_1_513' title='bbox 1892 3915 1965 3961; x_wconf 92' lang='lat' dir='ltr'><strong>con-</strong></span> 
     </span>
     <span class='ocr_line' id='line_1_84' title="bbox 1219 3988 1965 4072; baseline 0.011 -23"><span class='ocrx_word' id='word_1_514' title='bbox 1219 3988 1345 4052; x_wconf 78' lang='lat' dir='ltr'><strong>sistens</strong></span> <span class='ocrx_word' id='word_1_515' title='bbox 1369 3990 1555 4072; x_wconf 90' lang='lat' dir='ltr'><strong>Synderesis</strong></span> <span class='ocrx_word' id='word_1_516' title='bbox 1581 3992 1665 4055; x_wconf 90' lang='lat' dir='ltr'><strong>enim</strong></span> <span class='ocrx_word' id='word_1_517' title='bbox 1691 4001 1740 4055; x_wconf 90' lang='lat' dir='ltr'><strong>est</strong></span> <span class='ocrx_word' id='word_1_518' title='bbox 1764 3994 1892 4057; x_wconf 88' lang='lat' dir='ltr'><strong>babitus</strong></span> <span class='ocrx_word' id='word_1_519' title='bbox 1919 4015 1965 4057; x_wconf 91' lang='lat' dir='ltr'><strong>ra-</strong></span> 
     </span>
     <span class='ocr_line' id='line_1_85' title="bbox 1220 4086 1960 4175; baseline 0.011 -27"><span class='ocrx_word' id='word_1_520' title='bbox 1220 4086 1326 4163; x_wconf 92' lang='lat' dir='ltr'><strong>tionis,</strong></span> <span class='ocrx_word' id='word_1_521' title='bbox 1343 4108 1406 4169; x_wconf 92' lang='lat' dir='ltr'><strong>quo</strong></span> <span class='ocrx_word' id='word_1_522' title='bbox 1427 4098 1661 4167; x_wconf 87' lang='lat' dir='ltr'><strong>cognoscuntur</strong></span> <span class='ocrx_word' id='word_1_523' title='bbox 1677 4090 1779 4173; x_wconf 89' lang='lat' dir='ltr'><strong>prima</strong></span> <span class='ocrx_word' id='word_1_524' title='bbox 1800 4092 1960 4175; x_wconf 87' lang='lat' dir='ltr'><strong>principia</strong></span> 
     </span>
     <span class='ocr_line' id='line_1_86' title="bbox 1219 4186 1961 4272; baseline 0.008 -25"><span class='ocrx_word' id='word_1_525' title='bbox 1219 4186 1372 4249; x_wconf 88' lang='lat' dir='ltr'><strong>naturalis</strong></span> <span class='ocrx_word' id='word_1_526' title='bbox 1386 4188 1467 4268; x_wconf 87' lang='lat' dir='ltr'><strong>juris</strong></span> <span class='ocrx_word' id='word_1_527' title='bbox 1490 4206 1545 4251; x_wconf 89' lang='lat' dir='ltr'><strong>scu</strong></span> <span class='ocrx_word' id='word_1_528' title='bbox 1562 4188 1651 4269; x_wconf 81' lang='lat' dir='ltr'><strong>legis,</strong></span> <span class='ocrx_word' id='word_1_529' title='bbox 1669 4197 1704 4251; x_wconf 91' lang='lat' dir='ltr'><strong>ul</strong></span> <span class='ocrx_word' id='word_1_530' title='bbox 1724 4191 1809 4272; x_wconf 93' lang='lat' dir='ltr'><strong>quod</strong></span> <span class='ocrx_word' id='word_1_531' title='bbox 1828 4193 1890 4255; x_wconf 80' lang='lat' dir='ltr'><strong>{teo</strong></span> <span class='ocrx_word' id='word_1_532' title='bbox 1914 4202 1961 4255; x_wconf 91' lang='grc' dir='ltr'><strong>θεῖ</strong></span> 
     </span>
     <span class='ocr_line' id='line_1_87' title="bbox 1218 4284 1958 4370; baseline 0.008 -22"><span class='ocrx_word' id='word_1_533' title='bbox 1218 4284 1441 4362; x_wconf 88' lang='lat' dir='ltr'><strong>obediendum,</strong></span> <span class='ocrx_word' id='word_1_534' title='bbox 1459 4288 1546 4367; x_wconf 93' lang='lat' dir='ltr'><strong>quod</strong></span> <span class='ocrx_word' id='word_1_535' title='bbox 1561 4287 1682 4349; x_wconf 90' lang='lat' dir='ltr'><strong>malum</strong></span> <span class='ocrx_word' id='word_1_536' title='bbox 1697 4296 1745 4351; x_wconf 90' lang='grc' dir='ltr'><strong>θεῖ</strong></span> <span class='ocrx_word' id='word_1_537' title='bbox 1759 4288 1958 4370; x_wconf 78' lang='lat' dir='ltr'><strong>fugiendum,</strong></span> 
     </span>
     <span class='ocr_line' id='line_1_88' title="bbox 1218 4384 1960 4466; baseline 0.012 -22"><span class='ocrx_word' id='word_1_538' title='bbox 1218 4385 1303 4465; x_wconf 92' lang='lat' dir='ltr'><strong>quod</strong></span> <span class='ocrx_word' id='word_1_539' title='bbox 1318 4384 1461 4466; x_wconf 85' lang='lat' dir='ltr'><strong>proximo</strong></span> <span class='ocrx_word' id='word_1_540' title='bbox 1476 4393 1524 4447; x_wconf 92' lang='lat' dir='ltr'><strong>est</strong></span> <span class='ocrx_word' id='word_1_541' title='bbox 1539 4385 1815 4449; x_wconf 82' lang='lat' dir='ltr'><strong>benefaciendum.</strong></span> <span class='ocrx_word' id='word_1_542' title='bbox 1827 4389 1891 4451; x_wconf 82' lang='lat' dir='ltr'><strong>Lex</strong></span> <span class='ocrx_word' id='word_1_543' title='bbox 1906 4410 1960 4452; x_wconf 88' lang='lat' dir='ltr'><strong>au-</strong></span> 
     </span>
     <span class='ocr_line' id='line_1_89' title="bbox 1218 4482 1952 4570; baseline 0.01 -26"><span class='ocrx_word' id='word_1_544' title='bbox 1218 4492 1280 4545; x_wconf 89' lang='lat' dir='ltr'><strong>tem</strong></span> <span class='ocrx_word' id='word_1_545' title='bbox 1299 4482 1450 4544; x_wconf 89' lang='lat' dir='ltr'><strong>naturalis</strong></span> <span class='ocrx_word' id='word_1_546' title='bbox 1467 4502 1530 4546; x_wconf 89' lang='lat' dir='ltr'><strong>non</strong></span> <span class='ocrx_word' id='word_1_547' title='bbox 1550 4492 1598 4547; x_wconf 90' lang='grc' dir='ltr'><strong>θεῖ</strong></span> <span class='ocrx_word' id='word_1_548' title='bbox 1617 4485 1686 4566; x_wconf 91' lang='lat' dir='ltr'><strong>ipse</strong></span> <span class='ocrx_word' id='word_1_549' title='bbox 1705 4484 1832 4549; x_wconf 90' lang='lat' dir='ltr'><strong>habitus</strong></span> <span class='ocrx_word' id='word_1_550' title='bbox 1849 4506 1952 4570; x_wconf 90' lang='lat' dir='ltr'><strong>neque</strong></span> 
     </span>
     <span class='ocr_line' id='line_1_90' title="bbox 1218 4581 1958 4665; baseline 0.005 -22"><span class='ocrx_word' id='word_1_551' title='bbox 1218 4581 1406 4662; x_wconf 76' lang='lat' dir='ltr'><strong>synderesis,</strong></span> <span class='ocrx_word' id='word_1_552' title='bbox 1434 4582 1489 4645; x_wconf 88' lang='lat' dir='ltr'><strong>sod</strong></span> <span class='ocrx_word' id='word_1_553' title='bbox 1512 4583 1602 4663; x_wconf 89' lang='lat' dir='ltr'><strong>quasi</strong></span> <span class='ocrx_word' id='word_1_554' title='bbox 1635 4603 1715 4665; x_wconf 91' lang='lat' dir='ltr'><strong>opus</strong></span> <span class='ocrx_word' id='word_1_555' title='bbox 1740 4584 1821 4665; x_wconf 84' lang='lat' dir='ltr'><strong>ejus,</strong></span> <span class='ocrx_word' id='word_1_556' title='bbox 1848 4586 1958 4651; x_wconf 91' lang='lat' dir='ltr'><strong>videli-</strong></span> 
     </span>
     <span class='ocr_line' id='line_1_91' title="bbox 1217 4680 1953 4764; baseline 0.007 -22"><span class='ocrx_word' id='word_1_557' title='bbox 1217 4689 1266 4743; x_wconf 89' lang='lat' dir='ltr'><strong>cet</strong></span> <span class='ocrx_word' id='word_1_558' title='bbox 1295 4698 1428 4741; x_wconf 87' lang='lat' dir='ltr'><strong>censura</strong></span> <span class='ocrx_word' id='word_1_559' title='bbox 1455 4680 1598 4757; x_wconf 89' lang='lat' dir='ltr'><strong>rationis,</strong></span> <span class='ocrx_word' id='word_1_560' title='bbox 1626 4682 1703 4763; x_wconf 93' lang='lat' dir='ltr'><strong>quid</strong></span> <span class='ocrx_word' id='word_1_561' title='bbox 1730 4683 1771 4745; x_wconf 91' lang='lat' dir='ltr'><strong>sit</strong></span> <span class='ocrx_word' id='word_1_562' title='bbox 1797 4686 1953 4764; x_wconf 86' lang='lat' dir='ltr'><strong>agendum</strong></span> 
     </span>
     <span class='ocr_line' id='line_1_92' title="bbox 1216 4778 1951 4864; baseline 0.008 -24"><span class='ocrx_word' id='word_1_563' title='bbox 1216 4778 1458 4842; x_wconf 88' lang='lat' dir='ltr'><strong>determinans:</strong></span> <span class='ocrx_word' id='word_1_564' title='bbox 1479 4799 1551 4861; x_wconf 78' lang='lat' dir='ltr'><strong>quae</strong></span> <span class='ocrx_word' id='word_1_565' title='bbox 1575 4799 1707 4843; x_wconf 89' lang='lat' dir='ltr'><strong>censura</strong></span> <span class='ocrx_word' id='word_1_566' title='bbox 1737 4801 1793 4864; x_wconf 88' lang='lat' dir='ltr'><strong>per</strong></span> <span class='ocrx_word' id='word_1_567' title='bbox 1823 4785 1951 4845; x_wconf 89' lang='lat' dir='ltr'><strong>modum</strong></span> 
     </span>
     <span class='ocr_line' id='line_1_93' title="bbox 1218 4876 1954 4962; baseline 0.01 -25"><span class='ocrx_word' id='word_1_568' title='bbox 1218 4876 1364 4959; x_wconf 75' lang='lat' dir='ltr'><strong>precepti</strong></span> <span class='ocrx_word' id='word_1_569' title='bbox 1387 4878 1513 4941; x_wconf 89' lang='lat' dir='ltr'><strong>elicitur</strong></span> <span class='ocrx_word' id='word_1_570' title='bbox 1535 4898 1572 4941; x_wconf 87' lang='lat' dir='ltr'><strong>ex</strong></span> <span class='ocrx_word' id='word_1_571' title='bbox 1594 4878 1748 4942; x_wconf 85' lang='lat' dir='ltr'><strong>habituali</strong></span> <span class='ocrx_word' id='word_1_572' title='bbox 1770 4881 1954 4962; x_wconf 91' lang='lat' dir='ltr'><strong>cognitione</strong></span> 
     </span>
     <span class='ocr_line' id='line_1_94' title="bbox 1217 4976 1406 5058; baseline 0.005 -21"><span class='ocrx_word' id='word_1_573' title='bbox 1217 4976 1406 5058; x_wconf 71' lang='lat' dir='ltr'><strong>synderesis.</strong></span> 
     </span>
    </p>

    <p class='ocr_par' dir='ltr' id='par_1_19' title="bbox 1216 5074 1956 5359">
     <span class='ocr_line' id='line_1_95' title="bbox 1254 5074 1956 5159; baseline 0.009 -24"><span class='ocrx_word' id='word_1_574' title='bbox 1254 5074 1343 5137; x_wconf 90' lang='lat' dir='ltr'><strong>Unde</strong></span> <span class='ocrx_word' id='word_1_575' title='bbox 1365 5075 1474 5138; x_wconf 92' lang='lat' dir='ltr'><strong>decem</strong></span> <span class='ocrx_word' id='word_1_576' title='bbox 1495 5084 1652 5158; x_wconf 79' lang='lat' dir='ltr'><strong>praecepte</strong></span> <span class='ocrx_word' id='word_1_577' title='bbox 1672 5077 1817 5159; x_wconf 88' lang='lat' dir='ltr'><strong>Decalcgi</strong></span> <span class='ocrx_word' id='word_1_578' title='bbox 1840 5080 1880 5141; x_wconf 94' lang='lat' dir='ltr'><strong>ad</strong></span> <span class='ocrx_word' id='word_1_579' title='bbox 1906 5099 1956 5141; x_wconf 90' lang='lat' dir='ltr'><strong>na-</strong></span> 
     </span>
     <span class='ocr_line' id='line_1_96' title="bbox 1216 5172 1955 5255; baseline 0.007 -21"><span class='ocrx_word' id='word_1_580' title='bbox 1216 5173 1348 5235; x_wconf 87' lang='lat' dir='ltr'><strong>turalem</strong></span> <span class='ocrx_word' id='word_1_581' title='bbox 1376 5172 1535 5255; x_wconf 90' lang='lat' dir='ltr'><strong>pertinent</strong></span> <span class='ocrx_word' id='word_1_582' title='bbox 1560 5174 1674 5255; x_wconf 88' lang='lat' dir='ltr'><strong>legem.</strong></span> <span class='ocrx_word' id='word_1_583' title='bbox 1696 5175 1771 5238; x_wconf 89' lang='lat' dir='ltr'><strong>Nam</strong></span> <span class='ocrx_word' id='word_1_584' title='bbox 1797 5178 1878 5242; x_wconf 89' lang='lat' dir='ltr'><strong>ratio</strong></span> <span class='ocrx_word' id='word_1_585' title='bbox 1903 5197 1955 5240; x_wconf 94' lang='lat' dir='ltr'><strong>na-</strong></span> 
     </span>
     <span class='ocr_line' id='line_1_97' title="bbox 1216 5270 1951 5359; baseline 0.008 -26"><span class='ocrx_word' id='word_1_586' title='bbox 1216 5270 1358 5337; x_wconf 87' lang='lat' dir='ltr'><strong>turaliter</strong></span> <span class='ocrx_word' id='word_1_587' title='bbox 1373 5271 1418 5333; x_wconf 91' lang='lat' dir='ltr'><strong>eis</strong></span> <span class='ocrx_word' id='word_1_588' title='bbox 1433 5272 1603 5335; x_wconf 90' lang='lat' dir='ltr'><strong>consentit.</strong></span> <span class='ocrx_word' id='word_1_589' title='bbox 1621 5272 1659 5335; x_wconf 89' lang='lat' dir='ltr'><strong>Et</strong></span> <span class='ocrx_word' id='word_1_590' title='bbox 1674 5273 1744 5338; x_wconf 88' lang='lat' dir='ltr'><strong>idco</strong></span> <span class='ocrx_word' id='word_1_591' title='bbox 1765 5276 1815 5339; x_wconf 82' lang='lat' dir='ltr'><strong>lex</strong></span> <span class='ocrx_word' id='word_1_592' title='bbox 1836 5276 1951 5359; x_wconf 88' lang='lat' dir='ltr'><strong>scripta</strong></span> 
     </span>
    </p>
   </div>
   <div class='ocr_carea' id='block_1_15' title="bbox 0 0 2160 6259">
    <p class='ocr_par' dir='ltr' id='par_1_20' title="bbox 0 0 2160 6259">
     <span class='ocr_line' id='line_1_98' title="bbox 0 0 2160 6259; baseline 0 9"><span class='ocrx_word' id='word_1_593' title='bbox 0 0 2160 6259; x_wconf 95' lang='lat' dir='ltr'><strong> </strong></span> 
     </span>
    </p>
   </div>
  </div>
 </body>
</html>
