4309 6259
417 457 476 521 teo
816 473 989 521 manuario
1010 474 1042 520 ut
1063 473 1132 520 cnr.
1155 472 1195 520 xc
1215 474 1318 522 exona
1339 494 1380 506 -
1399 476 1470 523 aar.
1493 477 1565 526 tam

415 646 494 727 legis
516 646 641 730 Moysis,
664 648 719 710 sed
741 645 856 711 tabule
878 645 1071 722 testamenti,
1090 664 1161 726 qua
1176 645 1202 707 Α
1216 650 1279 710 nii.
1295 648 1353 713 Per
1368 650 1453 730 quod
1471 650 1553 713 Deus
1575 652 1776 730 monstravit,
1792 672 1889 735 quam
1909 674 1960 718 ac-

413 745 494 808 datae
512 754 602 809 erent
617 766 689 809 eum
710 746 776 808 suis
798 745 965 829 praeceptis
988 744 1021 807 in
1046 745 1160 808 testili-
1214 756 1343 829 ceptum
1365 748 1427 810 sibi
1450 748 1511 810 luit
1533 768 1614 831 opus
1635 751 1706 829 hoc,
1728 761 1760 815 et
1781 762 1897 815 cuncta
1918 754 1957 815 ad

411 843 569 907 ontionem
592 843 676 927 paoli
699 864 755 907 seu
776 844 907 908 loederis
930 844 1018 926 pacis
1034 853 1066 907 et
1083 844 1160 907 dile·
1215 846 1320 928 ipsum
1343 848 1529 930 spectantia.
1551 851 1594 909 Et
1612 852 1722 927 pieria
1742 854 1878 912 Domini
1900 854 1961 913 im-

412 942 528 1005 ctionis
551 943 634 1006 inter
656 943 754 1007 Deum
778 951 809 1005 et
830 943 1037 1005 israeliticum
1060 960 1160 1025 popu·
1209 947 1422 1022 pleaitillnrl,
1439 946 1544 1023 idest,
1563 949 1803 1030 praclarusDei
1819 948 1960 1013 allectus

411 1041 641 1104 lamentantis
652 1044 745 1119 infra
756 1042 945 1113 vectr'bus,id
957 1051 1005 1105 est
1015 1041 1160 1104 vectibus
1214 1043 1360 1125 implevit
1381 1045 1631 1123 tabernaculum,
1650 1055 1759 1129 utpote
1781 1049 1882 1112 nubes
1904 1049 1960 1111 illa

412 1138 496 1203 intra
511 1160 617 1204 arcam
633 1141 784 1223 subjectis
800 1148 832 1203 et
847 1140 1000 1205 connexis
1016 1140 1055 1203 ad
1072 1138 1159 1203 dele
1213 1144 1305 1224 cujus
1328 1162 1391 1206 una
1413 1163 1486 1226 pars
1507 1145 1634 1227 operuit
1653 1145 1904 1224 tabernaculum,
1926 1158 1959 1211 et

412 1240 545 1301 rendum
569 1258 674 1303 arcam
699 1248 840 1321 ternpore
856 1248 1048 1322 opportuno,
1066 1247 1101 1300 ut
1123 1238 1158 1299 in
1212 1240 1275 1304 alia
1297 1261 1370 1325 pars
1390 1244 1459 1324 ejus
1483 1243 1560 1305 illud
1582 1244 1738 1326 implevit.
1756 1249 1822 1309 Nec
1832 1258 1960 1325 poterat

272 1347 396 1397 Erosium
412 1337 556 1401 vicesimi
579 1338 682 1420 quinti
706 1338 839 1421 capituli
863 1338 1075 1403 elucidatione
1096 1338 1159 1401 cla·
1213 1343 1336 1417 Moyses
1351 1343 1482 1419 inprerli
1498 1352 1612 1403 uotum
1627 1345 1768 1420 securis,
1785 1344 1817 1406 id
1838 1354 1887 1407 est
1908 1345 1957 1427 ip·

266 1414 342 1464 Μ’
411 1437 486 1499 ruit.
504 1440 547 1499 El
568 1442 737 1499 oraculum
757 1442 903 1517 desuper,
929 1438 960 1500 id
981 1446 1040 1515 est,
1062 1456 1158 1519 super
1213 1458 1283 1500 sum
1300 1440 1540 1503 tabernaculum
1561 1442 1894 1524 perintroitumejus,
1912 1444 1959 1507 ita

409 1554 515 1597 arcam
527 1536 634 1617 posuit
644 1536 1026 1619 propitiatoriumPosuit
1036 1546 1065 1597 et
1078 1557 1159 1596 men·
1212 1544 1248 1598 ut
1262 1546 1359 1600 steret
1378 1538 1437 1600 sub
1453 1538 1648 1602 tabernaculi
1670 1546 1764 1603 tecto.
1781 1541 1816 1603 ln
1830 1560 1895 1623 quo
1911 1551 1959 1604 ta·

409 1655 479 1695 sam
495 1635 532 1695 in
549 1637 753 1697 tabernaculo
776 1637 951 1697 testimonii
967 1638 1010 1696 ad
1020 1640 1156 1713 plepem
1211 1636 1383 1700 bernaeulo
1408 1636 1481 1700 iniit
1506 1638 1658 1702 Dominus
1683 1637 1788 1702 loedus
1819 1660 1890 1702 cum
1915 1641 1958 1702 ls-

408 1734 688 1810 septentrionalem
703 1744 796 1795 entrc.
812 1738 929 1805 velum,
939 1736 1156 1794 ordinatiane
1211 1734 1287 1811 rael,
1306 1735 1402 1798 verba
1424 1735 1553 1799 laederis
1576 1736 1735 1819 loquendo
1757 1739 1796 1800 ad
1816 1738 1955 1821 Moysen.

409 1852 482 1893 ram
499 1833 732 1909 propositionis
749 1834 904 1911 panibus,
927 1832 958 1893 id
985 1840 1044 1907 est,
1067 1850 1155 1895 men·
1173 1832 1196 1893 B
1210 1835 1302 1895 Nube
1317 1836 1474 1911 operiente
1489 1837 1613 1906 omnia,
1625 1835 1657 1897 id
1672 1844 1721 1898 est
1736 1844 1866 1918 propter
1880 1836 1953 1915 boc,

408 1948 475 1991 sam
492 1928 525 1991 in
542 1929 738 1993 tabernaculi
761 1940 850 2013 parte
866 1930 1021 1994 exteriore
1036 1931 1155 1994 consti·
1208 1931 1294 2012 quod
1311 1932 1411 1995 nubes
1432 1940 1532 1996 totum
1555 1933 1795 1997 tabernaculum
1818 1936 1905 2012 texit,
1921 1944 1957 1997 et

408 2028 479 2105 tuit,
498 2029 635 2111 panibus
656 2029 884 2113 propositionis
904 2030 1016 2111 positis
1032 2048 1152 2107 coram,
1208 2048 1265 2111 per
1290 2030 1456 2093 introitum
1479 2033 1549 2112 ejus
1581 2031 1820 2096 tabernaculum
1846 2033 1952 2115 ipsum

409 2125 441 2188 id
457 2135 505 2189 est
515 2128 678 2190 evidenter
693 2136 724 2191 et
739 2128 883 2191 ordinate
898 2147 995 2209 super
1010 2147 1153 2191 inensam
1207 2127 1339 2193 intravit
1363 2149 1399 2192 ae
1421 2130 1579 2213 implevit,
1601 2130 1646 2193 ita
1666 2132 1751 2212 quod
1767 2131 1863 2213 Moysi
1886 2150 1953 2194 non

408 2223 530 2287 locatis.
548 2228 663 2289 Posuit
686 2237 715 2289 et
738 2230 973 2291 candelabrum
994 2230 1027 2289 in
1053 2230 1153 2288 taber-
1207 2227 1310 2308 patuit
1324 2236 1417 2310 aptus
1434 2227 1607 2308 ingressus,
1623 2235 1677 2291 aut
1697 2229 1730 2291 in
1748 2229 1954 2293 tabernaculo

407 2329 524 2385 noculo
541 2328 717 2386 testimonii
726 2348 743 2387 e
758 2329 885 2405 cepione
903 2347 1027 2398 nwnsae,
1041 2330 1152 2387 locatis
1208 2326 1315 2401 loeus3
1333 2337 1362 2387 ct
1377 2328 1543 2405 majestate
1559 2330 1693 2388 Domini
1706 2338 1899 2399 coruscante,
1916 2328 1952 2390 td

402 2428 717 2502 perordinationem
733 2431 884 2489 lucernis.
901 2430 1017 2490 Posuit
1029 2438 1059 2489 et
1074 2432 1153 2488 alta·
1207 2434 1265 2502 est,
1283 2434 1445 2505 magnaei
1462 2424 1593 2488 inlinita
1611 2425 1666 2489 Dei
1686 2434 1841 2508 potestate
1857 2446 1891 2489 se
1906 2428 1953 2509 ip-

405 2544 440 2583 re
454 2544 590 2585 aureum
605 2528 663 2585 sub
679 2536 755 2586 tecto
774 2527 961 2598 testimonii,
979 2526 1010 2588 id
1037 2534 1085 2589 est
1108 2533 1153 2589 ta·
1207 2544 1273 2587 sam
1289 2525 1373 2587 clare
1389 2527 1577 2588 ostendente
1597 2544 1653 2608 per
1668 2526 1765 2588 istum
1780 2524 1950 2589 ellectum.

407 2622 582 2699 bernaculi,
605 2625 691 2705 quod
717 2624 889 2689 vocabatur
911 2624 1151 2688 tabernaculum
1246 2622 1335 2686 Circa
1350 2623 1416 2686 hec
1437 2615 1549 2687 scribit
1563 2624 1694 2705 quidam
1714 2642 1720 2686 :
1738 2624 1806 2687 Non
1826 2634 1951 2706 poterat

406 2721 581 2785 testimonii
597 2723 638 2785 ob
654 2742 781 2785 causam
797 2721 980 2806 frequenter
996 2725 1152 2806 prabebi-
1205 2720 1324 2804 Moyses
1343 2722 1466 2804 ingredi
1488 2731 1617 2805 propter
1637 2722 1850 2786 reverentiam
1870 2723 1952 2785 divi-

407 2827 492 2895 tam3
515 2830 626 2901 contra
642 2826 759 2893 ectum,
778 2821 810 2885 id
831 2806 881 2884 est
902 2829 989 2886 extra
1014 2831 1046 2885 et
1067 2822 1152 2885 circa
1207 2840 1256 2883 na
1271 2821 1458 2903 presentie.
1475 2821 1571 2904 Cujus
1587 2822 1693 2885 simile
1707 2822 1842 2885 hebetur
1858 2822 1951 2885 tertio

407 2919 513 2982 velum
544 2918 635 2996 illud,
663 2921 746 3001 quod
778 2918 839 2983 luit
863 2940 1037 3005 expansum
1069 2921 1152 2984 inter
1205 2918 1325 3000 Regum
1342 2919 1479 2997 libro‚in
1495 2920 1786 3002 quodicit.ur:Non
1804 2927 1951 3003 poterant
1971 2946 2118 3005 trinae-„2

407 3016 521 3081 Sancta
536 3027 717 3082 sanctorum
733 3029 765 3084 et
781 3019 864 3084 inter
880 3020 1005 3099 Sancta,
1023 3020 1083 3084 boc
1104 3022 1188 3086 estC
1206 3019 1385 3082 sacerdotes
1404 3027 1488 3082 stare
1503 3027 1534 3082 et
1554 3018 1736 3081 ministrare
1750 3026 1881 3101 propter
1899 3036 1953 3080 ne
1967 3012 2005 3054 ¹¹·

407 3116 490 3180 inter
506 3127 628 3199 partem
644 3118 840 3182 tabernaculi
857 3119 1041 3183 interiorem
1057 3128 1090 3183 et
1104 3139 1152 3183 ex·
1205 3115 1314 3180 bulam
1325 3133 1332 3178 :
1342 3136 1406 3181 non
1421 3117 1497 3199 quia
1512 3116 1629 3180 nebula
1643 3119 1826 3180 obscuraret
1840 3134 1951 3180 eorum

407 3215 556 3279 terionem
578 3216 667 3296 juxta
683 3236 766 3300 sape
787 3216 971 3300 praehabita.
990 3221 1032 3280 lit
1048 3222 1152 3279 adole-
1204 3217 1402 3299 adspectum,
1420 3217 1474 3279 sed
1492 3216 1568 3299 quia
1588 3224 1656 3279 erat
1675 3216 1793 3279 divinae
1813 3234 1954 3297 praesen-

407 3317 455 3375 nit
469 3336 565 3393 super
580 3337 613 3376 co
633 3317 800 3378 incensum
820 3328 1016 3389 arenceium,
1035 3316 1066 3378 id
1090 3326 1148 3394 est,
1205 3314 1258 3378 tin
1271 3315 1410 3397 signum.
1427 3315 1516 3378 Unde
1531 3314 1736 3396 subjungitur
1752 3313 1797 3376 ihi
1815 3334 1823 3377 τ
1840 3314 1953 3395 lmple·

408 3432 503 3496 super
518 3414 617 3477 altare
632 3414 692 3478 boc
708 3434 838 3478 aureum
854 3414 972 3497 Moyses
988 3416 1105 3479 obtulit
1120 3423 1152 3478 et
1206 3422 1295 3477 verat
1308 3414 1395 3478 enim
1409 3414 1511 3494 gloria
1526 3413 1652 3477 Domini
1667 3414 1797 3476 domum
1812 3412 1951 3476 Domirn.

408 3512 561 3576 cremavit
578 3513 750 3595 thymiama
760 3532 798 3576 ex
813 3515 1007 3577 aromatibus
1019 3514 1150 3577 lactum.
1206 3512 1240 3574 ln
1256 3513 1306 3575 his
1322 3513 1428 3577 vorbis
1443 3512 1550 3594 aliqua
1565 3512 1782 3588 continentur,
1799 3531 1871 3593 quae
1885 3529 1952 3573 non

408 3610 526 3693 Moyses
537 3610 657 3694 quippe
668 3612 855 3676 sacerdotali
872 3610 1063 3693 fungebatur
1078 3612 1153 3676 olli·
1206 3610 1355 3675 videntur
1376 3620 1449 3694 apte
1466 3611 1607 3674 inducta.
1622 3610 1763 3672 Primum
1786 3618 1845 3687 est,
1863 3610 1952 3691 quod

408 3709 459 3772 cio
474 3710 647 3773 seeundum
659 3710 901 3793 dispositionem
912 3712 1065 3789 divinam,
1076 3731 1152 3794 pree
1206 3709 1257 3784 ait,
1269 3710 1336 3773 Non
1352 3718 1475 3792 poterat
1487 3710 1606 3793 Moyses
1623 3708 1746 3788 ingredi
1762 3718 1892 3791 propter
1908 3726 1954 3771 re

409 3808 518 3870 sertim
534 3810 689 3891 usquead
706 3807 808 3892 ipsius
824 3810 927 3873 Aaron
943 3810 1153 3873 consecratio
1207 3810 1381 3873 verentiam
1397 3808 1515 3873 divina
1530 3807 1717 3891 praesentim.
1729 3806 1848 3889 Moyses
1865 3826 1954 3868 nam·

276 3920 393 3974 rasum,
410 3925 494 3969 nem.
516 3907 646 3989 Propter
659 3909 744 3989 quod
760 3908 805 3970 ait
819 3908 985 3971 Psalmista
1007 3926 1014 3970 :
1033 3909 1151 3991 Moyses
1206 3926 1269 3989 que
1285 3908 1445 3971 interdum
1460 3907 1622 3987 ingressus
1637 3916 1848 3970 estcacumen
1863 3924 1954 3968 mon·

263 3987 283 4028 ⁶·
409 4016 441 4069 ct
462 4005 565 4069 Aaron
588 4006 621 4067 in
643 4006 859 4069 sacerdotibus
884 4008 965 4089 ejus.
987 4011 1102 4071 Posuit
1123 4020 1152 4070 et
1208 4008 1247 4069 tis
1263 4007 1360 4084 Sinai,
1378 4008 1411 4069 in
1431 4025 1496 4089 quo
1511 4008 1592 4070 Deus
1614 4024 1703 4068 suam
1721 4004 1952 4068 demonstravit

410 4110 583 4167 tentorium
609 4108 645 4167 in
672 4108 811 4167 introitu
839 4108 1040 4169 tabernaculi
1067 4118 1151 4168 testi-
1206 4106 1407 4189 praesentiam
1428 4125 1485 4188 per
1502 4104 1718 4187 praeterieras
1734 4113 1766 4167 et
1786 4104 1894 4186 plures
1912 4121 1950 4165 ac

409 4206 522 4277 monii,
539 4214 568 4266 et
590 4209 693 4267 aliare
715 4207 891 4266 holocausti
911 4208 1022 4284 posuit
1043 4207 1081 4267 in
1102 4228 1151 4267 ve·
1165 4209 1191 4272 D
1205 4205 1432 4270 eminentiores
1447 4204 1593 4281 ellectuS,
1606 4223 1703 4285 quam
1720 4201 1783 4265 tuit
1797 4203 1857 4265 iste
1872 4201 1952 4265 elle·

404 4306 521 4365 stibulo
545 4306 730 4375 testimonii,
756 4303 788 4366 id
813 4312 861 4367 est
889 4304 922 4366 in
944 4305 1025 4369 atrio
1049 4304 1151 4369 taber-
1205 4314 1287 4382 ctus,
1307 4304 1577 4387 quemadmodum
1593 4302 1802 4366 nonodecimo
1818 4310 1850 4364 et
1867 4302 1949 4364 vice-

406 4403 523 4479 naculi,
551 4403 632 4466 sicut
657 4422 742 4467 nunc
769 4411 886 4466 tactum
912 4413 970 4481 est,
995 4413 1027 4469 et
1052 4424 1149 4487 supra
1204 4404 1288 4468 cimo
1307 4403 1456 4486 capitulis
1472 4402 1585 4484 patuit.
1602 4401 1765 4483 Siquidem
1781 4402 1815 4462 in
1830 4400 1948 4464 vertice

405 4501 627 4583 prehabitum.
640 4506 755 4565 Ereail
769 4513 798 4565 et
814 4506 938 4565 atrium
953 4524 1012 4581 per
1023 4525 1148 4583 pyrum
1204 4502 1321 4566 montis
1336 4501 1423 4565 Sinai
1437 4508 1654 4584 apparuerunt
1668 4518 1762 4564 voces
1783 4509 1815 4562 et
1829 4499 1948 4581 lampa·
1977 4530 2066 4577 aaa
2078 4549 2119 4584 u.

406 4603 605 4663 tabernaculi
614 4612 642 4664 et
653 4602 821 4675 altaris,id
835 4612 883 4665 est
899 4603 1038 4667 cortinas
1054 4611 1150 4685 atque
1203 4603 1270 4679 des,
1286 4609 1318 4664 ot
1333 4601 1456 4665 sonitus
1471 4599 1667 4676 buccinam
1682 4598 1796 4681 ingens
1812 4598 1896 4678 ignis
1910 4616 1947 4661 ac
1963 4594 2003 4698 {3
2015 4602 2120 4648 ¹¹¹³*-

405 4698 570 4762 columnas
585 4719 622 4763 ex
639 4707 774 4783 utroque
790 4701 888 4764 latere
908 4701 1024 4764 atrium
1042 4702 1148 4783 ipsum
1204 4700 1324 4778 lamus,
1341 4700 1433 4782 quasi
1458 4700 1498 4762 de
1522 4696 1652 4762 fornace
1676 4715 1946 4780 erumpensque

406 4797 588 4861 claudentes
600 4798 684 4862 circa
696 4798 936 4861 tabernaculum
948 4808 980 4863 et
992 4800 1091 4863 altare
1104 4800 1151 4863 in-.
1203 4800 1310 4865 omnia
1325 4808 1416 4863 erant
1429 4798 1547 4862 divina
1562 4797 1654 4879 signa
1668 4796 1846 4880 prasentia
1858 4814 1865 4858 :
1879 4794 1948 4877 qui·

406 4896 1151 4975 censi3cluctoinintroituejustentoriaidest
1203 4900 1264 4963 bus
1289 4917 1353 4963 non
1378 4898 1589 4973 obstantibus,
1614 4896 1733 4978 Moyses
1758 4895 1889 4959 intravit
1913 4894 1946 4956 in

407 4993 477 5057 velo
488 5003 587 5058 tracto
597 5014 652 5058 seu
662 5013 799 5077 expanso
809 5005 883 5059 ante
894 4996 1058 5059 introitum
1069 4998 1149 5060 atrii
1203 4998 1404 5061 altitudinem
1420 4996 1593 5073 montisel
1610 4994 1799 5076 loquebatur
1815 4993 1950 5057 lamilia-

283 5104 380 5149 ‘omnia
447 5097 623 5175 Postquam
637 5096 776 5155 cuncta*
786 5097 932 5174 perfecta
945 5105 1030 5167 sunt,
1044 5096 1077 5159 id
1092 5106 1149 5174 est,
1205 5098 1282 5160 riter
1302 5098 1347 5160 ibi
1368 5117 1441 5160 cum
1463 5096 1527 5159 Deo
1547 5104 1689 5176 tempore
1710 5094 1816 5175 longo.
1833 5093 1950 5155 Secum

408 5194 515 5256 statim
541 5203 576 5256 ut
600 5193 707 5257 omnia
729 5192 789 5256 ista
814 5194 969 5276 disposita
994 5203 1025 5258 ct
1049 5195 1152 5260 locata
1205 5196 1443 5279 dumest,quod
1457 5196 1502 5258 ait
1518 5194 1666 5258 nebulam
1684 5212 1749 5257 non
1763 5193 1949 5256 obscurasse

408 5294 737 5373 suntoperuttnuoes
754 5295 996 5355 tabenensium
1015 5294 1152 5356 testimo·
1206 5296 1404 5360 sacerdotum
1429 5294 1626 5377 adspectum.
1644 5291 1807 5374 Siquidem
1831 5308 1889 5373 pro
1910 5307 1950 5352 eo
