4309 6259
590 487 767 534 anuarino
788 487 818 531 nr
839 485 907 531 cnr.
930 485 1008 531 xxm
1028 486 1130 532 asom.
1151 506 1191 519 ·-
1211 490 1282 536 sar.
1306 491 1376 538 sarr
1714 479 1753 543 &3

205 662 369 721 concedent
390 662 495 722 bestiae
515 662 600 739 apri.
617 660 671 721 Ita
685 658 787 737 saties
802 659 838 717 irc
860 658 954 717 vinea
970 653 996 717 A
1049 662 1117 720 Sea·
1130 662 1241 721 diebus
1255 665 1582 742 operaberia,septinw
1592 667 1645 725 die
1660 686 1755 727 cessa·

204 766 234 818 et
250 760 288 819 in
304 760 418 819 oliveto
441 769 504 821 tao.
522 758 634 821 Beatm
655 755 852 838 Augustinus
872 754 957 817 eirca
1010 758 1067 817 bis.
1084 756 1169 819 lstud
1186 768 1379 841 praeceptum
1395 779 1460 843 prae
1479 762 1593 824 ceteris
1609 760 1755 844 frequen-

204 855 272 918 baec
288 856 414 937 quaerit,
433 856 511 939 quid
532 874 688 939 pauperes
703 853 826 916 Iudaici
843 851 954 935 populi
1007 863 1057 918 ter
1072 856 1241 937 repetitur:
1254 858 1346 939 cujus
1358 877 1481 938 sensus,
1492 860 1755 943 repetitionisque

204 954 417 1019 comedebant
446 975 484 1019 ex
511 953 656 1034 frugibus
683 962 774 1015 terra
803 950 955 1013 ditiorum
1010 953 1102 1031 ratio,
1112 953 1144 1016 in
1156 955 1355 1037 expositione
1364 958 1496 1041 capituli
1510 958 1753 1037 vicesimi,alibi

204 1053 342 1135 septimo
365 1073 462 1132 anno,
480 1053 507 1115 si
529 1060 612 1115 terra
627 1050 696 1133 ipsa
711 1069 796 1113 anno
817 1049 955 1131 septimo
1008 1070 1137 1133 quoque
1159 1053 1236 1117 hinc
1259 1055 1334 1118 inde
1350 1056 1516 1138 praehabiti
1532 1065 1618 1120 sunt.
1635 1059 1753 1122 Tamen

204 1170 267 1215 uon
284 1152 515 1229 seminabatur,
533 1150 664 1233 quiade
681 1158 765 1213 terra
780 1168 845 1212 non
861 1148 954 1211 semi·
1008 1152 1094 1231 quod
1110 1152 1229 1216 dicitur
1249 1154 1312 1232 hic,
1330 1165 1367 1215 ut
1387 1159 1561 1237 requiescat
1580 1160 1632 1218 bos
1647 1168 1677 1219 et
1692 1159 1754 1219 asi·

203 1257 278 1312 nata
292 1250 340 1312 nil
355 1259 479 1332 poterat
489 1248 646 1332 accipi,in
657 1266 722 1329 qua
732 1255 854 1329 segetes
865 1245 952 1309 nasci
1009 1270 1070 1309 nus
1097 1262 1181 1323 tuus,
1209 1264 1245 1313 ut
1269 1257 1480 1333 refrigeratur
1504 1259 1596 1334 filices
1624 1259 1754 1318 ancillae

202 1366 266 1411 non
284 1350 532 1431 poteraut.llinc
542 1348 738 1429 Augustinus
749 1345 952 1428 sensit,quod
1009 1358 1072 1409 tuae
1086 1359 1116 1410 ct
1131 1354 1257 1413 advena
1272 1369 1284 1412 .·
1300 1369 1364 1414 non
1384 1362 1433 1415 est
1452 1353 1640 1436 principalis
1658 1374 1753 1418 causa

202 1456 286 1510 terra
302 1448 401 1511 etiam
417 1447 555 1531 septimo
565 1464 650 1509 anno
660 1445 887 1521 seminabatur,
897 1444 952 1507 sed
1008 1446 1104 1527 hujus
1124 1449 1286 1530 precepti,
1308 1449 1596 1533 celebrationisque
1615 1452 1750 1534 sabbati,

201 1565 272 1627 quaa
288 1547 515 1624 nascebantur,
533 1565 599 1610 non
618 1544 851 1626 colligebantur
866 1562 885 1604 a
900 1544 953 1605 do
1008 1545 1062 1607 sed
1078 1546 1275 1624 secundaria,
1293 1549 1468 1612 accessoria
1483 1558 1515 1613 et
1530 1570 1663 1615 annexa.

200 1644 298 1707 minis
320 1646 465 1728 ipsorum
493 1662 652 1724 agrorum,
671 1642 737 1706 imo
757 1641 952 1724 pauperibus
1049 1646 1167 1705 Omnia
1182 1666 1254 1724 quoe
1268 1647 1343 1705 diui
1357 1649 1456 1719 vobis,
1471 1654 1625 1711 custodite
1638 1650 1672 1712 in
1687 1670 1753 1715 rne-

199 1744 385 1825 colligenda
406 1754 438 1808 et
463 1744 587 1807 edenda
606 1741 861 1807 dimittebantur.
879 1740 951 1803 ldeo
1007 1742 1109 1805 moria
1129 1751 1162 1806 et
1182 1742 1315 1821 effectu,
1333 1744 1409 1826 quia
1429 1764 1493 1810 non
1511 1746 1636 1812 suflicit
1651 1769 1751 1813 unum

199 1842 322 1905 dictum
345 1851 405 1920 est,
423 1842 565 1924 Septimo
588 1858 673 1904 anno
699 1838 841 1901 dimittes
866 1857 948 1915 eam,
968 1842 990 1903 Β
1007 1841 1075 1903 sine
1090 1842 1153 1905 alio
1169 1843 1329 1906 custodire
1345 1853 1487 1926 ternpore
1502 1856 1695 1929 opportuno.
1707 1852 1751 1911 Et

198 1940 232 2003 id
247 1950 296 2004 est
311 1960 385 2023 quae
401 1948 575 2005 nascuntur
591 1940 624 2002 in
641 1959 688 2015 ea,
702 1947 733 2001 et
749 1937 949 2019 requiescere
1002 1944 1207 2017 perconcino
1217 1951 1422 2005 aeternorum
1431 1948 1576 2018 deorum
1589 1946 1622 2008 id
1633 1956 1682 2010 est
1694 1967 1752 2030 per

199 2040 298 2104 facies
321 2047 479 2123 quantum
499 2039 539 2102 ad
559 2039 631 2116 hoc,
649 2038 735 2120 quod
751 2035 833 2098 nibil
854 2036 950 2117 depo-
1006 2037 1105 2102 falsos
1120 2040 1197 2104 deos
1212 2060 1269 2103 seu
1284 2040 1380 2119 idola,
1392 2064 1457 2103 aaa
1464 2045 1637 2121 jurabitis,
1652 2067 1752 2127 nequa

200 2160 257 2202 nas
276 2149 333 2203 aut
351 2140 444 2203 tollas
464 2140 504 2202 de
523 2157 571 2201 ea.
589 2138 678 2201 Hunc
699 2155 828 2200 sensum
844 2135 950 2217 sequi·
1005 2140 1161 2200 audietur
1184 2161 1224 2200 aa
1248 2160 1301 2200 ore
1326 2152 1426 2202 vestro
1451 2142 1514 2206 talc
1534 2143 1751 2225 juramentum

199 2248 250 2302 tur
264 2239 388 2315 Glossa,
405 2256 476 2319 quas
491 2237 569 2301 dicit
584 2254 681 2319 super
698 2234 789 2311 illud,
808 2234 950 2315 Septimo
1006 2254 1062 2298 seu
1086 2237 1231 2316 verbum,
1255 2257 1312 2320 per
1337 2239 1422 2320 quod
1447 2240 1566 2304 directe
1591 2243 1751 2305 inducatis

196 2357 283 2402 anno
300 2338 443 2401 dimittes
457 2355 539 2414 earn,
558 2334 665 2411 idest,
688 2332 873 2410 seminabis,
893 2334 947 2395 sed
1004 2334 1136 2399 aliosad
1150 2336 1323 2417 jurandum
1338 2356 1396 2418 per
1410 2346 1533 2402 exteros
1548 2342 1751 2406 deoslurare

198 2456 263 2502 non
287 2436 433 2518 colliges.
458 2436 553 2499 Porro
578 2433 701 2497 llcbraei
730 2450 767 2495 ac
791 2432 947 2514 Iosephus
1006 2452 1144 2516 namque
1160 2443 1209 2498 est
1228 2434 1433 2499 infallibilem
1454 2438 1621 2502 veritatem
1642 2442 1751 2504 omnia

197 2538 321 2615 dieunt,
335 2535 423 2617 quod
438 2534 575 2616 septimo
590 2550 686 2609 anno,
696 2531 754 2613 qui
769 2531 831 2593 fuit
846 2549 949 2593 annus
1005 2531 1194 2610 intuentem,
1211 2533 1361 2597 videlicet
1383 2534 1493 2614 Deum,
1511 2537 1545 2599 in
1569 2546 1678 2603 testem
1702 2560 1751 2604 as-

197 2635 423 2718 requictioniS,
440 2652 505 2697 non
520 2632 613 2695 licuit
628 2632 798 2707 seminare,
816 2638 848 2693 et
863 2628 949 2710 quod
1005 2650 1141 2695 sumere.
1165 2633 1237 2696 ldeo
1261 2651 1319 2714 per
1342 2632 1440 2697 falsos
1465 2637 1542 2700 deos
1559 2637 1679 2720 jurare,
1702 2649 1750 2702 est

195 2754 235 2799 ea
248 2754 322 2818 quae
337 2740 451 2816 sponte
468 2731 691 2807 nascebantur,
702 2729 948 2791 dimittebantur
1004 2730 1050 2793 eis
1079 2731 1260 2794 adscribere
1288 2740 1321 2794 et
1345 2734 1555 2798 reverentiam
1585 2737 1746 2814 exhibere,

196 2832 407 2917 pauperibus,
419 2838 516 2912 atque
530 2829 617 2912 quod
633 2828 699 2891 illis
715 2826 886 2910 superfuit,
900 2826 947 2888 di·
1004 2848 1075 2911 quaa
1096 2830 1159 2893 Deo
1181 2849 1257 2894 vero
1276 2830 1442 2895 debentur.
1464 2834 1530 2898 lmo
1545 2835 1629 2898 sieut
1640 2837 1748 2918 jurare

196 2932 387 2996 mittebatur
416 2929 529 2993 bestiis
558 2926 674 3010 campi.
702 2926 756 2988 llis
787 2926 948 2991 consentit
1005 2929 1142 2993 inaniter
1164 2937 1212 2993 est
1236 2938 1347 2993 contra
1370 2942 1564 3014 preceptum
1586 2936 1745 3013 divinum,

196 3032 346 3113 Magister
366 3031 401 3092 in
421 3027 575 3104 historiis,
598 3028 733 3091 dicens:
757 3026 790 3089 Si
813 3027 892 3108 quid
914 3027 984 3094 inG
1004 3028 1048 3090 ita
1071 3028 1217 3090 ordinate
1240 3028 1347 3109 jurare
1375 3031 1460 3092 cadit
1489 3032 1549 3094 sub
1574 3043 1744 3117 praecepto,

197 3132 338 3213 septimo
352 3146 438 3192 anno
459 3148 497 3190 ex
520 3126 690 3210 preteritis
710 3124 857 3206 frugibus
877 3145 947 3189 suc·
1003 3134 1035 3189 et
1057 3134 1147 3189 actus
1172 3133 1221 3189 est
1245 3126 1344 3189 latrice
1370 3145 1377 3189 :
1399 3128 1471 3193 idco
1496 3130 1555 3194 soli
1580 3132 1644 3196 [leo
1670 3153 1746 3198 vero

196 3230 348 3307 creverit,
372 3228 541 3291 comedent
565 3244 721 3308 pauperes
745 3225 868 3307 populi,
885 3234 946 3288 ete.
1003 3234 1051 3287 est
1072 3225 1316 3307 impendendus,
1339 3226 1384 3289 ita
1399 3237 1435 3290 ut
1450 3247 1507 3311 per
1522 3248 1596 3292 eum
1614 3232 1655 3294 ad
1675 3233 1746 3316 ejus

80 3363 106 3391 a·
196 3331 253 3393 His
268 3329 380 3393 favere
396 3326 522 3390 videtur
543 3325 623 3387 illud
639 3324 772 3389 Levitici
791 3342 798 3385 :
816 3323 946 3398 Quando
1003 3324 1214 3387 reverentiam
1230 3324 1298 3387 fiat.
1315 3323 1456 3398 Qualiter
1469 3337 1576 3391 autem
1596 3329 1690 3394 liceat
1705 3332 1746 3395 ab

44 3413 80 3453 ³·
196 3429 338 3511 ingressi
364 3424 491 3490 fueritis
517 3433 632 3488 terram
662 3442 759 3505 quam
783 3441 841 3504 ego
866 3424 948 3487 dabo
1003 3422 1180 3487 idololatris
1199 3442 1326 3487 sumere
1339 3424 1556 3505 juramentum
1575 3448 1632 3511 per
1647 3429 1746 3494 falsos

194 3528 302 3606 vobis,
321 3526 537 3590 sabbatizatur
551 3524 718 3587 sabbatum
734 3523 948 3587 DominoSex
1002 3522 1078 3585 deos
1097 3531 1128 3585 et
1148 3522 1243 3600 idola,
1260 3524 1353 3586 docet
1369 3523 1565 3606 Augustinus
1584 3529 1624 3590 ad
1640 3529 1747 3592 Publi-

192 3627 290 3692 annis
307 3643 395 3689 seres
410 3640 523 3703 agrurn
538 3630 640 3697 tunm,
658 3629 689 3683 et
705 3640 759 3683 sex
778 3620 872 3683 annis
889 3640 946 3702 pu·
1003 3621 1105 3684 colam
1120 3620 1275 3700 scribens,
1291 3630 1323 3685 et
1338 3622 1475 3686 Thomas
1492 3626 1527 3687 in
1543 3629 1683 3691 secunda
1698 3648 1747 3692 so-

195 3727 280 3790 tabis
296 3726 425 3789 vineam
447 3731 554 3796 tuam}
572 3719 708 3802 septimo
729 3738 813 3783 anno
838 3719 947 3781 sabba·
1002 3721 1311 3801 cundre‚qusastione
1325 3721 1375 3800 98,
1386 3722 1512 3804 plenius
1527 3725 1587 3788 hoc
1602 3728 1743 3808 exponit.

194 3835 263 3889 turn
280 3824 345 3889 erit
361 3832 453 3886 terrae
467 3819 612 3884 Domino.
631 3818 749 3900 Agrum
766 3836 830 3881 non
847 3838 943 3897 seres,
1003 3818 1054 3881 Sic
1069 3818 1218 3900 equidem
1233 3819 1308 3882 licet
1325 3820 1397 3897 hoc,
1414 3820 1497 3884 sicut
1516 3822 1591 3887 licet
1610 3824 1651 3887 ab
1671 3846 1746 3888 usu-

192 3934 227 3989 et
242 3924 373 3988 vineam
389 3940 454 3985 non
471 3918 614 4001 putabis3
627 3936 698 4000 quae
714 3926 827 3999 sponte
842 3916 946 3998 gignit
1003 3917 1096 3979 rariis
1111 3917 1280 3999 pecuniam
1300 3919 1361 3981 sub
1380 3939 1476 3983 usura
1495 3921 1650 4004 accipere.
1668 3924 1745 3987 Nam

193 4026 327 4101 humus,
356 4038 421 4083 uon
446 4026 557 4081 metes.
576 4016 654 4079 Huic
679 4034 808 4098 quoque
835 4015 943 4079 sensui
1002 4033 1086 4077 unus
1105 4024 1209 4097 potest
1227 4016 1312 4081 malo
1333 4017 1464 4081 alterius
1486 4021 1533 4082 uti
1555 4020 1589 4083 in
1610 4023 1743 4101 bonum,

193 4119 519 4188 consentitAudreas.
529 4115 726 4196 Augustinus
742 4133 817 4178 vero
832 4124 864 4177 et
874 4133 947 4177 eum
1001 4115 1272 4195 quemadmodum
1292 4116 1389 4179 etiam
1411 4117 1492 4181 [leus
1514 4138 1552 4183 ex
1574 4120 1668 4184 malis
1690 4122 1746 4186 bo-

194 4228 381 4303 scquenteS,
409 4222 573 4298 exponunt
597 4214 643 4277 sic
665 4231 672 4275 :
696 4214 838 4295 Septimo
863 4232 947 4277 anno
966 4212 1126 4281 liminum
1145 4212 1233 4276 elicit
1257 4216 1358 4277 multa
1378 4215 1481 4292 bona3
1508 4219 1563 4281 sed
1584 4228 1649 4284 non‘
1669 4221 1745 4285 licet

193 4340 263 4385 non
289 4337 388 4395 seres,
406 4315 556 4379 videlicet
580 4312 651 4377 tibi.
669 4312 823 4376 Similiter
850 4312 947 4377 facies
1002 4310 1186 4375 idololatras
1204 4315 1244 4377 ad
1264 4314 1326 4376 tale
1347 4314 1498 4380 inducero
1512 4317 1741 4399 juramentum.

194 4421 230 4482 in
247 4418 344 4482 vinea
362 4424 394 4479 et
407 4415 538 4490 oliveto,
556 4421 591 4476 ut
607 4412 730 4475 scilieet
745 4412 883 4494 septimo
894 4431 948 4475 au·
1045 4414 1160 4473 Tritia
1175 4415 1298 4473 viciose
1309 4417 1527 4491 persingulas
1542 4438 1643 4479 annos
1660 4422 1746 4480 mibi

193 4538 239 4582 no
255 4534 323 4580 non
338 4521 491 4597 putentur
507 4530 611 4593 neque
630 4510 786 4587 colantur,
805 4530 864 4573 nec
881 4510 947 4573 fru-
1001 4514 1085 4590 festa
1098 4512 1304 4584 cenoraottts,
1320 4510 1354 4573 id
1369 4519 1428 4590 est,
1441 4514 1585 4594 quolibet
1598 4536 1684 4583 anuo
1698 4538 1747 4582 ce·

192 4626 268 4682 ctus
293 4632 406 4679 eorum
430 4611 563 4676 domino
581 4610 684 4673 vinem
704 4618 736 4673 et
761 4609 870 4673 oliveti
895 4630 948 4693 ap
1001 4607 1133 4672 lebriter
1146 4608 1248 4691 agatis
1267 4616 1330 4671 tres
1350 4610 1557 4677 solennitates
1574 4616 1743 4697 notabiles,

192 4713 418 4800 propriantur,
441 4711 496 4774 sed
522 4708 717 4792 pauperibus
742 4707 948 4771 dimittantur
1002 4726 1260 4790 unamquamque
1276 4716 1417 4790 tempore
1433 4728 1501 4787 suo,
1513 4712 1554 4774 ad
1569 4714 1745 4796 maJestatis

191 4823 253 4879 aut
266 4810 559 4877 communicentur.
571 4807 629 4871 Per
642 4807 761 4870 bestias
777 4824 852 4869 vero
863 4806 945 4889 agri,
1002 4825 1082 4870 meas
1099 4805 1233 4887 gloriam
1248 4815 1281 4868 et
1295 4806 1459 4870 honorem.
1477 4810 1520 4873 lle
1539 4829 1675 4892 quarum
1695 4834 1744 4880 so·

192 4924 263 4978 tam
289 4908 466 4975 domestica
490 4925 587 4988 quam
607 4905 767 4969 silvestria
785 4905 879 4967 bruta
900 4905 948 4968 in·
1002 4905 1192 4969 lennitatum
1212 4904 1316 4987 prima
1335 4906 1541 4989 subjungitur
1565 4928 1572 4972 :
1595 4916 1746 4977 Solen-ni-

193 5011 401 5091 telliguntur.
419 5005 527 5069 llefert
538 5004 705 5086 Iosephus,
718 5004 804 5085 quod
820 5005 949 5085 quando
1004 5015 1100 5067 tatem
1122 5008 1324 5082 Azymorum
1344 5010 1518 5080 custodias,
1539 5008 1571 5072 id
1593 5021 1653 5090 eat,
1669 5033 1749 5096 praa-

191 5109 298 5176 Judaei
325 5108 412 5171 istud
433 5102 612 5180 servabant,
630 5102 739 5185 fruges
765 5102 845 5165 sexti
871 5104 948 5165 anni
1003 5104 1089 5186 cipio
1108 5102 1167 5165 tibi
1188 5111 1224 5165 ut
1247 5104 1336 5166 omni
1360 5124 1445 5170 anno
1469 5109 1603 5172 servetis
1628 5110 1745 5177 fastum

192 5208 410 5276 abundabant
423 5213 486 5268 tam
497 5203 633 5285 copiose,
641 5202 726 5284 quod
739 5201 947 5265 sufficiebant
1003 5203 1162 5286 paschale,
1189 5201 1223 5264 in
1252 5221 1316 5283 quo
1345 5205 1462 5286 azymis
1491 5208 1628 5289 panibus
1657 5215 1744 5278 vesci

193 5329 258 5397 pro
273 5304 508 5372 sustentatione
522 5301 599 5366 anui
616 5302 744 5385 septimi
760 5309 792 5364 et
807 5300 923 5366 octavi.
1004 5300 1138 5365 debetis.
1149 5302 1239 5365 Unde
1253 5301 1458 5384 subjungitur
1475 5308 1623 5384 :Septem
1636 5313 1748 5373 dobes

325 5442 361 5494 'l'-
378 5440 403 5491 2.
1609 5444 1624 5493 3
