4309 6259
454 516 514 580 438
796 534 968 580 euschemo
989 534 1019 580 tlt
1041 534 1109 579 CAP-
1132 532 1186 579 XXl
1207 532 1404 578 NUMERDMUM.
1426 550 1467 561 -
1488 530 1558 576 ΛΒΤ.
1582 531 1665 578 XXXV

455 725 549 769 cruce
569 705 750 781 levandum,
767 724 825 788 por
850 705 942 787 cujus
967 706 1151 787 adspectum
1169 710 1201 765 et
1216 700 1241 761 A
1258 712 1289 764 et
1304 721 1410 765 eremo
1426 703 1590 765 ldumaeae:
1607 721 1725 779 eremo,
1743 701 1885 783 inquam,
1903 702 1998 783 respi-

454 804 705 867 recordetionem
731 823 787 866 seu
811 804 1061 885 speculationem
1088 821 1201 865 sanan-
1256 801 1361 863 ciente
1383 801 1583 863 Moabitidem
1608 801 1768 881 regionem
1792 819 1830 862 ex
1854 800 1996 882 opposito

455 908 506 965 tur
522 901 635 966 fideles
651 922 669 964 a
684 901 869 965 laesionibus
880 902 1142 978 demonum,hoc
1153 909 1201 963 est
1256 900 1399 964 orientis
1421 900 1510 962 Unde
1530 900 1736 981 Septuaginta
1759 899 1994 974 transtulerunt,

453 1000 614 1065 morsibus
630 1000 791 1064 vitiorum.
804 1002 884 1065 Minc
895 1000 999 1064 iactus
1010 1010 1057 1064 est
1069 1018 1200 1081 serpens
1256 1000 1371 1062 Contra
1386 999 1463 1062 solis
1478 1008 1595 1061 ortum.
1608 1000 1723 1061 Dicunt
1738 998 1839 1080 aliqui
1854 999 1996 1079 quodie

453 1099 508 1163 ille
523 1100 563 1161 de
577 1117 649 1176 ere,
667 1100 753 1180 quod
769 1099 950 1164 durativum
967 1108 1013 1161 est
1028 1100 1121 1181 valde
1137 1116 1201 1179 prro
1256 1098 1378 1160 abarim
1401 1097 1465 1158 sint
1487 1097 1558 1159 duae
1583 1097 1740 1160 dictiones
1760 1096 1910 1173 Hebraeae,
1930 1116 1996 1177 quc

452 1197 566 1261 ceteris
587 1197 736 1274 metallis,
754 1198 850 1261 etiam
867 1200 905 1261 ad
927 1196 1199 1280 praefigurandum
1257 1196 1513 1277 interpretantur,
1526 1196 1559 1257 ln
1576 1195 1803 1258 solitudinibus
1816 1195 1955 1271 Abarim,
1967 1204 1996 1257 et

453 1295 675 1359 invincibilem
707 1295 939 1373 fortitudinem,
973 1295 1201 1359 inconcussibi-
1256 1294 1342 1377 quod
1367 1294 1494 1357 Abarim
1522 1311 1638 1357 nomen
1663 1296 1705 1356 sit
1729 1293 1861 1371 montis,
1879 1294 1913 1355 in
1934 1313 1995 1375 quo

454 1395 582 1476 lemque
598 1394 810 1457 constantiam
829 1394 1000 1459 Salvatoris
1018 1413 1025 1456 ε
1043 1413 1099 1476 per
1114 1395 1200 1477 quod
1256 1393 1427 1456 defunctus
1442 1401 1491 1455 est
1506 1392 1635 1475 Moyses.
1652 1393 1740 1456 Unde
1761 1392 1793 1455 in
1810 1394 1995 1455 Deuterono

454 1501 540 1577 patct
555 1494 594 1556 ad
616 1494 791 1555 secundum
813 1494 989 1574 responsio.
1003 1494 1050 1555 Ad
1071 1494 1200 1556 tertium
1256 1493 1321 1555 mio
1332 1493 1484 1555 Dominus
1495 1492 1636 1573 loquitur
1651 1492 1680 1555 ei
1694 1491 1853 1555 :Ascende
1869 1492 1902 1553 in
1913 1512 1994 1554 mon·
2029 1513 2080 1554 mr.

454 1610 528 1655 vero
545 1591 824 1673 dicendum‚quod
835 1593 873 1655 ad
890 1592 1028 1654 litteram
1041 1591 1102 1654 suit
1118 1592 1202 1655 leva·
1259 1601 1319 1654 tem
1339 1592 1424 1654 hunc
1446 1590 1586 1653 Abarim.
1604 1595 1647 1652 Et
1665 1594 1742 1651 inde
1766 1602 1936 1661 moerentes,
1950 1613 1994 1650 ee-
2006 1592 2059 1619 ¹¹¹¹'·
2073 1580 2096 1616 ⁸²¹·

455 1698 504 1751 tus
520 1688 783 1770 utadspioerctur
800 1690 939 1771 longeac
956 1692 1017 1754 lete
1029 1691 1199 1765 scunctis3
1256 1701 1376 1751 nerunt
1399 1693 1443 1750 oet
1465 1700 1633 1751 torrentem
1651 1694 1768 1761 Zered,
1785 1709 1892 1770 quem,
1911 1698 1943 1751 ut
1963 1690 1992 1750 in

454 1786 588 1871 mystice
603 1795 720 1866 autem,
737 1796 771 1849 ut
785 1787 900 1851 Christi
924 1789 955 1850 in
976 1808 1070 1852 cruce
1085 1790 1202 1852 exalta·
1257 1788 1399 1851 historiis
1415 1787 1527 1849 scribit
1537 1788 1691 1868 Magister,
1701 1787 1897 1850 transierunt
1907 1786 1995 1850 siccis

319 1901 439 1949 remen.
456 1886 574 1949 tionem
592 1885 742 1967 signaret,
760 1906 858 1968 quum
875 1887 1010 1969 ipsemet
1024 1888 1126 1951 dicat:
1141 1888 1202 1951 Sic·
1221 1883 1402 1969 Bpedibus‚
1434 1887 1701 1968 quemadmodum
1732 1905 1819 1949 mare
1848 1885 1993 1949 Rubrum.

309 1966 342 2006 ¹⁸
455 1994 490 2048 ul
505 1984 623 2065 Moyses
640 1984 789 2047 exultavit
804 1994 983 2069 serpentem
1008 1987 1040 2049 iu
1063 1988 1200 2063 deserto,
1259 1990 1358 2055 Quem
1373 1988 1601 2063 relinquentes,
1613 1988 1833 2045 castrametati
1841 1995 1919 2045 sunt
1932 2006 1998 2045 con-

456 2083 500 2145 ita
530 2083 660 2146 exaltari
687 2092 811 2165 oportet
836 2084 950 2146 Filium
977 2085 1128 2149 hominis.
1156 2087 1202 2148 Ad
1260 2095 1311 2145 tra
1334 2089 1458 2145 Arnon.
1476 2083 1590 2146 Dicunt
1615 2083 1774 2160 nonnulli,
1792 2084 1878 2164 quod
1898 2085 1997 2145 Arnon

456 2191 605 2263 quartum
630 2182 725 2243 etiam
752 2182 934 2260 dicendum,
961 2184 1047 2264 quod
1072 2202 1203 2265 serpens
1259 2182 1301 2244 sit
1321 2182 1434 2245 civitas
1459 2182 1574 2244 situata
1595 2182 1627 2243 in
1650 2181 1833 2245 solitudine.
1850 2182 2000 2263 losepbus

456 2279 551 2343 ctiam
576 2278 608 2341 in
633 2279 718 2342 bono
742 2280 909 2362 accipitur,
927 2300 1026 2363 quum
1052 2282 1203 2345 Dominus
1259 2300 1335 2344 vero
1352 2289 1495 2355 testatur,
1505 2282 1590 2362 quod
1607 2282 1713 2343 Arnon
1731 2280 1773 2342 sit
1789 2278 1912 2342 flumen
1922 2300 2000 2343 oma-

332 2392 441 2443 utrina,
457 2379 639 2442 exhortetur
653 2395 659 2441 :
673 2378 779 2442 Estote
795 2380 968 2461 prudentes
983 2379 1205 2463 sicutserpen-
1262 2400 1343 2443 nans
1358 2380 1398 2441 ab
1415 2378 1538 2441 traete
1552 2378 1728 2455 montibuS,
1740 2398 1777 2441 ac
1793 2378 1940 2441 defluens
1949 2398 2002 2461 per

312 2458 344 2498 ¹⁶·
457 2486 515 2553 teS,
533 2485 593 2540 etc.
1260 2474 1420 2535 desertum
1447 2491 1549 2554 usque
1571 2473 1604 2534 in
1627 2481 1773 2552 stagnum
1794 2473 1999 2554 Asphaltiten,

505 2576 636 2657 lnsuper
655 2574 822 2656 quaeritur,
847 2595 910 2657 qua
930 2576 1048 2640 virtute
1073 2597 1205 2659 serpens
1260 2568 1406 2632 dividens
1435 2566 1634 2630 Moabitidem
1665 2576 1761 2649 atquo
1785 2568 1999 2630 Armeniacam

458 2674 513 2736 ille
528 2673 885 2755 curavitadspicientes.
898 2676 1203 2758 Etrespondendum
1260 2667 1421 2749 regionem
1441 2674 1497 2729 :et
1517 2665 1599 2729 forte
1619 2667 1679 2730 1100
1700 2685 1816 2729 nomen
1836 2668 1943 2730 Arnon
1962 2668 1998 2729 ad

458 2772 544 2853 quod
559 2789 623 2834 non
639 2791 781 2854 serpens,
794 2774 850 2836 sed
862 2774 1013 2837 Dominus
1029 2774 1101 2837 illos
1117 2794 1206 2837 sana·
1260 2774 1431 2846 uirumque
1455 2764 1653 2845 equivocum
1679 2773 1737 2827 est·
1764 2766 1859 2827 Multa
1883 2765 1999 2847 quippe

458 2870 724 2951 vit,inquantum
740 2891 779 2933 ex
793 2872 975 2935 obedientia
986 2872 1206 2955 adspicicbant
1260 2863 1424 2945 significat
1447 2865 1565 2938 Arnon,
1582 2864 1678 2926 eiiam
1699 2873 1813 2946 preter
1834 2864 1904 2926 ista.
1926 2865 1997 2927 Nam

458 2968 548 3030 illum
576 2977 754 3050 serpentem
785 2989 858 3032 cum
883 2970 1050 3053 culparum
1075 2989 1204 3033 suarum
1261 2983 1356 3045 super
1372 2962 1450 3025 illud
1473 2962 1579 3039 Amos,
1596 2961 1810 3044 Projicicmini
1833 2963 1866 3025 in
1882 2963 1997 3036 Arnon,
2012 2984 2118 3030 isnin.

459 3065 687 3147 recognitione,
714 3066 918 3145 contritione,
942 3088 979 3131 ac
1004 3068 1205 3132 invocatione
1222 3072 1244 3134 C
1260 3062 1468 3144 Hiemnymus
1498 3079 1555 3143 pm
1577 3060 1685 3123 Arnon
1715 3060 1865 3142 inlelligit
1894 3062 1998 3123 Arme·

459 3164 586 3247 pietatis
602 3164 731 3228 divinas.
748 3165 786 3227 Et
800 3166 946 3247 quamvis
963 3166 1032 3229 sine
1048 3166 1206 3249 serpentis
1261 3161 1358 3222 niam·
1381 3159 1587 3241 Symmachus
1611 3178 1739 3240 quoque
1761 3159 1880 3221 ibidem
1904 3168 2000 3221 trans-

459 3263 664 3345 ndspectione
683 3272 806 3345 poterat
821 3264 972 3327 Dominus
993 3265 1065 3328 illos
1082 3285 1203 3341 curare,
1262 3260 1345 3335 tulit,
1363 3259 1395 3321 ln
1419 3258 1621 3332 Armeniam3
1641 3267 1736 3339 atquo
1760 3267 1796 3319 ut
1821 3257 1866 3320 ibi
1891 3258 2001 3321 asserit

461 3370 566 3423 tamen
582 3360 623 3423 ob
638 3380 749 3423 causes
764 3370 930 3443 praetactas
945 3364 1046 3425 voluit
1063 3364 1121 3427 hoc
1136 3383 1204 3427 mo·
1260 3358 1380 3432 GiOSSm
1398 3357 1504 3419 ᾹΓΠΟΠ
1528 3365 1577 3418 esi
1595 3356 1682 3438 1'0850
1706 3355 1789 3418 uilla
1808 3366 1933 3420 mmmm
1948 3356 2001 3417 Me-

460 3459 501 3522 do
516 3459 701 3541 impendere
722 3459 924 3523 medicinam.
943 3462 975 3523 ln
998 3471 1083 3524 textu
1099 3470 1204 3525 autem
1262 3456 1372 3518 domm
1389 3463 1419 3517 et
1436 3456 1612 3517 Persarum·
1626 3458 1703 3523 Qnee
1718 3455 1825 3516 Arnon
1839 3466 1886 3515 est
1901 3458 1937 3515 in
1951 3459 2000 3514 dc

461 3576 524 3621 non
549 3557 677 3639 legitur,
693 3578 733 3620 an
752 3559 893 3621 nondum
914 3560 1054 3641 percussi
1075 3580 1206 3643 praeser-
1260 3564 1341 3615 serto
1361 3552 1505 3635 prelato,
1522 3564 1551 3613 et
1568 3556 1741 3630 prorrainet,
1760 3553 1792 3615 id
1814 3563 1874 3630 est,
1893 3553 1999 3634 procul

460 3656 616 3721 rebantur
631 3676 650 3719 a
666 3656 861 3739 serpentium
872 3658 1078 3739 percussione
1093 3678 1131 3721 ex
1142 3678 1206 3721 sor·
1261 3653 1311 3715 vel
1327 3652 1367 3713 ab
1383 3652 1447 3715 alto
1463 3659 1605 3734 apparet,
1623 3654 1660 3711 in
1674 3654 1794 3728 finibus
1809 3654 1997 3714 Aaronem.

459 3754 564 3836 pontis
588 3754 676 3815 illius
696 3754 839 3817 intuitu:
862 3762 894 3817 et.
915 3754 996 3819 torte
1019 3757 1104 3837 quod
1128 3757 1202 3833 imo,
1263 3752 1432 3829 Siquidem
1447 3753 1574 3821 Arnon,
1592 3758 1686 3832 prout
1707 3750 1759 3813 hic
1778 3750 1926 3826 sumitur,
1944 3761 2001 3810 ter-

459 3853 509 3916 vcl
527 3853 689 3934 percussio
704 3853 759 3915 illa
775 3852 912 3916 cessavit
922 3864 996 3917 ante
1012 3854 1205 3918 erectionem
1261 3852 1370 3910 imbus
1384 3858 1429 3909 est
1445 3851 1550 3919 Moab,
1568 3848 1600 3909 id
1615 3856 1664 3910 esi
1679 3858 1769 3911 101⁸?ae
1784 3847 1998 3922 Moabilmttm

460 3951 629 4034 serpentis,
646 3952 775 4032 quando
792 3950 941 4015 videlicet
957 3954 1083 4016 veniam
1100 3963 1206 4036 postu-
1259 3952 1410 4010 dividens
1436 3950 1595 4010 Moabitas
1614 3959 1644 4008 et
1663 3950 1878 4018 Amorrhaeos,
1898 3947 1931 4009 id
1955 3957 1999 4010 est

460 4051 579 4114 labant.
1261 4051 1440 4113 habitantes
1456 4050 1538 4113 ultra
1548 4051 1727 4127 Iordanem,
1741 4057 1830 4112 natos
1845 4068 1884 4112 ex
1894 4050 2001 4113 Amor-

498 4148 641 4230 Denique
662 4148 693 4209 in
711 4148 905 4214 Scholastica
924 4150 1025 4214 fertur
1045 4152 1202 4216 historia:
1260 4151 1346 4213 rhaeo
1367 4148 1436 4212 lilio
1456 4150 1616 4226 Chamon,
1634 4158 1669 4211 ut
1689 4149 1722 4210 in
1741 4148 1855 4211 Genesi
1875 4148 1998 4229 legitur.
2015 4174 2118 4218 cntra.

459 4249 547 4310 Hunc
564 4256 744 4329 serpentem
760 4266 886 4329 semper
901 4248 1080 4312 habuerunt
1096 4270 1202 4314 secum
1220 4252 1244 4313 D
1261 4249 1376 4329 Sicque
1396 4247 1597 4310 Amorrhaeus
1614 4266 1679 4310 uno
1703 4247 1797 4309 modo
1819 4255 1867 4308 cst
1887 4266 2000 4309 nomon

450 4344 523 4407 titii
542 4345 646 4420 lsrael,
665 4354 697 4407 et
719 4346 751 4408 in
768 4347 939 4409 Jerusalem
963 4348 1138 4429 magnifice
1160 4370 1205 4413 re
1260 4347 1423 4427 proprium
1437 4346 1508 4422 viri,
1521 4346 1584 4407 alio
1594 4345 1689 4408 modo
1700 4362 1815 4407 nomen
1829 4354 1878 4407 cst
1886 4346 2000 4425 gentis.

458 4443 581 4526 positus
598 4442 669 4520 luit,
680 4463 778 4526 usque
794 4445 832 4506 ed
849 4454 974 4527 tempus
986 4446 1137 4523 Ezechiae,
1148 4449 1203 4529 qui
1307 4449 1394 4506 Unde
1404 4447 1528 4505 dicitnr
1540 4446 1573 4503 t‘n
1587 4447 1668 4503 libro
1685 4447 1837 4504 bellorum
1850 4446 2002 4504 Domini:

340 4562 365 4605 rv
380 4564 435 4617 my.
460 4541 536 4605 lecit
556 4551 736 4625 serpentem
758 4542 849 4605 illum
871 4543 903 4605 in
921 4544 1087 4626 pulverem
1104 4546 1203 4628 redigi
1260 4546 1354 4605 Sient
1375 4545 1452 4621 feeit
1477 4546 1509 4602 in
1536 4543 1624 4602 inari
1643 4544 1765 4609 Rubro,
1780 4543 1827 4601 sie
1847 4544 1946 4618 saciet
1969 4546 2000 4600 in

310 4638 367 4675 “¹¹'‘
378 4627 398 4668 ⁴·
458 4650 588 4723 propter
602 4641 723 4703 cultum
735 4642 982 4723 superstitionis,
996 4662 1092 4724 quem
1108 4644 1135 4707 ei
1152 4664 1204 4708 ex·
1261 4643 1455 4701 ton-entibus
1470 4643 1595 4701 Arnon.
1613 4639 1656 4701 Dc
1672 4637 1753 4699 libro
1769 4638 1830 4702 isto
1846 4639 2000 4702 bellorum

456 4739 562 4802 hibuit
581 4740 730 4822 populus,
749 4748 784 4801 ut
804 4740 919 4819 legitur
936 4740 967 4803 in
991 4750 1105 4822 quarto
1120 4743 1203 4807 libro
1260 4739 1397 4814 Domini,
1414 4736 1591 4800 dilticultes
1612 4746 1660 4799 est
1675 4736 1748 4818 quis
1763 4736 1816 4798 sit.
1834 4737 1879 4799 De
1892 4756 1956 4818 qua
1971 4754 2001 4797 re

455 4839 586 4918 Regum.
1260 4836 1394 4899 habetur
1409 4856 1448 4900 ex
1464 4835 1570 4897 vorbis
1585 4834 1754 4915 Augustini
1769 4853 1776 4898 ε
1791 4834 1858 4897 Non
1875 4834 1954 4897 dixit
1970 4834 2000 4896 in

488 4937 694 5015 Profectipne
703 4939 770 5013 filii
779 4939 1117 5006 Isroet,cnstrometoti
1126 4953 1203 5003 snnt
1258 4954 1321 5017 quo
1338 4935 1419 4997 libro
1435 4936 1589 5016 scriptum
1606 4934 1658 5009 sit,
1671 4933 1722 4996 vel
1738 4934 1831 5016 cujus
1841 4934 2000 5015 Prophetas

454 5037 491 5094 in
505 5036 612 5096 Obotlt.
637 5038 725 5095 Unde
744 5039 870 5113 egressi,
888 5042 989 5113 fineen
1006 5041 1145 5100 tentorio
1167 5043 1202 5101 in
1257 5043 1312 5097 aut
1327 5033 1525 5096 Patriarchae.
1544 5032 1605 5095 Nec
1628 5042 1677 5095 est
1700 5033 1880 5112 negandum
1904 5032 2000 5094 luisse

452 5134 629 5203 Jeaborim,
642 5135 677 5193 in
692 5136 869 5195 solitudine
879 5156 951 5214 qnae
966 5140 1096 5213 respicit
1107 5141 1202 5199 Moab
1257 5142 1332 5195 tunc
1348 5132 1446 5195 libros
1461 5131 1691 5208 chaldeorum,
1710 5149 1747 5193 en
1762 5130 1879 5211 quibus
1899 5150 2000 5211 egres-

451 5240 564 5292 contra
588 5232 778 5293 orientalem
797 5236 929 5309 plagam
953 5256 964 5294 .·
984 5234 1089 5297 adhuc
1114 5235 1200 5297 enim
1256 5251 1310 5293 sus
1335 5239 1383 5293 est
1407 5229 1565 5291 Abrabam
1586 5251 1593 5303 3
1619 5229 1667 5291 vel
1690 5228 1920 5310 AEgyptiorum,
1945 5228 1996 5291 ubi

445 5327 1001 5409 (secundumHieronymumlersnt
1025 5331 1199 5394 infinibus
1255 5329 1409 5392 didicerat
1426 5328 1543 5408 Moyses
1567 5346 1694 5390 omnem
1721 5326 1848 5389 illorum
1874 5327 2115 5410 sapien-mne.
