4309 6259
516 506 691 555 murmuro
712 509 742 555 ut
764 509 831 555 uxr.
856 509 919 555 xxx
940 508 1136 557 uuuunonuu.
1158 528 1198 539 -
1218 509 1289 556 nar.
1313 509 1394 555 xuvu
1666 491 1726 569 tau

174 678 270 741 omni
287 679 452 761 patientia.
474 684 513 743 ill
536 687 659 742 loeutus
679 690 724 741 eat
749 684 793 742 ed
804 681 967 759 prinei-A
985 680 1111 761 tis,que
1126 678 1326 744 discretionis
1336 680 1618 761 attigerintaunos‚
1635 680 1728 742 intei-

172 799 231 855 pes
248 781 395 839 tribuum
410 782 557 858 filiorum
572 782 850 862 Israel,quatenus
867 780 928 862 ipsi
984 779 1111 859 iigenda
1126 788 1200 841 sunt
1217 779 1286 841 istu.
1304 779 1456 854 Quocirca
1471 779 1541 841 duat
1557 786 1729 841 occurrunt

173 877 407 941 denuntiarent
423 898 459 941 ca
476 880 609 943 ulterius
625 879 760 941 subditis
777 880 929 945 sibitlste
983 878 1197 941 dubitationes
1222 896 1229 939 :
1256 878 1369 956 Prima,
1386 898 1427 940 en
1453 877 1557 939 simile
1582 877 1624 939 sit
1644 877 1729 958 judi-

172 986 222 1035 εει
249 998 353 1037 sermo
378 998 472 1056 quem
494 980 647 1056 precepit
672 979 831 1040 Dominus
855 1000 866 1038 :
890 980 930 1040 sl
983 976 1068 1039 cium
1100 979 1139 1039 de
1168 977 1276 1059 pueris
1311 996 1367 1040 seu
1400 976 1551 1039 masculis
1587 977 1728 1039 nondum

173 1078 252 1154 quis
274 1078 423 1137 virorum
445 1087 554 1138 volum
579 1080 701 1138 voverit
725 1079 875 1149 Domino,
893 1077 928 1155 ‚id
983 1076 1192 1158 emancipatis
1210 1096 1216 1140 :
1234 1085 1264 1139 et
1280 1076 1415 1153 videtur,
1433 1076 1517 1156 quod
1534 1076 1609 1152 imo,
1630 1094 1730 1157 quum

173 1180 236 1249 cst,
255 1174 441 1255 promiserit
464 1176 528 1237 ileo
552 1174 674 1256 aliquid
700 1195 733 1239 se
759 1174 927 1253 iacturum,
983 1175 1094 1238 eadem
1109 1194 1179 1238 esse
1194 1175 1275 1238 ratio
1291 1174 1474 1251 aestimetur,
1492 1174 1567 1257 quia
1589 1174 1648 1236 sub
1676 1192 1730 1255 pa·

174 1279 315 1335 autnon
343 1272 515 1350 iacturum,
532 1285 590 1335 aut
604 1296 637 1334 se
644 1276 836 1352 juramento
855 1295 928 1335 eou-
983 1282 1108 1336 rentum
1125 1293 1200 1337 cura
1225 1283 1299 1336 sunt
1321 1273 1497 1337 constituti.
1516 1273 1670 1349 Secunda,
1688 1292 1729 1335 an

172 1372 353 1432 strimeerit
370 1396 383 1443 ,·
408 1393 472 1433 uon
502 1375 601 1450 saciet
633 1375 766 1434 irritum
799 1376 928 1435 verbum
982 1375 1066 1454 quod
1083 1374 1203 1436 dictum
1220 1381 1267 1435 est
1286 1375 1440 1456 depone,
1459 1372 1499 1435 sit
1521 1372 1616 1435 etiam
1639 1372 1730 1434 intei-

173 1488 287 1538 suum,
304 1472 361 1529 secl
376 1472 521 1547 implebit
536 1474 621 1551 quod
631 1473 784 1549 promisit
799 1469 867 1533 sivo
881 1468 928 1550 ju·
982 1472 1145 1555 ligendum
1169 1474 1207 1536 de
1232 1481 1342 1549 matre,
1368 1472 1543 1555 presertim
1566 1481 1656 1554 patre
1679 1473 1730 1535 de

175 1565 263 1627 ravit
282 1586 288 1630 :
306 1574 338 1629 ct
354 1567 439 1630 istud
465 1576 512 1631 est
535 1568 778 1649 intelligendum
794 1570 833 1631 de
858 1568 928 1632 viro
983 1572 1104 1635 iuncto.
1131 1572 1256 1635 Certum
1285 1580 1333 1634 est
1355 1572 1515 1653 equidem,
1532 1571 1617 1653 quod
1640 1578 1729 1653 pater

175 1662 293 1741 libero,
311 1674 343 1727 et
358 1666 415 1747 qui
432 1676 480 1729 cst
496 1668 544 1729 sui
560 1668 652 1750 juriS,
670 1676 705 1730 ut
720 1667 805 1729 inira
827 1666 928 1748 magis
983 1671 1024 1733 sit
1040 1671 1226 1752 principalis
1242 1672 1275 1733 iu
1292 1671 1447 1752 regimine
1457 1673 1728 1751 domus‚eureque

175 1763 313 1843 patebit.
328 1765 366 1826 Et
381 1766 457 1847 quia
473 1766 505 1828 in
522 1767 738 1849 persolutione
752 1767 850 1830 debiti
864 1786 929 1829 ecr-
983 1768 1113 1832 sobolis,
1131 1770 1192 1833 Sed
1208 1788 1245 1833 eo
1260 1769 1411 1833 deiuncto
1426 1768 1729 1850 irrecuperabiliter-

175 1862 239 1937 nis,
265 1865 445 1927 eonturaies
470 1867 510 1928 ad
532 1866 621 1947 paria
643 1866 836 1947 judicantur,
865 1883 927 1928 non
946 1866 1023 1931 Bve
1048 1868 1220 1945 subtracto,
1251 1877 1359 1932 munet
1385 1869 1489 1951 proles
1514 1868 1574 1931 ‘sub
1598 1887 1673 1931 cura
1698 1875 1730 1931 et

145 2004 150 2009 -
175 1969 285 2042 potest
310 1963 444 2025 maritus
469 1973 578 2028 votum
603 1964 807 2029 continentiae
830 1964 929 2027 adim·
983 1967 1139 2047 regimine
1164 1968 1285 2029 matris,
1303 1968 1417 2049 Sicque
1434 1975 1576 2049 apparet,
1593 1967 1678 2049 quod
1694 1966 1728 2028 iu

176 2059 267 2141 plere
284 2062 354 2124 sine
371 2063 477 2126 uxoris
498 2083 668 2127 consensu.
686 2064 927 2144 intelligendum
984 2084 1020 2129 ea
1035 2066 1166 2128 exsistat
1180 2068 1351 2129 auctoritas
1367 2066 1537 2131 revocandi
1553 2086 1618 2129 suae
1637 2066 1730 2130 sobo

175 2167 225 2221 est
249 2179 381 2243 quoque
403 2163 443 2225 dc
467 2169 541 2226 voto
566 2170 596 2227 et
616 2163 808 2244 juramento,
836 2169 930 2243 prout
984 2165 1024 2227 iis
1039 2166 1254 2247 juramentum
1271 2176 1302 2229 et
1317 2175 1438 2230 votum.
1456 2167 1587 2249 iusuper
1612 2166 1731 2229 inteili-

176 2267 253 2319 sunt
271 2267 361 2321 aetus
383 2259 522 2337 virtutis,
547 2268 578 2323 et
599 2280 694 2343 super
719 2259 857 2322 debiturn
878 2278 929 2321 ca·
983 2266 1086 2346 geuda
1101 2273 1178 2326 sunt
1201 2265 1262 2327 ista
1276 2267 1315 2329 de
1331 2266 1420 2348 prole
1442 2284 1502 2329 non
1519 2266 1728 2347 emancipata,

176 2356 259 2417 dunt
285 2358 463 2434 materiam,
480 2367 577 2440 atque
602 2356 770 2421 habuerint
794 2366 858 2421 tres
880 2376 929 2421 co
983 2372 1139 2445 quantum
1169 2365 1208 2425 ad
1238 2385 1275 2427 ea
1305 2364 1338 2426 in
1369 2364 1486 2446 quibus
1517 2364 1660 2446 subjecta
1681 2373 1730 2427 est

176 2454 273 2517 miles
290 2474 376 2533 suos,
396 2456 451 2537 qui
468 2465 552 2533 sunt,
567 2456 693 2533 veritas,
708 2456 866 2538 judicium
880 2457 928 2537 (id
983 2462 1076 2545 patri,
1094 2471 1125 2525 ct
1141 2470 1295 2543 quantum
1310 2464 1349 2525 ad
1366 2482 1417 2525 res
1433 2464 1545 2545 patris.
1563 2464 1595 2525 ln
1616 2463 1730 2545 aliqui-

176 2563 225 2616 cst
241 2554 408 2633 discretio)
424 2562 456 2617 ct
478 2556 604 2636 justitia
621 2575 628 2620 :
647 2563 756 2617 contra
772 2574 843 2635 quae
868 2555 928 2618 tria
983 2561 1042 2622 bus
1058 2580 1134 2624 vcro
1148 2569 1196 2624 est
1211 2562 1319 2639 libera,
1327 2563 1502 2645 praesertim
1518 2572 1674 2644 quantum
1689 2564 1728 2625 ad

176 2651 204 2715 si
220 2653 300 2735 quid
316 2653 439 2734 juretur
454 2662 507 2716 aut
527 2663 689 2731 voveatur,
708 2673 771 2718 uon
797 2663 844 2717 est
866 2674 928 2718 ser·
982 2668 1070 2722 ectus
1082 2660 1285 2724 iutcilectivae
1295 2660 1394 2743 partis
1405 2662 1574 2738 interioris,
1583 2670 1614 2724 et
1623 2664 1728 2743 quoad

176 2753 340 2826 vandum3
357 2752 422 2815 imo
439 2771 502 2815 nou
525 2761 572 2815 est
595 2752 748 2815 veraciter
768 2754 927 2834 jurameu-
982 2776 1019 2820 ea
1043 2776 1114 2838 queo
1139 2758 1258 2820 directo
1285 2768 1482 2822 concernunt
1507 2767 1609 2823 totum
1632 2769 1728 2842 atque

176 2858 244 2913 tum
261 2859 317 2913 aut
333 2858 454 2927 votum,
469 2860 502 2914 ut
518 2860 592 2913 suut
607 2859 696 2915 actus
713 2851 839 2914 virtutis
856 2873 926 2934 queo
982 2865 1170 2939 perpetuum
1188 2877 1253 2920 suae
1277 2876 1420 2939 personat
1445 2867 1572 2936 statum,
1596 2868 1631 2921 ut
1654 2867 1729 2921 sunt

177 2949 271 3012 latria
292 2959 507 3032 nuncupatur,
531 2970 588 3033 per
607 2970 702 3031 quam
721 2951 783 3013 ileo
805 2950 926 3014 cultum
983 2956 1169 3035 religionem
1195 2956 1324 3033 intrare,
1351 2958 1544 3020 contoraiem
1571 2957 1725 3040 accipere,

177 3048 461 3131 cerimoniamque
481 3050 719 3131 impendimus:
737 3050 838 3132 etqui
861 3050 927 3112 tali·
944 3049 966 3113 C
982 3053 1201 3118 castimoniam
1218 3073 1415 3132 conservare,
1433 3056 1581 3118 militiam
1596 3055 1728 3139 prolite-

178 3154 225 3209 ter
240 3149 327 3230 jurat
341 3158 396 3210 aut
411 3156 516 3225 vovet,
534 3157 644 3231 peccat
660 3159 690 3212 et
713 3156 926 3228 transgressor
983 3154 1009 3215 ri
1026 3160 1075 3216 :et
1090 3152 1123 3214 in
1140 3153 1256 3216 talibus
1273 3172 1337 3217 nou
1354 3164 1489 3236 possunt
1503 3155 1573 3236 ejus
1588 3164 1661 3218 vota
1675 3164 1730 3217 aut

177 3246 346 3323 eiiicitur3
365 3266 428 3310 non
446 3248 525 3328 quia
537 3267 601 3311 non
618 3247 730 3329 impiet
745 3250 830 3329 quod
843 3248 927 3328 jura·
981 3254 1160 3334 juramenta
1176 3253 1317 3315 revocari
1333 3273 1351 3315 a
1368 3262 1467 3335 patre.

177 3346 222 3407 vit
244 3354 301 3408 aut
316 3346 417 3423 vovit,
443 3347 499 3409 sed
514 3346 719 3427 quia'iiiieite
732 3346 852 3428 juravit
874 3356 927 3409 aut
1022 3353 1062 3411 Si
1076 3352 1233 3412 meritum
1244 3352 1402 3422 labuerit,
1413 3364 1443 3413 et
1452 3356 1580 3433 ¹voverit
1589 3355 1729 3434 aliquid,

177 3444 277 3508 vovit.
981 3462 1011 3511 et
1034 3454 1131 3511 semel
1154 3455 1194 3511 de
1216 3472 1270 3511 ore
1298 3454 1368 3529 ejus
1398 3456 1529 3513 verbum
1553 3455 1729 3530 egrediens,

217 3545 343 3605 Mulier
356 3545 387 3603 si
409 3546 581 3623 quidpiam
605 3547 740 3613 voverit,
754 3555 784 3606 el
805 3566 836 3605 se
855 3566 927 3606 eort-
982 3551 1130 3610 enimam
1143 3551 1214 3627 ejus
1232 3553 1423 3627 obligaverit
1434 3553 1624 3629 juramento
1639 3574 1651 3612 .·
1666 3573 1729 3632 quo

177 3644 352 3703 striuaeeril
373 3642 666 3723 juramentoque
695 3654 739 3704 est
770 3647 806 3721 iu
834 3648 928 3705 domo
982 3648 1036 3707 die
1050 3650 1194 3709 audierit
1210 3651 1314 3719 cir,el
1329 3652 1729 3722 uoneenlrudiuerit,ooli

174 3742 282 3816 patris
301 3742 366 3813 sui,
383 3750 414 3802 el
435 3743 471 3802 iu
490 3751 583 3802 letale
602 3745 709 3802 adbuc
719 3746 876 3820 puellari,
895 3742 927 3805 id
983 3765 1037 3805 reu
1057 3748 1132 3815 erit,
1146 3750 1319 3826 reddetque
1342 3751 1562 3828 quodcumque
1577 3752 1729 3825 promise-

178 3846 235 3915 est,
255 3838 398 3901 nondum
414 3840 488 3901 data
503 3847 550 3901 est
575 3848 630 3901 aut
644 3839 778 3903 allidata
800 3841 925 3919 marito,
984 3853 1045 3905 ret.
1065 3844 1149 3906 istud
1173 3844 1344 3927 dupliciter
1368 3854 1471 3927 potest
1496 3846 1631 3926 intelligi
1645 3867 1652 3911 :
1665 3847 1728 3909 Pri·

178 3937 232 3999 sed
249 3944 298 3999 cst
319 3938 425 4001 adhuc
445 3937 599 4019 juvenilis
622 3939 724 4001 etatis
750 3958 804 4001 seu
820 3940 926 4004 adole·
984 3962 1047 4020 mo,
1071 3943 1110 4005 de
1135 3942 1270 4006 muliere
1294 3962 1366 4025 quae
1390 3944 1513 4026 aliquid
1534 3945 1653 4026 juravit
1674 3954 1730 4009 aut

178 4035 342 4109 scentuia;
360 4039 390 4095 si
414 4038 595 4113 eoquooerit
612 4048 707 4114 pater
728 4038 797 4119 ejus
818 4050 928 4102 uelum
984 4041 1071 4105 vovit
1095 4050 1266 4123 antequam
1299 4042 1408 4124 nupsit
1432 4052 1487 4105 aut
1512 4043 1610 4107 iidem
1642 4044 1730 4108 dedit

177 4138 264 4213 quod
289 4136 441 4213 pollicita
469 4145 527 4203 est,
557 4144 586 4195 el
607 4137 837 4213 jurameutum
866 4160 927 4218 quo
983 4139 1174 4217 marito‚cui
1189 4140 1316 4203 mulieri
1332 4150 1455 4223 epatre
1470 4161 1527 4207 suo
1543 4161 1730 4207 concessum

177 4235 334 4309 oblipevit
348 4236 497 4295 enimam
519 4254 626 4305 suum,
643 4234 738 4297 idest
763 4256 795 4298 sc
812 4237 925 4318 ipsam,
943 4238 967 4298 il
983 4247 1030 4301 est
1046 4236 1180 4319 implere
1195 4239 1280 4320 quod
1295 4239 1382 4302 vovit
1397 4240 1465 4304 sive
1484 4241 1614 4321 juravit,
1632 4250 1664 4304 et
1688 4250 1731 4305 ta-

178 4332 333 4394 sumendo
350 4340 472 4413 partem
498 4350 557 4413 pro
582 4340 658 4410 toto,
676 4344 706 4395 el
731 4338 877 4409 tacuerit,
895 4336 927 4399 id
982 4355 1055 4398 men
1081 4344 1154 4399 ante
1179 4336 1362 4417 hujusmodi
1391 4338 1611 4420 impletionem
1637 4341 1731 4402 datur

178 4438 235 4505 est,
249 4448 315 4493 non
331 4430 559 4494 contradixerit
574 4433 673 4496 verbo
688 4442 743 4495 aut
759 4434 849 4515 signo
865 4435 928 4498 cvi·
982 4435 1107 4512 marito,
1133 4435 1189 4516 qui
1212 4455 1310 4516 quum
1336 4437 1522 4516 cognoverit
1543 4445 1651 4501 votum
1674 4447 1730 4502 aut

177 4529 277 4605 denti,
294 4538 326 4591 ct
342 4529 442 4593 multo
458 4530 541 4611 pluo,
559 4531 586 4592 si
604 4532 701 4595 verbo
716 4542 772 4595 aut
786 4534 927 4597 evidenti
981 4535 1196 4615 juramentum
1214 4534 1337 4596 tradite
1354 4536 1417 4598 sibi
1433 4538 1551 4613 uxoris,
1570 4546 1675 4619 potest
1693 4538 1729 4599 ii-

179 4627 269 4709 signo
285 4628 496 4705 consenserit,
506 4633 573 4690 veti
588 4652 643 4691 ree
653 4635 726 4703 erit,
739 4632 771 4693 id
782 4640 840 4709 est,
850 4633 928 4695 obii·
982 4632 1035 4694 iud
1047 4652 1171 4696 cassare
1183 4652 1190 4696 :
1203 4633 1272 4696 etsi
1283 4634 1387 4715 primo
1400 4634 1453 4696 die
1466 4654 1530 4716 quo
1543 4637 1729 4715 cognoverit

178 4734 249 4806 gata
269 4726 331 4788 erit
350 4727 391 4788 ad
410 4734 518 4790 votum
541 4728 741 4791 solvendum.
761 4733 928 4810 Quidquid
982 4729 1044 4793 tale
1059 4750 1123 4793 suae
1138 4732 1284 4812 conjugis
1299 4741 1408 4795 votum
1424 4741 1478 4795 aut
1497 4733 1725 4814 juramentum,

176 4826 325 4900 pollicita
340 4835 385 4885 est
399 4835 430 4885 et
437 4826 582 4902 juravit,
600 4847 691 4903 opere
706 4831 882 4906 eoiuplebit,
894 4827 926 4889 id
981 4829 1217 4906 contradixerit,
1245 4831 1361 4895 mulier
1385 4851 1449 4895 non
1475 4841 1523 4894 est
1554 4833 1619 4896 voti
1643 4834 1728 4915 jura·

179 4930 235 4999 est,
254 4921 389 5003 implere
405 4921 577 4999 tenebitur,
596 4923 663 4986 sive
679 4924 868 5006 obligaverit
893 4945 926 4988 se
982 4923 1122 4986 meutive
1138 4943 1211 4999 rca;
1228 4925 1307 4987 alias
1322 4926 1481 5005 obligatur
1507 4926 1650 5010 impiere.
1675 4928 1726 4991 Sic

179 5018 245 5081 solo
261 5026 347 5095 voto,
365 5038 420 5081 seu
442 5019 509 5082 solo
524 5019 716 5101 juramento,
735 5031 766 5085 et
790 5023 926 5086 maxime
981 5022 1111 5103 exponit
1126 5022 1318 5102 Augustinus
1334 5033 1364 5087 et
1379 5025 1503 5087 Giossa·
1518 5026 1662 5090 Secundo
1677 5047 1727 5089 ex-

179 5116 204 5177 si
220 5114 315 5179 simul
332 5125 479 5197 utroque.
493 5117 645 5199 Denique,
658 5121 731 5200 quia
748 5139 864 5183 vovere
880 5130 927 5183 est
981 5120 1110 5203 ponitur
1121 5122 1160 5182 de
1171 5123 1304 5186 mulicre
1315 5123 1349 5186 ai
1352 5124 1460 5198 iidata,
1471 5126 1613 5188 nondum
1627 5143 1728 5204 egres-

179 5224 266 5277 actus
282 5214 421 5291 virtutis,
439 5215 479 5276 ad
494 5234 589 5296 quern
607 5218 785 5281 necessaria
801 5226 848 5281 cst
865 5218 927 5281 dis·
981 5238 1015 5280 sa
1035 5219 1074 5280 de
1095 5219 1190 5281 domo
1216 5228 1356 5301 palerna,
1369 5221 1462 5302 cujus
1487 5230 1597 5285 votum
1623 5231 1727 5303 potest

180 5314 277 5376 cretio
293 5312 438 5389 rationiS,
454 5313 524 5377 ideo
540 5314 580 5377 de
596 5315 712 5396 puellis
727 5316 842 5380 adulte
858 5326 927 5380 aeta-
981 5316 1099 5379 cassari
1114 5324 1179 5379 tam
1195 5338 1214 5380 a
1230 5326 1329 5400 patre,
1340 5318 1373 5380 in
1389 5328 1544 5400 quantum
1559 5319 1663 5383 adhuc
1678 5328 1727 5383 cst
