4309 6259
800 968 1255 1081 PROLOGUS

379 1539 526 1599 ONORA
551 1538 730 1599 Dominum
754 1538 793 1596 da
819 1545 876 1597 tua
900 1537 1093 1607 substantia,
1119 1546 1148 1595 et
1177 1538 1217 1595 de
1241 1537 1405 1612 primitiis
1429 1536 1566 1614 frugum
1591 1545 1748 1609 tuarum
1771 1546 1801 1596 et

250 1548 610 1817 Himplebuntur
638 1645 754 1704 horrea
784 1653 842 1704 tua
869 1645 1057 1714 saturitate,
1087 1651 1117 1702 et
1146 1644 1222 1703 vino
1253 1643 1431 1704 torcularia
1462 1654 1519 1704 tua
1548 1646 1797 1705 redundabunt.

387 1753 478 1815 Prov.
503 1770 548 1829 ιιι,
572 1752 602 1828 9,
627 1752 676 1815 ιθ.

308 1862 341 1923 ln
357 1861 407 1923 bis
423 1860 531 1923 verbis
545 1860 609 1924 duo
625 1867 798 1941 tanguntur
815 1859 847 1921 in
863 1858 1017 1938 generali,
1034 1866 1171 1939 quatuor
1188 1877 1262 1921 vero
1279 1860 1312 1920 in
1328 1859 1471 1941 speciali.
1484 1859 1589 1922 Primo
1605 1878 1744 1942 namque
1760 1860 1794 1921 in

240 1969 386 2051 generali
402 1968 542 2047 tangitur
558 1967 592 2029 in
608 1968 654 2030 eis
669 1968 858 2043 exhortatio,
876 1966 941 2029 imo
957 1974 988 2027 ct
1000 1966 1104 2048 jussio
1119 1966 1158 2028 ad
1175 1965 1456 2030 honorificentiam
1472 1968 1650 2049 majestatis
1667 1967 1798 2044 divinae,

243 2097 303 2160 per
323 2078 393 2160 ejus
413 2076 552 2141 allectus
573 2085 604 2138 ct
624 2077 717 2151 dona,
737 2094 838 2157 quum
859 2075 1000 2138 dicitur:
1024 2074 1149 2147 Honora
1169 2074 1340 2137 Dominum
1361 2076 1401 2137 dc
1421 2083 1476 2138 tua
1495 2074 1686 2153 substantia,
1710 2084 1741 2138 et
1762 2077 1801 2138 de

243 2186 400 2268 primitiis
417 2184 547 2265 frugum
563 2192 699 2246 tuarum.
719 2183 875 2260 Secundo,
894 2181 1111 2245 venerationis
1129 2182 1216 2244 illius
1233 2202 1365 2259 merces,
1383 2202 1485 2265 quum
1499 2183 1671 2246 subditur.
1664 2202 1671 2217 ·
1690 2184 1728 2246 Et
1743 2185 1804 2245 im-

246 2294 425 2376 plebuntur
447 2292 561 2356 horrea
582 2300 636 2354 tna
655 2290 830 2353 saturitate.

310 2400 461 2475 Quamvis
477 2408 583 2462 autem
600 2400 728 2462 Creator
743 2398 946 2480 omnipotens
962 2406 993 2461 et
1009 2398 1163 2474 excelsus,
1182 2417 1239 2479 per
1254 2418 1329 2461 suos
1344 2357 1482 2461 allectus
1497 2407 1529 2462 ιι
1544 2400 1628 2462 dona
1644 2399 1803 2482 multipli-

246 2510 330 2573 citer
342 2508 528 2584 honoretur,
534 2506 685 2570 videlicet
701 2526 757 2589 per
768 2507 1042 2587 elcemosynarum
1059 2505 1269 2584 largitionem,
1283 2524 1340 2587 pcr
1351 2507 1437 2589 piam
1454 2508 1684 2571 mutuationem
1687 2516 1803 2591 ,atque

247 2635 309 2699 pcr
324 2634 453 2679 omnem
466 2615 645 2678 virtuosum
662 2632 755 2675 usum
773 2612 917 2687 illorum3
932 2612 964 2673 in
981 2611 1179 2694 praeinducta
1195 2620 1300 2674 tamma
1317 2614 1503 2677 auctoritate
1516 2614 1556 2675 iit
1568 2614 1749 2696 specialiter
1763 2617 1803 2677 ad

248 2724 392 2786 litteram
408 2722 510 2804 iussio
527 2729 558 2784 ιι
573 2721 749 2785 exhortatio
765 2721 804 2783 dc
820 2719 1037 2783 oblationibus
1058 2719 1122 2782 Deo
1144 2717 1273 2795 fiendis,
1291 2720 1466 2783 secundum
1487 2720 1567 2801 legis
1587 2730 1741 2799 tenorem,
1762 2724 1802 2785 ad

245 2832 306 2894 Dei
322 2830 614 2911 bonorem.Sicque
631 2829 664 2891 in
681 2829 785 2911 primo
799 2827 953 2908 generali,
972 2836 1145 2908 tanguntur
1160 2827 1224 2890 duo
1241 2828 1273 2890 in
1291 2829 1432 2911 speciali.
1446 2829 1586 2892 Primum
1603 2839 1660 2908 est,
1672 2840 1706 2893 ut
1721 2831 1803 2895 Deus

245 2940 425 3003 honoretur
444 2956 500 3020 per
516 2936 694 3000 oblationes
710 2954 781 3016 quaa
797 2934 920 2997 fiebant
936 2935 975 2997 de
991 2934 1173 3017 pecoribus,
1190 2954 1261 3016 quia
1277 2954 1334 3017 per
1350 2936 1562 2999 substantiam
1578 2938 1801 3019 designantur,

244 3047 403 3129 quoniam
419 3064 534 3128 pecora
550 3051 640 3106 crant
655 3043 824 3124 precipua
841 3041 1046 3123 antiquorum
1062 3041 1194 3117 divitiae,
1208 3051 1301 3122 prout
1316 3043 1421 3124 primo
1437 3044 1476 3105 dc
1492 3043 1641 3106 Doctrina
1656 3044 1804 3107 christia-

246 3174 290 3217 na
306 3154 503 3235 Augustinus
524 3159 667 3213 testatur.
686 3150 865 3213 Secundum
886 3158 944 3225 est,
963 3157 997 3211 ut
1017 3150 1099 3211 Deus
1119 3149 1294 3211 honoretur
1310 3150 1540 3227 oblationibus,
1557 3170 1629 3232 quia
1650 3151 1690 3214 de
1709 3160 1801 3215 terrae

249 3262 459 3326 nascentibus
469 3260 572 3340 (juxta
583 3259 699 3339 legem)
712 3256 844 3319 iiebant.
855 3256 944 3319 Unde
955 3257 1163 3337 subjunctum
1176 3265 1224 3319 est
1237 3274 1243 3318 :
1257 3257 1295 3319 Et
1308 3258 1347 3320 de
1362 3258 1514 3339 primitiis
1526 3259 1654 3338 lrugum
1665 3267 1802 3323 tuarum.

315 3372 349 3433 ln
374 3369 516 3433 secundo
541 3385 670 3449 quoque
694 3366 847 3447 generali,
871 3365 935 3428 duo
961 3366 994 3427 in
1021 3365 1152 3447 speciali
1178 3374 1361 3445 tanguntur.
1388 3367 1527 3429 Primum
1553 3377 1612 3444 est,
1636 3370 1721 3449 quod
1746 3388 1805 3451 pro

252 3479 402 3542 mercede
417 3476 628 3551 oblationum,
646 3474 760 3538 horrea
777 3472 918 3535 fideliter
934 3470 1104 3536 oilerentis
1121 3472 1341 3555 implebuntur
1357 3474 1532 3552 saturitate,
1550 3475 1610 3538 hoc
1628 3484 1676 3538 est
1693 3477 1806 3539 saturi-

253 3587 331 3649 tatis
346 3605 403 3647 seu
420 3582 618 3659 sufficientis
631 3580 817 3645 reiectionis
833 3580 977 3655 materia,
991 3579 1141 3642 videlicet
1157 3579 1315 3643 fructibus
1332 3590 1432 3644 terra,
1451 3581 1630 3645 Secundum
1646 3592 1704 3660 est,
1720 3584 1805 3664 quod

253 3692 428 3760 torcularia
447 3709 576 3773 quoquc
596 3689 807 3752 abundabunt
827 3686 934 3749 fructu
955 3706 1100 3764 uvarum,
1118 3688 1267 3750 seuvino
1287 3689 1494 3770 exprimendo
1515 3689 1645 3753 ibidem.
1663 3690 1719 3753 Per
1735 3710 1805 3771 quat

250 3799 330 3874 duo,
348 3806 525 3861 ceterarum
542 3797 637 3860 ctiam
654 3814 760 3857 rerum
780 3793 1027 3858 domesticarum
1047 3793 1254 3856 exuberantia
1274 3794 1452 3857 denotatur.
1470 3796 1588 3879 Nempe
1609 3798 1804 3860 decimarum

251 3905 506 3968 ‹at-oblationum
527 3903 702 3986 persolutio
725 3910 872 3984 prompta
891 3921 927 3964 ac
948 3899 1065 3977 debita,
1084 3901 1305 3984 multipliciter
1319 3901 1415 3964 etiam
1437 3902 1470 3964 in
1491 3905 1640 3985 praesenti
1659 3924 1805 3966 remune-

250 4023 342 4076 ratur
359 4032 378 4075 a
394 4014 539 4075 Domino.
557 4012 687 4093 Propter
703 4010 788 4091 quod
806 4028 861 4092 per
877 4008 1062 4071 hlalachiam
1080 4010 1221 4089 loquitur
1238 4011 1320 4072 Deus
1338 4027 1345 4071 :
1363 4009 1481 4073 lnierte
1501 4030 1628 4074 omnem
1647 4012 1803 4075 decimam

252 4122 287 4183 in
304 4120 455 4184 horreum
471 4138 589 4195 meum,
602 4126 634 4180 ιι
649 4116 690 4179 ιιι
704 4116 796 4179 ιιιιιιι
813 4116 846 4177 in
861 4116 955 4178 domo
971 4135 1056 4191 mca;
1069 4125 1101 4178 ct
1117 4116 1248 4198 probate
1264 4136 1315 4179 me
1332 4136 1427 4199 super
1442 4117 1513 4195 boc,
1527 4118 1554 4179 si
1571 4138 1634 4181 non
1650 4138 1804 4201 aperuero
1819 4115 1848 4151 ¹¹¹·
1888 4131 1895 4144 ·

251 4230 349 4294 vobis
369 4234 542 4291 cataractas
560 4224 645 4302 coeli,
663 4232 694 4287 et
715 4222 862 4287 elindero
879 4223 970 4286 vobis
991 4221 1247 4286 benedictionem
1266 4244 1367 4305 usque
1387 4225 1425 4287 ad
1447 4226 1686 4288 abundantiam.
1708 4227 1804 4290 Porro

252 4338 288 4399 in
307 4336 406 4399 veteri
423 4335 636 4409 Testamento,
653 4330 878 4413 temporalium
898 4350 1005 4393 rerum
1025 4330 1221 4393 abundantia
1236 4340 1331 4412 atque
1352 4333 1555 4415 prosperitas,
1574 4335 1803 4416 longitudoqnc

253 4445 333 4509 vitas
347 4442 523 4525 praesentis,
541 4458 600 4522 pro
616 4440 746 4521 praemio
762 4447 891 4501 actuum
906 4438 1121 4501 virtuosorum
1137 4439 1405 4520 promittebantur
1420 4461 1438 4503 a
1453 4442 1598 4518 Domino,
1617 4462 1680 4505 non
1696 4450 1802 4505 autem

252 4550 439 4635 spiritualia
454 4558 485 4612 et
500 4550 584 4612 bona
600 4548 707 4609 lutura
721 4555 830 4629 aperte
848 4564 855 4607 :
874 4564 945 4627 qua
963 4554 1069 4608 tamen
1087 4546 1242 4628 implicite
1262 4547 1419 4609 dabantur
1437 4549 1574 4630 intelligi
1595 4550 1628 4611 in
1650 4558 1807 4633 tempora-

253 4659 344 4723 libus
369 4657 446 4735 illis‚
471 4656 623 4739 quoniam
649 4653 836 4737 temporalia
861 4652 917 4715 illa
942 4672 1143 4735 nequaquam
1168 4673 1238 4716 esse
1263 4653 1412 4717 valebant
1437 4675 1558 4720 merces
1584 4656 1754 4721 sufficiens
1776 4666 1807 4720 et

249 4766 418 4849 condigna
436 4763 647 4829 observantia
668 4762 746 4844 legis
766 4761 895 4839 divinae,
913 4770 944 4823 et
961 4762 1174 4824 virtuosorum
1194 4780 1230 4823 ac
1251 4761 1466 4843 spiritualium
1485 4773 1613 4826 actuum
1633 4784 1671 4827 ex
1694 4764 1759 4827 lide
1775 4772 1807 4827 ιι

248 4875 388 4939 caritate
409 4871 621 4936 manantium.

233 5046 242 5061 ,
313 4982 477 5057 Praeterea,
499 4978 646 5061 quamvis
666 4978 700 5039 in
720 4976 912 5059 precedenti
933 4974 1025 5052 libro,
1045 4974 1194 5038 videlicet
1216 4976 1332 5054 Exodo,
1355 4978 1394 5040 de
1417 4977 1587 5041 sacrificiis
1610 4988 1641 5041 ιι
1671 4980 1806 5043 oblatio

252 5091 352 5153 nibus
374 5088 474 5151 multa
496 5088 561 5149 sint
583 5086 678 5161 dicta,
696 5084 873 5166 prasertim
896 5104 914 5145 a
937 5082 1090 5145 vicesimo
1112 5083 1253 5165 capitulo
1275 5092 1307 5146 ιι
1329 5085 1500 5167 deinceps3
1519 5085 1621 5150 nihilo
1643 5088 1751 5150 minus
1773 5087 1806 5149 in

251 5197 423 5262 volumine
443 5195 505 5258 isto
526 5213 610 5257 nunc
630 5192 828 5275 exponendo,
847 5192 886 5253 de
906 5190 1026 5251 eisdem
1047 5190 1218 5271 specialius
1239 5190 1456 5273 dillusiusque
1476 5201 1638 5271 tractator,
1659 5195 1809 5276 quemad-

255 5304 422 5369 modum
415 5323 448 5365 m
469 5321 620 5385 processu
641 5301 738 5380 hujus
758 5298 864 5380 operis
885 5297 1078 5359 ostendetur.
