4309 6259
458 500 518 563 los
779 514 952 561 snsnnarro
973 512 1003 559 nv
1024 512 1092 559 car.
1116 512 1189 557 xxiv
1209 511 1406 557 nnusaoauu.
1429 532 1469 541 -
1489 513 1561 586 aar.
1584 514 1681 559 xxxix

457 688 536 751 urbe
552 686 627 751 lorti
643 706 698 751 seu
716 686 748 749 in
764 685 911 749 domibus
928 684 1032 746 lirmis
1048 683 1200 757 moraris3
1216 681 1241 744 A
1296 686 1339 744 Iit
1362 687 1406 743 ad
1424 694 1604 745 extremum
1625 686 1724 745 etiam
1747 686 1813 763 ipsi
1834 685 2001 761 peribunt.

455 790 510 847 sed
524 790 554 847 si
574 789 610 846 in
629 798 723 864 petra
735 787 882 863 posueris
906 786 1023 845 m'dum
1046 792 1151 852 tuctu,
1169 781 1201 843 id
1254 780 1351 842 Judaei
1369 781 1524 843 increduli
1541 790 1652 863 putant
1668 781 1838 863 imperium
1849 781 2004 843 Romano

456 886 673 967 est‚quamvis
690 884 855 947 insedibus
872 882 973 945 saxeis
990 900 1046 944 seu
1063 879 1200 963 petrosis
1256 898 1325 940 rum
1352 898 1524 961 persuum
1549 880 1692 944 Messiam
1724 880 1854 962 penitus
1879 880 2004 941 destru-

423 1050 427 1057 ,
457 983 685 1047 habitationem
704 982 817 1046 leceris
833 980 904 1059 tibi,
920 990 950 1041 et
966 982 1071 1057 fueris
1086 984 1202 1039 electas
1255 979 1398 1040 endum:
1421 987 1453 1041 et
1477 998 1588 1042 verum
1613 988 1662 1043 est
1685 979 1771 1061 quod
1786 978 2002 1042 Antichristus

456 1085 495 1141 ste
509 1086 608 1160 stirpe
625 1084 696 1153 Ota,
714 1081 746 1144 id
762 1090 820 1156 cst,
833 1082 907 1142 dato
922 1080 1008 1161 quod
1025 1078 1068 1139 sis
1084 1079 1124 1140 dc
1139 1076 1202 1139 cle·
1256 1077 1458 1159 potissimum
1488 1079 1629 1141 destruet
1660 1078 1739 1140 illud
1769 1078 1808 1139 ad
1839 1076 2001 1140 modicum

455 1180 653 1261 gautioribus
670 1180 753 1241 natis
768 1178 940 1242 exsemine
956 1176 1085 1239 viriCin
1103 1174 1202 1237 nomi·
1256 1185 1391 1259 tempus.
1408 1178 1538 1239 Interim
1564 1185 1671 1240 tamen
1696 1196 1760 1241 non
1785 1177 1919 1241 deliciet
1943 1196 2001 1238 uec

457 1300 508 1356 ne,
529 1299 548 1341 a
566 1298 628 1361 quo
646 1278 743 1341 Cinaei
765 1286 839 1339 sunt
859 1275 1021 1359 appellati,
1039 1276 1199 1355 quamdiu
1255 1275 1391 1337 cessabit
1414 1276 1447 1337 in
1470 1284 1547 1340 toto.
1569 1276 1795 1339 Verumtamen
1817 1296 1836 1338 a
1858 1284 2001 1357 tempore

453 1374 890 1458 petartspermaneretquasi
901 1375 994 1451 dicat,
1005 1374 1071 1436 Non
1083 1392 1203 1454 perma-
1255 1392 1320 1455 quo
1335 1374 1552 1437 monarchiam
1573 1374 1793 1452 obtinuerunt,
1810 1373 1918 1435 statim
1938 1392 2002 1435 cm

458 1476 546 1539 nebit
561 1476 729 1560 posteritas
741 1484 794 1537 tua
806 1474 924 1535 tamdiu
936 1482 971 1535 ut
982 1481 1086 1554 putas.
1099 1476 1203 1533 Assur
1256 1482 1371 1553 perunt
1386 1482 1497 1536 eontra
1512 1492 1546 1536 sc
1561 1473 1700 1537 invicem
1716 1473 1881 1547 dimicare,
1894 1481 1926 1535 et
1941 1472 2002 1533 sic

456 1580 543 1637 enim
559 1578 662 1654 captet
678 1586 717 1645 te,
735 1574 766 1635 id
789 1582 847 1649 est,
866 1592 919 1635 rex
939 1580 971 1634 et
994 1570 1133 1654 populus
1148 1570 1203 1631 As·
1256 1580 1290 1633 ut
1312 1570 1411 1633 refert
1431 1570 1571 1648 Orosius,
1589 1581 1619 1634 et
1640 1571 1840 1653 Augustinus
1862 1570 1896 1632 iu
1918 1570 2000 1632 libro

458 1674 614 1757 syriorum
645 1673 748 1755 capiet
772 1681 828 1735 te:
855 1672 939 1753 quod
965 1669 1065 1750 aliqui
1092 1669 1203 1731 dicunt
1255 1668 1442 1732 deCivitate
1467 1670 1533 1746 Dei,
1554 1670 1682 1750 gravius
1706 1670 1945 1732 dilaniaverunt
1970 1675 2001 1729 et

459 1773 637 1856 impletum,
664 1771 792 1853 quaudo
817 1770 876 1831 sub
900 1768 978 1831 Osee
1006 1786 1081 1847 rege
1106 1766 1201 1828 lsrael
1257 1776 1460 1830 vastaverunt
1483 1787 1517 1830 se
1538 1778 1660 1844 mutuo,
1677 1788 1772 1849 quam
1796 1776 1888 1830 autea
1911 1774 2000 1829 erant

342 1883 368 1927 Ν
384 1885 436 1939 fleo·
458 1880 558 1955 capta
574 1880 649 1934 sunt
664 1872 772 1933 decem
789 1868 891 1930 tribus
907 1866 1000 1929 lsrael
1017 1884 1054 1928 ac
1069 1864 1202 1927 transla-
1219 1858 1243 1919 Β
1257 1864 1297 1926 ab
1317 1866 1475 1927 extrancis
1496 1866 1662 1929 devastati.
1679 1865 1766 1940 Quod
1787 1865 1883 1929 etiam
1904 1865 1937 1925 in
1958 1864 2002 1925 vi-

312 1962 337 1990 “
376 1950 396 1991 ⁶¹
459 1981 509 2049 tae,
534 1990 606 2034 cum
632 1969 751 2051 quibus
775 1966 872 2030 Cinaei
894 1976 969 2027 tuuc
994 1983 1094 2047 prope
1116 1964 1202 2044 ipsas
1257 1962 1451 2044 sionequam
1464 1963 1571 2026 Daniel
1584 1964 1649 2043 regi
1660 1963 1997 2046 Babylonisexposuit,

459 2069 560 2131 tribus
576 2076 750 2142 manentes,
768 2073 842 2127 sunt
863 2064 959 2145 capti,
977 2064 1061 2144 quod
1082 2070 1114 2124 et
1127 2071 1201 2124 aute
1256 2061 1420 2123 evidenter
1439 2069 1487 2123 est
1509 2063 1767 2143 praenuntiatum.
1789 2062 1834 2125 lbi
1861 2079 1999 2143 namque

456 2167 640 2246 contingere
656 2164 768 2247 potuit.
1258 2159 1357 2222 lertur
1368 2160 1407 2221 de
1418 2169 1531 2241 quarto
1543 2160 1717 2224 fortissimo
1728 2180 1836 2242 regno,
1849 2160 2000 2224 videlicet

494 2270 731 2345 Assumptaquc
746 2264 917 2341 parabola,
934 2263 1051 2321 iterum
1075 2263 1199 2320 locutus
1255 2257 1389 2340 imperio
1414 2245 1654 2321 Romanorum:
1681 2260 1823 2339 Regnum
1848 2268 1997 2341 quartum
2024 2280 2123 2322 aetna

451 2374 497 2424 est
515 2383 527 2425 .·
548 2368 631 2436 Heu,
652 2365 725 2443 quis
747 2364 892 2421 victurus
911 2368 955 2419 est
981 2361 1113 2438 quaudo
1133 2360 1195 2417 istu
1253 2357 1314 2418 crit
1325 2356 1413 2419 velut.
1424 2355 1553 2419 serrum.
1566 2358 1728 2431 Quomodo
1739 2357 1859 2421 ferrum
1869 2358 1999 2423 commi·
2010 2346 2042 2385 ⁴³·

449 2465 548 2541 faetet
564 2464 674 2523 Deest
688 2460 773 2522 lstud
796 2457 967 2539 dupliciter
982 2463 1087 2538 potest
1101 2473 1196 2539 expo-
1254 2453 1325 2516 nuit
1349 2463 1379 2517 ct
1405 2456 1512 2517 domat
1535 2456 1654 2534 omnia,
1679 2458 1724 2519 sic
1748 2458 1944 2520 comminuet
1967 2466 1998 2520 ct

452 2557 495 2619 ni.
518 2558 633 2634 Primo,
658 2564 693 2619 ut
717 2554 904 2618 exclamatio
930 2553 991 2614 ista
1015 2552 1054 2614 ad
1079 2570 1196 2634 praece-
1252 2562 1394 2617 conteret
1408 2555 1516 2617 omnia
1532 2556 1609 2631 haec,
1629 2564 1737 2638 utpote
1761 2566 1866 2620 cetera
1887 2575 1995 2637 regua.

449 2656 558 2719 dentis
582 2654 762 2718 referatur:
786 2661 935 2734 tanquam
957 2650 1052 2727 dicat,
1074 2650 1098 2714 0
1123 2650 1195 2731 quis
1252 2652 1346 2715 Porro
1370 2653 1448 2734 quia
1476 2653 1585 2716 vidisti
1615 2655 1732 2736 pedum
1762 2663 1794 2717 et
1821 2655 1996 2737 digitorum

449 2754 557 2816 vivett
573 2762 603 2817 et
626 2754 687 2816 beu
709 2752 793 2833 quod
809 2768 867 2831 ego
890 2769 953 2813 non
977 2749 1081 2812 vivam
1106 2758 1192 2823 tunc,
1252 2760 1374 2833 partem
1400 2759 1488 2814 testae
1514 2751 1617 2831 liguli,
1641 2760 1674 2815 et
1697 2762 1819 2833 partem
1845 2754 1994 2827 terream,

447 2852 576 2933 quando
598 2850 816 2933 implebuntur
835 2866 959 2929 eaquae
981 2846 1194 2924 dixi,0rietur
1251 2867 1383 2929 regnum
1413 2849 1553 2912 divisum
1582 2850 1662 2925 erit3
1688 2860 1720 2913 et
1745 2871 1783 2913 ex
1814 2860 1904 2933 parte
1931 2851 1996 2914 erit

448 2950 540 3013 stella
561 2969 598 3012 cx
612 2948 719 3025 Jacob,
737 2956 768 3011 et
789 2954 960 3026 consurget
977 2946 1071 3008 bomo
1095 2945 1134 3007 de
1150 2945 1192 3007 ls-
1250 2947 1400 3024 solidum,
1427 2956 1459 3011 et
1483 2968 1521 3011 ex
1547 2958 1637 3030 parte
1661 2949 1776 3011 debite.
1803 2950 1997 3013 Commissa

447 3049 523 3126 rael,
540 3048 596 3129 qui
619 3046 831 3110 idololatriam
854 3047 1006 3119 destruet,
1029 3051 1060 3105 et
1082 3052 1231 3123 gentesc
1251 3045 1370 3107 buntur
1386 3047 1517 3128 quidem
1539 3046 1679 3110 humano
1698 3048 1831 3123 semine,
1848 3049 1905 3111 sed
1927 3067 1993 3111 nou

447 3166 512 3209 sua
533 3145 682 3228 subjiciet
704 3144 787 3223 legit
810 3143 901 3225 quasi
918 3143 1013 3219 dicat,
1031 3142 1117 3204 Beati
1137 3141 1193 3223 qui
1248 3144 1457 3207 adhaerebunt
1481 3144 1558 3222 sibi,
1587 3145 1669 3210 sicut
1698 3144 1817 3208 ferrum
1843 3165 1908 3209 non
1935 3166 1992 3227 po

447 3244 557 3309 vivent
579 3253 665 3320 tune,
685 3252 717 3306 et
743 3242 884 3304 viderint
905 3261 942 3303 ea
965 3240 1089 3304 visione
1112 3239 1191 3302 lide·
1248 3249 1309 3304 test
1323 3242 1450 3305 misceri
1465 3252 1563 3305 testas.
1585 3244 1726 3326 [leuique
1746 3244 1885 3306 instante
1900 3244 1992 3307 Auti-

449 3342 483 3418 li,
505 3342 678 3405 secundum
703 3341 788 3422 quod
814 3340 956 3403 Christus
981 3338 1026 3401 ait
1050 3337 1192 3419 discipu·
1247 3340 1358 3402 christi
1381 3341 1531 3417 adventu,
1558 3342 1617 3405 liet
1646 3342 1798 3405 discessio
1829 3344 1994 3425 praecipua

310 3441 490 3507 caerealis
507 3460 514 3504 :
537 3440 622 3503 Beati
637 3438 721 3503 oculi
741 3439 797 3519 qui
819 3438 930 3499 vident
945 3456 1015 3518 quaa
1037 3456 1093 3500 vos
1110 3436 1194 3499 vide·
1246 3437 1287 3499 ab
1308 3446 1444 3520 utroque
1462 3440 1607 3521 imperio,
1621 3449 1696 3521 puta
1712 3441 1816 3523 papali
1838 3451 1871 3505 et
1892 3441 1994 3523 impe

303 3518 338 3562 ²⁴·
450 3539 501 3601 tis.
520 3538 695 3603 Dicoenim
715 3536 921 3618 vobis,quod
943 3535 1034 3598 multi
1052 3554 1141 3617 reges
1161 3543 1194 3598 et
1247 3536 1329 3597 riali.
1347 3535 1457 3608 Occiso
1472 3545 1577 3599 autem
1594 3536 1799 3615 Antichristo,
1817 3557 1900 3621 pene
1920 3540 1994 3601 uni·

447 3638 610 3719 Propheta
627 3636 798 3699 voluerunt
819 3654 856 3697 ea
872 3635 990 3711 videre,
1009 3642 1039 3697 et
1059 3652 1124 3696 nou
1147 3634 1193 3697 vi·
1246 3634 1464 3706 versusorbis
1484 3643 1684 3698 convertetur
1708 3637 1746 3699 ad
1769 3637 1942 3715 Christum,
1961 3648 1994 3702 et

446 3737 573 3799 derunt.
591 3734 746 3811 Secundo,
764 3733 950 3797 exclamatio
973 3733 1033 3794 ista
1056 3732 1192 3795 retertur
1247 3732 1426 3796 idololatria
1448 3752 1578 3814 prorsus
1597 3734 1745 3810 cessabit,
1762 3744 1858 3817 atque
1879 3737 1994 3800 itoma-

446 3836 485 3897 ad
511 3831 749 3915 subsequentia,
775 3832 815 3893 ad
846 3830 1075 3893 insinuandum
1105 3831 1191 3912 quod
1247 3851 1322 3893 num
1346 3832 1516 3913 imperium
1536 3831 1597 3894 erit
1617 3832 1765 3915 plenum3
1783 3836 1839 3897 sed
1860 3836 1990 3899 modico

447 3932 503 3995 illa
525 3932 641 3995 fierent
666 3930 751 3994 circa
776 3929 915 4011 primum
936 3928 1052 3991 Christi
1076 3929 1191 3991 adven·
1248 3938 1388 4011 tempore
1404 3930 1463 3993 hoc
1483 3930 1621 4007 durabit,
1638 3931 1715 4011 quia
1730 3933 1889 3994 secundus
1903 3933 1993 3995 Chri-

447 4040 525 4107 tum,
542 4031 682 4093 instante
701 4027 920 4091 incarnatione
940 4026 1011 4088 Filii
1029 4027 1095 4089 Dei.
1113 4028 1189 4089 Nam
1246 4028 1285 4089 sti
1309 4028 1440 4089 instabit
1464 4029 1620 4091 adventus
1642 4030 1681 4091 ad
1704 4029 1882 4094 universale
1902 4032 1994 4112 judi-

447 4129 618 4191 subditur:
641 4130 771 4189 Venient
794 4128 829 4185 io
852 4127 1002 4186 trieribus
1017 4130 1056 4185 de
1075 4129 1189 4197 Italia,
1245 4128 1342 4189 cium.

448 4228 480 4289 id
495 4235 553 4304 est,
566 4226 699 4289 Romani
715 4233 746 4287 et
761 4222 860 4286 italici
875 4223 1005 4286 venient
1020 4244 1077 4306 per
1091 4244 1190 4307 aquas
1206 4227 1230 4288 D
1284 4225 1338 4287 His
1357 4227 1484 4288 demum
1508 4244 1581 4307 quaa
1596 4226 1680 4287 dicta
1702 4234 1777 4287 sunt
1796 4226 1836 4289 de
1850 4226 1989 4306 Christo,

448 4326 481 4387 iu
502 4324 637 4387 navibus
658 4320 720 4386 tros
742 4322 870 4386 ordines
894 4340 1052 4385 remorum
1074 4321 1190 4384 baben·
1245 4324 1400 4387 Pereutiet
1421 4325 1517 4388 duces
1539 4323 1638 4401 ldoab,
1657 4324 1857 4405 vastabitque
1876 4344 1992 4389 omnes

448 4423 542 4501 tibus,
559 4426 755 4501 strperebunt
775 4422 937 4499 Assyrios,
959 4424 1191 4501 vastabuntque
1246 4422 1332 4484 lilios
1352 4422 1437 4499 Seth,
1458 4422 1629 4485 manifeste
1648 4432 1803 4485 consonat
1821 4424 1905 4503 quod
1928 4424 1992 4486 Da·

447 4525 604 4583 Hebraeos.
620 4522 683 4583 Hoc
700 4520 819 4582 factum
842 4526 890 4581 cst
912 4519 1040 4599 quando
1055 4520 1188 4582 Romani
1245 4520 1309 4583 niel
1334 4522 1374 4583 de
1396 4539 1492 4600 regno
1513 4521 1629 4583 Christi
1651 4521 1794 4584 inducit:
1816 4522 1850 4583 ln
1872 4522 1989 4585 diebus
2002 4548 2111 4591 araas...

445 4617 764 4701 coeperuntobtinere
774 4615 990 4679 monarchiam
1002 4624 1033 4679 et
1044 4617 1186 4699 undique
1246 4619 1373 4682 illorum
1388 4637 1557 4698 regnorum
1573 4618 1739 4681 suscitabit
1753 4620 1834 4681 Deus
1849 4619 1923 4683 coeli
1939 4640 1990 4684 rc·

447 4715 629 4798 prevalere.
640 4714 807 4795 Quumque
821 4714 923 4777 Julius
941 4723 1095 4779 vastasset
1111 4716 1192 4779 occi·
1244 4736 1354 4799 gnum,
1366 4717 1451 4797 quod
1462 4718 1494 4778 in
1506 4726 1658 4780 aeteruum
1675 4736 1739 4779 nou
1755 4718 1987 4799 dissipabitur;

447 4815 585 4891 dentem,
606 4822 702 4895 atque
721 4812 889 4893 Pompeius
914 4812 1082 4889 orientem,
1105 4814 1189 4877 idem
1245 4826 1276 4879 ct
1291 4833 1424 4893 reguum
1439 4816 1509 4896 ejus
1520 4816 1638 4897 populo
1647 4815 1739 4877 alteri
1752 4835 1815 4877 uon
1832 4818 1987 4881 tradetur.

447 4913 614 4995 Pompeius
634 4912 767 4973 intravit
784 4910 968 4987 Jerusalem,
988 4912 1190 4991 graviterque
1244 4912 1443 4977 Commiuuet
1473 4922 1505 4977 et
1528 4921 1694 4976 consumet
1718 4914 1866 4976 universa
1889 4934 1991 4997 regua

447 5011 605 5094 oppressit
622 5011 757 5087 Judaeos,
781 5010 862 5072 sieut
883 5009 915 5070 in
938 5008 1098 5072 chronicis
1116 5009 1192 5091 legi·
1245 5012 1323 5087 haec,
1340 5020 1371 5073 ct
1394 5012 1498 5093 ipsum
1521 5010 1617 5073 stabit
1639 5010 1672 5072 in
1695 5020 1858 5084 aternum,
1876 5032 1992 5076 secura·
2043 5083 2047 5092 .

328 5126 357 5172 oe
376 5128 433 5172 seta
448 5118 506 5185 tur,
518 5109 713 5190 etJosepbus
729 5106 837 5171 relert.
849 5106 932 5168 lulio
948 5115 1052 5169 autem
1069 5128 1191 5171 succes·
1245 5112 1321 5173 dum
1337 5111 1422 5191 quod
1437 5110 1544 5172 vidisti
1560 5111 1644 5192 quod
1655 5110 1814 5173 demente
1827 5110 1991 5175 abscissus

299 5189 432 5309 12¹2·¹’¹³‘'
447 5207 488 5270 sit
504 5207 536 5269 in
553 5207 687 5289 imperio
697 5206 897 5281 Octavianus,
910 5205 969 5267 sub
985 5207 1076 5287 cujus
1092 5207 1190 5290 impe·
1244 5216 1292 5272 est
1314 5208 1395 5289 lapis
1411 5209 1481 5270 sine
1500 5208 1658 5270 manibus.
1676 5208 1714 5270 Et
1734 5209 1930 5273 comminuet
1945 5220 1991 5274 te

340 5285 345 5297 ¹
445 5306 494 5373 rio
509 5306 691 5369 incarnatus
702 5314 732 5367 et
744 5314 836 5367 uatus
847 5311 894 5366 est
907 5303 1017 5366 muudi
1030 5292 1183 5369 Salvator.
1244 5316 1325 5369 stam
1347 5316 1379 5368 et
1400 5305 1519 5369 terrum
1535 5314 1566 5369 et
1587 5326 1630 5370 aas
1651 5316 1684 5369 et
1697 5317 1863 5387 argeutum
1877 5318 1910 5371 et
1928 5328 1990 5372 au-
