4309 6259
558 491 732 538 snnannrro
753 488 785 535 nv
805 486 873 533 aar.
896 485 974 532 xxrrr
995 486 1098 535 axem.
1120 508 1160 519 -
1180 490 1251 537 aar.
1274 490 1345 537 xrvr
1683 473 1720 537 31

173 664 343 744 Augustini
368 662 526 746 praedictis
549 682 614 727 non
639 664 780 743 derogat.
804 660 922 723 Verum
936 656 962 717 Α
977 659 1114 723 attalem
1127 662 1720 743 nondebctjudexoccidere.hdquod

174 770 223 824 est
243 762 343 839 enim,
362 762 447 843 quod
470 780 670 843 nequaquam
697 761 762 823 sint
787 758 880 821 liberi
905 776 923 818 a
977 757 1060 835 dico,
1079 761 1163 840 quod
1180 761 1325 842 quamvis
1347 780 1410 825 non
1426 761 1540 824 debeat
1560 761 1652 823 illum
1667 779 1722 824 oc-

174 868 305 941 peccato
325 861 410 941 apud
426 859 638 937 Altissimum,
656 859 712 941 qui
729 876 786 940 pro
807 856 857 918 his
872 874 922 918 re·
976 854 1094 934 cidere,
1107 859 1321 939 praetermisso
1337 860 1449 923 ordine
1464 859 1556 940 juris,
1571 867 1676 922 tamen
1693 859 1720 920 si

174 959 234 1020 bus
249 978 330 1040 quas
345 966 550 1023 contemnere
565 958 850 1041 oportet,humana
865 972 924 1016 cm
978 954 1067 1017 novit
1082 965 1201 1019 secrete
1218 957 1415 1039 impietatem
1435 958 1549 1040 ipsius,
1566 967 1671 1040 potest
1688 977 1721 1021 se

172 1059 212 1119 de
227 1058 345 1139 polluti
365 1067 450 1120 sunt.
473 1057 533 1121 Sed
549 1057 635 1119 istud
661 1056 696 1118 in
711 1074 787 1119 casu
806 1069 923 1135 propo-
977 1072 1014 1115 ex
1027 1053 1082 1115 illa
1095 1055 1207 1135 juvare
1218 1057 1330 1119 notitia
1339 1059 1379 1119 ad
1395 1060 1631 1140 procurandum
1640 1058 1722 1121 ordi·

173 1156 235 1219 sito
258 1156 365 1221 locum
392 1174 455 1219 non
481 1155 587 1233 hahet,
605 1155 682 1237 quia
706 1154 740 1216 in
765 1171 841 1216 casu
867 1150 922 1212 illo
978 1160 1050 1215 nate
1066 1162 1201 1216 mortem
1217 1154 1318 1236 ipsius
1334 1176 1391 1238 per
1406 1175 1529 1238 poenas,
1543 1157 1720 1238 presertim

173 1273 238 1317 non
254 1255 410 1337 polluitur
424 1255 521 1336 judex
535 1256 621 1317 cade
634 1254 773 1315 humana
784 1270 791 1313 ε
804 1251 923 1313 idcirco
978 1250 1005 1311 si
1021 1251 1076 1314 ille
1094 1252 1225 1333 iniquus
1241 1254 1426 1317 adversetur
1441 1256 1525 1319 bono
1543 1256 1717 1319 communi.

172 1354 258 1433 quod
285 1353 488 1435 probandum
512 1361 576 1429 est,
601 1353 730 1435 petitur.
758 1351 922 1414 Verumta-
976 1349 1100 1430 Allegat
1121 1350 1217 1412 etiam
1232 1350 1427 1432 Lyrallabbi
1444 1353 1656 1431 Salomonem,
1674 1354 1720 1416 di-

173 1471 246 1515 men
270 1452 297 1513 si
312 1452 410 1534 judex
425 1453 493 1515 zelo
507 1452 640 1534 justitiae
662 1451 772 1513 mallet
787 1449 923 1531 dignita·
976 1456 1121 1511 centem:
1139 1448 1171 1511 Si
1187 1449 1214 1511 is
1230 1450 1284 1531 qui
1300 1450 1406 1531 justus
1422 1459 1563 1532 putatur,
1576 1452 1632 1514 sed
1648 1471 1720 1515 reus

174 1558 237 1613 tcrn
254 1559 350 1632 atque
365 1550 513 1615 cilicium
531 1551 703 1630 resignare,
718 1568 814 1631 quam
833 1547 922 1611 inno·
976 1553 1034 1623 est,
1052 1547 1117 1609 exit
1138 1549 1178 1610 de
1199 1549 1294 1611 domo
1315 1549 1439 1629 judicii,
1458 1558 1610 1631 tanquam
1630 1550 1722 1613 inno-

173 1658 299 1711 centem
325 1650 488 1726 damnare,
512 1648 673 1711 laudabile
697 1656 800 1721 esset3
818 1647 874 1709 sed
894 1646 921 1707 si
975 1664 1051 1707 ccns
1066 1665 1085 1709 a
1100 1647 1235 1709 crimine
1255 1647 1317 1709 sibi
1339 1647 1501 1731 imposito,
1520 1659 1552 1713 et
1574 1650 1721 1733 apparuit

174 1748 320 1830 superior
335 1747 584 1827 resignationem
602 1765 665 1809 non
681 1753 836 1828 acceptet,
848 1743 923 1808 ohe·
975 1744 1092 1826 aliquis
1108 1746 1164 1827 qui
1185 1746 1263 1809 velit
1282 1766 1355 1809 eum
1376 1748 1511 1829 probare
1536 1768 1638 1826 raum,
1657 1768 1721 1812 non

174 1846 329 1909 diendum
345 1853 393 1909 est
408 1845 449 1908 ci.
938 1852 960 1913 Β
976 1850 1024 1905 est
1038 1844 1215 1907 audiendus
1230 1846 1382 1909 adversus
1397 1846 1505 1921 illum3
1523 1867 1597 1910 nam
1613 1867 1723 1929 quam-

213 1944 303 2019 Quod
329 1945 357 2007 si
383 1944 543 2027 predictis
568 1943 752 2025 objiciatur,
774 1942 852 2024 quia
876 1961 925 2003 se·
976 1942 1025 2004 vis
1043 1942 1098 2006 ille
1112 1944 1225 2005 evadat
1239 1944 1407 2007 hominurn
1422 1965 1548 2024 manus,
1565 1947 1722 2009 tamenin

173 2044 316 2106 cundum
338 2063 376 2107 ea
395 2043 521 2107 videtur
535 2041 654 2104 Pilatus
669 2041 830 2105 Christum
855 2040 925 2103 sine
977 2040 1032 2104 llei
1047 2060 1144 2103 manu
1163 2052 1329 2124 permanet
1343 2044 1536 2125 puniendus.
1552 2044 1643 2108 Circa
1663 2046 1723 2110 hoc

176 2152 307 2226 peccato
331 2144 499 2207 damnasse
524 2142 562 2203 ad
589 2130 735 2219 mo'rtcm,
760 2140 835 2222 quia
859 2148 924 2202 tarn
977 2140 1059 2217 dico,
1084 2143 1170 2222 quod
1190 2142 1224 2203 in
1248 2142 1432 2224 hujusmodi
1458 2163 1545 2223 casu,
1562 2144 1589 2206 si
1614 2146 1722 2210 evasio

63 2259 139 2303 narrt.
177 2242 271 2305 multi
288 2251 396 2319 testes,
414 2241 479 2303 irno
494 2248 526 2303 et
545 2240 710 2321 principes
725 2240 924 2303 sacerdotum
978 2238 1024 2301 rei
1049 2238 1134 2317 talis,
1153 2239 1194 2301 sit
1218 2240 1303 2303 hono
1326 2242 1510 2324 reipublicae
1530 2245 1721 2326 periculosa,

40 2324 163 2376 ¹¹‘¹'‘¹²¹²⁰'
176 2351 289 2406 contra
303 2341 465 2404 Christum
481 2339 694 2414 testabantur3
711 2337 860 2401 similiter
880 2337 927 2399 vi·
978 2346 1009 2400 et
1032 2338 1130 2420 judex
1148 2339 1358 2420 probabiliter
1381 2350 1436 2404 aut
1457 2342 1723 2407 certitudinaliter

175 2442 330 2505 derantur
355 2438 527 2504 excusandi
545 2438 599 2520 qui
616 2437 775 2501 Christum
799 2444 830 2499 et
855 2455 927 2499 san·
978 2437 1056 2502 sciat
1074 2439 1161 2521 quod
1176 2438 1292 2517 dignus
1314 2439 1355 2501 sit
1370 2450 1482 2520 morte,
1500 2442 1597 2506 dehet
1611 2443 1723 2506 audire

175 2548 243 2603 ctos
255 2546 412 2621 martyres
421 2537 607 2601 occiderunt
618 2554 656 2598 ex
666 2543 824 2618 precepto
835 2554 926 2617 supe
978 2546 1197 2601 occurrentem
1212 2546 1448 2602 accusatorem:
1467 2560 1525 2605 nec
1540 2542 1625 2605 valet
1642 2542 1723 2606 ratio

176 2637 298 2702 riorum
316 2635 793 2718 suorum:respondetur,qu0d
807 2634 926 2696 Pilatus
978 2638 1017 2699 ad
1039 2638 1222 2719 oppositum
1244 2637 1415 2717 assignata,
1440 2640 1516 2721 quia
1539 2643 1650 2705 eadem
1676 2662 1723 2704 ra·

51 2744 104 2787 1⁶¹³·
114 2748 146 2787 ¹⁸-
176 2736 282 2801 sciens
301 2735 464 2799 Christum
488 2754 528 2797 ex
548 2733 673 2797 invidia
693 2733 856 2809 traditum,
879 2752 927 2795 se·
977 2734 1064 2797 tione
1074 2734 1211 2816 quilibet
1226 2756 1298 2799 reus
1314 2744 1399 2800 esset
1413 2738 1634 2819 dimittendus,
1644 2759 1721 2824 quo

174 2854 238 2917 quc
262 2853 359 2918 posse
378 2853 452 2897 oum
472 2852 594 2910 eruere,
613 2850 678 2895 non
699 2830 823 2895 remisit
842 2830 926 2911 iudi·
978 2832 1064 2894 niam
1093 2840 1387 2918 quantumcumque
1411 2836 1578 2901 hominum
1606 2859 1722 2903 manus

172 2934 259 2997 cium
275 2934 348 3015 ejus
364 2929 679 3014 adsuperiorem.hd
689 2930 777 2992 aliud
789 2928 925 2991 Thomas
978 2931 1101 3007 evadat,
1126 2937 1233 2993 tamen
1257 2931 1490 3016 omnipotentis
1517 2938 1628 3017 nequit
1651 2959 1724 3003 eva-

170 3034 347 3116 respondet
364 3049 371 3094 ε
389 3030 531 3095 Minister
545 3029 664 3111 judicis
676 3028 778 3110 judici
794 3026 924 3091 obedire
941 3033 963 3096 C
978 3029 1053 3092 dere
1068 3047 1211 3091 manum,

168 3152 234 3199 non
253 3132 361 3209 dehet,
380 3130 407 3193 si
423 3130 494 3211 ejus
509 3129 669 3193 sententia
683 3126 919 3191 intolerabilem
1017 3128 1125 3209 ltaque
1139 3127 1299 3191 insontem
1319 3136 1351 3191 et
1364 3130 1485 3211 justum
1501 3152 1566 3198 non
1582 3134 1721 3211 occides,

170 3231 316 3295 includat
336 3247 478 3293 errorem
496 3245 503 3290 :
521 3227 601 3289 alias
616 3233 843 3290 excusarentur
859 3242 925 3287 car·
979 3243 1037 3288 nec
1057 3224 1223 3307 permittes
1245 3225 1358 3304 occidi,
1376 3228 1403 3289 si
1425 3231 1652 3295 convenienter
1667 3252 1724 3314 po

169 3329 287 3393 nilices
313 3328 370 3411 qui
392 3334 518 3391 sanctos
544 3334 700 3407 martyres
724 3325 921 3388 occiderunt.
980 3324 1055 3387 teris
1070 3323 1248 3405 impedire:
1265 3328 1347 3404 quia
1360 3332 1724 3408 aversorimpium,hoc

171 3428 205 3491 Si
221 3437 330 3491 autem
353 3446 417 3489 non
443 3425 588 3489 continet
609 3423 801 3505 injustitiam
827 3421 926 3484 mani·
980 3431 1037 3499 est,
1056 3420 1155 3503 impie
1168 3422 1366 3503 judicantem
1381 3425 1557 3491 abominor.

175 3526 304 3603 festam,
323 3544 388 3589 non
412 3532 522 3607 peccat
546 3522 693 3586 minister
715 3523 785 3604 ejus
801 3528 926 3584 senten·
1020 3522 1086 3585 Nec
1116 3524 1253 3599 accipies
1284 3543 1434 3595 monera,
1459 3547 1532 3606 qum
1561 3539 1723 3591 eecoecam

172 3625 252 3687 tiam
274 3624 480 3704 exsequendo
508 3640 514 3684 :
542 3622 617 3703 quia
644 3639 708 3685 non
738 3627 861 3703 spectat
885 3619 924 3681 ad
979 3621 1076 3679 ctiam
1093 3622 1282 3697 prudentes,
1298 3630 1328 3681 et
1344 3625 1532 3687 subvertunt
1556 3630 1652 3687 verda
1667 3630 1726 3706 jo-

172 3743 260 3801 eum,
279 3720 456 3804 superioris
472 3720 522 3783 sui
538 3720 696 3783 discutere
712 3719 924 3795 sententiam3
979 3726 1112 3778 storum.
1136 3717 1194 3779 Per
1218 3718 1304 3780 istud
1332 3714 1395 3782 'non
1419 3722 1632 3803 prohihentur
1653 3725 1726 3786 uni-

172 3831 206 3885 et
224 3829 299 3885 tunc
316 3822 387 3903 ipse
410 3838 474 3883 non
497 3818 615 3883 occidit
637 3818 853 3895 innocentem,
872 3818 927 3880 sed
981 3815 1147 3878 versalitcr
1162 3815 1248 3879 datio
1266 3824 1361 3898 atque
1381 3820 1522 3901 acceptio
1542 3842 1723 3900 muncrum,

169 3918 283 3999 judex.
301 3917 386 3979 Deus
407 3924 514 3979 autem
537 3914 636 3977 iidem
662 3922 836 3995 martyrum
861 3920 926 3973 tam
981 3933 1079 3995 quum
1096 3912 1182 3977 dicat
1197 3914 1339 3980 Salvator
1357 3917 1464 3994 :Data
1481 3927 1512 3981 et
1526 3920 1655 3984 dabitur
1670 3941 1725 3986 vo
1740 3942 1873 3993 aream.

173 4017 346 4084 evidenter
362 4013 511 4097 probavit
525 4031 583 4095 per
602 4011 801 4075 sull'icientia
824 4010 925 4091 signa,
982 4010 1219 4074 ulammaus
1235 4012 1268 4074 in
1284 4014 1350 4076 suis
1361 4015 1505 4097 epistolis
1517 4017 1648 4082 munera
1663 4020 1725 4084 sibi

172 4115 265 4196 quod
281 4120 501 4195 persecutores
514 4120 545 4173 et
561 4129 670 4174 eorum
686 4109 826 4172 ministri
837 4128 927 4172 excu·
982 4128 1000 4172 a
1019 4110 1086 4171 suis
1111 4110 1278 4193 discipulis
1302 4112 1401 4176 missa
1425 4114 1551 4178 latetur.
1577 4117 1725 4182 Salomon

174 4214 338 4277 sationem
359 4230 424 4275 non
444 4209 634 4273 habuerunt.
656 4206 926 4272 Antisiodorensis
943 4216 1108 4289 unoque
1124 4208 1158 4270 in
1173 4209 1352 4274 Proverbiis
1368 4220 1517 4276 testatur:
1530 4216 1642 4279 llunus
1658 4217 1727 4280 abs
1754 4239 1872 4291 rmus,

172 4331 307 4395 quoque
324 4310 479 4387 allirmat,
496 4309 581 4389 quod
603 4307 822 4371 interfectores
838 4304 928 4368 Chri·
981 4304 1145 4367 conditum
1156 4307 1329 4387 exstinguit
1343 4306 1417 4385 iras,
1425 4316 1457 4371 et
1471 4311 1591 4374 donum
1602 4312 1636 4374 in
1652 4314 1725 4376 sinu
1743 4304 1775 4345 ¹⁴·

172 4412 218 4475 sti
235 4430 275 4473 cx
289 4410 377 4472 fama
396 4425 530 4490 operum
546 4406 663 4469 Christi
683 4406 812 4467 credere
832 4403 928 4467 dehu-
981 4402 1235 4483 indignationem
1265 4406 1446 4469 maximam.
1475 4407 1534 4471 Sed
1563 4410 1726 4491 judicibus

172 4518 284 4585 erunt,
301 4508 388 4590 quod
404 4514 487 4570 esset
503 4526 521 4567 a
536 4506 599 4569 Deo
614 4524 651 4567 ac
665 4504 779 4585 justus.
796 4502 884 4576 Quod
901 4502 927 4564 si
983 4500 1043 4563 ista
1066 4501 1228 4580 dicuntur,
1253 4522 1293 4567 ne
1318 4507 1358 4569 ab
1382 4506 1575 4569 habentibus
1599 4528 1724 4586 causas,

171 4608 397 4685 dicatur,dato
413 4604 510 4687 igitur
526 4604 610 4687 quod
626 4603 709 4667 inter
725 4623 779 4666 eos
795 4602 925 4683 quidam
982 4600 1141 4683 accipiant
1162 4620 1296 4665 munera
1317 4605 1357 4666 ad
1372 4605 1432 4669 hoc
1447 4606 1532 4682 data,
1550 4626 1606 4670 seu
1621 4628 1660 4671 ea
1676 4608 1729 4670 in-

173 4708 320 4770 fuissent
335 4704 392 4786 qui
407 4704 486 4767 inde¹
504 4703 585 4765 nihil
601 4702 778 4778 audissent,
798 4701 845 4763 illi
865 4720 929 4764 non
983 4699 1137 4777 tentione,
1154 4709 1190 4762 ut
1204 4709 1385 4782 pervertant
1399 4704 1568 4784 judicium,
1581 4707 1667 4787 quod
1683 4727 1731 4769 es·

172 4812 367 4889 peccassent
390 4821 396 4865 :
424 4803 596 4885 respondet
618 4801 671 4864 hic
695 4803 816 4877 doctor,
839 4800 925 4881 quod
984 4805 1031 4859 set
1046 4798 1180 4861 mortale
1195 4807 1380 4879 peccatum:
1398 4801 1507 4883 sicque
1522 4803 1729 4869 verbumhoc

172 4924 271 4969 casus
293 4904 336 4965 sit
360 4901 582 4984 impossibilis
605 4900 757 4981 quoniam
781 4898 926 4962 Christus
984 4904 1032 4958 est
1047 4905 1250 4977 praeceptum.
1270 4898 1301 4959 Si
1321 4907 1426 4961 autem
1441 4900 1542 4981 judici
1565 4904 1728 4984 praebean-

174 5022 245 5068 non
261 5001 462 5085 permisisset
477 5000 555 5063 tales
572 4999 634 5061 sibi
651 4998 784 5079 injicere
800 5016 925 5059 manus.
985 5004 1038 5056 tur
1058 5013 1201 5071 munera,
1218 4996 1339 5077 absque
1359 4996 1466 5078 aliqua
1486 5001 1645 5080 pactione,
1662 5010 1728 5064 tarn

219 5104 377 5167 Praeterea
386 5120 443 5183 per
452 5102 585 5182 justum,
595 5099 674 5182 Lyra
684 5097 836 5179 intelligit
845 5117 930 5173 eum,
986 5093 1136 5176 explicita
1151 5114 1246 5175 quam
1257 5095 1423 5177 implicita,
1437 5114 1495 5159 nec
1511 5097 1581 5180 ipse
1595 5101 1731 5184 accipiat

175 5202 238 5285 qui
266 5200 376 5284 justus
406 5198 533 5261 videtur
561 5200 593 5261 in
620 5198 722 5263 oculis
750 5197 928 5273 hominum,
987 5214 1025 5257 ea
1044 5193 1222 5257 intentione
1244 5213 1405 5276 perversa,
1421 5196 1526 5260 adhuc
1542 5217 1607 5262 non
1628 5206 1730 5261 tutum

175 5299 333 5383 quamvis
345 5298 454 5363 lorsan
465 5297 507 5361 sit
518 5316 589 5360 reus
605 5298 717 5361 mortis
727 5298 811 5379 apud
823 5297 932 5375 Deum,
987 5292 1136 5373 estquod
1151 5292 1266 5375 accipit
1281 5314 1328 5373 ea,
1340 5302 1471 5377 propter
1486 5314 1614 5359 causam
1629 5298 1664 5359 in
1680 5298 1730 5360 lit-
