4309 6259
600 483 774 532 mnnmno
797 483 828 528 m
849 483 917 530 cnr.
940 482 1025 530 xxvu
1047 483 1183 529 narraret.
1205 483 1337 552 -gnnn
1361 484 1389 528 u
1577 463 1580 469 '
1706 463 1765 528 317

253 649 428 729 Postremo,
447 652 487 715 de
501 652 635 716 decimis
652 653 764 717 scribit
780 653 810 716 S.
828 653 964 717 Thomas
978 654 1003 718 Α
1019 661 1087 716 tum
1102 653 1224 736 aliquid
1240 652 1445 735 significavit.
1462 653 1539 715 Nam
1555 651 1662 715 omnia
1678 651 1710 713 in
1727 650 1765 713 li·
1779 669 1911 722 raanan.

212 746 248 810 in
265 751 406 812 secunda
429 752 587 830 secundae,
605 751 782 834 quaestione
797 751 835 814 87
854 770 860 814 :
879 752 966 814 Deci·
1018 769 1097 831 gura
1116 752 1343 833 contingebant
1366 751 1441 813 illis.
1458 750 1611 814 Denarius
1628 767 1766 832 namque

212 865 274 910 mae
291 847 326 909 in
342 849 441 912 veteri
453 851 655 914 Testamento
672 850 828 912 dabantur
843 852 883 913 ad
899 871 966 912 sus·
1020 850 1181 932 perlectus
1196 859 1245 914 est
1260 871 1423 927 numerus,
1435 857 1467 912 et
1477 849 1600 912 decima
1610 849 1680 929 ejus
1696 847 1767 910 uui-

213 947 426 1010 tentationem
443 948 664 1012 ministrorum
680 948 746 1010 Dei.
761 949 876 1030 Sicque
892 968 967 1030 prae-
1022 957 1084 1012 tatc
1100 969 1155 1013 seu
1167 957 1257 1032 parte
1267 949 1401 1026 sublata,
1414 957 1544 1011 manent
1558 966 1684 1025 novem,
1695 966 1767 1028 quae

212 1053 345 1126 ceptum
372 1048 411 1110 de
436 1047 569 1110 decimis
595 1047 827 1130 persolvendiS,
850 1047 966 1130 partim
1021 1057 1095 1109 sunt
1111 1067 1262 1111 numerus
1279 1047 1485 1130 imperfectus
1498 1065 1505 1108 :
1518 1047 1627 1128 sicque
1643 1065 1700 1128 per
1715 1046 1769 1108 de

213 1142 277 1204 luit
293 1146 425 1222 morale,
443 1153 551 1228 utpote
568 1145 705 1208 naturali
722 1145 859 1208 inditum
875 1145 966 1209 ratio·
1021 1146 1174 1208 eimarum
1191 1145 1440 1227 persolutionem
1457 1145 1669 1225 significatur,
1682 1145 1768 1226 quod

213 1243 274 1303 ni:
300 1243 454 1323 quoniam
481 1242 624 1306 naturale
649 1252 707 1320 est,
733 1251 767 1305 ut
790 1243 968 1306 necessaria
1022 1245 1091 1326 ipse
1106 1245 1292 1326 persolvens
1307 1252 1339 1307 et
1353 1243 1506 1320 offerens,
1520 1242 1718 1323 recognoscit
1734 1261 1768 1305 se

211 1340 290 1402 vitae
312 1340 536 1406 ministrentur
558 1361 575 1404 a
599 1342 716 1424 populo
740 1342 797 1420 eis,
815 1342 871 1423 qui
897 1360 968 1424 pro-
1021 1341 1297 1424 imperfectionem
1325 1361 1414 1404 suam
1439 1361 1458 1403 a
1482 1361 1516 1404 se
1541 1341 1611 1422 ipso
1635 1340 1765 1417 habere,

212 1446 287 1520 pter
303 1441 402 1502 totius
418 1441 523 1522 plebis
539 1441 673 1504 salutem
687 1440 797 1503 divino
813 1449 888 1502 sunt
903 1441 968 1503 cul·
1022 1439 1252 1522 perfectionem
1278 1460 1354 1504 vero
1383 1449 1565 1522 exspectare
1590 1459 1609 1502 a
1634 1440 1707 1516 Dec,
1735 1447 1766 1502 et

213 1538 261 1600 tui
278 1539 466 1622 mancipati,
479 1541 749 1622 quemadmodum
767 1550 798 1603 et
809 1540 968 1602 militibus
1021 1558 1090 1600 eam
1102 1539 1285 1602 adscribere
1295 1538 1436 1602 Domino.
1450 1539 1538 1600 Nunc
1549 1544 1653 1603 autem
1666 1539 1767 1601 deter-

211 1637 334 1699 dantur
350 1638 521 1720 stipendia.
534 1639 651 1702 Partim
663 1657 739 1704 vero
755 1648 823 1702 crat
836 1638 968 1720 judicia·
1021 1636 1156 1700 minatio
1186 1638 1246 1700 ista
1276 1637 1408 1700 decimat
1436 1635 1546 1718 partis,
1574 1655 1645 1717 qum
1671 1635 1767 1700 solvi-

213 1736 255 1812 lc,
270 1735 305 1798 in
322 1743 478 1818 quantum
491 1738 714 1801 determinatio
726 1738 857 1800 deoimae
868 1737 967 1820 partis
1022 1745 1073 1797 tur
1088 1755 1126 1799 ex
1141 1736 1287 1799 instituto
1303 1735 1463 1812 Ecclesiae,
1480 1735 1687 1798 observatur:
1701 1734 1765 1797 imo

211 1853 252 1896 ex
268 1835 381 1898 divina
403 1836 605 1900 ordinatione
626 1845 674 1900 est
699 1835 855 1900 instituta.
873 1836 967 1898 llulta
982 1842 1004 1904 Β
1021 1834 1162 1898 Ecclesia
1193 1843 1302 1916 posset
1330 1834 1542 1898 determinare
1570 1833 1665 1896 aliam
1697 1853 1766 1915 par-

211 1953 356 2015 namque
380 1935 526 1997 instituta
542 1945 616 1998 sunt
638 1935 671 1997 in
698 1936 817 2017 populo
843 1935 967 2000 llebraa-
1021 1941 1097 2010 tem,
1121 1934 1188 1996 sive
1218 1935 1382 2015 majorem,
1406 1932 1474 1996 sive
1502 1932 1670 2011 minorem,
1695 1952 1766 1996 esse

210 2051 305 2096 orum
333 2053 352 2095 a
372 2034 446 2110 Deo,
466 2035 505 2096 ad
527 2035 778 2097 conservandam
803 2033 967 2115 aequalita-
1021 2032 1216 2109 solvendam,
1233 2031 1525 2114 opportunitatibus
1540 2051 1764 2114 personarum,

210 2139 277 2193 tem
292 2131 429 2213 justitias
446 2132 530 2196 inter
545 2151 610 2196 eos.
623 2133 668 2194 Ex
683 2133 743 2196 hoc
759 2141 865 2196 autem
881 2134 966 2214 quod
1020 2149 1188 2193 causarum
1207 2151 1243 2194 ac
1263 2138 1442 2213 temporum
1456 2131 1676 2195 consideratis.
1693 2131 1769 2194 Por-

210 2230 341 2292 decima
364 2250 437 2312 pars
459 2230 605 2309 dabatur,
622 2239 654 2294 et
677 2250 762 2294 nunc
779 2231 883 2307 datur,
902 2250 966 2293 ser·
1021 2247 1055 2292 ro
1076 2238 1149 2292 ante
1170 2230 1273 2310 legem
1295 2230 1456 2312 scriptam,
1475 2229 1624 2292 videlicet
1638 2229 1673 2291 iu
1696 2229 1766 2309 lege

209 2336 306 2390 vatur
336 2328 502 2410 aequalitas
534 2329 595 2392 ista
626 2329 771 2410 justitia,
802 2329 879 2411 quia
908 2329 967 2390 mi·
1021 2336 1153 2406 naturae,
1174 2327 1313 2391 ministri
1335 2328 1440 2390 cultus
1462 2326 1565 2390 divini
1586 2347 1651 2392 nou
1674 2336 1767 2391 erant

210 2427 326 2489 nist-ris
350 2428 460 2510 templi
487 2427 689 2491 sullicienter
714 2427 911 2509 providetur,
936 2436 967 2491 et
1021 2426 1064 2489 ita
1084 2427 1285 2490 determinati
1308 2435 1343 2489 ut
1362 2428 1467 2504 modo,
1485 2428 1540 2489 sed
1558 2426 1765 2508 primogeniti

208 2526 355 2608 populus
370 2544 436 2589 non
450 2535 599 2608 gravatur
617 2544 624 2588 :
642 2527 707 2589 imo
722 2525 777 2607 qui
794 2525 963 2608 primitias,
1020 2534 1111 2588 erant
1129 2526 1180 2606 (ut
1196 2526 1328 2606 dieitur)
1344 2526 1522 2589 sacerdotes
1540 2542 1547 2586 :
1566 2524 1685 2589 idcirco
1700 2543 1765 2588 uon

208 2625 394 2688 oblationes
410 2635 441 2688 et
452 2625 592 2688 decimas
608 2624 749 2688 fideliter
765 2625 904 2701 solvunt,
917 2644 966 2689 oo
1020 2634 1088 2688 erat
1115 2633 1190 2687 tuuc
1214 2625 1424 2688 determinata
1449 2643 1522 2706 pars
1547 2624 1681 2702 decima,
1710 2625 1765 2686 sed
1815 2613 1820 2619 ’

209 2725 305 2806 piose
320 2733 353 2787 et
367 2724 589 2806 multipliciter
600 2733 844 2787 remunerantur
860 2725 962 2801 allec,
1020 2723 1241 2805 unusquisque
1257 2723 1416 2787 ollerebat
1431 2723 1595 2800 sacerdoti,
1606 2729 1702 2805 prout
1717 2740 1766 2785 oc-

207 2823 311 2886 etiam
336 2823 368 2885 in
391 2823 541 2905 praesenti
566 2831 662 2904 atque
686 2822 719 2884 in
744 2822 964 2905 corporalibus
1019 2822 1167 2885 currebat
1193 2831 1306 2904 sponte
1328 2825 1414 2904 quod
1434 2822 1545 2885 voluit.
1569 2823 1649 2884 Hinc
1667 2821 1763 2885 Jacob

207 2922 320 2985 bonis.
337 2922 469 3000 Rursus,
488 2930 681 3004 praeceptum
706 2922 745 2984 de
766 2921 909 2999 decimis,
927 2941 965 2984 ex
1021 2921 1135 3000 legitur
1160 2921 1300 2983 decimas
1323 2921 1460 2998 vovisse,
1478 2920 1554 3001 quia
1579 2922 1618 2983 ad
1644 2929 1763 2983 certam
1785 2937 1909 2990 naemu,

206 3020 425 3103 consequenti
449 3020 511 3083 luit
525 3029 556 3083 et
572 3019 797 3096 caerimoniam,
816 3019 849 3081 in
865 3021 1000 3101 quan-C
1019 3019 1326 3100 determinatamque
1348 3027 1470 3101 partem
1495 3037 1559 3081 non
1583 3018 1760 3082 tenebatur.
1777 3003 1811 3043 ²²·

782 3453 1115 3580 narremus
1146 3451 1199 3537 n

452 3729 637 3777 summitatis
663 3729 891 3775 INTELLlGEN'l'lA
917 3728 1049 3774 utusnuu
1077 3728 1213 3774 cantuum
1239 3728 1370 3774 vlceslm
1395 3728 1525 3776 suurltit.

276 4014 446 4076 OCUTUS
460 4021 505 4072 est
520 4013 700 4072 Dominus:
717 4011 819 4070 Homo
837 4010 895 4088 qui
914 4027 964 4068 oo·
1020 4006 1082 4069 lius
1093 4007 1169 4070 talia
1180 4007 1283 4071 lacere
1294 4027 1331 4070 ex
1341 4016 1426 4085 voto,
1437 4007 1514 4090 quia
1530 4008 1576 4072 sic
1585 4009 1680 4073 arbor
1689 4028 1763 4073 cum

287 4121 356 4172 tum
377 4112 503 4188 fecerit,
525 4119 554 4170 et
575 4109 781 4187 spopomlerit
804 4111 867 4166 Deo
891 4109 963 4167 ani·
1020 4105 1178 4170 fructibus
1200 4107 1263 4170 Deo
1283 4106 1419 4170 ollcrtur
1436 4131 1444 4182 ;
1461 4115 1493 4170 et
1509 4107 1594 4170 idem
1615 4116 1705 4172 aetus
1725 4129 1764 4172 ex

206 4233 301 4273 onum
326 4231 435 4278 suam,
457 4212 515 4270 sub
539 4209 752 4270 estimatione
775 4208 866 4266 dabit
892 4225 964 4283 pre·
1019 4205 1166 4286 pluribus
1182 4205 1354 4268 virtutibus
1370 4206 1592 4288 principiatur,
1609 4215 1641 4270 et
1657 4208 1762 4290 ipsum

207 4314 307 4372 tium.
317 4309 398 4373 Vota
409 4308 465 4370 illa
476 4306 596 4386 legalia,
609 4304 795 4386 imperfecta
807 4311 838 4366 et
849 4304 960 4386 typica,
992 4363 996 4372 ,
1019 4311 1128 4366 votum
1144 4313 1192 4367 est
1206 4312 1295 4368 actus
1311 4305 1471 4386 praeclarae
1485 4306 1707 4388 virtutisque
1723 4307 1764 4370 la-

207 4409 329 4490 ligurae
359 4407 490 4470 luerunt
519 4413 682 4480 votorum,
708 4423 780 4485 quae
810 4422 896 4465 nunc
928 4403 961 4464 in
1018 4401 1078 4464 tria
1095 4411 1307 4485 nuncupatur.
1320 4403 1591 4476 Quemadmodum
1606 4413 1712 4469 autem
1729 4407 1762 4468 in

205 4506 356 4571 Ecclesia
387 4503 471 4568 liunt
500 4503 653 4587 perfecte,
679 4501 856 4583 praesertim
886 4501 962 4562 dum
1019 4500 1088 4580 lege
1102 4501 1245 4581 quaedam
1263 4508 1336 4564 vota
1357 4501 1417 4563 sub
1439 4503 1657 4584 redemptione
1671 4506 1763 4568 cade

204 4605 383 4686 utriusque
399 4622 491 4666 sexus
514 4619 658 4684 porsonae
680 4600 868 4681 religionem
891 4618 964 4660 san·
1018 4599 1106 4675 bant,
1133 4608 1165 4662 et
1189 4601 1334 4680 quadam
1360 4618 1436 4676 non,
1453 4600 1496 4662 ita
1522 4601 1556 4662 in
1580 4602 1762 4681 evangelica

202 4715 297 4770 ctam
320 4702 528 4766 monasticam
552 4699 671 4761 intrare
693 4698 894 4780 promittunt,
912 4697 961 4759 vel
1019 4697 1088 4778 lege
1103 4698 1249 4779 quadam
1265 4706 1338 4761 vota
1360 4698 1598 4780 dispensabilia,
1616 4702 1761 4782 quaedam

203 4804 321 4888 potius
337 4799 532 4884 profitentur
547 4799 580 4860 in
596 4817 643 4875 ea,
657 4806 688 4860 et
699 4797 824 4860 solenni
840 4816 873 4859 se
889 4805 962 4860 voto
1019 4795 1283 4878 indispensabilia
1308 4804 1507 4879 reputantur.
1533 4798 1641 4879 ltaque
1665 4800 1761 4865 homo

201 4901 417 4981 adstringunt
432 4900 471 4960 ad
489 4898 548 4960 tria
564 4898 619 4959 illa
630 4897 716 4959 omni
728 4895 876 4976 religioni
893 4894 963 4956 sub·
1017 4894 1073 4976 qui
1096 4895 1184 4959 vovit
1199 4895 1262 4958 Deo
1283 4894 1423 4957 animam
1447 4915 1547 4973 suam,
1565 4897 1625 4960 hoc
1645 4908 1704 4976 est,
1721 4900 1761 4961 ad

202 4997 386 5074 stantialis,
411 4996 479 5058 sire
503 4996 542 5058 ad
568 5003 654 5058 certa
677 4993 834 5075 quaedam.
853 4991 959 5073 Aliqui
1017 5011 1113 5075 opera
1124 4993 1412 5075 supererogationis
1423 5013 1479 5057 seu
1489 4996 1696 5059 consiliorum
1706 4998 1762 5059 im-

202 5116 343 5181 quoque
358 5097 391 5157 in
408 5094 524 5158 sacculo
540 5095 579 5156 ad
602 5091 844 5168 continentiam,
863 5090 961 5153 absti-
979 5095 1001 5155 ll
1016 5092 1202 5173 pletionem,
1220 5092 1287 5154 sive
1308 5094 1348 5154 ad
1368 5100 1458 5156 actus
1476 5093 1630 5160 virtutum
1652 5098 1763 5178 pracei-

201 5195 367 5272 ncntiam‚
380 5203 435 5256 aut
450 5191 638 5256 consimiles·
649 5199 738 5252 actus
755 5191 909 5252 virtutum
928 5208 961 5252 se
1016 5209 1151 5272 puarum
1167 5198 1241 5254 voto
1255 5191 1426 5271 adstringit
1441 5211 1486 5270 se,
1503 5193 1564 5256 sub
1579 5194 1762 5258 aestimatio-

201 5305 288 5361 voto
308 5292 538 5371 adstringunt:
563 5299 675 5372 estque
694 5289 795 5351 multo
817 5287 960 5350 laudabi-
1017 5307 1057 5350 ne
1071 5287 1160 5350 dabit
1180 5287 1330 5368 pretium.
1347 5287 1404 5351 Per
1419 5290 1557 5371 pretium
1581 5292 1677 5371 istud,
1695 5312 1759 5374 quo
