4309 6259
438 487 498 550 628
747 504 921 550 annanarro
942 505 972 550 nv
994 504 1061 550 aar.
1085 503 1148 548 xxv
1168 502 1401 549 pemmonem.
1423 523 1464 534 —
1483 505 1554 550 aar.
1576 503 1674 550 xxvm

438 676 502 739 lloe
517 675 669 740 Dominus
687 676 782 757 jussit
803 676 842 738 ad
866 675 1016 752 litteram,
1033 684 1068 737 ut
1083 673 1183 738 ludaei
1197 672 1223 735 ll
1237 677 1310 745 teri,
1326 673 1358 737 id
1380 683 1428 738 θεῖ
1446 684 1596 740 extraneo
1611 695 1668 739 seu
1683 693 1747 738 non
1762 681 1909 754 cognato,
1925 673 1982 731 aed

438 773 523 837 circa
548 775 640 836 bruta
669 775 818 856 pietatem
843 775 1012 855 quamdam
1041 774 1184 836 addisce-
1236 777 1466 852 acceptricem
1489 778 1594 852 frater
1616 777 1700 853 ejas,
1723 774 1755 835 id
1778 781 1826 836 θεῖ
1852 769 1983 854 propin·

438 882 520 950 rent,
538 883 569 936 et
594 893 682 936 suam
707 874 927 936 crudelitatem
952 873 1183 954 avaritiamque
1237 891 1320 953 quus
1342 872 1498 951 defuncti,
1513 885 1544 935 et
1561 875 1728 935 suscitabit
1741 892 1847 933 semea
1862 871 1982 947 fratris

438 980 854 1055 compescerent,quatenus
870 970 955 1034 circa
970 971 1117 1036 homines
1132 971 1184 1033 be
1236 974 1303 1041 sai,
1319 972 1351 1033 id
1371 981 1429 1050 est,
1447 993 1486 1036 ex
1501 972 1621 1035 femina
1636 973 1693 1034 illa
1709 968 1899 1053 procreabit,
1917 969 1982 1030 Deo

438 1072 600 1154 nigriores
625 1079 843 1134 assuescerent
871 1088 951 1133 esse.
978 1070 1072 1132 Porro
1097 1071 1183 1150 quod
1238 1079 1418 1152 prestante,
1436 1071 1558 1153 prolem
1582 1090 1640 1134 seu
1665 1069 1839 1146 lilium;et
1858 1071 1982 1146 pmmc

439 1173 479 1234 de
493 1171 574 1234 bove
598 1167 765 1232 triturante
787 1187 872 1230 nuno
894 1168 1022 1244 dicitur,
1039 1168 1078 1230 de
1094 1166 1182 1230 omni
1233 1173 1382 1245 penitam
1403 1192 1443 1230 ea
1464 1191 1503 1232 ec
1522 1173 1645 1248 fitium,
1660 1172 1791 1230 nomiae
1812 1168 1906 1227 iltius
1927 1185 1982 1242 ap

437 1272 581 1352 jumento
598 1268 630 1330 in
647 1267 744 1329 simili
757 1266 931 1330 constituto
947 1266 1054 1329 labore
1068 1265 1184 1347 accipi·
1232 1271 1381 1345 peltabit,
1397 1269 1429 1331 id
1451 1278 1510 1346 θεῖ,
1527 1269 1618 1332 fratri
1638 1267 1790 1331 defuncto
1806 1264 1978 1341 adscribet,

440 1379 501 1432 tur.
526 1366 616 1430 Circa
639 1367 700 1430 hoc
725 1365 836 1429 scribit
860 1365 1048 1428 Guillelmus
1067 1385 1074 1428 :
1096 1364 1183 1427 Licet
1238 1367 1329 1447 quasi
1354 1366 1441 1429 illius
1466 1368 1508 1430 sit
1533 1367 1633 1429 lilius.
1651 1371 1741 1437 Quod
1759 1368 1817 1426 si‘
1836 1367 1980 1425 notuerit
2005 1383 2116 1424 wrm·

440 1468 541 1532 videri
557 1466 668 1549 possit,
678 1466 764 1548 quod
780 1465 864 1528 istud
880 1465 921 1527 sit
936 1464 1057 1528 dictum
1073 1472 1183 1527 contra
1238 1467 1380 1542 accipere
1404 1469 1572 1544 cocjapem
1600 1467 1718 1542 fratria
1745 1468 1799 1526 sai
1823 1462 1978 1539 defuncti,
1994 1452 2033 1488 '⁶'

439 1567 604 1631 avaritiam
618 1565 810 1640 ludaeorum,
827 1563 883 1645 qui
904 1581 942 1626 θο
962 1581 1063 1645 usque
1084 1561 1184 1641 frugi·
1238 1584 1309 1642 qace
1323 1567 1354 1623 ei
1369 1569 1435 1641 tepe
1448 1569 1590 1639 debetur,
1600 1576 1709 1644 perpet
1724 1566 1898 1624 matiercd
1908 1583 1982 1640 pcr-

439 1665 500 1728 bus
515 1664 582 1726 suis
597 1662 780 1746 parcebant,
797 1669 831 1723 ut
846 1680 904 1724 nec
920 1661 1018 1725 boves
1035 1660 1185 1722 trituran-
1240 1671 1306 1723 tam
1316 1665 1467 1732 civitatis,
1475 1674 1504 1725 et
1514 1665 1732 1742 interpellabit
1743 1664 1881 1741 majores
1890 1672 1980 1728 irata.

441 1772 487 1826 tes
512 1764 586 1826 inde
611 1762 803 1824 manducare
828 1759 1060 1842 permitterent,
1087 1767 1119 1821 θῖ
1145 1777 1185 1820 ne
1239 1763 1405 1841 dicetque:
1421 1764 1496 1826 Noa
1510 1767 1580 1824 vait
1595 1766 1701 1843 secter
1715 1763 1783 1822 ciri
1802 1763 1868 1822 mei
1887 1763 1984 1822 sarci-

440 1861 605 1925 avaritiam
627 1861 710 1922 hanc
728 1859 761 1921 in
777 1858 1022 1922 vindemiatores
1039 1865 1070 1920 ct
1084 1856 1186 1920 calca-
1203 1856 1227 1919 B
1242 1869 1309 1919 tare
1323 1882 1428 1921 semea
1437 1862 1555 1939 fratria
1569 1863 1700 1934 scimea
1710 1881 1758 1922 mc
1768 1863 1805 1921 in
1815 1862 1985 1938 conjugem

442 1971 521 2024 toros
533 1979 665 2022 uvarum
675 1958 960 2034 extenderent,non
972 1955 1185 2038 permittendo
1240 1978 1375 2020 samec.
1392 1961 1576 2040 Statimque
1594 1961 1746 2021 accersiri
1759 1980 1834 2020 eam
1848 1960 1984 2037 sacient,

441 2077 495 2122 cos
512 2059 550 2120 de
566 2057 637 2122 uvis
654 2056 819 2136 frugaliter
828 2056 932 2130 edere,
944 2072 1048 2136 neque
1063 2054 1103 2116 de
1118 2073 1186 2114 mu·
1240 2065 1270 2115 et
1285 2058 1588 2135 interrogabant&
1602 2060 1813 2136 responderit,
1820 2059 1903 2120 Noto
1912 2078 1984 2117 ecia

441 2165 489 2220 sto
505 2165 625 2238 potare,
638 2155 723 2237 quod
738 2163 805 2217 erat
820 2153 935 2216 ludaeis
951 2153 1068 2214 innatae
1082 2150 1186 2214 avari·
1241 2174 1375 2216 acorem
1396 2158 1562 2232 accipere,·
1576 2159 1699 2217 accedet
1715 2158 1835 2217 matter
1849 2159 1895 2216 cd
1908 2176 1982 2214 eam

440 2256 492 2319 tiae
513 2254 713 2318 intoleranda
734 2252 926 2326 crudelitas;
946 2259 1051 2314 tamen
1071 2269 1129 2333 per
1144 2251 1185 2311 is·
1240 2273 1348 2314 coram
1366 2255 1558 2323 senioribus,
1572 2264 1602 2314 et
1626 2258 1711 2315 tollet
1732 2258 1982 2315 calceamentum

441 2357 497 2419 tud
519 2355 702 2416 mandatum
727 2369 876 2434 percussa
898 2358 947 2413 est
965 2358 996 2412 et
1017 2349 1185 2432 reprobata
1239 2355 1279 2412 cte
1289 2354 1372 2429 pede
1385 2353 1468 2429 ejas,
1484 2361 1579 2430 atqtte
1594 2355 1630 2412 in
1648 2353 1768 2428 faciem
1788 2353 1861 2429 ejus
1881 2362 1983 2429 spuet,

441 2452 637 2516 consuetudo
661 2469 782 2526 eorum,
804 2449 859 2530 qui
882 2448 980 2511 boves
1004 2449 1037 2510 in
1060 2457 1184 2510 tantum
1242 2449 1291 2513 vel
1310 2469 1416 2513 coram
1432 2469 1470 2513 co
1487 2450 1520 2512 in
1537 2459 1663 2527 terram,
1682 2451 1752 2532 ipso
1773 2460 1936 2524 cernente,
1952 2458 1982 2511 et

440 2550 717 2624 abominabantur,
731 2549 815 2630 quod
831 2547 871 2610 de
887 2546 1032 2627 frugibus
1049 2546 1115 2608 suis
1130 2565 1185 2610 cos
1241 2548 1301 2611 hoc
1314 2548 1347 2609 in
1358 2547 1581 2613 confusionem
1597 2549 1793 2631 ipsius‚quia
1808 2549 1983 2612 secundum

441 2650 607 2713 comedere
619 2667 681 2710 non
694 2646 886 2721 sinebantet
896 2654 1023 2709 ostensa
1033 2653 1081 2708 est
1091 2645 1186 2727 equi-
1242 2647 1342 2727 legem
1366 2647 1470 2710 noluit
1486 2647 1600 2724 facere,
1617 2667 1676 2710 nec
1692 2646 1782 2710 fratri
1799 2665 1858 2710 suo
1873 2646 1985 2710 defun·

442 2758 500 2826 tas,
513 2767 575 2829 qua
589 2745 802 2829 justissimum
818 2752 876 2822 est,
895 2753 929 2806 ut
945 2744 1000 2825 qui
1017 2744 1186 2826 participat
1241 2755 1293 2809 cto
1314 2746 1477 2808 caritatem
1500 2746 1714 2828 pietatemque
1735 2745 1896 2822 exhibere,
1915 2763 1985 2826 pro

443 2848 476 2910 in
502 2847 621 2922 labore,
638 2843 806 2928 participet
831 2843 864 2904 in
891 2843 1097 2905 comestione.
1115 2842 1185 2905 llato
1241 2845 1378 2908 creando
1402 2845 1431 2907 ei
1457 2845 1579 2927 prolem
1605 2845 1638 2906 in
1660 2844 1760 2926 ipsius
1781 2845 1982 2908 memoriam.

442 2941 873 3007 GuillelmusVerumtamen
889 2940 1003 3002 Paulus
1024 2940 1186 3022 apostolus
1243 2943 1358 3024 Sicque
1381 2943 1496 3006 mulier
1516 2947 1601 3005 dicet
1623 2943 1691 3004 illi:
1708 2945 1765 3005 Sic
1784 2949 1840 3021 fiet
1858 2945 1986 3004 leontini

443 3042 562 3126 Spiritu
574 3042 688 3104 Sancto
704 3038 1084 3121 repletus,testimonium
1100 3038 1222 3105 istudC
1241 3044 1300 3121 qui
1325 3062 1389 3102 aaa
1413 3045 1555 3120 aedificat
1575 3046 1708 3102 (ἰοῖηο-ηῖ
1730 3043 1849 3118 fratris
1871 3044 1936 3110 sai,
1952 3041 1986 3102 id

296 3148 426 3201 worant-
442 3141 594 3222 allegare,
606 3139 743 3221 adjecit:
761 3137 921 3218 Numquid
936 3138 976 3200 de
992 3136 1095 3199 bobus
1110 3155 1186 3198 cura
1242 3147 1301 3217 οεῖ,
1318 3140 1503 3221 progeniem
1527 3139 1633 3202 fratris
1655 3138 1704 3201 sui
1727 3158 1791 3202 non
1811 3148 1909 3220 auget
1926 3159 1986 3201 nec

443 3249 491 3304 est
516 3241 607 3302 llcot
631 3239 760 3320 Propter
785 3237 870 3318 quod
896 3235 972 3298 satis
997 3234 1183 3311 insinuavit,
1243 3239 1375 3302 suscitat
1390 3258 1494 3320 neque
1508 3247 1684 3304 conservat.
1694 3241 1737 3300 Et
1753 3241 1987 3299 accubiturae

442 3340 542 3402 ileum
564 3337 648 3399 istud
671 3355 727 3418 per
747 3334 917 3417 mysticum
933 3353 1062 3398 sensum
1077 3334 1187 3414 jussis·
1242 3359 1315 3398 mea
1339 3340 1433 3398 itlius
1457 3337 1518 3416 legi
1544 3336 1768 3414 inobedientis,
1782 3341 1904 3398 Damae
1917 3339 1985 3397 ctia-

443 3457 487 3514 se,
515 3445 591 3519 puta
616 3436 654 3497 ad
680 3433 889 3510 innuendum,
917 3434 1002 3513 quod
1032 3432 1186 3514 praedica·
1241 3437 1386 3507 catceati,
1404 3435 1435 3497 id
1457 3443 1515 3512 est,
1542 3434 1610 3516 ipse
1630 3442 1662 3498 at
1683 3433 1808 3498 soboles
1830 3435 1902 3516 ejus
1926 3433 1986 3497 hoc

442 3535 565 3599 toribus
589 3542 620 3597 θῖ
645 3531 783 3615 praelatis
809 3531 865 3613 qui
890 3531 1098 3609 designantur
1129 3550 1186 3612 per
1241 3533 1298 3595 vili
1319 3535 1490 3614 agnomine
1510 3533 1737 3616 exprimantur,
1755 3532 1798 3595 ita
1813 3533 1898 3614 quod
1915 3552 1987 3615 pra-

440 3635 618 3711 bovesnon
635 3632 698 3694 sint
709 3631 782 3694 vita
792 3629 951 3712 stipendia
962 3629 1182 3702 subtrahenda,
1241 3633 1321 3695 vitas
1336 3634 1406 3714 ejus
1423 3631 1612 3695 redundabit
1627 3632 1660 3692 in
1678 3640 1820 3713 posteros
1835 3651 1911 3695 suos
1928 3651 1986 3714 per

439 3734 591 3815 quoniam
615 3731 676 3812 ipsi
698 3731 731 3791 in
752 3748 835 3806 area,
853 3729 886 3791 id
908 3737 957 3792 est
977 3728 1010 3790 in
1030 3728 1183 3805 Ecclesia,
1241 3729 1419 3793 diffamiam
1436 3731 1541 3792 istam.

439 3832 589 3895 triturant
605 3829 711 3910 fruges
727 3836 862 3904 nostrae,
878 3828 910 3888 id
926 3835 985 3903 est,
1004 3826 1184 3908 spiritualia
1281 3829 1312 3891 Si
1334 3837 1439 3892 autem
1460 3829 1532 3911 quis
1556 3828 1663 3904 instet,
1680 3828 1765 3908 quod
1787 3829 1837 3892 lox
1860 3829 1921 3891 ista
1938 3829 1986 3893 vi·

438 3930 590 3993 alimenta
615 3935 795 4011 praeparant
820 3926 923 4002 nobis,
947 3935 980 3988 et
1004 3925 1183 4007 Scriptura·
1239 3929 1332 3991 detur
1346 3926 1505 3990 contraria
1520 3926 1560 4003 ei,
1573 3928 1657 4009 quod
1675 3927 1708 3988 in
1724 3927 1864 3991 Levitico
1879 3928 1986 3991 Domi·

441 4049 511 4092 rum
534 4047 645 4093 sensus
667 4025 835 4090 emolliunt
854 4044 891 4087 ac
912 4023 1081 4087 masticant
1095 4024 1185 4087 audi·
1240 4047 1300 4088 nus
1321 4027 1385 4089 ait:
1403 4026 1536 4088 Uxorem
1562 4025 1670 4088 fratris
1694 4025 1744 4087 sui
1769 4026 1877 4088 nullus
1901 4027 1986 4090 acai-

442 4126 563 4189 toribus
579 4125 656 4188 suis.
1240 4127 1322 4207 piat;
1335 4124 1736 4206 itemque,Turpitudinem
1751 4125 1858 4187 uxoris
1874 4125 1985 4188 fratris
2006 4144 2122 4188 nanae

442 4267 444 4272 -
483 4223 631 4306 Sequitur
646 4224 695 4286 lex
712 4223 751 4285 de
766 4221 949 4284 suscitando
966 4220 1098 4299 semine,
1116 4241 1186 4303 pro
1200 4227 1226 4291 Ι)
1242 4224 1286 4286 tui
1302 4242 1366 4287 non
1383 4221 1539 4285 revelabis
1552 4239 1559 4282 τ
1573 4221 1848 4303 dicendum,quod
1861 4222 1913 4285 lex
1928 4223 1986 4286 illa
2000 4209 2095 4256 “¹¹⁸¹¹‘'

441 4324 527 4387 -ximo
537 4323 658 4404 absque
671 4320 781 4383 liberis
796 4329 936 4383 mortuo:
947 4340 1018 4402 quae
1029 4321 1079 4384 lex
1090 4321 1185 4384 etiam
1241 4322 1440 4401 intelligitur,
1457 4321 1585 4402 quando
1601 4319 1698 4382 frater
1713 4320 1843 4402 reliquit
1859 4341 1982 4386 εθιοθο.

444 4424 477 4486 in
501 4407 575 4504 lege*
592 4430 711 4484 naturae
733 4420 789 4482 diu
810 4428 885 4482 ante
906 4419 1019 4500 Moysis
1044 4429 1187 4502 tempora
1240 4420 1372 4483 Causam
1385 4437 1512 4500 quoque
1526 4418 1623 4499 hujus
1639 4419 1787 4500 precepti
1800 4417 1986 4501 Chrysosto

384 4565 389 4576 ·
445 4521 640 4598 servabatur,
658 4519 740 4581 utin
756 4518 868 4581 Genesi
885 4519 1025 4599 patctde
1043 4518 1187 4583 tiliistu-
1241 4539 1312 4582 mus
1327 4537 1422 4600 super
1432 4518 1611 4580 llatthaeum
1626 4517 1985 4597 tangit‚dicendo:0uia

312 4615 381 4652 ¹¹”¹'¹¹
410 4633 414 4644 ·
439 4623 649 4690 defluendo
664 4619 884 4680 habitaverint
899 4617 1019 4693 fratres
1033 4621 1143 4692 simut,
1154 4621 1186 4684 id
1242 4616 1463 4699 immitigabile
1487 4615 1607 4679 malum
1628 4634 1714 4678 mors
1735 4623 1803 4677 erat
1829 4619 1914 4699 apud
1935 4620 1986 4680 lu-

443 4727 491 4783 est
517 4719 549 4780 in
570 4718 684 4780 eadem
709 4713 885 4797 provincia,
909 4715 998 4791 urbe,
1023 4715 1111 4793 villa,
1132 4726 1188 4779 aut
1242 4716 1398 4797 deosqui
1408 4715 1516 4779 omnia
1528 4733 1585 4796 pro
1596 4714 1743 4796 prasenti
1755 4715 1821 4777 vita
1836 4716 1984 4796 agebant,

442 4820 548 4893 domo,
566 4824 598 4879 θῖ
619 4814 748 4877 nomine
770 4812 877 4875 fratris
900 4813 1123 4891 intelliguntur
1138 4835 1188 4878 co
1237 4823 1393 4894 ,statutum
1408 4821 1457 4876 est
1471 4821 1506 4874 ut
1520 4813 1672 4875 defuncto
1689 4811 1777 4874 filius
1799 4822 1984 4877 nasceretur

441 4915 549 4996 gnati3
567 4925 596 4976 et
617 4933 703 4974 aare
724 4933 765 4972 ec
779 4915 824 4972 cis
840 4915 955 4992 absque
976 4913 1085 4972 tiberis
1105 4934 1188 4974 mor-
1242 4932 1280 4976 ex
1304 4912 1412 4989 fratre,
1428 4913 1468 4974 ad
1489 4931 1584 4993 quem
1607 4919 1735 4994 propter
1761 4913 1981 4994 propinquita-

443 5026 517 5076 taus
531 5015 645 5090 faerit.
662 5011 788 5092 Exque
808 5011 943 5086 elicitur,
961 5011 1046 5090 quod
1072 5029 1188 5092 prece
1242 5020 1305 5074 tem
1319 5012 1380 5074 boc
1395 5011 1495 5091 magis
1511 5010 1672 5092 pertinuit
1682 5010 1741 5073 Sed
1752 5011 1852 5092 quaeri
1868 5020 1980 5093 potest,
2002 5089 2010 5096 ι

441 5119 531 5194 ptum
548 5111 633 5172 istud
649 5109 797 5191 loquatur
812 5111 851 5172 de
866 5108 1056 5190 conjugatis,
1068 5127 1132 5172 non
1149 5111 1188 5173 de
1241 5129 1298 5173 cur
1322 5111 1521 5192 propinquus
1542 5127 1606 5173 non
1629 5109 1801 5188 cogebatur
1821 5110 1898 5173 huic
1920 5111 1981 5190 legi

441 5209 492 5272 his
503 5209 558 5290 qui
575 5210 716 5272 nondum
733 5207 928 5271 connubium
945 5206 1097 5269 inierunt.
1110 5208 1187 5270 Nam
1242 5228 1354 5291 parcre
1376 5228 1432 5290 per
1456 5227 1583 5290 poenam
1607 5207 1771 5288 majorem.
1788 5207 1828 5270 Et
1852 5227 1980 5292 respon·

441 5318 473 5376 et
495 5308 662 5373 subditur:
680 5328 763 5369 acor
776 5309 925 5383 defuncti
939 5327 1004 5369 aon
1021 5310 1118 5368 nubet
1142 5313 1188 5369 at·
1242 5308 1394 5385 dandum,
1410 5308 1496 5388 quod
1520 5315 1649 5389 propter
1669 5307 1834 5369 vitandum
1859 5308 1979 5391 pericu-
