4309 6259
446 512 505 575 tal
804 528 977 575 ιιιιιιιιιιιιο
998 528 1028 573 ιιι
1050 526 1119 573 aar.
1142 526 1164 571 ιι
1184 524 1419 571 ιιιιιιτιιιοιοιιιι.
1441 542 1482 553 -
1501 524 1573 569 aar.
1595 524 1629 570 ιιι

449 710 624 760 aestrorum
638 702 785 777 filioram
801 701 901 768 maa,
917 699 976 776 qai
989 698 1139 757 habitant
1154 696 1191 753 in
1206 694 1231 755 d
1246 692 1327 756 lueri
1357 693 1458 773 mama
1487 712 1582 773 quam
1613 712 1652 755 ex
1679 692 1811 757 caritate
1834 692 1980 757 fraterna.

448 797 612 878 Seir.·qui
628 806 782 860 vocantur
798 796 910 859 iratres
926 794 1066 857 liliorum
1084 792 1189 869 lsrael,
1245 795 1375 871 Aquam
1400 804 1541 870 emptam
1565 794 1736 862 haurietis,
1762 793 1793 855 id
1817 799 1878 867 est,
1903 801 1983 855 aute

303 927 338 999 0¹
355 920 376 948 n·
387 920 435 957 nr,
450 896 599 977 quoniam
614 895 709 959 Jacob
723 904 754 958 et
770 896 849 957 Esau
867 894 997 957 luerunt
1013 894 1126 956 iratres
1140 910 1193 971 ge
1246 909 1342 971 quam
1358 891 1512 953 hauriatis
1526 910 1640 973 aquam
1657 910 1694 954 ex
1709 890 1814 973 puteis
1832 891 1982 973 ipsarum,

331 998 337 1017 '
375 998 381 1011 ¹
450 995 537 1057 melli
555 994 692 1071 uterini;
712 1004 742 1055 et
763 997 918 1055 timebant
938 1014 1001 1054 vos.
1019 993 1192 1054 Audieram
1246 991 1359 1054 emetis
1380 992 1536 1054 eamdem.
1553 992 1642 1071 Aqua
1663 990 1749 1053 euim
1774 1010 1845 1052 rara
1865 999 1898 1053 et
1916 1011 1985 1053 cara

449 1094 535 1155 enim
552 1093 691 1170 ldumaei,
709 1092 847 1173 qualiter
862 1092 998 1173 AEgyptii
1016 1100 1106 1153 erant
1121 1108 1193 1171 pro
1247 1098 1296 1153 est
1318 1090 1374 1152 ibi.
1391 1089 1437 1151 Ex
1458 1090 1519 1153 boe
1539 1090 1674 1165 videtur,
1691 1090 1776 1171 quod
1795 1090 1984 1152 transierunt

449 1200 519 1274 pter
540 1190 628 1254 lilios
651 1190 745 1253 lsrael
768 1190 932 1265 destructi,
955 1189 1123 1265 submersi,
1140 1208 1193 1251 oe-
1247 1207 1305 1270 per
1320 1198 1435 1250 terram
1452 1188 1607 1269 ipsorum,
1623 1188 1735 1251 saltem
1750 1188 1836 1251 eirea
1849 1197 1986 1251 extrema

447 1290 506 1353 cisi
525 1307 532 1352 :
550 1289 622 1353 ideo
638 1286 792 1351 timebant
808 1289 869 1351 sibi
887 1288 1053 1351 imminere
1068 1287 1193 1370 perieu—
1248 1297 1339 1351 terrae
1361 1287 1461 1350 illius.
1478 1290 1521 1349 Et
1537 1289 1657 1349 bibetis.
1680 1288 1739 1351 Sed
1760 1306 1817 1350 eur
1837 1287 1985 1351 Dominus

448 1388 525 1464 lum,
553 1388 604 1451 vel
631 1387 874 1469 suspicabantur
898 1387 984 1467 quod
1011 1387 1072 1448 lilii
1098 1385 1190 1449 lsrael
1247 1386 1326 1449 dixit
1342 1386 1544 1468 istud,quum
1561 1384 1623 1447 lilii
1638 1385 1732 1449 lsrael
1748 1386 1987 1468 haberentque

449 1487 653 1553 intenderent
663 1494 779 1548 terram
796 1494 1039 1549 eorumvastare
1053 1494 1109 1547 aut
1124 1504 1194 1567 pos·
1248 1486 1326 1548 tidie
1348 1488 1485 1547 manual
1501 1484 1730 1565 Respondetur,
1753 1486 1840 1565 quod
1861 1486 1987 1566 quando

447 1586 562 1661 sidere,
580 1585 630 1647 vel
649 1585 732 1647 bona
752 1602 860 1647 rorum
881 1584 1030 1667 diripere.
1049 1585 1192 1647 Forsitan
1248 1584 1310 1646 lilii
1336 1584 1429 1647 lsrael
1455 1592 1628 1665 potuerunt
1651 1583 1712 1645 sibi
1738 1584 1778 1646 de
1802 1584 1987 1647 necessariis

448 1684 542 1747 etiam
561 1682 970 1763 timuerunteos,quoniam
983 1692 1194 1765 perceperunt
1248 1681 1321 1744 vita
1338 1680 1505 1762 providere
1524 1681 1620 1744 modo
1638 1681 1789 1757 humano,
1806 1681 1867 1744 hoa
1886 1682 1988 1745 Domi-

447 1783 533 1864 quod
552 1781 634 1845 Deus
655 1800 764 1843 eorum
780 1791 934 1863 pugnaret
950 1801 1007 1863 pro
1028 1782 1119 1864 ipsis,
1141 1782 1192 1845 eui
1249 1799 1310 1841 nus
1324 1779 1480 1861 permisit,
1491 1787 1587 1859 atque
1602 1780 1636 1841 in
1652 1779 1712 1843 ista
1728 1779 1862 1841 indulsit
1876 1780 1988 1862 imper·

448 1880 555 1945 nullus
572 1879 718 1942 resistere
733 1887 850 1962 posset.
1211 1875 1381 1939 Bleetioni
1397 1877 1549 1959 ipsorum.

489 1978 550 2041 Sed
561 1987 671 2042 eontra
687 1978 753 2041 haee
769 1978 886 2060 duplex
901 1987 1005 2060 potest
1021 1978 1093 2041 lieri
1108 1980 1195 2061 obje·
1289 1979 1448 2037 Βοιηίιιιιι
1472 1980 1558 2037 Deua
1585 1986 1659 2036 taus
1684 1977 1847 2037 benedr'ait
1872 1979 1932 2037 tibi
1953 1980 1987 2036 ia

450 2076 524 2140 etio.
542 2076 656 2155 Prima,
667 2077 819 2158 quoniam
836 2077 1023 2140 inNumeris
1039 2078 1193 2160 seriptum
1249 2076 1340 2135 omni
1354 2094 1445 2151 apere
1459 2095 1618 2135 manuam
1635 2084 1778 2144 tuarum,
1800 2074 1832 2136 id
1848 2082 1908 2150 est,
1923 2094 1989 2155 gra-

349 2204 435 2243 man,
451 2182 509 2252 est,
532 2175 616 2255 quod
642 2193 695 2237 rex
719 2174 817 2237 Edam
843 2176 971 2255 negavit
995 2175 1074 2237 liliis
1100 2176 1194 2240 lsrael
1251 2172 1331 2235 tiose
1345 2171 1449 2234 adluit
1465 2171 1523 2234 tibi
1544 2172 1577 2233 in
1597 2172 1732 2234 eunetis.
1749 2172 1925 2235 Praesertim
1939 2192 1989 2235 an-

304 2258 338 2299 ⁰'
451 2273 619 2335 transitum
635 2292 693 2355 per
708 2280 823 2335 terram
844 2293 945 2351 suam,
963 2277 1194 2356 propterquod
1252 2278 1314 2332 tem
1335 2270 1380 2332 sie
1402 2270 1506 2333 adluit
1523 2270 1630 2351 justiS,
1652 2278 1683 2333 et
1700 2270 1871 2349 gratiosius
1890 2271 1989 2334 adluit

451 2370 692 2433 declinaverunt
711 2371 750 2432 ab
767 2389 815 2434 oo.
833 2370 995 2445 Quomodo
1014 2391 1090 2452 ergo
1110 2393 1194 2437 nune
1251 2368 1580 2450 his,quibusl105ses
1601 2369 1661 2431 ista
1680 2367 1806 2431 loeutus
1819 2378 1880 2447 eat,
1895 2388 1989 2451 quam

452 2468 580 2543 dieitur,
599 2468 787 2530 Transibitis
808 2488 864 2551 per
887 2470 1039 2533 terminos
1061 2472 1193 2533 iratrum
1220 2476 1225 2483 '
1251 2468 1395 2551 patribus
1421 2485 1529 2530 eorum
1554 2467 1609 2548 qui
1632 2467 1697 2549 jam
1719 2467 1939 2531 occubuerunt
1958 2468 1989 2530 in

452 2569 653 2629 vestrorumt
674 2566 828 2643 Secunda,
845 2568 921 2649 quia
941 2568 973 2629 in
994 2568 1114 2631 eisdem
1136 2570 1197 2631 Nu·
1251 2583 1369 2629 eremo.
1395 2567 1493 2628 Novit
1518 2568 1582 2625 iter
1606 2576 1709 2638 taam,
1733 2565 1764 2626 id
1790 2574 1849 2642 est,
1869 2585 1991 2648 proces

452 2664 549 2726 meris
575 2664 702 2743 legitur,
729 2666 814 2745 quod
836 2685 889 2728 rex
911 2666 1008 2729 Edem
1033 2668 1196 2730 mandavit
1251 2682 1322 2725 sum
1339 2672 1428 2725 tuum
1444 2663 1644 2745 approbavit,
1661 2672 1693 2725 et
1713 2671 1744 2725 le
1763 2663 1797 2725 in
1817 2672 1872 2727 tuo
1891 2673 1992 2727 custo

305 2779 437 2831 romano.
453 2763 573 2845 populo
588 2762 702 2825 lsrael:
720 2763 787 2827 Nou
803 2763 953 2827 transibis
969 2784 1025 2847 per
1041 2785 1102 2843 me,
1119 2767 1197 2829 alio
1251 2761 1331 2824 divit
1361 2760 1485 2837 itinere,
1517 2760 1793 2842 consideravitque
1821 2762 1875 2844 pie
1905 2770 1991 2824 tuum

452 2861 508 2942 qui
520 2869 659 2923 armatus
669 2879 833 2924 oeaurram
846 2862 1088 2945 tibistatimque
1097 2882 1198 2944 egres
1252 2876 1466 2942 progressum,
1482 2862 1638 2938 quamdo
1660 2862 1829 2921 testaberis
1846 2862 1992 2921 solitudi-

452 2978 506 3021 sus
526 2966 574 3022 est
594 2959 721 3023 obviam
742 2979 813 3023 eum
830 2960 959 3023 infinita
979 2963 1194 3026 multitudine.
1251 2979 1325 3018 aem
1346 2961 1431 3019 banc
1453 2978 1608 3034 maenam
1623 2977 1683 3034 per
1701 2961 1923 3036 quadruplata
1937 2980 1993 3021 an-

451 3058 534 3138 Ergo
549 3066 681 3140 apparet
696 3058 781 3139 quod
798 3058 925 3122 ldumai
943 3078 1004 3122 non
1022 3061 1198 3123 timuerunt
1215 3054 1309 3118 Caes
1323 3077 1335 3116 .·
1352 3074 1416 3119 uon
1436 3056 1520 3136 quod
1544 3055 1671 3118 assidue
1692 3063 1748 3117 aut
1768 3055 1913 3137 quotidie
1933 3076 1993 3119 am-

452 3156 538 3218 lilios
559 3155 664 3218 lsrael.
682 3155 799 3218 Verum
821 3157 861 3218 ad
884 3157 952 3220 baec
973 3168 1058 3240 patet
1080 3160 1197 3222 solutio
1252 3154 1445 3218 bulaverunt
1458 3153 1490 3214 in
1506 3172 1544 3217 ea
1561 3162 1606 3216 tot
1619 3153 1723 3229 annis,
1737 3153 1801 3217 imo
1812 3152 1994 3236 frequenter

451 3272 489 3317 ex
504 3252 597 3316 dietis
613 3253 833 3316 Numerorum.
850 3255 976 3318 Certum
993 3266 1041 3319 est
1055 3276 1195 3339 quoque,
1252 3253 1446 3335 quieverunt
1460 3252 1570 3314 multis
1590 3252 1703 3315 diebus
1726 3251 1759 3313 in
1779 3252 1875 3314 certis
1895 3254 1991 3327 locis;

451 3352 538 3434 quod
554 3352 647 3413 multi
662 3353 783 3414 vadunt
800 3354 839 3415 ad
856 3354 1000 3435 praelium
1017 3364 1128 3419 eontra
1143 3376 1197 3419 eos
1252 3354 1403 3412 babitans
1415 3350 1570 3419 matraid
1586 3358 1634 3413 est
1650 3349 1683 3411 in
1697 3349 1902 3415 tabernaculo
1912 3353 1993 3433 quod

454 3467 533 3530 quos
558 3449 740 3531 aliqualiter
767 3450 890 3528 timent,
908 3471 1005 3532 quum
1032 3462 1063 3515 et
1085 3453 1118 3515 iu
1139 3455 1198 3518 Job
1254 3449 1316 3511 luit
1332 3448 1365 3510 in
1381 3448 1487 3510 medio
1503 3447 1627 3530 populi,
1646 3448 1679 3509 in
1699 3448 1849 3511 cordibus
1869 3468 1994 3531 quoque

311 3560 439 3613 total-,au
455 3548 609 3630 seriptum
631 3548 675 3610 sit
696 3549 874 3629 :Angustia
896 3551 1028 3614 vallabit
1050 3553 1196 3636 impium,
1252 3547 1421 3622 bonorum,
1446 3549 1606 3608 Dominus
1630 3550 1716 3608 Deus
1738 3556 1835 3617 taas‚·
1856 3559 1886 3608 et
1910 3551 1995 3608 nibil

455 3646 537 3709 sieut
560 3665 666 3728 regem
691 3646 747 3727 qui
770 3656 898 3729 paratur
923 3650 962 3710 ad
985 3650 1142 3732 praelium.
1166 3652 1198 3713 ln
1255 3647 1315 3706 tibi
1327 3647 1446 3723 defait.
1464 3644 1497 3705 ln
1514 3643 1596 3707 libro
1611 3644 1819 3707 Numerorum
1839 3654 1872 3709 et
1891 3646 1994 3710 Exodo
2006 3668 2107 3714 ,vana

454 3744 653 3825 expositione
668 3752 773 3807 autern
789 3745 885 3827 bujus
897 3746 1069 3810 voluminis
1085 3757 1134 3811 est
1148 3749 1200 3811 ob
1254 3744 1403 3825 leguntur
1418 3742 1578 3804 interdum
1594 3761 1677 3823 aqua
1692 3742 1878 3822 indiguisse,
1896 3746 1951 3808 sed
1965 3752 1995 3807 et
2009 3732 2108 3837 ,ἔξω

454 3842 657 3920 servandum,
680 3844 766 3924 quod
787 3844 832 3905 ait
850 3843 1011 3907 Gilbertus
1036 3863 1043 3907 :
1068 3845 1102 3908 ln
1126 3846 1199 3908 aliis
1254 3841 1339 3903 inira
1359 3839 1505 3916 babetur,
1530 3839 1657 3902 Alllixit
1677 3849 1708 3903 te
1729 3841 1865 3922 penuria
1888 3860 1896 3903 :
1919 3861 1994 3924 quo-
2006 3864 2108 3911 aaran.

455 3938 545 4001 libris
566 3940 708 4021 exposita
729 3942 986 4019 transcurrimus
1003 3950 1038 4005 ut
1058 3945 1108 4006 his
1128 3964 1199 4025 qua
1252 3940 1347 4002 modo
1362 3955 1438 4018 ergo
1453 3938 1535 3999 nibil
1550 3936 1654 4001 deluit
1669 3938 1737 4002 eisl
1751 3939 1790 4001 Et
1805 3942 1995 4022 responden-

455 4056 518 4101 non
534 4046 607 4099 sunt
622 4038 775 4120 exposita,
794 4038 1010 4103 immoremur.
1253 4039 1340 4114 dum,
1363 4037 1448 4120 quod
1469 4036 1516 4099 sie
1539 4036 1620 4098 nibil
1645 4036 1748 4100 deluit
1768 4038 1816 4101 eis
1842 4038 1993 4118 finaliter,

503 4137 609 4198 Videte
633 4156 706 4214 erqo
736 4140 909 4215 diiigenter
934 4158 972 4199 aa
1002 4144 1199 4202 moveamini
1252 4136 1328 4217 quia
1343 4134 1587 4199 necessitatibus
1603 4154 1713 4199 eorum
1724 4136 1806 4199 Deus
1817 4136 1871 4219 ple
1886 4139 1997 4201 subve-

452 4242 642 4305 contraeas,
659 4234 691 4296 id
711 4242 770 4311 est,
793 4254 851 4297 nee
873 4234 1004 4313 alleetu,
1024 4255 1082 4300 nee
1102 4245 1237 4319 operel)
1254 4233 1524 4297 nit.Justisetiam
1540 4252 1658 4295 manna
1673 4234 1779 4315 sapuit
1790 4235 1994 4299 utvolebant.

453 4330 568 4393 ineatis
592 4349 733 4413 pugnam
762 4340 872 4395 eontra
897 4334 1060 4396 ldumaeos.
1088 4338 1198 4415 Neque
1295 4336 1462 4412 Quicmque
1487 4334 1711 4393 transissemas
1732 4334 1853 4410 fratres
1877 4346 1996 4397 nastros

451 4433 539 4492 enim
556 4432 637 4490 dabo
654 4433 740 4491 vobis
754 4435 793 4491 de
810 4441 895 4493 terra
910 4453 1021 4493 eoram
1038 4445 1198 4512 quantam
1252 4434 1338 4509 filias
1352 4432 1453 4499 Esau,
1459 4449 1519 4506 per
1531 4432 1620 4490 aiam
1634 4441 1841 4509 campestrati
1852 4436 1996 4494 venimus

446 4541 548 4608 potest
564 4530 664 4591 ataias
675 4530 769 4607 pedis
779 4534 903 4591 calcare
915 4533 1086 4608 vestigium
1097 4553 1108 4591 .·
1118 4535 1199 4611 qaia
1253 4532 1297 4589 ari
1321 4530 1384 4588 iter
1407 4530 1494 4607 qaod
1514 4529 1607 4588 davit
1629 4529 1665 4587 ia
1687 4531 1848 4591 desertam
1871 4534 1995 4593 Moab:

452 4630 488 4688 ia
506 4630 733 4706 possessionem
748 4630 839 4689 Ειαιι
859 4630 936 4688 dedi
952 4639 1090 4690 tuentem
1109 4633 1197 4701 Seir,
1252 4627 1336 4707 quod
1353 4626 1450 4689 totius
1465 4624 1582 4688 deserti
1598 4624 1686 4687 illius
1706 4645 1778 4707 pars
1798 4628 1992 4709 perbihetur,

452 4722 484 4785 id
510 4732 567 4802 est,
594 4732 709 4787 terram
730 4724 873 4788 Idumaea
898 4733 1099 4789 montuosam
1124 4727 1197 4789 dedi
1252 4733 1284 4787 et
1298 4744 1317 4787 a
1332 4741 1430 4803 reguo
1446 4721 1651 4786 Moabitarum
1673 4722 1735 4785 sibi
1756 4724 1875 4803 vicino,
1892 4728 1995 4791 deser-

450 4821 642 4884 hereditarie
656 4821 718 4902 ipsi
734 4822 816 4885 Esau
831 4842 867 4885 aa
883 4823 1019 4905 posteris
1033 4824 1114 4904 ejus,
1128 4843 1198 4906 pro
1252 4832 1319 4885 tum
1335 4821 1424 4885 bloab
1441 4827 1580 4883 vocatur.
1602 4824 1761 4901 Diaitqae
1779 4825 1940 4885 Dumium
1953 4828 1994 4885 ad

451 4926 522 5000 pter
551 4920 664 4983 merita
697 4920 949 5001 patriarcharum
979 4920 1114 4985 Abrabae
1146 4923 1197 4986 avi
1251 4922 1701 4996 mammaemammal
1726 4922 1895 4983 Moabitas.
1922 4925 1992 4985 Non

451 5016 546 5093 Esau,
564 5026 595 5080 et
611 5018 694 5081 lsaaa
710 5018 808 5100 patris
825 5018 905 5098 ejus.
926 5022 1014 5081 Cibus
1028 5024 1138 5081 emetis
1157 5024 1197 5082 ab
1249 5040 1287 5077 en
1294 5020 1338 5077 im
1353 5020 1435 5078 dabo
1452 5018 1511 5077 tibi
1525 5019 1706 5095 quidquam
1721 5020 1864 5079 aetem
1873 5040 1990 5092 eoram

449 5118 494 5175 eis
505 5119 661 5192 pecunia,
676 5126 706 5177 et
721 5120 898 5179 comedetis.
916 5117 1005 5180 lbant
1025 5117 1112 5179 enim
1133 5118 1196 5180 lilii
1251 5119 1330 5196 qaia
1339 5118 1422 5194 filiis
1431 5119 1491 5176 Lot
1503 5116 1629 5175 tradidi
1643 5117 1693 5176 Ar
1708 5118 1745 5177 ia
1755 5121 1988 5194 possessionem.

448 5212 542 5275 lsrael
560 5214 610 5277 vel
625 5216 716 5296 juxta
731 5214 780 5277 rel
802 5234 859 5296 por
879 5215 1046 5278 ldumaeam
1061 5240 1068 5290 3
1086 5216 1196 5297 sieque
1250 5216 1292 5275 Ar
1308 5212 1370 5275 luit
1384 5213 1497 5276 eivitas
1513 5212 1700 5294 metropolis
1715 5212 1747 5275 iu
1765 5216 1896 5295 regione
1912 5216 1965 5278 illa
1981 5233 1988 5277 ε

448 5310 660 5375 vendiderunt
674 5312 801 5376 ldumaei
818 5312 864 5374 eis
879 5311 1000 5375 eibaria
1019 5314 1194 5395 cupiditate
1250 5309 1369 5375 ideireo
1393 5330 1450 5393 per
1474 5311 1526 5387 Αι,
1552 5317 1616 5373 tota
1640 5309 1697 5373 illa
1721 5312 1808 5393 regio
1833 5313 1990 5395 signitica-
