4309 6259
426 471 486 536 336
801 486 974 546 examero
995 487 1025 532 nr
1047 486 1116 530 car.
1139 485 1172 530 ru
1192 484 1389 531 nuuenonuu.
1413 502 1453 514 —
1473 484 1544 529 aar.
1567 483 1598 528 vr

424 679 597 721 nummum
607 660 798 720 Levitorom
808 657 873 739 jam
884 665 1101 739 pretaxatum,
1112 655 1167 737 qni
1183 654 1209 715 A
1225 662 1295 734 test,
1307 675 1365 718 cnr
1379 654 1425 718 ibi
1440 654 1573 731 dicatur,
1586 654 1639 716 lla
1654 661 1729 715 sunt
1743 651 1965 733 generationes

424 757 612 820 commutari
638 765 783 838 poterant
805 775 863 838 pro
886 754 965 818 liliis
991 755 1084 817 lsrael
1103 778 1110 828 ;
1128 757 1167 814 de
1222 754 1326 818 Aaron
1342 762 1374 817 et
1388 753 1511 834 MoysiS,
1529 770 1629 833 quum
1649 759 1880 832 consequenter
1900 767 1966 811 non

422 857 646 933 primogenitis
656 857 803 932 filiorum
813 858 916 916 Israel
927 856 1063 931 accipies
1075 854 1169 933 quin·
1224 852 1282 914 liat
1292 852 1412 916 mentio
1427 850 1473 913 ibi
1488 852 1527 914 de
1542 849 1622 912 liliis
1632 849 1754 931 Moysis,
1764 867 1822 911 nec
1838 847 1970 910 luerunt

423 974 484 1033 que
502 957 593 1014 siclos
607 974 668 1031 per
686 956 818 1031 singola
838 955 959 1031 capita,
977 953 1008 1014 id
1026 961 1085 1028 est,
1109 968 1166 1032 pro
1223 949 1412 1012 sacerdotes.
1430 948 1477 1011 Ad
1497 949 1557 1012 hoc
1577 946 1675 1010 refert
1689 947 1779 1028 Lyra,
1796 945 1898 1008 Rabbi
1914 943 1969 1007 Sa·

423 1051 567 1133 quolibet
587 1052 714 1116 illorum
731 1051 1016 1134 primogenitorum
1031 1049 1167 1112 aliarum
1223 1047 1383 1110 lomonem
1413 1048 1616 1130 respondere,
1642 1047 1728 1127 quod
1755 1045 1874 1126 Moyses
1905 1043 1969 1105 lnit

423 1151 564 1214 tribuum
575 1150 827 1233 lsrael,ecoipies
844 1150 877 1211 in
893 1149 1031 1232 pretium
1046 1166 1167 1212 eorum·
1222 1146 1397 1228 spiritualis
1419 1155 1509 1229 peter
1527 1144 1631 1208 Aaron
1654 1143 1862 1224 liliorumque
1883 1143 1966 1223 ejus,

422 1244 495 1309 dem
519 1247 661 1329 quinque
685 1247 792 1324 siclos,
816 1251 860 1310 od
884 1268 1070 1310 mensuram
1094 1266 1166 1307 acn-
1220 1243 1372 1325 quoniam
1386 1243 1494 1306 docuit
1512 1261 1567 1308 eos
1587 1243 1700 1324 legem.
1718 1241 1816 1314 Quam
1832 1258 1964 1322 rospon-

422 1349 544 1408 ctuarii
554 1367 565 1406 .·
580 1365 716 1429 qnorum
736 1345 859 1409 scilicet
879 1365 954 1408 usus
971 1346 1005 1408 in
1021 1351 1167 1408 sanctna·
1221 1341 1344 1406 sionem
1368 1341 1517 1423 reprobat
1540 1339 1640 1404 llabbi
1661 1339 1786 1414 Paulus,
1809 1336 1963 1420 qnoniam

424 1445 470 1508 rio
495 1444 567 1522 luit,
594 1453 688 1526 prout
717 1463 800 1526 saepe
824 1445 1003 1526 expositum
1030 1451 1089 1507 ost.
1117 1442 1165 1505 llli
1220 1440 1318 1502 simili
1338 1439 1459 1503 ratione
1481 1439 1545 1515 dici
1567 1446 1676 1522 posset
1696 1446 1785 1522 pater
1808 1437 1905 1500 totins
1927 1436 1969 1497 le

424 1562 560 1625 namque
580 1543 699 1606 residui
722 1560 786 1606 non
808 1550 955 1624 poterant
975 1541 1089 1605 redimi
1109 1558 1166 1623 per
1220 1538 1354 1602 melitici
1379 1538 1501 1621 populi.
1523 1532 1620 1601 Addit
1640 1555 1769 1620 quoque
1791 1536 1878 1617 qnod
1901 1534 1966 1596 lilii

423 1641 551 1714 Levites
561 1640 632 1706 ideo
643 1661 701 1725 per
711 1641 880 1723 pecuniam
894 1650 969 1703 sunt
981 1638 1166 1721 redemptie
1219 1636 1344 1718 Moysis,
1360 1636 1507 1719 quamvis
1528 1656 1591 1700 non
1612 1637 1833 1718 exprimantur
1849 1632 1881 1694 in
1899 1651 1970 1714 spe

422 1739 608 1822 parentibus
619 1739 686 1802 suis
695 1739 954 1815 communiter,et
965 1739 1020 1801 illa
1030 1737 1167 1821 pecnnia
1220 1735 1305 1812 ciali,
1323 1736 1506 1799 recoluntur
1526 1743 1632 1797 tanmn
1654 1733 1687 1795 in
1708 1731 1861 1815 generali,
1878 1730 1968 1793 ride-

422 1837 494 1900 data
509 1847 556 1901 ost
571 1838 675 1902 Aaron
690 1846 721 1900 et
738 1836 817 1899 liliis
839 1837 920 1917 ejus,
940 1845 1090 1918 tanquam
1111 1835 1166 1899 Dei
1180 1846 1203 1906 Β
1221 1834 1296 1897 licet
1311 1833 1345 1896 iu
1360 1852 1484 1896 summa
1498 1833 1755 1896 Amramitarum.
1769 1831 1828 1894 Sed
1843 1830 1967 1893 dictum

422 1936 683 2018 tabernaculique
704 1935 868 2012 ministris,
886 1935 942 2016 qui
963 1954 1166 1999 communem
1220 1933 1280 1996 hoc
1307 1931 1407 1995 Rabbi
1433 1932 1520 1995 Perdi
1551 1950 1615 1995 non
1639 1931 1765 1993 videtur
1788 1927 1895 2008 magni
1921 1927 1971 1990 ri-

424 2035 519 2098 totius
544 2034 647 2118 plebis
671 2053 780 2096 curam
802 2033 964 2114 gerebant,
982 2041 1014 2095 et
1038 2052 1166 2096 causam
1219 2031 1316 2112 goris,
1333 2031 1486 2112 quoniam
1501 2031 1621 2113 Moyses
1636 2048 1700 2093 non
1720 2028 1824 2093 solum
1840 2027 1967 2090 ratione

422 2133 532 2194 salutis
548 2151 658 2196 eorum
673 2133 816 2214 agebant,
830 2140 862 2194 et
871 2131 976 2195 clarus
989 2140 1037 2194 est
1051 2139 1163 2194 textus.
1220 2130 1385 2206 doctrinae,
1397 2130 1461 2192 imo
1475 2138 1508 2192 et
1523 2129 1645 2193 ratione
1660 2147 1726 2190 suae
1740 2126 1966 2208 praesidentiae,

462 2231 551 2295 Circa
566 2231 729 2295 exordium
746 2231 842 2313 hujus
856 2229 990 2313 capituli
1002 2228 1101 2312 quari
1113 2247 1167 2312 po
1220 2228 1324 2312 potnit
1338 2227 1403 2292 dici
1419 2237 1508 2310 pater
1524 2226 1628 2310 plebis
1644 2226 1743 2288 illius.

989 2659 1312 2748 ARTICULUS
1348 2661 1406 2744 VI

751 2939 790 2984 DE
811 2937 978 2984 srmlruntl
1000 2935 1092 2983 MUJUS
1114 2935 1251 2981 taetrum
1271 2934 1371 2981 rxnrtl
1393 2934 1639 2982 lnrnttlounrlt.

494 3219 574 3284 UOD
597 3219 749 3283 Dominus
775 3216 1001 3281 sacerdotalem
1026 3224 1057 3278 et
1082 3211 1203 3280 Levi-C
1223 3214 1285 3277 sibi
1303 3214 1464 3297 praefixos.
1483 3219 1550 3294 Epo
1567 3219 1630 3277 tuti
1645 3218 1774 3278 Levites
1788 3238 1810 3277 a
1823 3217 1906 3293 filiis
1920 3219 1973 3277 Is-

426 3219 598 3420 Oticam
620 3319 752 3400 stirpem
774 3316 849 3379 lecit
870 3315 1031 3378 numerari
1052 3313 1169 3396 specia—
1221 3319 1300 3375 rael.
1327 3314 1361 3377 ln
1393 3314 1461 3394 lage
1493 3323 1613 3378 nature
1643 3314 1846 3397 primogeniti
1875 3323 1973 3377 erant

422 3418 495 3481 liter
510 3426 542 3482 et
557 3436 710 3494 seorsum,
727 3415 873 3496 designat
888 3415 973 3496 qnod
989 3413 1019 3476 ei
1040 3413 1082 3475 sit
1098 3430 1168 3494 spe-
1221 3413 1435 3476 communiter
1464 3414 1643 3476 sacerdotes
1661 3437 1669 3488 3
1701 3432 1811 3477 rernm
1835 3412 1870 3474 in
1895 3413 1971 3493 lege

422 3517 511 3580 cialis
536 3537 613 3580 cura
637 3516 721 3579 circa
745 3514 935 3590 sacerdotes,
963 3520 994 3576 et
1020 3511 1165 3594 praelatos
1221 3510 1335 3593 Moysis
1351 3530 1448 3573 unam
1467 3510 1586 3573 tribum
1600 3512 1683 3574 Deus
1704 3510 1884 3593 specialiter
1903 3511 1971 3572 sibi

422 3615 668 3699 spiritualesque
682 3611 988 3693 homines‚aqnibus
1004 3620 1035 3673 et
1046 3611 1168 3692 majora
1221 3610 1394 3690 assumpsit
1409 3609 1443 3671 in
1458 3610 1652 3673 sacerdotale
1667 3610 1905 3691 leviticumque
1921 3610 1971 3672 ol·
1999 3631 2137 3677 neuram,

421 3734 457 3778 ac
473 3714 564 3796 plura
580 3714 713 3796 requirit
732 3731 739 3775 :
757 3710 937 3794 specialiter
951 3728 1079 3793 qnoque
1095 3708 1168 3771 dili·
1222 3709 1345 3784 licium,
1367 3717 1524 3789 quatenus
1546 3727 1583 3771 ex
1605 3709 1674 3791 ipsa
1697 3709 1894 3772 successione
1917 3727 1972 3770 sa-
1989 3697 2017 3736 ⁵·

420 3813 466 3893 git
481 3833 546 3890 eos,
556 3813 582 3875 si
594 3813 689 3892 digne
705 3831 739 3875 se
754 3811 908 3883 lrabeant3
927 3809 954 3871 si
969 3827 1033 3890 quo
1044 3807 1163 3883 minus,
1220 3806 1390 3870 cerdotalis
1418 3806 1556 3887 dignitas
1587 3806 1620 3869 in
1645 3807 1766 3888 maiore
1793 3807 1967 3869 baberetur

420 3912 652 3976 intolerabilior
673 3911 821 3972 imminet
843 3908 888 3972 eis
910 3907 1084 3982 damnatio,
1102 3906 1163 3969 hoc
1223 3906 1355 3968 bonore.

291 4026 403 4078 necat.
419 4020 478 4086 est,
496 4011 522 4072 si
538 4011 638 4073 instar
658 4011 793 4073 duorum
813 4006 959 4071 liliorum
976 4004 1091 4081 Aaron,
1108 4003 1165 4086 qui
1260 4000 1417 4083 Amplius,
1443 4020 1481 4063 ex
1509 4001 1685 4084 praehabita
1712 4000 1967 4065 commutatione

421 4109 527 4190 ignem
552 4108 736 4172 obtulerunt
759 4106 911 4181 alienum,
939 4102 1163 4168 excesserint:
1221 4099 1362 4164 liliorum
1387 4099 1462 4162 Levi
1487 4119 1545 4181 pro
1569 4099 1791 4181 primogenitis
1820 4099 1965 4162 tribuum

420 4207 507 4289 quod
521 4214 629 4286 agunt,
647 4204 702 4287 qni
717 4205 813 4268 corda
827 4223 884 4266 sua
900 4201 1033 4284 Spiritui
1050 4201 1166 4265 Sancto
1220 4199 1366 4275 aliarum,
1395 4208 1427 4261 et
1451 4217 1489 4262 ex
1514 4199 1713 4262 residuorum
1739 4198 1972 4281 primogenito-

418 4303 733 4382 consecrata,rclicto
749 4309 866 4365 sancta
880 4300 1062 4364 dilectionis
1081 4300 1164 4380 igne,
1222 4317 1291 4359 rum
1313 4297 1407 4360 lsrael
1427 4297 1657 4378 redemptione,
1674 4296 1883 4379 diligentique
1904 4315 1969 4360 nu·

421 4403 556 4485 implent
580 4400 699 4464 carnali
725 4409 757 4463 et
781 4399 866 4482 turpi
888 4417 1006 4475 amore,
1030 4406 1061 4462 et
1082 4397 1166 4460 bone
1182 4401 1206 4462 l)
1222 4394 1406 4472 merationc,
1424 4395 1664 4458 commendatur
1686 4395 1779 4460 nobis
1795 4395 1969 4473 rectitudo,

419 4521 491 4584 qnae
505 4510 614 4584 egunt,
632 4499 809 4563 intentione
829 4506 1068 4581 prosequuntur
1089 4495 1166 4557 sini·
1222 4493 1287 4556 imo
1309 4502 1340 4557 et
1362 4493 1520 4557 districtio
1536 4493 1651 4557 divinae
1672 4493 1814 4575 justitiae.
1830 4494 1886 4556 Per
1902 4501 1971 4556 tres

420 4609 495 4678 stra,
518 4609 573 4663 aut
595 4599 675 4663 lalsa
699 4597 858 4662 seminant
882 4596 1082 4660 documenta.
1100 4599 1166 4672 Ap·
1221 4611 1297 4655 vcro
1323 4591 1462 4654 familias
1488 4591 1678 4670 Levitarum,
1702 4591 1839 4672 intelligi
1862 4600 1972 4674 potest

415 4702 507 4778 plica
528 4702 648 4760 tribum
663 4699 754 4770 Levi,
779 4703 839 4759 etc.
863 4695 908 4756 Ex
927 4694 977 4756 bis
1000 4695 1162 4769 docemur,
1222 4691 1338 4774 triplex
1358 4691 1436 4754 ordo
1458 4711 1557 4768 sacer,
1575 4710 1631 4754 seu
1651 4690 1768 4773 triplex
1786 4709 1896 4754 eornm
1920 4692 1975 4754 di-

419 4817 515 4879 quam
526 4798 649 4877 integro
665 4815 702 4859 ae
716 4795 840 4858 lervido
850 4791 1060 4875 vigilantique
1071 4791 1165 4855 cordo
1222 4789 1362 4868 stinctio‚
1380 4789 1486 4871 quiin
1506 4790 1604 4853 sacris
1630 4798 1706 4852 sunt
1726 4789 1890 4853 constituti
1915 4790 1973 4852 01·-

419 4897 597 4960 sacerdotes
612 4903 644 4958 ct
657 4913 768 4958 omnes
782 4893 840 4974 qui
855 4892 888 4954 in
904 4891 1002 4954 sacris
1016 4891 1166 4954 constitu·
1222 4888 1352 4952 dinibus
1366 4912 1374 4963 3
1396 4907 1453 4951 scu
1473 4888 1588 4970 triplex
1610 4896 1710 4950 status
1733 4888 1969 4968 religiosorum,

419 4995 443 5056 ti
458 5004 532 5057 sunt
546 4993 730 5070 Ordinibus,
746 4991 865 5054 habere
880 5009 914 5052 se
929 4989 1065 5052 debeant
1081 4989 1165 5052 circa
1221 4987 1370 5051 videlicet
1390 4996 1491 5049 status
1512 4987 1659 5049 animalis
1683 4995 1715 5049 et
1739 4986 1902 5050 rationalis
1927 5008 1967 5050 ac

418 5093 537 5172 divina,
556 5093 621 5156 suis
637 5109 766 5174 quoque
782 5087 1002 5173 superioribus
1018 5087 1161 5164 obedire,
1222 5085 1422 5168 spiritualis3
1450 5105 1506 5149 seu
1535 5085 1689 5149 triformis
1718 5085 1887 5148 diversitas
1918 5086 1970 5149 la-

417 5193 462 5256 ita
483 5201 518 5255 ut
538 5189 758 5273 unusquisqne
777 5187 902 5252 alliciat
923 5187 1008 5269 quod
1029 5185 1091 5248 sibi
1115 5186 1163 5248 in·
1221 5185 1412 5247 mulantium
1436 5185 1510 5261 lieo,
1532 5183 1681 5247 videlicet
1701 5203 1864 5248 servornm
1887 5183 1973 5248 lide

416 5293 563 5376 junctum
584 5299 642 5368 est,
659 5309 716 5354 nee
737 5286 986 5368 transgrediatur
1005 5284 1158 5350 terminos
1220 5283 1312 5360 lium,
1328 5291 1360 5346 et
1384 5283 1570 5360 amicorum,
1589 5302 1625 5346 ac
1649 5281 1815 5359 liliornm3
1837 5283 1887 5348 vel
1914 5284 1974 5348 via
