4309 6259
440 471 498 534 cti
779 491 952 537 nuncnunc
974 492 1004 536 nv
1025 489 1095 538 cnr.
1118 489 1172 534 m
1193 489 1427 536 unurrnononu.
1449 510 1490 520 -
1509 490 1582 569 aar.
1605 490 1646 535 rr

437 659 553 738 refugii
574 678 659 722 nunc
674 667 850 741 praetactas
869 660 902 722 in
921 669 1004 724 terra
1025 661 1182 744 promissa
1198 660 1224 721 A
1238 681 1299 739 que
1322 661 1501 725 sacerdotes
1525 670 1558 724 et
1584 661 1709 742 judices
1732 659 1985 736 diripentissime

436 757 629 820 adderentur
653 757 750 820 simili
777 760 872 822 modo
895 760 1000 822 adhuc
1024 759 1095 823 alia
1120 768 1183 821 tres
1235 760 1550 834 presentanteshoc
1566 767 1624 831 est,
1633 758 1853 822 examinantes
1869 765 1983 817 testem

438 854 554 936 refugii
569 857 674 934 urbes,
691 857 820 937 quando
834 857 1049 920 obtinuissent
1065 857 1127 919 lilii
1144 858 1184 919 ls-

439 954 503 1017 rael
527 955 710 1017 universam
741 963 857 1017 terram
881 955 928 1018 eis
959 956 1149 1038 promissam
1173 973 1180 1016 :

437 1053 523 1132 quod
545 1052 683 1133 qualiter
702 1053 742 1114 sit
764 1052 941 1135 impletum,
961 1073 1019 1118 nec
1041 1054 1073 1116 in
1099 1053 1183 1116 lihro

437 1149 540 1228 Josuc‚
558 1171 616 1215 uec
635 1151 711 1214 alihi
735 1151 767 1214 in
785 1151 946 1235 Scriptura
961 1153 1114 1215 canonica
1135 1152 1182 1214 in-

437 1249 582 1324 venitur3
605 1239 745 1313 creditur
767 1259 872 1313 tamen
897 1251 1015 1313 lactum
1040 1261 1183 1333 tempore

436 1347 534 1409 David
558 1357 613 1410 aut
637 1348 826 1426 Salomonis,
844 1357 904 1412 etc.
922 1349 1037 1430 Sicque
1059 1349 1094 1410 in
1117 1357 1182 1412 toto

1238 855 1342 931 illum,
1354 876 1395 919 an
1411 857 1452 919 sit
1467 857 1608 933 inlamis,
1627 865 1658 919 et
1672 857 1712 919 de
1727 857 1797 919 loco
1812 875 1850 917 ac
1865 862 1986 934 tempo

1240 973 1273 1016 re
1287 955 1424 1036 aliisque
1445 956 1582 1036 negotiis
1603 974 1640 1018 ac
1660 952 1910 1018 circumstantiis
1932 969 1984 1012 ne

1238 1053 1329 1132 gotii,
1346 1054 1385 1116 de
1404 1072 1469 1134 quo
1492 1062 1634 1129 testatur,
1651 1054 1837 1113 invenerint
1858 1053 1983 1127 schum

1240 1162 1346 1213 testem
1366 1155 1488 1212 dr'ccicse
1508 1163 1620 1213 contra
1634 1155 1772 1230 fratrem
1785 1171 1883 1209 surum
1898 1169 1984 1211 uteu-

1238 1253 1383 1320 dccr'um,
1399 1250 1459 1312 hoc
1475 1258 1523 1312 est
1537 1251 1724 1312 mendosum
1740 1247 1980 1320 testimonium

1238 1351 1372 1409 reddent
1386 1352 1417 1408 ei
1437 1351 1521 1410 sicut
1542 1350 1645 1425 fratri
1666 1367 1723 1407 suo
1744 1351 1851 1425 facere
1866 1346 1983 1422 copita-

436 1454 527 1508 erant
541 1465 655 1510 novem
671 1447 817 1510 civitates
828 1447 956 1527 refugii,
971 1456 1033 1510 tres
1050 1447 1082 1508 in
1099 1455 1182 1509 terra
1239 1449 1297 1515 vii,
1314 1447 1421 1519 idest,
1439 1447 1478 1509 ad
1502 1446 1597 1509 talem
1617 1463 1743 1527 poeuam
1764 1463 1837 1506 eum
1860 1443 1983 1522 obliga·

436 1544 570 1606 duarum
586 1544 747 1626 semisque
762 1544 914 1622 tribuum,
932 1554 964 1609 et
979 1564 1033 1608 sex
1049 1545 1082 1607 in
1100 1554 1182 1608 terra
1237 1545 1318 1606 hunt
1339 1554 1371 1607 et
1389 1544 1629 1626 adjudicabunt,
1645 1543 1773 1626 qualem
1794 1541 1980 1605 incurrisset

436 1642 669 1724 promissionis.
690 1647 728 1704 St
749 1646 947 1724 quiscerem
970 1647 1042 1704 odio
1063 1645 1182 1704 babens
1238 1642 1265 1703 is
1280 1651 1391 1705 contra
1412 1661 1509 1724 quem
1532 1642 1714 1717 testabatur,
1738 1641 1765 1702 si
1788 1638 1903 1701 luisset
1925 1657 1982 1720 per

431 1743 620 1816 procimum
631 1763 739 1802 scum.
753 1743 808 1803 llic
823 1742 952 1823 jubetur
967 1744 1051 1823 quod
1069 1742 1182 1805 volun·
1232 1740 1438 1802 sufficientes
1455 1748 1550 1802 testes
1565 1736 1901 1819 convictus,quoniam
1917 1755 1981 1817 pm

435 1838 534 1900 tarius
556 1839 715 1902 homicida
731 1839 845 1903 nullibi
870 1849 972 1902 tutum
997 1840 1113 1902 haheat
1137 1839 1181 1902 le
1199 1843 1222 1904 B
1237 1857 1310 1900 nam
1321 1838 1450 1901 talionis
1461 1839 1595 1900 incurrit
1605 1837 1787 1918 hujusmodi
1798 1835 1900 1898 testis.
1908 1835 1981 1897 ldeo

432 1954 517 2014 cum,
534 1944 566 1999 et
581 1937 607 1998 si
621 1939 661 2000 cd
677 1938 818 2018 aliquam
839 1937 955 2018 refugii
978 1938 1090 2001 urbem
1105 1956 1180 2000 con·
1236 1936 1384 1998 subditur
1401 1939 1497 2000 :Non
1512 1938 1708 1997 misereberis
1722 1937 1790 2012 ejus
1806 1933 1981 1996 miseratio

434 2033 562 2114 ingerit,
580 2054 644 2098 non
661 2036 801 2100 salvetur
817 2036 948 2112 ibidem,
966 2036 1021 2099 sed
1037 2036 1181 2100 tradatur
1236 2053 1276 2097 ne
1291 2055 1347 2097 seu
1361 2034 1582 2116 compassione
1593 2033 1782 2109 inordinata,
1794 2040 1826 2095 et
1841 2031 1978 2094 nimium

433 2133 576 2213 cognatis
596 2135 693 2198 occisi
710 2137 748 2197 ad
765 2135 986 2212 occidendum,
1005 2135 1081 2197 dum
1103 2135 1181 2216 juri·
1235 2133 1335 2208 molli,
1358 2132 1517 2196 contraria
1538 2132 1691 2213 equitati.
1713 2131 1978 2212 Competicndum

432 2231 503 2294 dice
525 2231 622 2295 luerit
643 2233 884 2316 comprobatum
910 2235 994 2315 quod
1019 2234 1178 2297 malitiose
1235 2231 1384 2313 equidem
1410 2230 1439 2292 ci
1465 2239 1523 2305 est,
1541 2231 1646 2311 quoad
1670 2230 1790 2292 malum
1814 2229 1929 2310 culpae,
1947 2237 1979 2290 et

434 2329 523 2392 illum
539 2331 666 2395 occidit.
679 2333 721 2395 lle
737 2333 797 2408 his,
810 2333 887 2414 quia
903 2333 1077 2414 praehabita
1093 2342 1178 2409 sunt,
1235 2339 1282 2391 est
1296 2329 1451 2392 orandum
1468 2348 1525 2410 pro
1540 2328 1628 2410 ipso;
1654 2329 1709 2390 sed
1724 2328 1843 2390 malum
1861 2347 1976 2409 prena,

433 2435 600 2510 textusque
615 2431 731 2512 planus
746 2440 805 2508 est,
824 2440 1020 2513 pertranseo.
1234 2429 1382 2492 videlicet
1406 2427 1514 2490 debita
1536 2428 1702 2508 castigatio
1726 2426 1905 2508 infligenda
1929 2436 1978 2490 est

475 2529 549 2588 Non
563 2549 703 2590 assumes
717 2539 747 2590 et
759 2531 931 2606 transferes
942 2533 1094 2590 terminos
1105 2550 1179 2606 pro·
1233 2529 1273 2590 ci.
1300 2527 1388 2590 Unde
1407 2526 1616 2608 subjungitur
1639 2544 1646 2588 :
1667 2531 1722 2587 scd
1745 2529 1893 2588 anticam
1914 2547 1978 2605 pro

431 2626 518 2685 :rimi
534 2627 595 2696 tui,
611 2647 688 2706 qnos
702 2633 848 2704 ficerunt
861 2630 986 2706 priores
1009 2630 1044 2688 in
1056 2648 1176 2704 posses·
1232 2627 1359 2694 arrium,
1383 2623 1415 2685 id
1440 2633 1498 2700 est,
1522 2624 1693 2686 animalem
1711 2623 1977 2705 corporalemque

430 2724 519 2782 sione
539 2733 606 2796 trra,
629 2724 689 2787 hoc
705 2733 762 2802 est,
784 2743 876 2804 agros
899 2744 954 2787 seu
980 2734 1077 2788 terras
1100 2725 1177 2789 alio-
1232 2723 1330 2784 vitam
1346 2741 1404 2805 pro
1418 2722 1549 2784 animali
1564 2723 1630 2787 vita
1647 2723 1763 2803 eriges,
1786 2731 1821 2784 ut
1835 2722 1891 2784 tali
1906 2722 1974 2784 vita

432 2838 503 2882 rum
525 2840 589 2884 non
611 2823 792 2906 usurpabis,
815 2843 873 2886 nec
892 2823 989 2885 addes
1006 2824 1091 2903 agris
1114 2824 1177 2886 tuis
1232 2821 1385 2903 privetur,
1402 2821 1457 2902 qui
1474 2820 1574 2884 voluit
1590 2819 1670 2884 ialso
1692 2821 1874 2885 testimonio
1891 2821 1976 2901 peri-

430 2920 628 2984 extendendo
650 2929 750 2984 metas
770 2940 917 3002 agrorum
938 2931 992 2984 aut
1012 2931 1175 3004 pratorum
1233 2919 1448 2983 mere'alium.
1466 2919 1618 2982 Similiter
1636 2925 1766 2981 oratum
1784 2940 1843 2998 pro
1865 2924 1974 2990 oculo,

431 3025 569 3096 tuorum,
587 3020 642 3083 sed
664 3019 748 3082 inira
767 3020 885 3083 limites
904 3041 922 3083 a
943 3020 1088 3102 patribus
1112 3020 1175 3082 tuis
1193 3020 1215 3083 C
1230 3019 1357 3077 drcaem
1367 3037 1429 3095 pro
1442 3021 1548 3087 dente,
1564 3037 1699 3078 marum
1709 3037 1770 3095 pro
1787 3039 1902 3088 aranu,
1921 3038 1979 3095 pe·

430 3116 552 3198 positos
576 3137 738 3200 permane.
765 3118 873 3181 Solent
896 3127 1003 3182 autem
1031 3119 1064 3181 in
1090 3119 1176 3201 agris
1230 3118 1303 3175 dem
1322 3136 1383 3194 pro
1404 3119 1484 3193 pede
1507 3117 1614 3193 ccryec
1636 3136 1647 3174 :
1671 3115 1711 3178 de
1734 3134 1799 3198 qua
1822 3132 1918 3198 poeua
1943 3124 1978 3178 ct
2010 3144 2130 3188 naam

430 3213 505 3293 poni
522 3232 596 3277 saxa
615 3224 669 3278 aut
688 3215 869 3278 consimilia
885 3235 942 3298 pro
959 3215 1078 3279 indicio
1096 3216 1175 3278 linis
1231 3214 1349 3277 talione
1363 3215 1483 3277 dictum
1498 3222 1547 3278 est
1561 3214 1689 3296 plenius
1707 3215 1740 3276 in
1751 3215 1870 3278 Exodo.
1995 3209 2075 3250 ²³⁴³·

430 3311 509 3390 agri,
526 3319 557 3375 et
573 3313 635 3375 tale
650 3333 760 3376 saxum
774 3322 828 3376 aut
849 3315 975 3394 signum
997 3315 1105 3377 nullus
1121 3316 1173 3377 de·
1271 3314 1432 3390 Praeterea,
1447 3315 1530 3378 sicut
1544 3315 1701 3390 litteralis,
1719 3315 1763 3376 ita
1777 3323 1809 3377 et
1823 3313 1976 3395 spiritua·
2015 3340 2101 3384 sffl

432 3409 485 3472 bet
500 3410 561 3472 sihi
576 3413 744 3490 attrahere,
758 3422 811 3476 aut
826 3414 904 3477 alibi
919 3433 1048 3496 ponere,
1067 3415 1173 3478 sedin
1232 3411 1271 3473 lis
1296 3412 1391 3494 hujus
1415 3413 1547 3495 capituli
1571 3432 1684 3476 sensus
1706 3414 1740 3475 in
1762 3412 1978 3495 praellegatis
1995 3406 2124 3458 ’i‘ffm

433 3527 490 3572 suo
506 3509 687 3592 relinquere
703 3510 781 3588 loco,
795 3513 857 3574 nisi
874 3512 955 3576 lorte
970 3533 1026 3596 per
1041 3514 1177 3595 emptio·
1232 3511 1380 3594 capitulis
1402 3521 1450 3574 est
1469 3512 1630 3575 inductus.
1655 3513 1770 3594 Aliqua
1794 3520 1899 3575 tamen
1921 3514 1980 3576 ad-

434 3626 507 3670 nem
523 3608 642 3689 justam
659 3609 732 3691 quis
752 3627 843 3690 agros
864 3629 937 3674 suos
955 3611 1077 3674 dilatet.
1096 3612 1175 3675 Hinc
1232 3611 1350 3672 duntur
1365 3611 1427 3687 hic,
1445 3631 1517 3692 quac
1532 3611 1669 3674 breviter
1687 3610 1923 3674 moralizantur.
1940 3613 1977 3674 ln

300 3714 419 3768 naara,
435 3703 467 3764 in
497 3703 674 3767 Proverbiis
704 3705 866 3770 habetur:
895 3707 938 3769 Ne
963 3709 1177 3788 transgredia-
1232 3709 1381 3771 omnibus
1397 3729 1535 3791 namque
1546 3711 1703 3791 praetactis
1719 3711 1876 3773 ternarius
1891 3729 1982 3775 eom·

288 3779 323 3820 ²⁸·
436 3802 478 3864 ris
496 3802 917 3886 termirrosautiquoS,quos
933 3815 1109 3888 posuerunt
1124 3827 1178 3889 pa·
1232 3809 1413 3883 mendatur,
1440 3817 1475 3870 ut
1498 3809 1786 3890 superheatissimae
1810 3809 1979 3874 Trinitatis

434 3908 498 3964 tres
518 3900 575 3963 tui.
1232 3906 1417 3988 mysterium
1432 3906 1623 3970 insinuetur.
1639 3907 1757 3971 Novem
1776 3926 1853 3972 vere
1865 3908 1981 3972 civita-

475 4001 549 4064 Non
563 4003 660 4062 stabit
681 4004 767 4062 iestis
788 4013 1001 4064 consequire
1021 4006 1177 4083 aliquem,
1232 4012 1279 4066 tes
1304 4003 1418 4084 refugii
1446 4005 1613 4085 designant
1636 4025 1750 4069 novem
1770 4007 1899 4070 ordines
1923 4027 1983 4070 an·

434 4101 597 4178 quidquid
622 4100 707 4159 iilud
727 4103 851 4176 peccati
872 4111 902 4160 et
926 4103 1085 4178 facinoris
1109 4104 1178 4179 frte·
1232 4103 1386 4182 galerum,
1408 4103 1604 4185 adquorum
1626 4105 1809 4168 societatem
1832 4105 1980 4169 universi

301 4213 419 4268 bertran,
435 4199 490 4268 rii,
518 4195 577 4260 hoc
602 4205 660 4273 est,
684 4205 813 4280 propter
837 4198 931 4260 unius
956 4200 1176 4264 testimonium
1193 4201 1217 4261 D
1233 4199 1355 4279 fideles,
1369 4201 1418 4264 vel
1436 4201 1489 4283 [si]
1506 4202 1538 4264 in
1559 4203 1676 4266 saeculo
1691 4203 1752 4267 isto
1774 4222 1809 4267 se
1825 4223 1980 4286 peccasse

427 4294 543 4356 nullus
558 4295 792 4376 adjudicabitur
808 4297 901 4360 morti
918 4305 972 4359 aut
983 4299 1177 4374 damno;sed
1233 4298 1381 4376 latentur,
1394 4301 1579 4382 poenitendo
1593 4301 1768 4384 adspirant,
1785 4312 1817 4366 et
1832 4304 1914 4366 hene
1929 4305 1980 4367 vi-

432 4395 470 4454 ic
490 4397 702 4455 ereticorum
724 4405 782 4456 aui
805 4397 906 4456 trium
929 4400 1056 4458 testium
1081 4401 1177 4460 stabit
1231 4399 1335 4461 vende
1356 4400 1536 4481 pertingere
1559 4400 1703 4483 cupiunt,
1720 4411 1878 4482 quatenus
1894 4402 1982 4464 invi·
2139 4408 2140 4471 l

432 4513 524 4554 omne
539 4496 680 4554 verbam.
694 4492 757 4556 lloc
768 4512 864 4574 supra
875 4495 1054 4576 expositum
1065 4505 1123 4559 est.
1137 4500 1177 4558 Si
1232 4496 1375 4559 sibilium
1390 4498 1529 4562 hostium
1544 4499 1639 4576 acies,
1657 4508 1689 4562 et
1703 4509 1817 4564 cuncta
1836 4503 1976 4565 evadant

429 4593 552 4652 steterit
564 4594 649 4650 testis
664 4593 805 4651 reccdam
821 4602 931 4652 contra
947 4597 1176 4664 calcinariae-
1232 4595 1384 4677 pericula.

427 4709 546 4750 cesana
560 4691 1174 4766 eumprccvaricciionis‚ciebuntarcho
1287 4693 1351 4759 Qut
1374 4695 1567 4768 percusserit
1590 4695 1782 4769 prociarum
1816 4697 1978 4768 nesciens,
2138 4660 2139 4743 i

431 4807 569 4864 quorum
588 4807 686 4847 causa
700 4797 757 4856 eri,
773 4785 832 4850 hoc
852 4796 911 4865 est,
929 4797 991 4850 tam
1009 4791 1099 4852 testis
1120 4791 1175 4854 ille
1231 4788 1290 4852 hoc
1306 4797 1364 4864 est,
1377 4789 1431 4870 qui
1448 4789 1517 4852 sine
1533 4791 1696 4872 proposito
1711 4793 1980 4858 scandalizaverit
2137 4812 2138 4815 ’

430 4903 526 4965 quam
542 4884 570 4946 is
585 4903 680 4966 quem
702 4894 850 4961 accusat;
868 4887 918 4949 vel
940 4888 1045 4966 ambo,
1065 4889 1171 4965 idest,
1230 4889 1347 4962 alium;
1365 4889 1414 4952 vel
1434 4889 1490 4971 qui
1512 4897 1627 4971 putans
1646 4890 1744 4953 alium
1759 4892 1856 4955 verbo
1870 4912 1981 4958 corre·
2136 4828 2139 5015 Ι

428 4991 595 5045 accusatus
610 5003 629 5045 a
645 4991 723 5046 teste
738 4983 805 5060 illo,
823 4992 855 5047 et
876 5003 948 5067 pars
971 4987 1175 5051 adversa-ae-
1231 4988 1349 5069 ptionis
1359 4997 1391 5050 et
1405 4988 1633 5051 exhortationis
1647 5009 1787 5053 curarea
1800 4991 1905 5073 culpa,
1921 4994 1977 5058 lae
2136 5056 2137 5073 2

430 5080 543 5156 cusati,
562 5100 618 5162 pro
638 5100 701 5163 qua
722 5090 809 5163 parte
826 5083 915 5145 testis
937 5083 990 5146 ille
1008 5084 1068 5148 lert
1091 5087 1175 5149 testi·
1231 5087 1307 5149 serit
1317 5087 1533 5164 illum,acrius
1548 5107 1644 5168 quam
1660 5097 1782 5171 oportet
1799 5090 1976 5171 loquendo,
2136 5078 2137 5095 ¹

425 5179 1173 5261 monium:stabunt,inquamnnteliominam
1229 5185 1279 5249 vcl
1305 5186 1379 5267 quia
1403 5187 1458 5248 ille
1482 5194 1545 5248 mm
1571 5186 1775 5268 imperfectus
1799 5199 1857 5264 est,
1881 5195 1974 5271 quod
2135 5100 2138 5295 i

430 5277 1177 5356 incompectusacerdotumctjudr'cum.Quum·
1230 5285 1463 5348 exhortationes
1483 5294 1515 5348 θι
1536 5286 1770 5368 increpationes
1789 5307 1853 5357 nou
1872 5293 1981 5354 susci·
