4309 6259
61 3285 91 3326 Is.
100 3301 172 3338 ursan,

43 3350 65 3373 u

48 3411 172 3460 mamm.

47 3477 75 3514 li.

45 3587 95 3630 lac.
104 3603 138 3638 ru,
150 3591 171 3630 7.

49 3783 172 3834 Maritum,

48 3848 110 3888 Ιῖ-Ιῠ.

52 3981 120 4023 loun
128 3997 172 4031 sm,

46 4047 74 4086 li.

59 4107 109 4148 Lac.
121 4121 171 4154 sarr.

45 4170 74 4208 tr.

45 4473 172 4560 statamus,

586 518 759 565 budunello
780 519 811 565 ut
831 517 899 564 GAP.
924 515 934 562 l
954 516 1150 564 nudabuntur.
1173 535 1213 547 -
1233 517 1304 562 Ant.
1327 515 1349 560 ll

1676 490 1736 555 329

189 691 317 772 busque
339 691 513 770 degeneres
530 713 537 764 3
562 707 667 771 neque
685 685 823 770 AEgyptii
846 684 979 748 israe-A
995 684 1074 748 sime
1090 688 1318 765 conversando,
1336 687 1391 750 sed
1407 695 1439 748 et
1453 684 1606 748 miracula
1625 701 1737 765 perpe-

190 790 258 853 litis
283 791 429 868 admixti,
455 809 513 852 nec
538 788 736 869 alienigena,
760 806 818 850 nec
843 786 939 850 etiam

188 889 332 953 barbari.

229 989 376 1071 Insuper,
399 989 481 1052 Deus
507 995 630 1050 creator
653 985 802 1049 universa
823 993 855 1048 et
876 984 941 1046 sin-

189 1089 266 1171 gula
281 1086 525 1151 distinctissime
542 1086 657 1161 scienS,
667 1085 724 1166 qui
737 1084 832 1146 unico
842 1084 940 1147 verbo

189 1187 361 1252 celerrime
382 1195 508 1269 poterat
529 1185 666 1267 Moysen,
685 1191 716 1246 et
737 1203 793 1266 per
815 1183 940 1265 Moysen

188 1269 270 1350 alies
293 1285 477 1350 certificare
493 1287 532 1348 de
548 1302 681 1347 numero
697 1282 940 1346 israeliticorum

188 1387 334 1449 virorum
352 1386 391 1448 ad
413 1384 498 1447 bella
513 1383 757 1465 dispositorum,
769 1383 865 1462 jussit
885 1400 940 1442 nu-

188 1485 401 1547 merationem
427 1484 510 1546 hane
535 1481 608 1545 lieri
635 1500 691 1564 per
712 1481 858 1564 llopsen:
882 1499 940 1543 nec

188 1592 315 1646 tanturn
333 1603 392 1666 per
407 1603 492 1658 cum,
502 1583 557 1644 sed
573 1589 604 1644 et
619 1600 676 1664 per
690 1581 793 1643 Aaron
811 1579 938 1643 fratrem

188 1684 272 1764 ejus,
292 1691 324 1745 et
345 1703 401 1765 per
421 1681 590 1745 duedecim
613 1680 830 1744 nobilissimos
852 1678 940 1761 prin-

188 1783 281 1864 cipes
307 1781 476 1844 duodecim
503 1781 643 1843 tribuum
667 1780 781 1842 lsrael:
799 1780 838 1841 ad
864 1778 940 1840 insi-

996 787 1120 862 trand0‚
1144 786 1221 849 tales
1245 786 1400 850 iecerunt.
1417 786 1640 849 Verumtamen
1663 801 1740 866 praa

1000 885 1129 948 inducta
1154 904 1217 949 non
1244 895 1318 949 sunt
1343 887 1386 949 ita
1410 887 1626 968 intelligenda,
1649 886 1740 968 quasi

998 1004 1109 1047 omnes
1130 985 1178 1047 illi
1189 986 1336 1050 lsraelitae
1347 986 1403 1068 qui
1416 986 1675 1063 numerabantur,
1695 985 1742 1048 lu-

997 1084 1081 1146 erint
1102 1085 1249 1164 virtuosi,
1269 1086 1483 1168 melioresque
1505 1085 1570 1149 illis
1595 1085 1651 1166 qui
1677 1104 1741 1148 non

998 1185 1265 1265 computabantur
1276 1211 1283 1261 3
1296 1187 1351 1248 sed
1368 1184 1515 1264 figuralis
1531 1184 1611 1246 ratio
1626 1185 1660 1246 in
1676 1184 1740 1246 illis

997 1292 1045 1345 est
1060 1283 1237 1362 observata,
1248 1293 1405 1366 quatenus
1421 1285 1447 1347 si
1464 1284 1547 1347 inter
1557 1283 1674 1347 electos
1684 1283 1740 1347 Dei

996 1382 1144 1463 cupimus
1170 1383 1342 1460 numerari,
1361 1402 1425 1446 non
1449 1403 1609 1446 cessemus
1631 1383 1738 1446 conari

995 1500 1052 1562 pre
1068 1482 1196 1544 assiduo
1212 1483 1408 1546 incremento
1420 1483 1583 1559 virtutum,
1594 1500 1652 1563 pro
1667 1500 1740 1545 een-

995 1582 1111 1643 stantia
1137 1583 1169 1643 in
1192 1582 1345 1657 adversis,
1363 1600 1421 1664 pro
1442 1581 1574 1644 victoria
1596 1582 1629 1644 in
1651 1582 1738 1644 omni

997 1682 1179 1744 tentatione.
1199 1681 1314 1762 Sicque
1330 1682 1363 1743 in
1379 1681 1528 1744 omnibus
1549 1700 1654 1744 coram
1675 1683 1738 1744 Deo

995 1781 1096 1843 simus
1113 1781 1254 1857 solliciti,
1274 1781 1411 1843 timorati
1428 1791 1459 1844 et
1475 1781 1641 1844 fructuosi.

190 1882 370 1958 nuandum,
388 1881 474 1962 quod
495 1879 618 1962 praelati
636 1888 667 1942 et
684 1879 857 1960 principeS,
875 1880 978 1941 tamB
1036 1885 1236 1960 domitusque
1259 1892 1304 1941 est
1329 1884 1488 1941 Dominus
1511 1885 1556 1942 ed
1580 1884 1711 1958 Moysen
1727 1901 1739 1940 .·

189 1981 377 2062 superiores
388 1999 485 2061 quam
500 1979 778 2055 minoresdebent
788 1978 849 2040 sibi
859 1995 941 2040 com-

189 2080 307 2142 missos
323 2078 569 2160 diligentissime
584 2078 796 2151 considerare,
807 2077 940 2159 pusillos

187 2199 206 2241 a
231 2178 382 2255 fortibus,
406 2176 609 2241 effeminatos
631 2197 649 2239 a
672 2177 831 2254 virilibus,
849 2175 942 2239 vitio-

188 2297 241 2342 sos
265 2299 284 2340 a
306 2278 460 2341 virtuosis
490 2279 682 2352 discernere,
710 2285 741 2339 et
768 2276 941 2357 unicuique

188 2377 369 2441 secundum
400 2377 485 2458 qued
516 2395 614 2459 capax
643 2383 701 2453 est,
731 2375 941 2456 indigensque

187 2476 351 2552 consistit,
374 2476 569 2557 prospicere,
593 2475 726 2537 verbum
749 2474 860 2536 salutis
886 2474 942 2535 im-

189 2576 343 2657 pendere,
361 2575 400 2636 ad
417 2573 548 2637 meliora
568 2575 755 2656 provehere,
773 2573 941 2637 virtuosio-

189 2695 241 2737 res
257 2693 389 2755 quoque
410 2673 443 2735 in
463 2673 617 2735 auxilium
639 2681 858 2755 cooperatores
878 2672 940 2734 sibi

187 2792 365 2849 assumere,
376 2773 415 2834 ad
432 2771 669 2834 defendendum
686 2770 889 2853 imperfectos
905 2791 940 2833 ac

189 2871 306 2934 labiles
337 2871 377 2933 ab
406 2871 702 2953 impugnationibus
727 2871 877 2933 vitiorum
904 2890 940 2933 ac

189 2972 387 3034 daemonum.

999 1983 1133 2042 Tribum
1145 1983 1226 2041 Levi
1240 1984 1311 2041 noli
1325 2002 1505 2041 praeterere.
1516 1981 1573 2043 Per
1588 1981 1648 2043 hoc
1663 1999 1740 2062 prae

995 2079 1170 2160 figuratum
1191 2089 1240 2142 est
1255 2080 1429 2155 evidenter,
1448 2081 1534 2160 quod
1549 2081 1738 2156 sacerdotes,

996 2180 1165 2260 religiosos
1186 2188 1217 2241 et
1234 2179 1377 2256 clericos,
1395 2198 1570 2261 omnesque
1589 2179 1622 2240 in
1644 2180 1741 2242 sacris

996 2279 1168 2342 Ordinibus
1184 2280 1384 2357 constitutos,
1395 2288 1538 2362 oporteat
1553 2299 1618 2362 prae
1628 2280 1741 2342 ceteris

995 2379 1027 2440 in
1044 2379 1185 2442 Ecclesia
1197 2379 1250 2441 llei
1266 2380 1352 2442 omni
1369 2380 1534 2442 sanctitate
1545 2388 1576 2441 et
1586 2379 1743 2460 exempla·

995 2479 1088 2540 ritate
1114 2477 1248 2558 fulgere,
1266 2479 1532 2560 quemadmodum
1553 2479 1742 2560 preminent

994 2577 1117 2640 ordinis
1143 2577 1308 2658 dignitate,
1326 2577 1554 2659 religionisque
1579 2596 1741 2641 consecra·

995 2676 1101 2752 tiene;
1116 2677 1172 2757 qui
1188 2676 1355 2740 eeclesiam
1371 2697 1443 2740 cum
1460 2677 1547 2740 omni
1564 2678 1741 2741 reverentia

996 2774 1114 2838 debent
1136 2776 1264 2852 intrare,
1287 2777 1458 2853 custodire,
1481 2778 1574 2854 tueri,
1596 2786 1628 2839 et
1652 2797 1741 2841 sacra

996 2893 1071 2936 vasa
1086 2893 1122 2936 ac
1137 2875 1240 2937 divini
1259 2875 1406 2956 obsequii
1426 2876 1636 2938 instrumenta
1651 2896 1741 2938 mun-

996 2974 1045 3036 dis
1062 2974 1209 3037 manibus
1225 2983 1420 3040 contrectare
1436 2994 1442 3037 :
1460 2977 1570 3057 sicque
1586 2976 1738 3057 populum

237 3069 403 3146 Praeterea,
431 3088 489 3151 per
514 3069 641 3151 Moysen
667 3067 879 3147 legislatorem
904 3089 940 3132 ac
957 3075 978 3138 (l
996 3072 1205 3135 christianum
1236 3093 1331 3156 opere
1356 3083 1387 3137 et
1411 3093 1567 3152 sermone,
1595 3073 1741 3137 directio

189 3169 307 3231 ducem
331 3168 511 3231 lsraelitieae
533 3165 648 3249 plebis,
666 3166 808 3229 Christus
832 3167 942 3248 unige-

190 3268 279 3329 nitus
296 3266 408 3344 Patris,
427 3287 482 3330 rex
497 3275 529 3330 et
544 3265 658 3347 legiler
675 3275 782 3328 noster
796 3267 942 3348 designa-

189 3375 252 3441 tur,
265 3366 324 3447 qui
336 3366 468 3448 proprio
480 3385 536 3429 ore
547 3374 697 3429 testatur:
708 3365 773 3446 Ego
784 3365 849 3428 seio
860 3386 940 3448 quos

189 3464 501 3546 elegerimquerum
517 3483 580 3527 non
596 3465 698 3526 solum
715 3467 940 3546 personas,sed

190 3575 221 3628 et
236 3564 374 3646 capillos
387 3563 534 3646 perbibet
549 3571 731 3625 numeratos
746 3582 764 3624 a
776 3563 871 3625 Patre.
884 3565 941 3627 Per

189 3664 296 3726 Aaron
309 3681 385 3726 vero
396 3663 545 3745 princeps
557 3663 779 3744 Apostolorum
797 3663 941 3725 beatissi-

188 3783 263 3825 mus
277 3763 389 3824 Petrus
409 3763 576 3844 accipitur,
593 3780 689 3842 quem
711 3760 771 3822 sibi
790 3762 939 3825 Dominus

189 3871 221 3925 et
237 3861 383 3924 Salvator
400 3861 431 3922 in
448 3862 587 3943 primum
604 3869 635 3923 et
650 3880 808 3922 summum
830 3881 941 3944 ceopc

189 3969 329 4023 ratorem
350 3959 542 4040 assumpsit:
560 3960 665 4035 Pasce,
686 3960 846 4041 inquiens,
865 3980 939 4024 oves

189 4081 289 4122 meas.
302 4060 343 4122 Et
360 4077 490 4121 rursus:
506 4059 551 4122 'lu
567 4059 738 4140 aliquando
754 4077 937 4139 conversus,

131 4202 136 4214 .
189 4159 352 4222 confirma
369 4160 483 4221 fratres
499 4167 582 4220 tuos.
595 4158 651 4220 Per
667 4159 834 4221 duodecim
850 4160 941 4222 nobi-

996 3191 1036 3234 ne
1057 3179 1088 3234 et
1106 3171 1321 3235 sollicitudine
1340 3174 1531 3237 indesinenti
1550 3175 1738 3256 precedere,

996 3290 1055 3333 nec
1078 3271 1284 3333 saecularibus
1309 3274 1520 3335 commisceri.
1544 3273 1621 3335 llinc
1646 3272 1742 3335 Raba-

996 3389 1056 3431 nus
1072 3379 1267 3432 contestatur
1280 3389 1287 3432 :
1300 3371 1333 3433 ln
1350 3372 1435 3434 tribu
1447 3373 1522 3434 Levi
1538 3371 1741 3435 sacerdotalis

996 3468 1072 3530 orde
1090 3468 1242 3547 signatur,
1259 3471 1315 3551 qui
1331 3490 1427 3553 super
1442 3471 1681 3533 tabernaculum
1699 3477 1740 3532 te-

996 3567 1150 3644 stimonii,
1175 3568 1275 3630 idest
1297 3589 1393 3652 supra
1418 3570 1602 3645 Ecclesiam,
1623 3571 1655 3632 in
1676 3591 1739 3652 qua

996 3673 1183 3728 testamenta
1201 3667 1255 3728 Dei
1276 3677 1351 3729 sunt
1366 3668 1504 3744 condita,
1521 3669 1736 3747 constituitur,

996 3773 1030 3826 ut
1052 3784 1161 3826 curam
1183 3774 1272 3846 gerat
1298 3765 1454 3844 fidelium,
1472 3776 1503 3829 rt
1523 3769 1629 3830 omnia
1650 3785 1735 3846 vasa,

996 3863 1097 3926 idest
1120 3862 1232 3926 fideles
1254 3866 1292 3926 ad
1315 3865 1370 3928 Dei
1393 3866 1515 3929 cultum
1540 3866 1645 3942 electi,
1669 3867 1738 3930 sine

996 3980 1113 4038 errore,
1124 3962 1338 4044 vitiorumque
1355 3966 1446 4026 sorde
1458 3975 1672 4046 permaneant.
1683 3967 1739 4029 llic

996 4063 1072 4123 ordo
1099 4081 1269 4144 procurare
1289 4063 1383 4126 debet
1407 4065 1563 4146 quidquid
1589 4067 1627 4127 ad
1653 4068 1741 4128 cari-

996 4163 1119 4224 monias
1141 4162 1279 4244 pertinet
1300 4162 1389 4244 legis,
1407 4165 1483 4245 quia
1499 4165 1600 4246 ipsius
1618 4175 1666 4229 est
1685 4186 1741 4249 po-

190 4257 334 4320 lissimos
358 4257 531 4340 principes,
552 4256 648 4319 ceteri
671 4257 837 4320 duodecim
860 4261 942 4341 Apo·
958 4260 981 4322 l)
997 4260 1108 4341 pulum
1132 4259 1316 4337 informare,
1339 4264 1476 4345 qualiter
1497 4267 1672 4328 secundum
1696 4267 1741 4329 le-

189 4356 386 4432 stoli,Paulo
403 4364 641 4431 connumerato,
656 4356 890 4437 intelliguntur.
903 4359 940 4422 Hi

189 4474 304 4519 omnes
316 4455 562 4536 vigilantissime
577 4455 859 4518 consideraverunt
874 4457 941 4519 vul·

189 4564 243 4616 tus
260 4574 425 4636 pecorum,
443 4561 552 4636 utpote
574 4553 785 4628 subditorum,
803 4563 834 4616 ct
854 4556 939 4618 viros

189 4654 349 4716 virtutum
361 4653 533 4715 voluerunt
547 4653 585 4714 ad
602 4652 780 4733 spiritualia
795 4653 879 4716 bella
893 4656 940 4736 ju-

185 4753 271 4832 giter
286 4773 358 4815 esse
371 4752 548 4816 accinctos:
562 4752 625 4814 ime
642 4751 764 4832 eosqui
781 4753 858 4815 tales
875 4773 938 4816 non

184 4859 288 4919 erant,
308 4851 524 4934 predicando,
543 4852 672 4925 orande,
691 4859 786 4931 atque
808 4854 939 4916 sanctis-

996 4375 1067 4437 gem
1094 4359 1148 4421 Dei
1175 4361 1318 4422 ordinate
1343 4370 1374 4424 et
1397 4362 1528 4425 honeste
1549 4365 1582 4426 in
1608 4365 1742 4428 eeclesia

996 4466 1211 4520 conversetur.
1235 4459 1290 4522 llic
1310 4462 1387 4523 orde
1408 4462 1646 4525 tabernaculum
1668 4482 1741 4545 por-

996 4563 1040 4616 tat
1065 4565 1097 4618 et
1119 4557 1269 4618 utensilia
1289 4560 1370 4640 ejus,
1390 4561 1541 4641 queniam
1560 4563 1739 4624 sacerdotes

995 4653 1227 4734 compatiendo,
1246 4656 1513 4742 infirmorumque
1537 4681 1641 4724 mores
1663 4660 1739 4724 tole-

994 4754 1100 4822 rando,
1114 4762 1145 4816 et
1160 4756 1352 4821 consolando
1369 4759 1510 4840 pusillos,
1523 4761 1614 4841 quasi
1630 4762 1738 4824 bume-

994 4855 1037 4915 ris
1053 4854 1215 4934 patientiae
1230 4875 1266 4919 ac
1283 4855 1399 4920 laboris
1415 4867 1542 4940 portant
1555 4860 1735 4926 Ecclesiam.
