4309 6259
383 467 447 531 Μ
748 485 974 533 manuario-tn
996 485 1064 531 ω.
1087 485 1164 531 XXIII
1185 485 1322 531 tuvrrlnt.
1344 503 1384 515 ·-
1405 487 1476 532 nnn.
1500 485 1570 532 xntn

385 658 481 739 pulus
497 657 606 720 debuit
624 656 758 719 adunari
779 664 810 718 et
829 653 937 735 colligi
958 655 997 716 ad
1019 673 1130 716 vacan·
1146 654 1172 716 A
1183 657 1250 731 ptis
1272 659 1410 718 sabbatis
1434 658 1581 726 Domini,
1607 675 1678 738 quse
1702 655 1825 718 scilicet
1849 657 1937 720 cele-

386 757 461 818 dum
478 756 606 831 divinis,
617 765 648 818 et
664 775 719 836 per
735 773 935 834 consequens
950 771 1074 814 cessare
1090 752 1131 814 ab
1186 754 1317 816 brantur
1332 755 1460 818 assiduo
1471 774 1527 836 per
1544 763 1643 817 totum
1659 755 1735 817 anni
1748 756 1934 830 decursum,

384 855 535 934 operibus
551 853 730 916 servilibus.
748 853 838 914 Unde
853 851 929 913 huie
945 850 1053 926 verbo,
1066 850 1131 912 Coe-
1158 859 1160 864 ·
1185 856 1340 933 donisque
1356 856 1478 924 vestris,
1497 853 1528 916 id
1550 862 1599 915 est
1620 853 1786 916 beneficiis
1807 873 1878 935 quaa
1895 873 1936 916 cx

384 961 435 1013 tus
451 972 507 1014 seu
518 953 807 1032 Colleotae,semper
822 949 1007 1030 adjungitur
1022 947 1055 1009 in
1072 949 1131 1010 hac
1187 951 1466 1032 supererogatione
1481 961 1537 1013 aut
1552 951 1649 1012 simili
1666 969 1759 1013 eausa
1778 951 1936 1014 dederitis

386 1051 517 1113 materia
528 1050 663 1112 cessatio
674 1049 714 1111 eb
729 1047 960 1130 operibus.Sed
971 1046 1056 1109 circa
1071 1046 1132 1108 hoo
1187 1049 1343 1110 ministris
1365 1049 1486 1130 templi,
1503 1058 1533 1108 et
1552 1070 1624 1128 qun
1638 1050 1774 1128 offeretis
1793 1071 1833 1108 en
1848 1061 1934 1118 racto,

385 1147 717 1228 attendendumquod
734 1147 794 1207 ista
810 1144 966 1208 festivitas
976 1163 1047 1225 quae
1062 1161 1132 1224 age·
1187 1145 1246 1208 hoc
1257 1155 1305 1208 est
1320 1166 1357 1210 ex
1373 1146 1584 1229 promissione
1599 1154 1654 1208 aut
1668 1146 1871 1226 obligatione,
1881 1153 1935 1207 net

386 1246 479 1308 batur
490 1254 563 1326 post
575 1245 746 1326 septimum
758 1244 842 1306 diem
854 1242 927 1306 lesti
939 1241 1133 1304 Tabernaeu·
1187 1265 1258 1323 quen
1277 1257 1387 1323 sponte
1409 1248 1557 1306 tribuetis
1578 1249 1727 1316 Domino,
1753 1245 1785 1306 id
1810 1254 1867 1319 est,
1892 1265 1933 1308 ex

387 1343 501 1420 lorum,
520 1343 642 1405 nullam
659 1343 812 1404 rationem
830 1340 942 1403 habuit
962 1340 1132 1402 litteralem
1187 1343 1367 1420 devotione,
1389 1353 1420 1406 et
1440 1344 1522 1406 ultra
1544 1344 1751 1406 constitutum
1773 1363 1828 1406 seu
1843 1343 1935 1407 debi-

387 1441 600 1523 pertinentem
619 1441 658 1502 ad
679 1439 911 1521 preteritorum
932 1438 1129 1500 memoriam.
1189 1448 1256 1502 tum
1270 1441 1404 1505 Domino
1419 1441 1564 1505 offeretis
1582 1462 1588 1506 :
1607 1441 1668 1518 his,
1687 1441 1828 1523 inquam,
1846 1443 1935 1504 dem·

386 1539 475 1602 Unde
489 1547 555 1602 tote
570 1539 639 1619 ejus
656 1537 736 1601 ratio
751 1546 799 1600 est
823 1536 995 1618 figurativa
1015 1535 1129 1598 futuri.
1188 1539 1262 1621 ptis,
1279 1538 1424 1602 offeretis
1439 1559 1511 1621 quae
1522 1539 1606 1602 diota
1621 1549 1694 1601 sunt
1711 1541 1744 1601 in
1760 1540 1935 1603 solennita-

386 1637 448 1699 Nec
464 1645 511 1700 est
526 1637 708 1712 dicendum,
721 1637 807 1717 quod
823 1634 1043 1717 praefiguravit
1058 1635 1132 1696 adu·
1187 1636 1272 1699 tibus
1289 1637 1353 1698 illis
1369 1637 1547 1720 precipuis,
1561 1658 1631 1719 qum
1647 1637 1743 1700 semel
1760 1647 1932 1700 occurrunt

386 1735 548 1799 nationem
569 1743 600 1797 et
620 1753 730 1816 pacem
751 1733 861 1816 populi
882 1734 976 1796 lsrael
993 1732 1026 1794 in
1049 1741 1131 1795 tarra
1189 1735 1222 1797 in
1238 1755 1333 1799 anno.

386 1834 618 1915 promissIonis.
643 1833 694 1896 Sic
720 1851 857 1914 namque
883 1840 1037 1894 cessasset
1060 1837 1173 1912 postB
1232 1838 1260 1895 A
1286 1836 1522 1914 quintodecimo
1547 1854 1620 1910 erqo
1646 1837 1699 1894 die
1724 1837 1840 1895 mensis
1862 1855 1934 1912 sep

385 1932 563 2012 ingressum
578 1932 739 1994 interram
755 1929 1129 2011 illem,quemadmodum
1188 1933 1272 2004 timi,
1292 1933 1467 1994 secundum
1491 1931 1763 2013 computationem
1789 1933 1934 1996 Hebraeo

385 2040 489 2094 cessat
515 2031 630 2112 ligura,
658 2031 795 2112 figurato
825 2029 1024 2092 adveniente.
1051 2027 1131 2090 llinc
1187 2029 1335 2107 rum‚oui
1358 2031 1440 2112 apud
1464 2049 1522 2094 nos
1544 2032 1770 2112 correspondet
1791 2031 1934 2112 Septem-

386 2130 557 2192 dicendum
574 2129 710 2204 videtur,
733 2128 819 2208 quod
834 2125 985 2206 liguravit
1000 2144 1132 2205 congre-
1187 2127 1390 2208 ber‚pnando
1401 2133 1670 2205 conprepnvernts
1681 2150 1788 2190 omnes
1802 2132 1934 2208 fructus

386 2227 547 2309 gationem
558 2225 704 2288 fidelium
719 2225 753 2287 in
763 2225 898 2288 ecelesia
910 2225 949 2286 ad
961 2225 1130 2299 orandum,
1189 2237 1281 2287 terre
1306 2236 1426 2298 vestra,
1453 2228 1649 2286 antehabitis
1674 2229 1775 2305 ferias
1796 2229 1934 2288 Domini

388 2327 439 2389 vel
456 2326 489 2388 in
506 2343 602 2408 regno
622 2324 787 2388 ooelorum.
805 2323 903 2405 Cujus
922 2322 1049 2404 signum
1070 2330 1129 2398 est,
1187 2334 1304 2400 septem
1328 2326 1439 2384 diebos
1461 2344 1472 2383 .·
1494 2323 1612 2405 quibus
1637 2323 1788 2403 agebatur
1814 2324 1934 2387 festum

389 2425 475 2503 quod
505 2424 538 2485 in
564 2432 629 2486 tota
659 2423 728 2504 lege
753 2421 886 2484 Mosaios
916 2421 1131 2503 septenarium
1189 2421 1486 2495 Tabernaoulorum‚
1506 2430 1540 2484 ut
1560 2421 1680 2484 dietum
1702 2431 1760 2484 est.
1781 2422 1936 2496 Quocirca

388 2522 660 2597 celebrabatur,ut
675 2529 761 2602 patet
770 2521 809 2584 de
825 2519 962 2596 sabbate,
970 2529 1001 2582 et
1011 2526 1132 2601 septem
1183 2522 1399 2602 pensandum,
1416 2522 1501 2602 quod
1522 2522 1698 2584 secundum
1719 2521 1817 2602 legem
1835 2530 1881 2584 ter
1899 2522 1935 2583 in

388 2619 502 2682 diebus
517 2619 652 2695 Pascha,
669 2638 707 2681 ac
722 2618 855 2681 totidem
869 2619 1079 2694 Pentecostes,
1097 2635 1133 2678 ae
1189 2638 1272 2682 anno
1289 2619 1493 2682 solvebantur
1509 2620 1658 2702 primitia
1676 2639 1683 2684 :
1703 2621 1805 2702 primo
1825 2621 1864 2682 de
1879 2641 1939 2684 no

389 2717 689 2793 Tabernaculorum,
707 2725 739 2779 et
754 2717 793 2778 de
809 2715 939 2778 sabbato
958 2724 1046 2778 terrea
1062 2723 1134 2796 post
1190 2719 1238 2780 vis
1263 2717 1369 2797 granis
1394 2717 1427 2780 in
1451 2719 1590 2792 Pascha,
1615 2719 1753 2782 seeundo
1777 2720 1817 2781 de
1842 2721 1938 2782 novis

389 2835 443 2878 sex
457 2834 569 2878 annos.
586 2815 659 2877 Dies
674 2824 779 2876 autem
797 2822 907 2876 octava
924 2832 988 2876 non
1006 2812 1068 2874 luit
1088 2831 1134 2874 ce
1189 2816 1326 2898 panibus
1341 2816 1375 2878 iu
1391 2817 1596 2890 Pentecoste;
1622 2817 1714 2880 tertio
1729 2818 1768 2880 de
1784 2817 1937 2880 omnibus

389 2914 496 2990 lebria,
517 2914 579 2976 nisi
596 2916 629 2975 in
645 2914 705 2976 hoo
721 2912 790 2976 loco
808 2931 815 2976 :
834 2912 867 2973 in
885 2931 949 2992 quo
965 2910 1134 2974 manifesto
1191 2915 1349 2977 fructibus
1374 2923 1475 2989 terrea,
1493 2916 1532 2978 de
1555 2915 1672 2996 quibus
1694 2925 1784 2978 erant
1809 2915 1939 2980 solven-

389 3021 527 3088 uotatur,
544 3013 630 3092 quod
650 3011 784 3092 expletis
803 3009 952 3072 omnibus
975 3008 1066 3072 iestis
1083 3029 1135 3072 ve-
1151 3013 1173 3075 C
1192 3014 1249 3075 dea.
1262 3012 1381 3094 Nempe
1398 3021 1433 3074 ut
1447 3013 1548 3094 aliqui
1562 3013 1683 3090 dieunt,
1697 3033 1760 3077 non
1776 3013 1939 3077 dabantur

391 3111 466 3173 teris
481 3109 685 3186 Testamenti,
703 3128 774 3189 quae
789 3107 897 3171 omnia
918 3108 949 3169 in
971 3108 1031 3170 hoc
1051 3107 1135 3190 capi·
1190 3111 1229 3172 do
1246 3120 1337 3173 terna
1352 3111 1566 3188 nascentibus,
1588 3111 1650 3174 nisi
1670 3113 1709 3174 do
1729 3122 1849 3194 septem
1865 3131 1939 3194 spe

389 3210 457 3272 tulo
479 3208 662 3284 recitantur,
681 3208 886 3270 succederent
909 3205 989 3268 lesta
1003 3205 1132 3281 Christi,
1190 3207 1310 3286 clebus,
1324 3217 1433 3290 utpote
1447 3210 1487 3273 de
1503 3208 1674 3286 frumento,
1688 3208 1816 3286 hordeo,
1826 3210 1935 3288 vinea,

390 3325 462 3388 quae
484 3306 516 3367 in
537 3306 589 3368 die
609 3314 732 3380 octavo,
750 3305 810 3368 hoo
829 3313 878 3366 est
900 3304 932 3365 in
953 3303 1070 3365 Christi
1091 3322 1136 3365 re·
1190 3307 1285 3383 oliva,
1303 3307 1532 3387 malogranato,
1551 3306 1617 3370 licu
1634 3317 1666 3370 et.
1682 3308 1798 3390 palma.
1819 3309 1858 3370 Et
1872 3308 1939 3372 ista

391 3404 598 3481 surrectione,
618 3411 824 3485 sumpserunt
843 3403 1018 3478 exordium,
1041 3411 1136 3484 prout
1192 3405 1307 3468 solutIo
1327 3405 1361 3466 in
1382 3405 1559 3488 Septembri
1583 3406 1691 3469 tiebat.
1709 3410 1770 3468 Dte
1780 3409 1888 3484 priano
1905 3419 1939 3469 et

392 3505 453 3565 ista
468 3503 595 3585 plenius
610 3503 643 3564 in
654 3501 764 3564 Glossa
780 3510 970 3564 tractantur:
983 3520 1055 3582 quae
1071 3519 1134 3565 non
1190 3507 1244 3564 dte
1254 3514 1361 3564 octavo
1377 3506 1439 3565 erit
1450 3507 1838 3586 sabbntnnn.Snmetispne
1849 3509 1939 3566 nobis

391 3610 466 3665 sunt
482 3600 690 3682 intelligenda
708 3600 747 3662 ad
769 3619 880 3662 sensus
900 3599 1050 3681 mysticos
1066 3617 1137 3680 per·
1190 3604 1244 3661 dte
1260 3604 1370 3678 primo
1390 3601 1464 3665 sesti
1485 3602 1783 3679 Tabernaculorum‚
1805 3605 1940 3680 fructus

391 3702 504 3778 tinere,
522 3701 576 3762 sed
601 3701 640 3762 ad
660 3699 797 3762 litteram
825 3698 947 3761 ratione
972 3697 1134 3780 praedicta.
1192 3701 1315 3760 arboris
1333 3703 1575 3777 putcherrimae,
1592 3699 1714 3763 scilicet
1735 3719 1828 3782 poma
1849 3701 1940 3762 citri-

390 3800 461 3863 llaec
476 3799 576 3862 Rabbi
591 3798 719 3861 Paulus.
1194 3818 1244 3874 na,
1263 3807 1297 3859 ut
1312 3798 1410 3880 aliqui
1431 3799 1614 3881 opinantur,
1632 3818 1703 3880 quae
1725 3800 1838 3862 decora
1860 3811 1939 3862 sunt

431 3900 577 3961 Attamen
592 3896 797 3978 verbisLyrm
812 3893 984 3960 concordat
998 3895 1084 3976 quod
1102 3895 1134 3956 in
1193 3898 1295 3972 valde,
1311 3903 1529 3978 spatulasque,
1550 3898 1581 3959 id
1607 3906 1655 3960 est
1680 3917 1794 3974 ramos
1807 3902 1940 3977 patrna-

391 3995 585 4060 Soholastica
601 3995 702 4058 lertur
712 3994 860 4057 historia:
871 3993 986 4056 Octava
1002 3993 1057 4054 illa
1067 3993 1152 4056 dies
1192 4017 1266 4056 rum
1281 4005 1310 4055 et
1324 4016 1431 4056 ramos
1451 3998 1548 4072 lig-rei,
1564 3996 1596 4057 id
1617 4004 1664 4058 est
1684 3994 1843 4071 arborum,
1859 4001 1941 4058 denz-

392 4095 455 4156 fuit
471 4095 623 4170 solenniS,
641 4093 718 4174 quia
737 4092 771 4154 in
792 4112 829 4155 oa
848 4091 1082 4155 conveniebant
1098 4093 1137 4154 ad
1191 4114 1303 4154 sarum
1318 4095 1502 4170 frondium,
1519 4104 1548 4155 et
1563 4097 1676 4155 salices
1690 4097 1729 4154 dc
1745 4105 1892 4165 torrente,
1903 4096 1940 4158 id

394 4193 576 4256 laciendum
592 4191 769 4268 collectam,
783 4190 864 4254 sorte
880 4189 913 4251 iu
929 4210 1005 4252 usus
1022 4210 1137 4272 paupe·
1153 4194 1177 4255 D
1193 4200 1240 4253 cst
1258 4192 1462 4268 torrentibus,
1472 4192 1527 4253 ubi
1543 4200 1707 4266 crescunt3
1724 4203 1754 4252 et
1770 4196 1941 4256 haladirni-

393 4311 477 4368 rum,
497 4290 549 4354 vel
572 4290 605 4351 in
627 4289 708 4352 alios
727 4309 804 4351 usus
825 4307 1021 4351 communes.
1034 4288 1137 4352 Verba
1193 4291 1230 4349 ni
1240 4310 1348 4350 eoram
1365 4293 1500 4350 Domino
1516 4294 1581 4352 Deo
1596 4301 1696 4351 vestro
1708 4294 1940 4354 :eeteoraoitis

393 4407 521 4472 quoque
537 4389 567 4452 S.
585 4389 713 4452 Thomna
728 4407 801 4470 quae
815 4387 961 4468 sequenti
978 4395 1138 4468 ponentur
1193 4407 1253 4466 qne
1273 4390 1496 4448 solennitatem
1517 4389 1586 4465 ejus
1608 4398 1726 4466 septem
1749 4391 1860 4448 diebus
1876 4409 1940 4466 per

393 4488 538 4565 andeolo,
550 4507 613 4551 uon
624 4495 802 4550 consonant
813 4485 919 4549 verbis
929 4484 1029 4547 Rabhi
1040 4484 1137 4547 Pauli.
1193 4508 1330 4547 annum.
1343 4486 1413 4548 llaec
1428 4486 1513 4548 enim
1530 4493 1734 4567 sumpserunt
1751 4486 1784 4547 in
1799 4504 1940 4550 comum-

382 4633 388 4645 ,
427 4587 546 4650 Deinde
561 4586 811 4668 recapitulantur
825 4584 1138 4667 praedictalzlcesnnt
1194 4584 1414 4660 morationem,
1441 4584 1526 4664 quod
1551 4584 1761 4664 quadraginta
1784 4585 1876 4646 annis
1904 4586 1940 4648 in

391 4689 484 4765 ferina
499 4687 643 4757 Domini,
666 4685 725 4748 hoc
750 4694 798 4747 est
823 4684 892 4746 dies
918 4681 1035 4759 lestivi‚
1057 4704 1138 4762 quas
1194 4681 1366 4743 solitudine
1378 4682 1513 4764 desuper
1529 4681 1612 4762 pasti
1629 4690 1704 4744 sunt
1718 4682 1790 4745 oibo
1801 4683 1942 4746 clarissi-

391 4787 544 4846 ooccbin's
557 4785 777 4844 celeberrimas
794 4794 890 4862 ntpne
904 4783 1139 4853 sanctissimam
1193 4797 1257 4856 me,
1267 4789 1298 4841 et
1314 4779 1398 4842 nube
1414 4799 1470 4862 per
1481 4779 1564 4842 diem
1580 4788 1689 4842 contra
1705 4780 1782 4843 solis
1793 4782 1941 4844 ardorem

391 4885 589 4962 offeretisque
604 4885 640 4942 in
656 4884 701 4941 eis
716 4882 1039 4942 notationesnomtno
1055 4883 1139 4940 holo·
1194 4877 1339 4960 protecti,
1368 4878 1399 4938 in
1427 4878 1635 4958 tentoriisque
1659 4879 1784 4957 morati,
1802 4899 1838 4943 ae
1861 4880 1940 4944 inde

392 4991 504 5041 consto
518 4991 548 5041 et
565 4982 752 5049 tibanrnnta,
769 4979 800 5041 id
816 4987 865 5041 est
879 4977 1003 5059 liquida
1019 4977 1139 5039 sacrifi·
1195 4976 1338 5060 perducti
1354 4984 1429 5037 sunt
1445 4976 1608 5040 interram
1625 4977 1749 5040 lacteat
1763 4979 1856 5042 melle
1873 4999 1941 5044 ma-

395 5079 456 5155 oia,
470 5080 573 5157 juata
588 5081 691 5138 ritum
712 5079 968 5156 uniuscnjusque
982 5079 1061 5147 diei,
1078 5076 1138 5138 hoc
1195 5083 1341 5149 nantem3
1359 5084 1391 5137 et
1407 5094 1446 5137 ne
1462 5075 1725 5139 obliviscerentur
1741 5078 1940 5142 mirabilium

396 5185 444 5241 est
469 5178 643 5240 secundum
669 5177 755 5257 quod
778 5177 903 5258 jussum
928 5184 977 5237 est
1003 5174 1075 5237 lieri
1105 5175 1139 5236 in
1194 5192 1265 5255 quaa
1288 5174 1367 5237 Deus
1391 5173 1466 5238 fecit
1490 5174 1536 5237 eis
1559 5175 1593 5236 in
1616 5175 1798 5254 solitudine,
1822 5178 1852 5239 in
1873 5199 1940 5259 qua

397 5285 534 5357 utroque
553 5275 666 5338 horum
686 5274 810 5337 diorum
832 5273 1034 5347 solennium;
1053 5295 1140 5334 ence-
1196 5293 1252 5356 per
1267 5273 1477 5355 quadraginta
1495 5291 1595 5336 annos
1617 5273 1806 5338 vestimenta
1826 5295 1938 5341 eorum
1954 5295 2129 5351 naeuus
