4309 6259
427 482 487 546 536
783 504 957 550 crimino
977 505 1009 551 ιιι
1031 504 1100 549 ιιι.
1124 504 1157 549 ιιι
1177 504 1411 551 nauranononn.
1434 525 1474 534 -
1494 505 1565 550 aar.
1588 506 1618 549 rr

428 672 562 749 tradam,
580 680 610 734 et
626 674 701 737 darc
717 675 855 753 decrevi,
872 678 978 737 Seiron
993 695 1098 751 repom
1113 677 1172 735 He·
1186 671 1211 733 Α
1226 677 1270 734 ort
1284 676 1391 736 Setos
1405 695 1510 752 repent
1526 678 1676 738 Hesedort.
1693 672 1832 748 Qualiter
1847 671 1966 734 lactum

427 773 519 830 sebon
536 774 572 831 in
593 793 694 833 mauu
717 784 783 846 tuo,
801 783 861 837 etc.
880 776 996 842 Hodie,
1013 773 1045 834 id
1066 780 1114 835 est
1133 772 1172 834 de
1227 771 1268 834 ιιι
1292 772 1387 849 istud,
1406 773 1439 834 in
1461 773 1605 836 Numeris
1627 773 1782 856 scriptum
1803 779 1966 851 astatque
1993 786 2097 834 ,ι’ωιι.

428 868 584 949 proximo,
597 872 755 948 incipiam
771 874 896 933 mittero
912 882 1063 933 terrorem
1077 881 1173 949 atque
1225 872 1415 952 expositum.
1443 872 1584 953 [lenique
1613 890 1709 952 regna
1733 870 1837 933 Sebon
1867 878 1900 933 et
1922 869 1966 949 (lg
1980 851 2081 903 Μ’·

427 968 640 1042 formidinem
657 978 746 1029 tuom
761 972 796 1029 iu
808 971 1012 1049 populosqui
1022 971 1173 1029 trahitant
1226 987 1290 1032 non
1313 969 1516 1052 pertinebant
1536 971 1575 1032 ad
1597 978 1712 1033 terram
1734 966 1965 1050 promissionis,

427 1066 484 1123 sub
499 1068 590 1125 oraui
604 1070 691 1138 coto,
708 1078 744 1128 ut
759 1071 871 1128 audito
887 1070 1016 1128 rrootr'rtc
1032 1078 1097 1138 tuo,
1110 1088 1172 1143 pa·
1226 1075 1261 1130 ut
1277 1067 1396 1130 dictum
1413 1076 1460 1130 est
1476 1087 1570 1151 saepe.
1582 1069 1654 1131 ldeo
1669 1068 1787 1151 Moyses
1802 1066 1908 1149 primo
1918 1065 1968 1128 ob

428 1173 534 1234 cenot,
550 1173 579 1224 et
595 1166 631 1225 in
648 1185 766 1225 morem
779 1167 1037 1242 parturientium
1052 1175 1174 1225 contre·
1227 1166 1300 1227 tulit
1315 1165 1361 1227 eis
1373 1185 1494 1247 pacem,
1505 1174 1536 1229 et
1546 1166 1716 1248 pacificum
1726 1164 1967 1247 postularitsal·

429 1264 576 1335 miscunt,
594 1274 623 1323 et
638 1267 745 1324 dolore
761 1275 957 1326 teneamur:
973 1263 1032 1327 hoc
1052 1272 1111 1341 est,
1130 1262 1173 1324 lta
1226 1282 1366 1345 rumque
1381 1265 1571 1327 conductum
1587 1284 1624 1328 ac
1639 1264 1806 1326 transitum
1826 1281 1833 1325 :
1850 1261 1967 1343 quibus

430 1360 583 1442 incipiam
600 1370 641 1437 te,
659 1380 677 1424 o
694 1362 811 1444 popule
831 1362 937 1439 lsrael,
954 1362 1104 1438 exaltare,
1117 1378 1173 1443 per
1227 1362 1270 1445 id,
1283 1378 1376 1441 agere
1401 1362 1620 1438 renuentibus,
1646 1369 1830 1424 meruerunt
1853 1359 1965 1423 occidi.

430 1458 489 1521 boo
505 1460 591 1540 quod
612 1480 681 1523 moa
700 1460 818 1524 virtute
837 1469 900 1523 tam
922 1470 1052 1542 repente
1071 1479 1108 1523 ac
1129 1458 1174 1521 la·
1227 1462 1404 1539 Noluitque
1428 1464 1534 1521 Seiron
1557 1463 1647 1521 nobis
1671 1464 1750 1521 dure
1780 1462 1966 1530 tramitum,

430 1558 491 1621 cile
503 1558 613 1621 vinces
629 1559 714 1621 hunc
730 1568 888 1639 regem,et
902 1560 1018 1622 deinde
1033 1558 1113 1623 alios
1130 1578 1174 1621 re
1227 1561 1306 1639 quia
1338 1561 1553 1620 induraverat
1580 1561 1740 1619 Dominus
1769 1563 1856 1621 Deus
1895 1568 1967 1618 tum

429 1675 484 1736 ges
500 1675 536 1718 ac
552 1657 698 1739 populos,
716 1657 802 1737 quod
820 1657 962 1721 universi
980 1657 1173 1719 habitatores
1227 1660 1382 1735 spiritum
1405 1660 1487 1733 ejus,
1510 1656 1541 1717 id
1566 1665 1625 1733 est,
1646 1656 1731 1737 justo
1749 1656 1872 1737 judicio
1897 1674 1967 1717 eum

430 1755 516 1817 orbis
543 1762 710 1832 terrarum,
734 1756 843 1817 audita
869 1748 954 1817 lama
980 1764 1043 1831 tua,
1068 1755 1174 1819 conci·
1228 1754 1367 1835 reliquit,
1394 1773 1452 1816 nec
1482 1762 1622 1817 mentem
1651 1756 1720 1835 ejus
1749 1772 1805 1836 per
1834 1753 1968 1833 gratiam

430 1853 519 1935 pient
535 1853 682 1916 timorem
703 1854 808 1917 cordis
826 1874 863 1916 ac
885 1853 1090 1917 formidinem
1106 1853 1210 1916 cor-B
1228 1852 1395 1929 emollivit,
1411 1863 1442 1913 et
1457 1856 1684 1930 obfirmaverat
1702 1874 1755 1914 cor
1777 1855 1883 1922 iltius,
1906 1871 1968 1914 non

430 1952 517 2033 poris
542 1970 580 2013 ex
604 1960 658 2014 tua
683 1952 949 2015 consideratione.
977 1952 1085 2032 ltaque
1110 1969 1173 2013 non
1228 1950 1395 2013 influendo
1410 1950 1576 2028 malitiam,
1586 1951 1640 2013 sed
1656 1960 1769 2032 sponte
1783 1958 1969 2032 conceptam

430 2057 478 2111 ost
493 2068 616 2126 sensus,
634 2051 718 2132 quod
734 2069 772 2112 ex
788 2050 855 2113 sola
870 2050 1048 2131 dejectione
1069 2049 1174 2112 Sebon
1228 2067 1292 2112 non
1307 2048 1493 2125 auterendo,
1505 2050 1774 2129 quemadmodum
1790 2067 1845 2112 cor
1860 2048 1971 2110 Phara-
1982 2053 2060 2147 nitri·
2070 2067 2095 2098 ι·

429 2156 484 2210 aut
498 2145 543 2226 Og
554 2156 676 2209 tantum
691 2148 791 2213 crevit
806 2148 892 2210 lama
907 2148 1050 2211 liliorum
1067 2146 1172 2224 lsrael,
1227 2147 1299 2209 onis
1310 2146 1425 2226 legitur
1435 2146 1623 2221 obdurasse;
1636 2149 1684 2207 ita
1694 2158 1731 2207 ut
1742 2149 1969 2208 traderetis-rin
1983 2123 2009 2163 '¹²
2020 2131 2045 2161 '¹'
2056 2119 2084 2157 '⁰'

430 2247 484 2307 sed
507 2264 648 2309 crescere
673 2246 770 2327 coepit
794 2246 964 2328 precipue.
985 2246 1055 2308 ldeo
1078 2264 1174 2327 appa·
1228 2266 1344 2305 monus
1355 2248 1626 2317 immacutatum
1641 2249 1729 2307 uides
1744 2244 1968 2319 lactum.0uod

430 2343 565 2406 rentiam
587 2362 651 2407 non
674 2343 770 2407 babet
789 2344 899 2426 opinio
918 2342 1018 2405 uabbi
1034 2343 1174 2406 Salomu
1227 2343 1280 2418 ait,
1296 2344 1336 2404 Ut
1351 2344 1536 2419 traderetur,
1553 2343 1653 2424 aliqui
1669 2345 1779 2407 dicunt
1794 2342 1973 2423 intelligen-

431 2441 491 2519 nis,
502 2440 556 2523 qui
572 2442 622 2521 (ut
638 2443 717 2524 Lyra
733 2441 896 2523 reiert)ait
910 2441 996 2522 quod
1013 2442 1045 2503 in
1062 2441 1173 2523 prelio
1228 2442 1303 2503 dum
1320 2443 1534 2518 consecutive,
1552 2460 1616 2504 non
1632 2440 1883 2505 causaliter.Sed
1898 2441 1973 2522 quia

430 2539 641 2602 israelitarum
657 2548 767 2603 contra
782 2540 887 2602 Sehon
903 2548 935 2601 et
950 2539 994 2619 Og
1009 2540 1056 2603 sol
1073 2540 1171 2616 stetit,
1229 2540 1347 2602 malum
1365 2558 1467 2621 poenae
1482 2539 1650 2603 causaliter
1665 2550 1713 2603 est
1727 2560 1745 2603 a
1760 2541 1834 2617 Deo,
1845 2548 1877 2603 et
1891 2540 1972 2602 lleus

429 2637 697 2718 quemadmodum
714 2638 745 2700 in
763 2637 873 2720 praelio
888 2638 1001 2711 losue3
1024 2656 1083 2699 nee
1102 2656 1175 2719 pre
1228 2639 1314 2719 justo
1338 2637 1460 2718 judicio
1482 2638 1573 2700 illum
1599 2638 1643 2700 ita
1662 2638 1803 2719 reliquit,
1829 2647 1864 2700 ut
1884 2638 1972 2699 illam

430 2735 536 2797 babile
563 2744 621 2811 est,
639 2737 723 2817 quod
745 2736 864 2818 Moyses
887 2744 1010 2797 tantum
1033 2734 1174 2798 siluisset
1229 2737 1407 2800 incurreret
1420 2754 1560 2817 poenam,
1577 2737 1700 2799 seilicet
1715 2735 1971 2799 interiectionem

430 2833 630 2897 miraculum.
653 2834 742 2897 Unde
764 2835 847 2915 quod
872 2833 991 2897 dictum
1015 2842 1073 2911 cst,
1094 2834 1174 2897 lnei-
1229 2833 1269 2897 ab
1285 2834 1444 2912 Israelitis,
1462 2842 1566 2916 potest
1581 2835 1644 2898 dici
1665 2836 1762 2917 quod,
1778 2834 1829 2910 Ut,
1848 2842 1972 2896 tenetur

431 2930 516 3013 piam
538 2932 663 2995 mittero
689 2941 841 2995 terrorem
867 2941 957 2994 tuum
981 2932 1012 2993 in
1038 2931 1173 3013 populos
1229 2932 1281 2995 bic
1296 2931 1475 2995 causaliter.
1492 2932 1602 2995 Cetera
1617 2932 1713 3015 hujus
1728 2931 1860 3012 capituli
1875 2932 1971 2994 rerba

431 3030 486 3111 qui
506 3029 652 3093 habitant
667 3030 726 3093 sub
741 3030 829 3094 omni
845 3031 937 3108 coelo,
953 3050 1009 3112 per
1025 3028 1210 3113 synecdoC
1229 3038 1338 3113 patent
1354 3049 1392 3091 ex
1407 3029 1501 3091 dictis
1516 3030 1736 3093 Numerorum.
1996 3042 2095 3083 uam

431 3129 512 3192 chen
527 3136 623 3210 atque
637 3129 832 3211 hyperbolen
848 3129 969 3191 dictum
986 3128 1121 3191 videtur.
1263 3129 1431 3203 Postremo,
1442 3128 1525 3190 sicut
1535 3128 1688 3204 litteralis,
1698 3128 1741 3189 ita
1751 3135 1783 3189 et
1794 3126 1967 3208 spiritualis
1980 3107 2003 3146 ²¹
2015 3110 2034 3145 “
2044 3114 2084 3154 ‘⁰³'

472 3228 552 3288 Misi
570 3248 643 3305 erqo
669 3229 800 3287 nuutios
821 3230 860 3286 de
880 3228 1057 3287 solitudine
1078 3230 1175 3287 Codr-
1228 3227 1325 3307 hujus
1339 3225 1471 3306 capituli
1489 3224 1669 3290 intellectus
1680 3234 1766 3308 patet
1776 3245 1815 3288 ex
1828 3224 1922 3287 dictis
1937 3225 1968 3285 in

432 3328 527 3395 motis,
537 3324 570 3386 id
586 3332 633 3387 est
649 3324 710 3387 loci
726 3324 772 3388 sie
788 3324 864 3387 dicti
881 3324 913 3386 in
930 3341 1037 3387 eremo
1052 3324 1172 3400 situati,
1230 3322 1441 3405 praeallegatis
1457 3323 1531 3386 libri
1547 3325 1756 3388 Numerarem
1771 3322 1929 3405 capitulis.

996 3748 1322 3836 latiturus
1360 3750 1417 3834 IV

558 4023 714 4069 artruslrto
736 4022 873 4069 enrtruut
894 4022 994 4067 'l'Ell'l'll
1017 4022 1023 4066 :
1048 4021 1159 4075 traque
1180 4022 1336 4081 GONVERSI,
1361 4023 1549 4069 Ascarrulttus
1568 4024 1627 4069 PER
1648 4024 1717 4070 trau
1737 4025 1849 4070 basau.

505 4302 668 4364 ulttraa
683 4300 745 4363 lilii
756 4301 850 4364 lsrael
861 4299 1177 4380 viceruntllgregcm
1194 4297 1218 4359 D
1234 4299 1353 4378 legatos
1368 4302 1407 4362 ad
1424 4300 1529 4382 ipsum
1538 4301 1686 4382 dirigere,
1697 4301 1830 4365 forsitan
1847 4311 1972 4384 propter

437 4299 626 4500 Ossasan,
644 4419 729 4463 nunc
744 4400 906 4463 recitatur.
924 4404 1038 4479 Itaque
1052 4419 1179 4459 eonver-
1233 4397 1335 4479 ipsius
1365 4398 1547 4479 superbiam
1571 4408 1603 4462 et
1626 4400 1879 4464 obdurationem.
1905 4401 1972 4464 llaec

432 4502 473 4572 si,
496 4500 528 4562 id
551 4507 609 4577 est,
626 4507 786 4562 vertentes
806 4516 864 4561 nos
879 4518 898 4560 a
914 4497 1042 4576 regione
1059 4497 1175 4573 Sebon,
1232 4503 1339 4557 autem
1353 4495 1486 4559 historia
1500 4498 1638 4578 qualiter
1650 4498 1753 4561 victus
1768 4508 1817 4561 est
1830 4498 1886 4579 Og,
1901 4518 1974 4581 prae
1985 4510 2094 4553 ianus».

433 4599 472 4660 ad
488 4597 729 4678 ingrediendum
747 4596 941 4659 territorium
957 4595 1046 4675 regni
1063 4594 1118 4674 Og,
1130 4616 1178 4655 os-
1232 4592 1342 4655 habita
1360 4603 1408 4656 est
1428 4603 1523 4677 atque
1538 4596 1681 4679 exposita
1695 4595 1728 4657 in
1744 4596 1901 4659 Numeris.

431 4699 597 4759 renuimus
602 4717 663 4773 per
673 4698 734 4756 iter
746 4699 866 4763 Busan,
876 4694 935 4756 hoc
951 4701 1008 4762 est,
1019 4711 1076 4774 per
1091 4693 1176 4755 viam
1271 4694 1367 4752 Solus
1381 4696 1499 4771 quippe
1511 4697 1555 4770 Op
1570 4715 1629 4754 reu
1638 4698 1748 4755 Bosara
1762 4696 1934 4766 restiterat,
1944 4694 1974 4755 id

432 4814 502 4875 quaa
517 4795 605 4857 ducit
619 4794 658 4855 ad
675 4810 807 4873 regnum
824 4792 926 4873 ipsius
940 4791 984 4871 Og
1000 4792 1093 4870 regis,
1106 4810 1177 4871 qua
1231 4796 1290 4863 est,
1308 4798 1468 4870 superstes
1486 4790 1559 4868 luit,
1576 4796 1616 4852 cto
1635 4795 1735 4870 stirpe
1752 4794 1924 4870 piperatum
1943 4792 1973 4853 in

430 4892 627 4972 regioBasan
638 4898 778 4955 vocatur.
789 4890 903 4952 llicunt
914 4888 1072 4966 nonnulli,
1090 4889 1175 4970 quod
1232 4893 1315 4947 terra
1331 4886 1395 4948 illa.
1414 4887 1498 4951 Alibi
1515 4898 1620 4952 tamen
1636 4890 1739 4953 adhuc
1763 4897 1854 4952 erant
1866 4890 1974 4971 gigan-

430 4990 548 5071 Moyses
565 5008 628 5052 non
645 4988 733 5050 misit
748 4989 787 5050 ad
803 4986 848 5069 Og
864 5007 920 5069 pro
936 4988 1084 5063 transitu,
1101 5006 1177 5068 quo
1232 4991 1288 5060 tes,
1313 4984 1462 5048 videlicet
1487 4988 1520 5048 in
1547 4996 1629 5049 terra
1653 4988 1812 5050 Cbanaan.
1829 4987 1919 5049 Unde
1943 4988 1973 5048 in

431 5087 517 5149 niam
533 5086 578 5166 Og
592 5086 669 5149 exiit
686 5086 718 5147 in
734 5104 900 5148 occursum
918 5084 997 5147 liliis
1013 5084 1107 5147 lsrael
1123 5103 1176 5146 an·
1230 5082 1374 5144 Numeris
1399 5085 1613 5166 exploratores
1633 5086 1782 5147 dixerunt
1800 5102 1807 5146 τ
1828 5085 1874 5147 lbi
1900 5084 1974 5148 vidi·
2001 5099 2091 5143 raam

431 5195 558 5268 tequam
575 5184 735 5264 regionem
748 5202 837 5246 snam
854 5184 1055 5263 attingerent.
1065 5182 1175 5245 Glossa
1229 5199 1300 5241 mus
1316 5191 1458 5244 monstra
1470 5184 1616 5264 quedam
1632 5184 1670 5246 de
1685 5202 1802 5264 genere
1815 5182 1971 5264 giganteo,
1985 5168 2014 5207 ³⁴·

433 5303 508 5349 roro
520 5291 662 5360 testatur,
674 5283 760 5364 quod
771 5282 889 5363 Moyses
906 5300 968 5345 non
985 5278 1175 5361 dignabatur
1228 5278 1346 5359 quibus
1369 5282 1555 5361 comparati,
1577 5282 1669 5363 quasi
1695 5281 1825 5346 locustae
1850 5280 1972 5344 videba-
