4309 6259
529 526 706 573 manuario
726 527 757 572 IN
778 526 848 572 GAP.
870 524 924 570 xlx
945 524 1083 569 termut.
1106 543 1146 554 —
1167 523 1238 568 aar.
1262 522 1380 568 muln

1670 501 1734 565 265.

176 700 343 782 operibus.
352 701 488 764 Sanetus
502 719 630 782 quoque
645 701 679 764 in
689 701 796 764 Graeco
811 701 929 764 dieitur
942 694 969 758 A'
984 695 1079 772 mala,
1092 694 1244 758 debemus
1260 693 1366 776 potius
1379 693 1539 757 declinare
1553 693 1592 754 ad
1609 691 1728 773 majus3

177 799 267 880 ἅγιος,
287 801 373 880 quod
397 799 640 881 interpretatum
662 810 721 877 est,
743 801 926 864 sineterra.

177 899 268 960 Tunc
285 898 396 980 itaque
416 906 501 960 recte
522 898 660 961 dicimur
683 901 796 976 saneti,
814 900 889 961 dum
911 919 930 961 a

179 996 317 1058 terrenis
333 1005 364 1058 et
385 997 557 1059 mundanis
579 996 751 1061 affectibus
773 997 929 1061 fuerimus

178 1095 360 1177 expurgati.
386 1098 612 1176 Unusquisque
629 1107 758 1174 patrem
779 1119 875 1158 suune
900 1110 930 1158 et

178 1204 317 1254 matrem
333 1216 429 1255 suom
442 1197 568 1257 timeat.
581 1195 649 1258 Non
665 1196 769 1259 solum
785 1197 929 1260 carnales

178 1301 342 1373 parentes,
360 1294 415 1355 sed
431 1301 463 1356 et
478 1303 584 1374 patres
604 1294 800 1375 spirituales
817 1295 929 1358 vicarii

178 1391 246 1466 Dei,
264 1391 388 1473 praelati
409 1391 522 1466 nostri,
542 1391 634 1456 nobis
657 1402 732 1455 sunt
747 1393 929 1457 cordialiter

177 1489 371 1563 honorandi,
391 1490 535 1567 timendi,
552 1499 672 1554 etcum
688 1492 870 1555 obedientia
885 1493 930 1554 di-

178 1587 452 1669 ligendi‚propter
463 1607 536 1650 eum
552 1590 645 1670 cujus
656 1589 741 1652 cirea
757 1609 815 1653 nos
825 1590 928 1653 vicem

178 1695 308 1766 gerunt,
334 1695 367 1749 et
391 1687 468 1769 quia
493 1706 552 1769 pro
577 1696 686 1752 nostra
716 1688 930 1752 sollicitantur

178 1785 400 1849 salute.Nem0
417 1786 514 1866 igitur
526 1786 642 1849 talibus
657 1787 772 1850 audeat
788 1789 930 1868 indigna-

984 795 1039 857 sed
1055 794 1287 857 considerando
1309 793 1438 875 propria
1458 792 1552 868 bona,
1570 790 1731 854 declinare

984 894 1137 957 debemus
1153 894 1192 955 ad
1209 893 1327 955 minus
1345 891 1495 975 Opposita
1513 899 1618 953 autem
1637 891 1731 953 modo

985 1012 1042 1055 nos
1062 993 1181 1056 habere
1200 992 1352 1056 debemus
1373 992 1405 1053 in
1422 989 1730 1054 considerationibus

983 1091 1146 1166 vitiorum,
1171 1106 1369 1173 operumque
1395 1089 1549 1154 bonorum
1573 1088 1731 1171 proximo

984 1210 1054 1252 rum
1072 1199 1265 1253 nostrorum.
1279 1189 1364 1252 lstud
1379 1208 1507 1271 quoque
1519 1191 1555 1250 in
1571 1190 1667 1249 vinee
1683 1195 1731 1250 est

984 1292 1156 1370 agendum,
1175 1289 1271 1352 idest
1290 1289 1323 1350 in
1340 1288 1499 1352 exercitiis
1521 1287 1679 1369 saporosis
1694 1307 1731 1349 ac

985 1389 1134 1452 dulcibus
1152 1388 1223 1452 vitae
1240 1385 1508 1468 contemplativae.
1570 1435 1571 1440 1
1620 1405 1622 1410 ’

1025 1491 1100 1552 Non
1118 1489 1334 1556 mentiemini,
1345 1507 1401 1548 nee
1412 1488 1550 1563 decipiet
1560 1488 1732 1565 uerusqur's-

984 1609 1045 1668 pne
1055 1589 1247 1665 praeamara
1261 1605 1368 1646 sunm.
1388 1585 1469 1647 Deus
1484 1584 1540 1665 qui
1556 1583 1732 1646 essentiali-

984 1695 1032 1749 ter
1052 1705 1146 1749 verus
1166 1693 1198 1748 et
1220 1685 1336 1747 veritas
1359 1693 1418 1760 est,
1440 1701 1536 1746 omne
1557 1683 1731 1746 detestatur

984 1786 1186 1847 mendacium
1206 1802 1212 1845 :
1230 1784 1300 1846 ideo
1316 1802 1351 1846 os
1367 1784 1452 1864 quod
1469 1782 1632 1860 mentitur,
1650 1781 1730 1846 occi·
1758 1807 1875 1862 s„„,a,

179 1884 218 1960 ri,
237 1883 344 1957 irasci,
356 1885 514 1948 resistere.
526 1889 634 1947 Nolite
648 1891 792 1949 correerti
805 1891 850 1948 aet
864 1890 930 1947 ide
949 1883 1032 1946 Bdit
1060 1883 1220 1956 animam,
1248 1892 1279 1945 et
1309 1882 1377 1964 ipse
1402 1882 1514 1964 perdet
1537 1899 1649 1944 omnes
1673 1883 1730 1962 qui
1764 1907 1863 1956 aava,

178 1987 223 2043 lo.
242 1983 375 2064 Semper
392 1983 510 2065 itaque,
530 1984 733 2066 potissimum
750 1987 783 2048 in
798 1986 928 2061 divinis,

179 2081 290 2144 omnia
307 2101 398 2158 vana,
410 2083 644 2163 phantasmata,
656 2084 889 2162 distractiones,
899 2093 931 2147 et

181 2179 285 2242 foedas
306 2180 557 2261 imaginationes
577 2201 707 2265 prorsus
728 2182 928 2265 abjiciamus,

59 2297 105 2351 sap.
117 2301 158 2346 aa.
179 2279 334 2359 quoniam
347 2279 486 2361 Spiritus
498 2281 631 2343 Sanetus
647 2280 753 2345 aufert
768 2301 802 2345 se
816 2301 836 2343 a
851 2282 931 2363 cogi-

181 2377 360 2440 tationibus
376 2397 447 2459 quae
463 2387 538 2440 sunt
554 2379 624 2442 siue
640 2379 815 2443 intellectu.
833 2381 932 2442 AEter-

61 2487 164 2572 porrus
181 2495 223 2538 na
252 2494 383 2557 quoque
411 2476 574 2559 Sapientia
604 2486 801 2540 contestatur
829 2497 835 2539 ι
866 2478 931 2558 Ego

50 2553 75 2590 ¹··
181 2574 347 2656 Sapientia
377 2574 486 2637 habito
510 2576 543 2637 in
569 2576 716 2652 consino,
742 2585 773 2639 a
797 2577 931 2638 erarius

181 2673 341 2736 intersum
362 2672 620 2752 cogitationibus.

224 2776 332 2841 Qum
354 2776 522 2833 messueris
536 2784 651 2850 segetes
668 2784 760 2834 terrea
776 2784 851 2844 tue,
867 2794 931 2834 reon

182 2874 326 2931 torulebis
344 2891 443 2951 resque
462 2876 507 2933 ed
524 2877 628 2933 solum
648 2875 851 2950 superficiem
873 2883 933 2932 ter-

180 2991 240 3038 roe,
256 2991 315 3029 nee
333 2981 534 3031 remanentes
555 2973 659 3049 spicas
682 2973 821 3049 colliges.
837 2971 933 3033 Terra

985 1983 1159 2062 loquuntur
1185 1981 1398 2044 mendacium.
1425 1981 1494 2062 lpse
1519 1997 1647 2062 quoquo
1672 1979 1728 2062 qui

984 2080 1237 2144 substantialiter
1252 2080 1357 2160 justus
1377 2087 1424 2142 est
1444 2088 1475 2141 et
1492 2077 1622 2140 infinita
1639 2078 1730 2159 justi·

985 2180 1232 2262 tia‚decrptores
1243 2187 1274 2241 et
1284 2177 1487 2261 deceptiones
1497 2197 1607 2240 eorum
1618 2177 1730 2240 abbor-

985 2288 1033 2342 ret
1050 2296 1057 2340 :
1076 2277 1195 2341 idcirco
1215 2278 1415 2341 simulatores
1436 2285 1467 2340 et
1486 2276 1593 2340 callidi
1617 2295 1730 2358 provo·
1755 2292 1874 2342 totana,

985 2384 1059 2439 cant
1078 2377 1157 2438 iram
1176 2376 1240 2452 Dei,
1259 2385 1291 2438 et
1310 2375 1364 2456 qui
1386 2374 1559 2456 sophistice
1574 2373 1726 2457 loquitur,
1746 2358 1844 2450 ”gagg

985 2473 1115 2538 odibilis
1126 2483 1184 2536 cst.
1195 2473 1359 2536 Deuotatio
1370 2472 1464 2536 etiam
1479 2472 1618 2555 pessima
1634 2484 1729 2553 super
1744 2485 1826 2575 ’ugus'
1838 2472 1876 2574 ᾖ·

985 2571 1184 2651 bilingucm3
1203 2580 1244 2646 et,
1257 2571 1311 2634 Vae
1326 2570 1447 2652 duplici
1467 2571 1572 2633 corde.
1592 2573 1665 2634 Non
1681 2573 1730 2650 fiz—
1744 2547 1764 2583 ⁸⁸
1800 2548 1835 2585 '¹'
1873 2564 1877 2574 '

985 2673 1048 2730 cies
1070 2673 1273 2731 calumniam
1292 2672 1444 2748 prouvino
1467 2679 1533 2740 tue,
1549 2689 1606 2730 nec
1627 2673 1661 2729 vi
1680 2681 1730 2748 op

982 2773 1105 2847 primes
1120 2768 1304 2831 enmlubet
1319 2769 1521 2849 omnipotens
1538 2768 1728 2844 Domi'nator,

987 2877 1022 2930 ut
1047 2867 1132 2931 servi
1159 2875 1191 2929 et
1217 2866 1336 2930 subditi
1367 2875 1477 2929 mutuo
1503 2877 1732 2930 conversentur

987 2966 1136 3048 pacifice,
1154 2965 1329 3041 caritative,
1345 2964 1430 3046 juste
1445 2971 1477 3027 et
1493 2965 1555 3046 pie,
1568 2984 1608 3028 ne
1624 2973 1732 3047 poten-

182 3077 292 3131 nostra
308 3077 356 3131 est
371 3068 502 3150 propria
517 3088 601 3146 caro,
612 3070 704 3151 cujus
719 3077 840 3149 segetes
858 3077 933 3130 sunt
948 3067 970 3130 C
988 3063 1049 3126 tior
1069 3063 1230 3145 opprimat
1251 3061 1462 3125 infirmiorem
1478 3087 1485 3138 ;
1513 3081 1571 3125 nec
1585 3082 1668 3124 unus
1688 3062 1733 3124 al-

180 3181 280 3249 opcra
300 3164 395 3240 bona,
416 3187 488 3248 quaa
512 3187 569 3250 per
593 3187 709 3250 corpus
733 3177 765 3230 et
789 3167 932 3231 membra

181 3265 253 3345 ejus
272 3265 449 3328 efficimus.
471 3266 570 3347 Hujus
589 3275 679 3328 terrea
700 3275 821 3346 segetes
841 3267 933 3329 meti-

181 3383 267 3441 mus,
284 3365 360 3425 dum
376 3365 417 3426 ad
434 3365 621 3427 memoriam
643 3383 829 3428 revocamus
848 3364 932 3428 bona

181 3481 255 3543 quaa
277 3462 413 3544 egimus,
440 3470 472 3525 et
496 3483 533 3526 ea
558 3463 591 3526 in
617 3463 732 3526 horreo
755 3463 861 3527 cordis
884 3483 932 3526 re

49 3575 166 3626 reema
182 3559 345 3641 ponimus,
370 3569 406 3621 ut
431 3558 570 3622 sciamus
593 3579 665 3641 quae
688 3581 707 3622 a
728 3561 792 3624 Deo
816 3561 933 3624 donata

182 3665 259 3718 sunt
281 3657 387 3733 nobis,
404 3657 453 3720 vel
475 3665 510 3719 ut
530 3676 567 3720 ea
587 3658 779 3733 intueamur,
804 3660 932 3739 quando

182 3757 224 3818 de
243 3756 467 3838 desperatione
487 3764 657 3831 tentamur,
675 3756 825 3818 velutin
842 3776 933 3837 gran-

182 3855 217 3916 di
232 3854 423 3917 necessitate
438 3855 538 3918 Deum
553 3873 626 3917 cum
641 3855 790 3937 ampliori
806 3856 933 3919 invoce

183 3971 255 4013 mus
272 3950 404 4027 fiducia,
414 3952 560 4033 exemplo
576 3950 675 4014 sancti
688 3952 830 4015 Ezechiae
842 3970 932 4014 oren-

54 4063 168 4120 unean,
184 4050 249 4111 tis:
270 4049 438 4127 Memento,
461 4068 580 4130 quase,
605 4050 747 4127 Domine,
772 4051 931 4132 quomodo

48 4129 58 4165 ³
182 4147 416 4212 ambulaverim
432 4167 539 4212 coram
556 4157 587 4211 te
601 4148 635 4210 in
650 4148 794 4224 veritate,
807 4157 867 4212 etc.
878 4149 931 4210 llis

183 4267 299 4330 nempe
314 4267 353 4310 ex
367 4248 472 4311 causis
485 4247 613 4330 expedit
627 4247 786 4310 interdum
802 4248 931 4330 propria
945 4252 970 4314 D
987 4245 1047 4307 uisi
1070 4245 1255 4307 restituatur
1276 4243 1428 4320 ablatum,
1446 4251 1500 4305 aut
1526 4251 1730 4325 recuperetur

182 4348 265 4410 bona
282 4347 433 4422 recolere,
451 4356 590 4409 attamen
609 4364 681 4409 cum
702 4347 882 4409 humilitate
899 4356 931 4410 et

181 4446 356 4528 gratiarum
372 4445 509 4520 actione,
527 4446 591 4507 imo
607 4455 639 4508 et
655 4444 724 4508 sine
740 4445 866 4509 incauta
881 4467 931 4508 as-

180 4545 332 4620 sertione,
344 4563 446 4625 quum
462 4543 646 4624 ignoremus
661 4563 702 4605 an
719 4563 757 4606 ex
771 4545 846 4607 vera
860 4563 929 4626 pre

179 4642 335 4706 cesserint
350 4642 492 4704 caritate.
511 4641 570 4704 Sed
586 4643 662 4703 dum
680 4640 814 4705 facimus
831 4636 927 4720 istud,

180 4761 242 4806 non
258 4742 415 4804 debemus
430 4757 532 4821 usque
547 4740 587 4802 ad
603 4740 707 4802 solum
723 4741 927 4823 superficiem

180 4848 269 4903 terre
285 4849 403 4902 nostrae
420 4840 551 4902 tondere
569 4856 575 4899 ε
593 4839 670 4919 quia
691 4857 754 4902 non
775 4840 928 4902 debemus

179 4931 492 5018 nimis'inregratiter
504 4955 541 4998 ea
552 4938 592 4999 ad
609 4940 748 4999 mentem
765 4938 925 5015 reducere,

179 5057 236 5100 nce
256 5057 294 5100 ca
311 5036 386 5118 plus
403 5054 499 5116 quam
517 5036 670 5098 condecet
690 5035 900 5116 magnificare
917 5062 925 5111 3

179 5137 242 5198 imo
257 5135 374 5197 merita
391 5142 500 5197 nostra
512 5133 665 5195 debemus
676 5134 840 5214 proximis,
850 5154 928 5216 prae«

177 5234 286 5297 sertim
299 5233 429 5314 pusillis
439 5241 471 5295 et
483 5230 834 5313 imperfectis‚libenter
844 5253 933 5295 eom·

179 5331 352 5394 manicare.
379 5328 618 5392 bonsiderando
648 5328 766 5391 etenim
796 5331 925 5412 propria

987 3162 1046 3225 teri
1063 3162 1235 3243 injurietur
1248 3185 1255 3236 3
1268 3179 1326 3223 nee
1343 3160 1370 3222 is
1386 3161 1440 3241 qui
1458 3160 1591 3224 astutior
1606 3161 1732 3236 est,sub

987 3261 1093 3324 colore
1109 3259 1241 3340 justitiae
1262 3259 1360 3322 alium
1381 3267 1490 3339 gravet
1509 3259 1638 3339 injuste.
1658 3262 1731 3321 Non

986 3361 1168 3420 morabitur
1191 3379 1269 3436 opus
1295 3361 1490 3420 mercenarii
1516 3361 1566 3420 tui
1589 3363 1678 3436 oprnd
1704 3370 1732 3420 te

986 3478 1086 3538 arsque
1112 3479 1217 3518 atone.
1235 3457 1279 3519 Ex
1300 3457 1359 3521 hoc
1384 3465 1480 3539 patet,
1507 3477 1603 3540 quam
1629 3457 1733 3537 gravi-

987 3564 1034 3620 ter
1055 3564 1200 3637 pecceut,
1215 3555 1271 3637 qui
1294 3555 1498 3618 mercenariis
1514 3565 1546 3619 et
1564 3555 1729 3638 operariis,

986 3655 1086 3718 servis
1112 3664 1143 3718 et
1168 3654 1294 3717 ancillis
1318 3655 1435 3736 justam
1461 3655 1639 3717 mercedem
1666 3672 1729 3716 non

985 3753 1115 3816 solvunt
1144 3759 1285 3833 tempore
1309 3759 1499 3833 opportuno,
1525 3758 1580 3812 aut
1608 3750 1729 3831 aliquid

986 3850 1177 3912 subtrahunt
1193 3849 1257 3912 illis
1274 3867 1281 3912 :
1304 3849 1369 3911 imo
1384 3849 1439 3930 qui
1456 3848 1646 3912 solutionem
1664 3848 1728 3910 dif-

986 3949 1128 4025 ferendo,
1142 3956 1217 4010 sunt
1231 3948 1315 4024 aliis,
1328 3947 1445 4029 quibus
1463 3955 1621 4024 tenentur,
1634 3966 1730 4010 causa

985 4047 1105 4124 damni,
1119 4048 1186 4109 illis
1199 4035 1256 4129 pro
1272 4046 1454 4129 hujusmodi
1471 4047 1587 4108 damno
1604 4045 1729 4109 satisfa-

985 4166 1056 4210 cere
1071 4145 1256 4228 obligantur
1269 4164 1276 4208 :
1291 4164 1349 4208 nec
1365 4145 1537 4207 dimittitur
1555 4153 1727 4226 peccatum,

985 4346 1137 4408 damnum
1162 4343 1207 4405 ita
1232 4342 1366 4404 illatum.
1385 4342 1463 4405 Hinc
1480 4343 1570 4424 juxta
1590 4342 1730 4423 Scriptu-

984 4463 1062 4519 ram,
1080 4443 1135 4524 qui
1161 4443 1326 4505 defraudat
1352 4441 1594 4516 mercenarium,
1616 4451 1648 4504 et
1671 4443 1727 4524 qui
1746 4469 1875 4522 aarum„

984 4542 1172 4622 sauguinem
1199 4540 1315 4616 fundit,
1344 4539 1457 4603 fratres
1483 4549 1567 4602 sunt.
1593 4540 1727 4603 lacobus
1744 4535 1777 4575 ²⁷·

983 4661 1111 4723 quoquc
1135 4640 1298 4722 apostolus
1321 4657 1327 4700 :
1351 4639 1440 4715 Eece,
1466 4639 1583 4720 inquitg
1606 4658 1727 4702 merces
1754 4659 1874 4710 renam.

982 4739 1197 4822 operariorum
1220 4747 1397 4801 vestrorum
1420 4756 1491 4818 quae
1514 4736 1658 4799 fraudata
1680 4725 1731 4800 esf

981 4838 1117 4912 avobis,
1136 4839 1262 4914 clamat,
1280 4845 1309 4899 et
1326 4837 1445 4899 clamor
1460 4855 1569 4899 eorum
1587 4835 1619 4898 in
1635 4843 1733 4899 aures

982 4937 1107 4999 Domini
1119 4935 1256 4998 Sabaoth
1274 4934 1429 4999 introivit.
1440 4934 1654 5015 Denique,bis
1670 4935 1726 5016 qui

983 5034 1075 5096 nobis
1092 5032 1270 5115 spiritualia
1286 5033 1456 5104 seminant,
1470 5033 1656 5114 temporalia
1673 5033 1732 5094 sti-·

982 5133 1098 5214 pendia
1114 5140 1261 5214 prompto
1276 5151 1312 5194 ae
1327 5131 1422 5194 celeri
1438 5131 1545 5193 animo
1561 5139 1635 5192 sunt
1651 5141 1733 5212 prae-'

981 5232 1104 5294 stende.
1134 5233 1207 5292 Noe
1233 5232 1402 5290 malardiees
1426 5233 1524 5290 surdo
1539 5247 1550 5288 .·
1565 5228 1641 5308 quia
1668 5248 1727 5292 nec

980 5328 1105 5393 absenti
1125 5335 1174 5389 est
1194 5326 1459 5402 maledicendum,
1478 5335 1509 5389 et
1525 5325 1620 5388 surdo
1640 5343 1726 5390 com-
