4309 6259
826 496 1001 543 adsumto
1022 497 1053 542 ut
1074 498 1143 544 GAP.
1166 495 1220 544 nt
1241 493 1379 540 tuvtrtct.
1403 513 1441 522 -
1463 493 1534 540 altr.
1557 493 1607 540 stt

988 903 1312 993 ARTICULUS
1354 905 1446 988 XLI

727 1188 766 1232 ott
787 1184 956 1232 srttttrttatt
978 1181 1159 1228 tnruttuortt
1181 1179 1274 1226 HUIUS
1295 1179 1432 1225 GAPlTUhl
1454 1179 1585 1225 vicustlss
1606 1178 1700 1224 Pllllll.

513 1471 539 1532 l)
553 1469 794 1549 intelligendum
806 1465 923 1529 elarius
934 1463 1131 1545 praeindueta
1147 1462 1187 1522 de
1206 1451 1412 1538 Aaffectum,
1425 1470 1456 1524 et
1471 1481 1511 1524 ne
1522 1463 1620 1525 hebes
1631 1461 1672 1523 sit
1687 1463 1726 1524 ad
1742 1461 1984 1542 intelligendum

529 1566 756 1642 sacerdotibus,
783 1574 815 1627 ct
839 1585 857 1627 a
881 1561 1060 1626 ministerio
1091 1578 1190 1622 sacer·
1244 1559 1437 1641 pertinentia
1458 1561 1497 1622 ad
1521 1580 1614 1622 suum
1639 1559 1798 1624 officium.
1817 1560 1986 1643 Lippitudo

443 1664 540 1728 dotali
571 1665 757 1747 prohibitis,
784 1663 1011 1726 advertendum
1042 1660 1128 1741 quod
1155 1657 1189 1719 in
1244 1677 1380 1738 namque
1401 1668 1547 1722 causatur
1566 1678 1604 1721 ex
1630 1658 1719 1721 fluxu
1745 1659 1900 1723 humoris.
1917 1659 1987 1720 Pro

444 1763 548 1845 prima
571 1765 729 1840 secunda,
753 1761 929 1844 quaestione
954 1759 1024 1833 tot,
1046 1756 1189 1838 loquitur
1244 1755 1371 1818 hibetur
1394 1756 1469 1819 item
1494 1756 1676 1838 albuginem
1693 1756 1810 1820 habere
1833 1757 1867 1819 in
1882 1757 1984 1832 oculo,

444 1862 604 1925 Thomas:
622 1861 758 1925 Intentio
781 1859 859 1939 legis
881 1867 947 1921 erat
968 1857 1118 1918 inducere
1135 1872 1188 1936 po·
1243 1853 1276 1915 id
1301 1862 1348 1916 est
1376 1856 1656 1937 presumptionem
1683 1856 1830 1918 candoris
1852 1854 1983 1936 justitiae

443 1958 555 2040 pulum
565 1961 605 2022 ad
617 1959 826 2022 reverentiam
837 1957 942 2020 cultus
957 1953 1071 2031 divini,
1085 1952 1185 2015 ethoc
1243 1951 1276 2013 in
1288 1953 1417 2034 propria
1432 1954 1641 2034 reputatione.
1655 1953 1778 2034 Albugo
1793 1955 1880 2018 enim
1897 1972 1986 2016 voea-

444 2057 633 2138 dupliciter:
647 2076 711 2120 uno
727 2057 832 2132 modo,
849 2053 1047 2118 excludendo
1062 2070 1081 2113 a
1096 2050 1185 2112 cultu
1244 2058 1295 2110 tur
1316 2051 1443 2113 subtilis
1463 2052 1648 2114 membrana
1665 2053 1768 2114 visum
1794 2052 1982 2135 impediens,

443 2156 553 2219 divino
567 2156 725 2238 quidquid
742 2163 865 2238 poterat
880 2173 949 2217 esse
965 2147 1187 2232 contemptibi-
1245 2149 1413 2230 tenuisque
1443 2150 1607 2232 pellicula,
1635 2151 1748 2214 albedo
1778 2159 1808 2213 et
1832 2151 1986 2231 glaucitas

444 2254 494 2329 le3
510 2254 573 2317 alio
588 2256 693 2331 modo,
711 2254 901 2335 apponendo
917 2253 956 2313 ad
971 2250 1094 2314 cultum
1110 2247 1188 2311 divi·
1243 2246 1419 2309 oculorum.
1444 2248 1482 2309 Et
1497 2248 1604 2329 jugem
1633 2249 1783 2326 scabiem,
1806 2249 1837 2312 id
1861 2258 1909 2312 est
1933 2269 1987 2330 pc

444 2369 522 2413 num
537 2371 631 2415 omne
645 2352 732 2433 quod
742 2351 909 2414 videbatur
918 2349 958 2412 ad
974 2345 1183 2410 reverentiam
1244 2344 1532 2408 tulantiamearnis.
1543 2347 1819 2428 Etimpetiginem,
1831 2367 1903 2429 quae
1917 2347 1986 2410 sine

444 2450 613 2531 pertinere.
626 2450 663 2511 Et
679 2450 706 2511 si
721 2450 782 2513 hoe
798 2447 1026 2513 observabatur
1037 2446 1069 2507 in
1086 2443 1188 2507 taber·
1243 2443 1351 2506 dolore
1367 2462 1482 2526 eorpus
1498 2453 1642 2528 occupat,
1654 2455 1686 2508 et
1696 2445 1911 2509 membrorum
1929 2446 1987 2509 foe-

444 2547 558 2611 naculo
575 2558 606 2610 et
621 2549 706 2610 vasis
725 2567 762 2611 ac
782 2545 975 2610 animalibus
995 2542 1184 2618 offerendis,
1245 2541 1297 2602 dat
1316 2543 1473 2618 decorem,
1491 2562 1548 2624 per
1571 2563 1665 2624 quam
1687 2544 1819 2606 avaritia
1842 2545 1988 2626 designa·

444 2645 545 2708 multo
560 2646 661 2728 magis
672 2646 907 2709 observandum
919 2644 979 2707 hoe
991 2642 1051 2704 fuit
1063 2641 1096 2702 in
1109 2641 1187 2722 ipsis
1204 2635 1227 2696 Β
1244 2647 1305 2701 tur.
1323 2641 1383 2702 Aut
1401 2641 1568 2703 herniosus
1584 2661 1638 2705 seu
1658 2644 1867 2724 ponderosus,
1884 2643 1917 2705 id
1939 2652 1987 2706 est

444 2743 610 2807 ministris.
636 2743 715 2807 ilinc
735 2745 775 2807 ad
795 2743 1022 2807 removendum
1046 2748 1187 2803 contem·
1243 2739 1368 2820 pondus
1385 2739 1590 2821 turpitudinis
1606 2749 1661 2802 aut
1677 2741 1860 2822 passionum
1877 2758 1986 2820 grava-

443 2849 534 2923 ptum
550 2842 780 2919 ministrorum,
790 2849 984 2923 preceptum
1000 2838 1107 2901 fuitut
1124 2855 1187 2899 non
1243 2855 1316 2900 men
1333 2836 1438 2900 ferens
1462 2837 1495 2899 iu
1517 2839 1623 2916 corde,
1635 2839 1782 2920 quamvis
1798 2859 1862 2903 non
1881 2859 1987 2922 prose-

444 2938 597 3003 haberent
615 2941 778 3013 ‘maculam
803 2939 853 3002 vel
878 2937 1074 3021 corporalem
1101 2933 1188 2998 defe—
1243 2943 1360 3016 quatur
1375 2935 1407 2996 in
1423 2955 1530 3017 opere.
1548 2937 1585 2998 Et
1601 2957 1640 2999 ne
1661 2937 1756 3000 nimis
1771 2939 1810 3001 ad
1835 2939 1989 3003 inferiora

444 3047 541 3116 ctum,
551 3039 627 3120 quia
641 3038 826 3121 hujusmodi
837 3037 983 3101 homines
999 3036 1103 3098 solent
1114 3052 1188 3098 eon·
1227 3032 1415 3110 afficiatur,
1430 3053 1488 3097 nec
1500 3035 1644 3098 turbatus
1660 3036 1701 3098 sit
1716 3037 1856 3113 cerebro,
1866 3039 1922 3100 sed
1934 3057 1989 3120 pa-

444 3138 555 3200 temni.
572 3138 652 3200 Hinc
667 3138 762 3201 etiam
785 3137 967 3199 institutum
985 3135 1055 3211 fuit,
1073 3142 1108 3195 ut
1124 3151 1188 3196 non
1244 3140 1332 3194 catus
1348 3141 1379 3194 et
1394 3133 1537 3196 sincerus
1553 3135 1593 3196 ad
1609 3135 1779 3217 proximos,
1792 3145 1889 3218 atque
1904 3145 1988 3199 tran·

445 3236 580 3318 sparsim
596 3256 635 3298 er
644 3235 789 3317 quolibet
799 3254 915 3316 genere
925 3235 964 3297 ad
975 3233 1029 3296 Dei
1044 3232 1189 3294 ministe-
1243 3230 1363 3311 quillus
1379 3232 1412 3293 in
1428 3233 1534 3296 domo.

445 3334 529 3395 rium
543 3335 790 3416 applicarentur,
807 3335 863 3396 sed
878 3352 917 3395 ex
939 3339 1024 3395 certa
1040 3329 1188 3412 prosapia
1285 3329 1315 3392 Si
1332 3349 1407 3410 ergo
1417 3331 1484 3394 haec
1494 3331 1572 3394 vitia
1587 3342 1677 3394 erant
1687 3332 1905 3396 sacerdotibus
1922 3334 1988 3396 illis

446 3434 621 3496 secundum
631 3432 758 3512 generis
769 3431 1014 3506 successionem,
1023 3437 1056 3491 ut
1072 3449 1109 3491 ex
1121 3446 1189 3509 pro
1243 3428 1423 3508 corporales
1435 3429 1553 3492 hostias
1566 3429 1816 3506 immolantibus,
1830 3430 1988 3494 detestan-

446 3529 539 3610 genic
554 3530 703 3593 clariores
718 3537 951 3612 reputarentur.
962 3525 1188 3588 -Fuitctiam
1243 3525 1284 3587 da
1299 3533 1329 3587 et
1345 3526 1524 3606 abjicienda
1543 3545 1548 3589 :
1567 3535 1686 3609 quanto
1703 3529 1802 3609 magis
1819 3531 1990 3592 sacerdoti-

448 3629 528 3691 ratio
544 3628 698 3708 figuralis,
711 3646 767 3691 eur
783 3634 912 3709 propter
923 3625 1080 3688 maculam
1097 3624 1189 3686 mini·
1243 3623 1302 3684 bus
1317 3624 1475 3704 Ecclesiae,
1493 3627 1548 3708 qui
1567 3627 1886 3708 superdignissimum
1907 3627 1989 3691 offe

448 3734 547 3789 strare
564 3745 628 3789 non
644 3734 789 3809 poterant
807 3746 845 3789 ex
864 3723 1082 3788 sacerdotibus
1100 3723 1186 3785 nati:
1244 3730 1318 3782 runt
1333 3722 1571 3787 Sacramentum
1581 3732 1594 3786 t
1609 3725 1739 3801 Rursus
1763 3725 1790 3787 si
1810 3727 1987 3808 corporalis

447 3827 599 3907 quoniam
609 3826 789 3908 corporales
805 3824 853 3886 illi
868 3823 1011 3886 defectus
1022 3822 1190 3904 designant
1205 3809 1227 3872 C
1244 3821 1378 3898 macula,
1401 3831 1491 3886 natos
1514 3843 1552 3886 ex
1574 3823 1672 3904 stirpe
1696 3824 1884 3887 sacerdotali
1909 3823 1989 3888 lecit

447 3924 524 3986 vitia
539 3933 570 3988 et
585 3933 714 4008 peecata
728 3923 864 3998 diversa,
876 3922 995 4003 quibus
1010 3921 1188 3983 sacerdotes
1245 3917 1392 3996 indignos
1408 3919 1527 3982 offerre
1551 3938 1648 4002 panes
1669 3920 1772 3983 solum
1792 3921 1986 4000 materiales,

447 4023 696 4087 debentcarerc.
713 4020 1026 4085 Prohibeturetenim
1042 4019 1189 4081 sacerdos
1245 4015 1446 4094 inanimatos
1473 4027 1504 4081 et
1526 4037 1674 4100 pecorum
1699 4038 1810 4082 carnes
1835 4037 1841 4080 :
1868 4030 1989 4100 quanto

447 4140 516 4184 esse
540 4141 653 4198 eaecus,
676 4121 778 4183 idest
804 4120 954 4200 ignorans
975 4126 1007 4180 et
1028 4117 1185 4180 indoctus.
1245 4115 1346 4194 magis
1357 4115 1458 4198 culpae
1468 4117 1611 4179 mortalis
1623 4117 1785 4198 turpitudo
1796 4116 1987 4196 foedissima,

447 4220 522 4281 ltem
538 4219 681 4297 claudus,
692 4218 724 4280 id
740 4225 789 4281 est
798 4216 957 4279 instabilis
968 4224 998 4278 et
1008 4217 1047 4278 ad
1063 4215 1189 4278 diversa
1245 4211 1501 4292 indignissimum
1525 4214 1631 4278 efficit
1653 4216 1846 4278 sacerdotem
1863 4216 1903 4277 ad
1930 4215 1992 4277 im-

448 4316 560 4380 leviter
575 4335 609 4379 se
625 4317 793 4379 inclinans.
811 4316 909 4377 Parvo
924 4333 1063 4396 quoque,
1074 4313 1188 4394 grandi
1245 4310 1429 4372 molandum
1445 4312 1507 4375 Deo
1523 4311 1604 4374 Patri
1620 4331 1736 4394 corpus
1751 4321 1783 4376 et
1797 4312 1988 4392 sanguinem

446 4423 501 4477 aut
521 4423 604 4478 torto
628 4434 716 4492 naso,
734 4414 765 4476 id
786 4421 835 4477 est
850 4413 1051 4491 indiscretus,
1070 4433 1110 4476 ne
1132 4432 1189 4495 per
1245 4409 1401 4491 unigeniti
1417 4409 1488 4472 Filii
1504 4411 1564 4487 sui,
1578 4410 1641 4473 imo
1658 4411 1762 4492 ipsum
1778 4410 1989 4492 Unigenitum

446 4513 647 4577 discretionis
676 4513 834 4577 defectum
864 4512 1005 4588 excedat,
1032 4512 1105 4593 plus
1135 4519 1190 4573 aut
1244 4508 1395 4589 ejuslSit
1409 4527 1483 4589 crgo
1499 4509 1602 4572 omnis
1619 4511 1764 4572 sacerdos
1780 4509 1928 4573 Ecclesiae
1942 4512 1993 4575 vi-

446 4611 552 4674 minus
567 4621 622 4674 aut
637 4611 871 4694 perversequid
887 4610 1060 4692 agensfer
1076 4629 1188 4673 nasum
1245 4608 1335 4685 denS,
1360 4615 1466 4672 mente
1496 4607 1695 4669 illuminatus
1725 4628 1743 4670 a
1768 4608 1886 4689 Spiritu
1910 4608 1993 4672 San-

445 4711 576 4793 quippe,
594 4711 650 4792 qui
671 4719 719 4774 est
738 4709 940 4792 perceptivus
960 4708 1078 4785 odoris,
1097 4717 1186 4772 nota-
1245 4715 1306 4784 ete,
1319 4716 1468 4770 constans
1490 4706 1590 4768 invia
1606 4705 1749 4789 justitiae,
1772 4706 1944 4770 immobilis
1972 4729 1992 4771 a

445 4819 497 4872 tur
512 4809 720 4872 discretioEt
731 4828 771 4872 ne
786 4808 828 4870 sit
843 4808 943 4870 fracto
959 4809 1040 4889 pede
1054 4815 1110 4869 aut
1125 4825 1190 4870 ma·
1245 4805 1398 4870 firmitate
1422 4807 1586 4882 virtutum,
1612 4825 1811 4886 nequaquam
1842 4805 1876 4868 in
1907 4807 1991 4870 duas

446 4927 501 4984 nu,
515 4909 546 4970 id
560 4917 619 4985 est,
633 4927 673 4970 ne
687 4908 836 4969 virtutem
852 4906 934 4968 hene
944 4905 1058 4986 agendi
1070 4925 1107 4968 ac
1118 4924 1190 4987 pro-
1245 4904 1427 4968 claudicans
1455 4911 1569 4987 partes,
1594 4904 1649 4966 sed
1679 4903 1766 4984 regia
1790 4903 1908 4984 jugiter
1933 4905 1991 4968 via

446 5006 576 5070 ficiendi
601 5007 735 5069 amittat.
757 5004 944 5067 Prohibetur
966 5023 1095 5086 quoque
1121 5024 1189 5068 esse
1206 5006 1230 5066 D
1245 5004 1406 5067 incedens.
1425 5003 1471 5066 Sit
1496 5021 1623 5083 quoque
1647 5001 1803 5065 discretus
1828 5003 1861 5064 in
1886 5005 1993 5066 omni-

444 5105 597 5186 gibbosus
613 5112 697 5168 retro
713 5103 780 5166 sive
803 5103 835 5164 in
852 5112 990 5184 pectore,
1008 5102 1040 5163 id
1063 5111 1111 5166 est
1127 5103 1190 5164 ela·
1244 5101 1315 5176 hus,
1333 5101 1481 5164 decenter
1497 5108 1528 5162 et
1542 5098 1687 5162 ordinate
1708 5099 1815 5160 omnia
1830 5115 1937 5177 agens
1957 5109 1992 5162 et

445 5212 496 5265 tus
511 5211 565 5265 aut
580 5211 704 5266 terrena
718 5200 882 5284 superflue
892 5199 1061 5263 amans.Et
1071 5200 1187 5282 lippus,
1244 5199 1314 5262 luce
1331 5217 1394 5261 suae
1417 5197 1618 5261 discretionis
1634 5196 1715 5258 alios
1737 5194 1913 5259 efficaciter
1932 5197 1991 5259 du-

445 5320 485 5372 ne
500 5319 590 5365 mens
612 5301 681 5383 ejus
703 5319 759 5382 per
778 5299 938 5363 carnalem
958 5299 1185 5362 obtenebretur
1243 5318 1319 5363 cens
1334 5316 1370 5359 ac
1385 5296 1536 5376 dirigens.
1553 5295 1620 5357 Non
1637 5295 1678 5356 sit
1696 5295 1846 5357 remissus
1863 5293 1895 5355 in
1912 5312 1992 5378 ope-
