4309 6259
549 497 723 551 mimano
744 507 775 552 m
796 506 865 552 cnr.
888 502 928 549 xv
950 502 1088 552 turma.
1110 527 1150 538 —
1170 509 1241 555 am.
1265 506 1352 552 xxxn
1665 497 1725 560 235

172 679 212 741 do
226 679 321 760 cuius
337 679 381 742 rei
398 678 502 742 causis
524 677 610 740 inira
629 677 763 740 dicetur.
782 680 824 740 m
845 688 922 738 tnnc
937 675 962 737 A
975 689 1079 739 sanet
1101 683 1181 740 cleos
1202 692 1342 743 turtures
1367 693 1425 745 ont
1448 689 1529 746 dnos
1550 689 1658 764 pullos
1677 706 1726 746 co-

165 779 379 856 judirobilur
403 781 480 838 huic
509 779 601 848 citio,
629 776 660 838 id
691 784 739 838 est
768 775 920 851 defectui,
978 779 1104 849 lnrnboe,
1121 788 1151 838 et
1170 782 1273 842 veniet
1294 783 1330 842 in
1350 793 1516 860 conspectu
1531 786 1667 845 Domini
1682 790 1725 846 od

171 877 538 954 subjacere,secundum
556 876 643 956 quod
663 874 777 936 vitium
794 881 922 936 extense
976 878 1094 937 estinan
1126 879 1326 940 tabernaculi
1355 883 1543 951 testimonii,
1572 885 1725 962 dabitque

172 975 354 1056 accipitur:
374 994 452 1037 nam
470 983 502 1036 et
523 972 675 1036 animalia
694 974 733 1035 ad
755 971 923 1036 immolun-
975 993 1025 1035 cos
1040 979 1198 1036 sacerdoti
1208 1001 1221 1048 ,·
1240 979 1296 1056 qui
1315 979 1413 1056 saciet
1428 1000 1532 1040 onum
1544 1001 1605 1058 pro
1617 1001 1726 1058 pecco-

172 1076 247 1136 dum
265 1073 375 1156 inepta
391 1092 429 1135 ex
445 1071 716 1148 monstruositate,
734 1071 923 1134 dicebantur
979 1082 1021 1142 to,
1036 1083 1066 1133 et
1081 1095 1184 1135 acnnrn
1200 1077 1237 1136 in
1253 1078 1474 1138 holocaustum
1490 1078 1578 1140 illius
1595 1080 1725 1142 munda-

171 1173 218 1236 sic
243 1171 380 1246 vitiosa3
405 1192 506 1252 annm
527 1191 588 1250 per
612 1181 772 1232 momenta
791 1172 923 1246 singula
977 1170 1013 1232 ti.
1039 1171 1115 1233 Nam
1140 1171 1299 1237 interdum
1323 1194 1361 1237 er
1384 1175 1484 1257 priori
1509 1177 1605 1258 culpa
1624 1177 1725 1241 oritur

172 1273 347 1332 octboescrlt
370 1273 467 1331 corni
490 1271 706 1346 illineretque
728 1270 924 1328 concreverit
977 1269 1084 1351 passio
1100 1269 1166 1348 illa,
1184 1272 1249 1335 imo
1265 1273 1424 1336 interdum
1445 1293 1483 1337 ex
1504 1275 1632 1338 assidua
1648 1275 1738 1356 ima-¹

172 1373 279 1449 forins
294 1373 423 1440 tumor,
440 1387 478 1430 ex
494 1367 627 1430 seminis
646 1368 783 1448 quadam
804 1366 924 1429 resolu-
978 1367 1141 1448 ginatione
1157 1369 1285 1447 lasciva,
1303 1381 1335 1434 et
1356 1381 1432 1435 tunc
1452 1382 1499 1436 est
1521 1393 1585 1437 non
1606 1373 1725 1438 medio—

173 1467 261 1530 tione
284 1467 317 1528 in
340 1467 541 1529 extremitate
563 1465 699 1527 membri
722 1464 837 1527 virilis
862 1464 924 1526 Nec
977 1465 1074 1529 criter
1103 1466 1228 1531 vitiosa.
1254 1469 1342 1533 Alter
1371 1470 1403 1532 in
1434 1471 1654 1534 holocaustum
1685 1473 1724 1535 ad

173 1566 278 1628 sotum
296 1564 359 1628 fuit
374 1565 447 1627 talis
463 1565 648 1627 immundus
670 1563 702 1625 in
724 1582 768 1639 se,
787 1563 842 1625 sed
862 1562 925 1625 alia
979 1566 1189 1628 reverentiam
1206 1567 1301 1644 Deis
1316 1587 1379 1649 quo
1395 1578 1443 1632 est
1458 1569 1563 1632 omnis
1578 1571 1725 1652 purgatio

172 1682 301 1744 quoque
311 1663 409 1726 etiam
421 1663 596 1725 inanimata
612 1661 688 1725 iecit
703 1679 761 1724 suo
776 1669 924 1725 contactu
978 1671 1074 1744 atque
1097 1665 1264 1727 munditia.
1283 1670 1483 1747 Ropobitque
1493 1689 1555 1746 pro
1574 1691 1608 1729 co
1624 1687 1726 1731 sacer-

174 1763 351 1823 immunda.
371 1765 472 1825 Omne
485 1770 626 1822 stratum
646 1762 681 1820 in
701 1780 763 1839 qno
786 1762 923 1820 dormie—
979 1763 1035 1824 dos
1050 1783 1159 1824 coram
1174 1767 1321 1834 Domino,
1340 1777 1375 1828 nl
1391 1771 1583 1828 emundetur
1598 1789 1618 1828 n
1628 1769 1726 1844 finon

173 1863 231 1929 rit,
246 1863 457 1920 immundum
481 1862 557 1926 erit,
571 1870 601 1919 el
625 1861 818 1936 ubicumque
840 1862 925 1918 secte-
941 1852 964 1912 Β
978 1863 1113 1922 sentinis
1136 1865 1200 1923 sni.
1228 1863 1295 1924 lam
1322 1862 1442 1926 dietum
1469 1873 1527 1940 est,
1554 1865 1639 1946 quod
1670 1885 1728 1948 per

174 1962 229 2020 rit.
250 1961 292 2020 Si
315 1960 390 2037 quis
415 1959 585 2018 bominum
611 1958 750 2034 tetigerit
773 1960 922 2026 lectulum
979 1967 1100 2040 septem
1118 1959 1185 2023 dies
1199 1960 1259 2023 tun
1274 1981 1293 2024 a
1309 1961 1399 2025 fluxu
1416 1962 1471 2027 illo
1487 1973 1616 2027 sanatus
1631 1973 1727 2046 atque

173 2060 254 2134 ejus,
271 2059 396 2117 lavabit
419 2059 607 2116 vestimenta
628 2077 701 2126 sno,
723 2063 783 2117 etc.
808 2055 923 2117 Textus
979 2057 1151 2120 mundatus
1169 2075 1176 2120 :
1192 2060 1352 2140 quomodo
1368 2079 1443 2142 ergo
1457 2070 1571 2126 octavo
1591 2063 1643 2126 die
1658 2081 1727 2125 cra-

174 2165 221 2218 cst
236 2156 365 2237 planus.
377 2157 502 2232 Soprna
514 2175 612 2232 snper
626 2157 712 2234 qnod
725 2156 853 2223 sederit,
866 2155 924 2212 im·
980 2154 1027 2217 bit
1042 2174 1100 2237 pro
1117 2175 1154 2219 eo
1171 2159 1317 2221 sacerdos
1334 2167 1368 2220 ut
1384 2159 1460 2222 inde
1480 2165 1655 2242 purgeturt
1670 2161 1727 2223 ue-

176 2258 335 2315 niundum
359 2255 434 2314 erit.
462 2251 576 2332 Sagma
605 2261 654 2314 est
683 2260 819 2314 stratura
848 2251 923 2332 equi
980 2254 1215 2333 spondendum,
1243 2256 1327 2335 quod
1353 2258 1538 2320 emundatio
1568 2257 1627 2320 ista
1656 2276 1726 2339 que

175 2361 228 2414 aut
252 2351 349 2427 asini,
376 2351 500 2414 scilicet
527 2350 617 2426 setta,
644 2350 730 2431 quod
755 2368 851 2431 super
873 2350 924 2430 ju·
981 2350 1080 2415 fiebat
1102 2360 1212 2416 octava
1236 2353 1298 2430 die,
1317 2353 1507 2435 intelligitur
1530 2356 1579 2418 vel
1603 2356 1643 2418 de
1665 2355 1727 2436 pri-

175 2459 320 2513 mentum
345 2449 476 2532 ponitur
500 2458 536 2511 ut
560 2449 731 2530 equitatur.
753 2447 824 2511 Haec
848 2464 923 2526 erge
980 2450 1072 2512 stinae
1087 2452 1323 2515 emundationis
1339 2452 1608 2530 manifestatione,
1621 2453 1671 2518 rel
1687 2454 1726 2517 de

175 2549 351 2611 inanimata
374 2548 421 2610 sic
443 2555 536 2610 erunt
556 2547 732 2623 immunda,
750 2547 835 2627 quod
859 2564 922 2608 nen
980 2547 1206 2611 emundatione
1221 2568 1239 2610 a
1254 2550 1403 2630 culpa,ex
1418 2569 1482 2632 qua
1497 2550 1618 2613 fluxum
1635 2551 1725 2613 illum

175 2654 325 2730 poterunt
334 2646 445 2709 venire
456 2646 489 2708 in
500 2665 593 2707 usum
606 2645 780 2707 humanum
793 2653 866 2708 ante
877 2663 924 2707 eo
980 2644 1143 2723 sustinuit,
1162 2647 1211 2710 vel
1234 2666 1273 2710 ne
1293 2648 1332 2710 de
1352 2657 1541 2712 ceterorum
1558 2649 1723 2712 sustineat.

174 2765 244 2807 rum
260 2745 496 2826 purgationem.
514 2743 593 2805 Hinc
608 2742 755 2805 subditur
768 2761 775 2804 :
787 2754 817 2803 et
831 2744 924 2822 quid·
980 2743 1213 2807 Convenienter
1228 2764 1356 2828 quoque
1372 2765 1430 2828 pro
1445 2747 1672 2812 emundatione
1686 2748 1726 2810 ab

172 2847 254 2923 perid
283 2846 344 2904 sub
367 2863 402 2902 eo
427 2844 531 2920 suerit
555 2836 613 2922 prii
637 2845 768 2917 fiunem
791 2843 924 2902 seminis
981 2842 1165 2924 impuritate
1201 2853 1360 2925 praetacta,
1396 2844 1618 2909 offerebantur
1652 2865 1725 2909 aves

171 2944 483 3019 potitur,pollntnm
494 2942 556 3000 erit
572 2961 671 3019 usque
686 2943 730 3000 od
745 2960 920 3017 vesperum.
982 2940 1131 3022 praefatae,
1145 2941 1177 3003 in
1194 2942 1311 3024 quibus
1327 2943 1455 3006 castitas
1471 2945 1722 3007 commendatur.

175 3041 238 3108 Qui
250 3040 435 3117 portaverit
450 3041 568 3099 ltornrn
583 3040 727 3117 aliquid,
739 3040 862 3098 locabit
877 3045 960 3108 tre-C
1030 3043 1086 3100 Vir
1107 3045 1146 3100 rle
1166 3061 1227 3119 pico
1250 3045 1416 3118 egreditur
1437 3062 1543 3102 senten
1563 3045 1676 3113 coitns,
1694 3043 1726 3105 id

172 3141 327 3200 elimenta
343 3158 405 3197 sna
420 3159 432 3196 .·
448 3136 559 3217 sicque
582 3144 613 3198 et
633 3135 688 3197 itta
710 3135 843 3198 ulterius
869 3134 925 3196 im·
980 3145 1038 3213 est,
1056 3137 1112 3218 qui
1128 3139 1272 3200 coeundo
1288 3137 1441 3201 effuderit
1461 3158 1582 3215 semen,
1605 3143 1727 3202 locabit

173 3237 330 3299 mundum
347 3235 925 3314 fecerunttangentemoinntsqeem
979 3256 1066 3313 optio
1085 3255 1177 3295 omne
1199 3256 1314 3313 corpus
1334 3258 1444 3307 suurn,
1460 3236 1555 3300 etiam
1579 3236 1605 3298 si
1630 3236 1728 3299 fuerit
1797 3279 1800 3284 -

174 3336 316 3414 tetigerit
331 3337 391 3414 qni
406 3336 483 3394 tetis
497 3344 555 3400 est,
570 3341 680 3414 utpote
695 3332 872 3395 maculatus
887 3351 925 3394 ex
979 3332 1082 3394 coitus
1107 3333 1230 3414 copule
1256 3335 1455 3416 conjugalis3
1482 3346 1512 3397 ct
1537 3338 1727 3396 immundus

173 3441 324 3498 contactu
350 3432 397 3494 rei
422 3431 512 3494 illius
536 3430 729 3507 inanimatae,
752 3429 926 3493 immundae
979 3433 1041 3491 erit
1057 3451 1156 3510 enque
1174 3436 1217 3492 ml
1233 3452 1408 3508 uesperum,
1427 3433 1470 3495 ita
1492 3433 1577 3514 quod
1599 3433 1655 3496 illo
1676 3433 1727 3496 die

173 3551 210 3594 ex
220 3538 373 3595 contactu
384 3529 447 3591 viri
458 3527 839 3606 seminiflui,imrnnnrlns
849 3531 925 3590 erit:
980 3546 1044 3590 non
1069 3529 1186 3610 poterit
1212 3539 1356 3592 sanctum
1383 3530 1509 3612 ingredi
1532 3531 1647 3600 iocum.
1674 3535 1728 3592 Ve-

172 3631 221 3693 vcl
238 3629 360 3712 potius,
377 3628 487 3692 Omnis
502 3646 599 3709 quem
617 3627 757 3707 tetigerit
776 3626 832 3708 qui
852 3627 924 3689 talis
978 3636 1055 3687 stem
1086 3637 1116 3688 ot
1141 3631 1258 3704 pellem
1287 3649 1386 3708 qnam
1416 3631 1576 3700 labtcerit,
1606 3632 1727 3692 locunt

173 3737 230 3804 est,
248 3737 361 3810 utpote
376 3727 501 3790 semine
516 3727 634 3802 fluens
652 3747 718 3787 non
733 3728 805 3786 lotis
820 3729 926 3787 moni·
979 3735 1115 3804 optinet
1127 3728 1298 3786 immundo
1308 3729 1370 3788 erit
1382 3749 1482 3807 usqne
1492 3731 1536 3788 orl
1547 3747 1724 3805 uesperum.

173 3830 230 3888 bus
244 3829 327 3898 suis,
346 3827 473 3887 lavabit
487 3827 678 3886 vestimento
692 3845 763 3885 suo.
979 3821 1129 3895 Quamvis
1149 3823 1235 3885 enim
1258 3824 1292 3885 in
1314 3825 1540 3888 matrimoniali
1556 3824 1726 3888 concubitu

212 3928 253 3987 Si
267 3935 405 3986 sanatus
426 3925 529 4000 suerit
549 3924 609 4002 qni
630 3923 819 3999 bnjnsmocll
833 3925 926 3983 eiust-i-
980 3920 1083 4001 possit
1097 3921 1207 3984 deesse
1223 3931 1399 4003 peccatum,
1419 3942 1489 3986 raro
1506 3933 1610 3986 tamen
1630 3923 1670 3985 tit
1689 3923 1727 3986 si-

173 4035 225 4086 net
232 4025 429 4102 puscionem,
440 4021 472 4084 id
488 4029 546 4098 est,
557 4019 664 4082 fluxus
679 4029 710 4082 et
727 4019 854 4082 toeditas
871 4019 925 4082 illa
981 4038 1021 4081 ne
1036 4019 1151 4100 eulpa3
1169 4028 1281 4101 estque
1302 4039 1428 4103 semper
1446 4021 1479 4083 in
1500 4040 1538 4084 eo
1552 4023 1727 4103 corporalis

174 4123 206 4184 in
224 4123 295 4204 ipso
311 4119 712 4197 cessaverint,nnrnerabit
726 4129 843 4197 septem
857 4121 926 4180 (lies
981 4117 1127 4199 pollutio.
1146 4121 1270 4179 Mulier
1284 4140 1358 4180 cnm
1373 4142 1439 4200 qna
1458 4121 1582 4193 coierit,
1606 4123 1727 4182 larabi-

169 4231 242 4299 post
255 4221 520 4281 emundationem
539 4219 605 4289 sni,
623 4217 655 4279 id
677 4225 725 4279 est
747 4237 765 4279 a
786 4217 839 4280 die
861 4237 924 4298 quo
939 4219 964 4281 D
981 4227 1046 4288 tor,
1059 4217 1092 4278 id
1108 4225 1167 4293 est,
1180 4235 1214 4279 se
1230 4217 1331 4299 ipsam
1350 4217 1469 4281 lavabit
1484 4241 1583 4299 aqum
1601 4219 1649 4282 vel
1666 4219 1727 4282 hoc

173 4319 272 4399 coepit
296 4318 330 4379 in
354 4335 393 4380 eo
416 4335 542 4378 cessare
561 4315 766 4377 immunditia
791 4315 857 4378 itta.
881 4319 925 4378 Et
981 4314 1038 4376 tiet
1053 4333 1110 4396 per
1124 4315 1233 4377 alium.

175 4418 248 4477 torn
264 4417 403 4477 veslibns
423 4435 462 4474 ac
482 4424 544 4475 toto
564 4433 693 4492 corpore
709 4415 746 4473 in
761 4417 856 4492 oqnis
877 4417 924 4475 vi·
1020 4416 1142 4474 Mtdier
1157 4436 1228 4494 qum
1242 4419 1395 4476 redeunte
1406 4437 1521 4488 necnee,
1531 4415 1564 4478 id
1580 4425 1627 4478 est
1644 4433 1727 4479 novo

174 4515 335 4584 erratibus,
352 4512 385 4574 id
402 4519 451 4573 est
466 4509 713 4573 scaturientibus
729 4519 784 4572 aut
798 4509 924 4573 fluenti·
979 4529 1089 4574 mense
1104 4511 1306 4588 adveniente,
1310 4515 1441 4590 patitur
1450 4516 1580 4588 fiunem
1596 4517 1727 4590 sangui-

172 4610 245 4687 bus,
265 4619 426 4692 quatenus
449 4609 494 4671 ibi
516 4617 742 4685 removeretur,
766 4609 923 4689 quidquid
978 4612 1031 4669 nis
1055 4609 1272 4686 menstrualis,
1288 4620 1405 4686 septem
1429 4613 1541 4671 diebus
1565 4613 1727 4688 seperabi-

172 4711 212 4772 de
229 4707 377 4789 reliquiis
399 4705 487 4768 illius
507 4705 663 4768 foeditatis
684 4705 853 4770 mansisset
873 4724 925 4769 ec
980 4718 1047 4778 tor,
1063 4707 1095 4769 id
1117 4716 1165 4770 est
1185 4717 1290 4770 amota
1305 4717 1337 4770 et
1353 4707 1516 4790 prohibite
1534 4709 1595 4772 erit
1610 4728 1628 4770 a
1644 4709 1725 4772 sacri

172 4807 298 4870 haerens
324 4804 537 4881 vestimentis,
565 4803 741 4886 presertim
768 4803 925 4868 interiori·
980 4804 1040 4868 loci
1069 4806 1226 4886 ingressu,
1255 4805 1406 4868 sacrificii
1437 4826 1505 4884 esu,
1533 4825 1591 4870 neo
1618 4805 1727 4872 licebit

171 4905 244 4980 bus,
271 4913 303 4966 et
328 4903 467 4985 corpori.
495 4903 533 4964 tt
557 4902 634 4984 quia
659 4902 712 4964 hic
737 4896 873 4980 dicitur‚'
891 4905 924 4966 ln
979 4905 1216 4968 communicare
1242 4905 1393 4986 cuiquam
1419 4925 1491 4968 cum
1517 4925 1555 4969 ea
1581 4907 1613 4968 in
1640 4906 1724 4983 cibo,

171 5002 265 5084 aquis
286 5000 484 5076 viventibus,
501 5001 639 5076 videtur,
660 5002 745 5081 quod
771 5000 923 5064 lotionem
979 5012 1068 5085 potu,
1082 5012 1137 5066 aut
1153 5012 1262 5066 strato.
1275 5004 1466 5086 Certumque
1481 5013 1540 5081 est,
1551 5006 1636 5086 quod
1651 5025 1727 5067 cun-

173 5100 263 5162 illam
281 5098 355 5162 fieri
373 5117 438 5160 non
454 5098 596 5179 oportuit
612 5117 667 5179 per
684 5118 782 5179 aquas
799 5099 925 5181 adsper·
979 5102 1040 5165 ctis
1050 5102 1164 5164 diebus
1180 5102 1297 5182 quibus
1313 5103 1432 5184 patitur
1449 5103 1613 5183 sanguinis
1630 5104 1726 5185 hujus

172 5198 285 5262 sionis.
298 5199 375 5259 Ilrit
389 5199 545 5258 merulus.
557 5198 618 5256 Die
633 5207 740 5257 autern
755 5207 875 5269 octauo,
885 5198 925 5260 ab
982 5199 1098 5275 fluxus,
1118 5199 1159 5261 sit
1174 5199 1339 5262 immunde
1354 5209 1386 5263 et
1401 5202 1587 5282 separanda.
1609 5202 1725 5264 Verum

172 5316 210 5360 eo
226 5297 279 5360 die
293 5313 361 5377 quo
378 5293 581 5356 immunditia
596 5293 651 5355 illa
672 5294 770 5375 coepit
787 5314 923 5372 cessare,
979 5300 1065 5380 quod
1080 5299 1201 5361 dictum
1217 5308 1265 5362 est
1281 5301 1320 5362 de
1335 5301 1406 5381 ejus
1422 5300 1632 5383 separatione,
1643 5299 1727 5363 vide
