4309 6259
560 498 734 544 saumario
756 499 787 544 m
808 499 877 544 aar.
900 497 934 542 ιιι
954 498 1150 544 uunaaoamr.
1175 519 1212 529 -
1234 500 1305 545 aar.
1329 502 1348 544 v
1662 485 1721 548 335

172 671 290 729 attaris
301 671 455 746 pertinet,
468 669 500 730 id
516 670 617 732 estad
633 668 852 734 observantias
870 686 922 732 eo-
936 667 962 728 A
976 677 1010 732 ut
1025 671 1064 732 ad
1079 669 1238 733 caathitas
1254 672 1343 746 dura,
1360 690 1432 752 quaa
1452 671 1536 734 intra
1554 671 1633 735 illud
1650 672 1720 736 lue-

171 785 242 828 rum
258 765 372 829 allicio
384 766 549 850 deputatas
561 767 757 830 circaaltare
772 768 920 831 liolocau-
976 777 1060 832 runt.
1078 768 1139 832 Nec
1155 768 1246 832 obest
1263 770 1347 850 quod
1371 770 1529 847 subditur,
1546 782 1575 832 et
1592 774 1721 850 pusilli

170 872 306 942 storum,
323 867 411 947 quod
427 867 513 928 stetit
530 866 565 928 in
583 867 685 941 atrio;
702 868 798 944 sanes
821 869 921 928 taber·
976 887 1049 926 carm
1073 868 1221 943 scenitas,
1239 867 1315 949 quia
1339 869 1378 930 de
1404 868 1546 947 funibus,
1564 870 1619 952 qui
1637 871 1721 933 inse-

169 967 286 1024 naeali
299 975 330 1024 et
349 967 462 1026 omnia
477 967 632 1026 utensiiia
646 967 727 1042 ejas.
744 966 833 1028 Circa
850 966 918 1028 brec
975 963 1160 1044 parabiliter
1182 974 1272 1026 erant
1297 965 1404 1028 innexi
1427 967 1527 1044 duris,
1549 968 1719 1050 exponitur

169 1063 257 1124 enim
281 1062 473 1145 obsequium
496 1065 656 1145 quoddam
681 1064 843 1127 habebant
864 1083 921 1146 per
977 1062 1046 1124 hoc.
1064 1063 1233 1127 Portabant
1247 1073 1354 1126 autem
1370 1064 1430 1126 ista
1446 1065 1478 1127 in
1495 1066 1651 1129 curribus.

171 1161 304 1224 modum
321 1162 378 1242 qui
398 1162 483 1224 inlra
507 1169 677 1244 tangetur:
701 1162 878 1245 prasertim
895 1161 921 1222 si
1016 1159 1165 1241 Sequitur
1180 1162 1219 1223 de
1241 1162 1304 1224 situ
1325 1163 1535 1244 superiorum,
1552 1165 1607 1246 qui
1630 1174 1721 1228 erant

171 1276 229 1340 per
250 1259 504 1338 tabernaculum,
522 1262 639 1323 atrium
663 1261 858 1324 tabernaculi
875 1260 923 1322 in·
976 1258 1136 1322 Caatbitae.
1152 1264 1472 1323 Castrametabnntar
1487 1274 1562 1323 ‹rnte
1578 1267 1722 1325 tabena-

173 1357 347 1438 telligatur‚
367 1367 401 1420 ut
422 1367 496 1422 ante
518 1358 702 1440 frequenter
724 1368 773 1422 est
789 1358 920 1423 lactum.
977 1361 1088 1417 catam
1108 1361 1357 1437 sanciantem
1379 1364 1423 1420 ari
1442 1364 1630 1422 orientalem
1649 1367 1687 1439 pi
1708 1397 1720 1410 ·

174 1456 245 1519 ldeo
278 1457 460 1538 reprobatio
487 1456 653 1539 eujusdam
679 1459 738 1523 hoc
764 1459 833 1522 loco
858 1476 922 1520 non
973 1476 1062 1532 yam,
1090 1459 1214 1534 Moyses
1242 1468 1272 1518 et
1296 1462 1408 1520 Aaron
1433 1481 1508 1521 earn
1530 1463 1613 1537 titiis
1640 1463 1721 1532 sais,

174 1554 339 1636 praevalet.
978 1555 1127 1614 babentes
1151 1558 1330 1616 custodiant
1357 1561 1551 1619 sareotnarii.
1574 1559 1611 1620 lli
1636 1561 1722 1621 enim

214 1653 368 1734 Sequitur
389 1655 428 1717 de
450 1655 544 1718 domo
567 1655 747 1718 Levitarum
771 1656 920 1718 secunda.
978 1650 1159 1715 habuerunt
1174 1653 1384 1736 principalem
1407 1666 1595 1737 respectum,
1613 1677 1722 1720 euram

174 1754 330 1830 Caynatio
356 1755 471 1824 Caatb,
491 1754 524 1816 id
549 1762 597 1817 est
623 1754 791 1836 progenies
818 1752 923 1817 totalis
978 1758 1009 1812 el
1023 1751 1286 1830 gubernationem
1302 1755 1499 1818 tabernaculi
1509 1757 1575 1834 llei,
1588 1758 1621 1820 in
1638 1759 1723 1838 quod

172 1850 372 1913 descendens
396 1853 436 1913 de
460 1851 557 1914 Caatli
584 1851 654 1915 lilio
678 1851 767 1928 Levi,
794 1853 921 1914 babebit
941 1847 1156 1913 Bintrabatur
1169 1852 1209 1914 ab
1225 1852 1360 1916 oriente.

167 1953 321 2028 populos,
342 1950 375 2012 id
400 1958 448 2013 est
473 1960 611 2032 quatuor
635 1950 786 2028 familias,
814 1958 924 2033 utpote
1017 1948 1136 2012 Deinde
1152 1950 1356 2032 subjungitur
1372 1954 1649 2017 summaomuium
1667 1955 1720 2018 ho-

173 2050 378 2110 amramitas
398 2060 428 2110 et
442 2051 618 2110 Jesaaritas
640 2061 669 2111 et
686 2051 880 2112 Hebronitas
894 2059 924 2108 et
978 2064 1048 2108 rum
1065 2048 1110 2110 sic
1124 2052 1375 2112 numeratorum.
1388 2058 1502 2114 Omnes
1514 2055 1633 2114 Levitae
1643 2075 1720 2132 ytres

176 2147 343 2208 ozielitas.
363 2148 415 2210 tls
437 2158 575 2229 quatuor
595 2149 726 2210 familiae
747 2156 828 2210 natat
851 2154 925 2208 sunt
978 2159 1231 2209 numeraverant
1258 2152 1382 2228 Moyses
1403 2160 1433 2210 et
1457 2153 1569 2212 Aaron
1591 2155 1631 2212 ab
1657 2173 1722 2213 aaa

173 2262 210 2306 ex
225 2254 366 2326 quatuor
382 2245 461 2308 liliis
477 2246 585 2324 (laath,
602 2256 679 2328 puta
694 2267 732 2310 ex
748 2246 877 2308 Amram
893 2252 923 2306 et
978 2262 1083 2304 mense
1097 2256 1126 2306 et
1146 2267 1259 2324 snpra,
1275 2250 1413 2324 fuerant
1429 2251 1549 2325 oiyinti
1564 2254 1629 2311 dno
1650 2254 1723 2312 rnil-

171 2343 281 2405 Jesaar
298 2350 330 2406 et
346 2344 471 2408 Hebron
487 2353 518 2408 et
533 2344 627 2408 Oziel.
639 2346 678 2406 lli
694 2347 854 2407 trabebant
869 2365 926 2403 en·
980 2343 1036 2403 iia.
1049 2343 1113 2407 Hoc
1124 2365 1234 2409 verum
1245 2355 1301 2423 est,
1313 2347 1401 2429 juxta
1412 2366 1532 2410 morem
1544 2348 1723 2431 Scriptura,

174 2444 286 2502 cardias
308 2446 506 2514 sanctuarii,
529 2445 616 2526 quod
642 2443 830 2507 deserebant
859 2467 866 2518 ;
895 2453 924 2502 et
977 2460 1048 2522 quaa
1078 2444 1228 2506 minutias
1255 2454 1433 2527 temporum
1458 2455 1490 2508 et
1515 2466 1720 2511 numerorum

174 2545 492 2602 castrametabantur
502 2545 546 2604 ad
558 2545 776 2604 meridianam
788 2546 922 2620 playam
978 2561 1042 2605 non
1057 2552 1231 2624 computat.
1244 2543 1358 2606 Stricta
1372 2544 1459 2607 onim
1475 2548 1673 2610 numerando
1688 2555 1720 2610 ct

173 2640 385 2702 tabernaculi.
412 2643 455 2702 Et
479 2644 657 2702 cratoatent
682 2663 805 2712 arcana,
834 2661 921 2702 men·
977 2641 1189 2704 consociando
1211 2641 1359 2724 prelatos
1382 2662 1531 2707 numeros
1556 2645 1717 2727 partiales,

172 2760 306 2819 saraque
330 2750 360 2799 et
385 2743 629 2810 candelabrum,
645 2743 768 2802 altaria
793 2751 822 2801 et
846 2761 924 2800 casa
977 2736 1100 2802 faciunt
1116 2740 1227 2820 viginti
1247 2741 1311 2804 duo
1333 2741 1435 2804 millia
1449 2751 1481 2804 et
1503 2752 1651 2806 trecenta.
1669 2745 1716 2807 ln-

172 2840 358 2899 sanctnarii
388 2840 424 2899 in
454 2841 572 2918 quibas
602 2841 823 2900 ministratur.
850 2839 920 2901 llaec
976 2857 1071 2920 super
1086 2839 1149 2901 dici
1166 2847 1279 2921 potest,
1297 2841 1383 2920 quod
1406 2841 1537 2902 trecenti
1559 2842 1606 2903 illi
1627 2842 1720 2904 omit—

174 2935 346 3016 portabant
360 2936 656 3018 propriishumeris
673 2935 826 2999 involuta.
840 2937 922 2998 Dura
977 2946 1088 2999 tuntur
1105 2939 1137 2999 in
1160 2958 1285 3000 summa
1306 2939 1375 3012 hac,
1393 2939 1544 3019 quoniam
1565 2941 1722 3022 primoge-

173 3034 260 3097 enim
284 3033 440 3112 ferebant,
458 3044 490 3097 et
509 3054 582 3097 cum
604 3035 669 3097 illis
690 3055 789 3097 unum
811 3035 919 3111 molle,
936 3031 958 3094 C
977 3035 1036 3097 niti
1061 3046 1163 3114 erant,
1180 3037 1289 3118 sicque
1314 3037 1436 3099 ratione
1461 3037 1719 3118 primogenitura

174 3133 302 3215 dequo
329 3132 475 3195 subditur
501 3151 507 3194 :
532 3145 562 3194 et
588 3139 704 3206 veiam,
728 3135 814 3216 quod
840 3134 922 3196 inter
975 3136 1178 3220 pertinebant
1199 3137 1238 3198 ad
1256 3136 1434 3213 Dominum,
1452 3137 1534 3200 sicut
1554 3146 1586 3201 et
1606 3140 1722 3221 primo

175 3231 290 3294 Sancta
305 3241 488 3296 sanctorum
504 3240 535 3294 et
551 3232 664 3295 Sancta
680 3233 849 3316 pendebat.
862 3232 923 3295 Sic
975 3235 1074 3315 geniti
1089 3235 1145 3296 alii
1163 3252 1170 3296 :
1189 3234 1307 3297 idcirco
1330 3253 1387 3316 pro
1402 3234 1474 3297 aliia
1498 3237 1719 3318 primogenitis

174 3349 238 3410 que
251 3339 397 3412 apparet,
414 3331 498 3412 quod
519 3339 689 3412 utrumque
704 3333 804 3394 altare
819 3339 923 3414 porta-
976 3353 1040 3396 non
1065 3342 1212 3416 poterant
1232 3335 1434 3411 commutari,
1458 3354 1494 3397 ac
1516 3337 1648 3401 llomino
1668 3338 1721 3400 de

174 3428 262 3504 bant,
281 3438 313 3492 et
336 3448 410 3492 vasa
432 3430 598 3492 amborum
622 3431 734 3492 saltem
749 3429 919 3512 precipua,
977 3431 1092 3514 putari.

176 3534 296 3608 atquae
317 3527 472 3589 altaribus
492 3528 622 3610 propria
644 3537 744 3604 erant,
763 3536 799 3589 ut
820 3527 920 3608 aliqui
1016 3540 1058 3599 Ει
1082 3540 1130 3599 atr
1152 3539 1310 3598 Dominus
1333 3541 1376 3598 art
1398 3541 1557 3616 Moysen:
1575 3543 1721 3602 Namara

174 3626 295 3688 dieunt.
313 3629 472 3704 Princeps
492 3637 601 3688 antem
620 3629 811 3705 principum
831 3627 922 3687 Levi·
970 3638 1203 3714 primoyenitos
1217 3657 1311 3696 senas
1329 3639 1505 3697 mascrrlini
1518 3641 1558 3697 de
1574 3641 1656 3716 filiis
1677 3644 1721 3700 Is-

177 3735 284 3786 torum
308 3727 451 3786 Eleazar
475 3727 567 3803 fi'li'tts
589 3729 714 3794 Aaron,
736 3727 798 3785 etii
826 3745 921 3802 super
975 3739 1043 3795 rael
1059 3757 1078 3795 a
1095 3756 1199 3794 mense
1217 3756 1280 3794 rano
1299 3745 1329 3795 et
1347 3756 1457 3812 snpra.
1483 3737 1546 3799 lloc
1572 3736 1723 3818 intelligi-

174 3825 370 3884 excubitores
378 3818 537 3885 'custodia
552 3826 747 3885 sanctuarii.
761 3824 820 3886 lste
836 3823 922 3885 Elea·
976 3841 1026 3894 tur
1041 3833 1080 3894 de
1096 3833 1317 3914 primogenitis
1334 3832 1474 3894 tribuum
1489 3833 1635 3899 aliarum.
1653 3841 1719 3897 Tei

175 3941 224 3982 zar
235 3921 298 3982 luit
309 3921 458 4003 princeps
469 3922 627 4002 generalis
638 3921 824 4004 specialium
838 3922 922 4004 prin·
976 3937 1079 4013 resque
1095 3934 1428 4007 neellamitem,
1447 3931 1478 3994 id
1498 3941 1556 4010 est,
1575 3953 1629 3996 eos
1648 3955 1720 3999 mea

175 4019 292 4100 cipum,
318 4019 374 4100 (lul
396 4030 553 4102 Plaesslstssl
576 4021 608 4081 5¹¹
632 4021 698 4082 SUlS
722 4018 863 4097 familiis,
892 4028 922 4083 ssl
975 4031 1075 4094 cultui
1093 4032 1125 4093 in
1142 4030 1344 4093 tabernaculo
1360 4030 1594 4112 applicabis3et
1606 4054 1722 4111 pacina

174 4117 388 4180 communiter
409 4118 538 4201 praefuit
557 4119 794 4182 excubitoribus
817 4118 920 4182 taber·
975 4152 1099 4201 eorum,
1122 4129 1244 4193 seilicet
1268 4129 1459 4205 Lentiscum,
1475 4153 1536 4209 pro
1560 4137 1720 4194 universis

175 4216 291 4292 naculi,
310 4216 363 4279 cui
379 4225 411 4279 et
426 4216 550 4298 praelati
569 4217 730 4300 principes
751 4216 921 4300 particula·
938 4227 1200 4308 Dyrtmoyenitis
1210 4248 1363 4305 preerant
1376 4231 1524 4306 filioram
1540 4235 1653 4293 Israel.
1666 4233 1722 4294 lle·

177 4331 224 4376 res
241 4314 399 4376 rationem
417 4315 601 4378 reddebant.
978 4336 1156 4389 sumtamen
1167 4345 1281 4408 pecora
1292 4327 1456 4388 mundaac
1468 4327 1630 4409 primitiva
1646 4331 1722 4394 alia-

214 4415 369 4479 Subditur
388 4418 428 4480 de
450 4418 543 4480 tertia
565 4419 660 4482 domo
680 4419 766 4482 Levi.
784 4423 828 4481 At
850 4441 921 4481 vero
978 4444 1045 4486 rum
1069 4424 1210 4487 tribuum
1238 4423 1369 4487 Domino
1392 4424 1622 4490 atterebantur.
1649 4430 1720 4494 ldeo

173 4518 212 4576 de
224 4519 353 4578 Merca-i
365 4527 462 4576 eram
474 4521 591 4594 popuii
601 4520 764 4578 Moboiitre
779 4528 808 4578 ct
820 4522 922 4580 Masi·
977 4522 1016 4586 de
1040 4523 1209 4605 pecoribus
1233 4541 1342 4585 aarum
1373 4522 1548 4585 immundis
1573 4545 1628 4588 scu
1655 4547 1719 4591 ιιοιι

175 4624 221 4684 tce,
236 4634 310 4696 quae
326 4615 397 4676 duco
413 4614 542 4678 familiae
558 4623 640 4678 natta
656 4624 731 4677 sunt
745 4617 785 4678 de
795 4617 919 4680 duobus
977 4620 1193 4684 immolaticiis
1203 4639 1274 4701 quta
1290 4620 1537 4698 redimebantur,
1550 4625 1720 4706 exponitur

174 4710 254 4774 liliis
277 4713 400 4788 lllerari,
418 4722 495 4795 puta
516 4714 555 4776 de
576 4713 691 4776 ltloholi
714 4721 745 4776 et
763 4714 852 4776 ltlusi.
880 4719 919 4777 In
976 4720 1046 4782 hoo.
1064 4721 1245 4789 Recensnit,
1264 4717 1295 4780 id
1317 4726 1366 4780 est
1387 4721 1577 4797 numeravit,
1596 4726 1719 4801 Moyses

169 4815 272 4887 playa
296 4812 544 4886 septentrionali
572 4813 922 4884 caenomanensium
974 4820 1057 4879 sient
1063 4827 1259 4894 preceperat
1269 4819 1438 4879 Dominus.
1452 4820 1495 4878 Et
1505 4820 1719 4901 fuerantpri·

172 4919 333 4988 meamne
353 4911 412 4969 sab
436 4911 582 4969 mntoclia
603 4929 714 4969 eornm
738 4913 854 4972 tabulae
876 4921 921 4971 ta-
975 4919 1129 4994 moyen-iti
1149 4935 1270 4991 earum,
1288 4915 1319 4977 id
1340 4923 1387 4978 cst
1410 4915 1561 4994 tribuum,
1579 4925 1718 4982 rnascadi

174 5007 344 5067 certiorati
365 5016 395 5065 ct
419 5016 517 5066 vectes
540 5017 570 5066 et
594 5010 750 5068 columnae
775 5029 815 5068 ac·
836 5011 921 5070 bases
974 5018 1014 5075 ab
1031 5035 1094 5074 nno
1111 5035 1215 5074 mense
1228 5024 1258 5073 et
1272 5034 1386 5090 snpra,
1397 5015 1518 5089 ciyinti
1529 5019 1594 5076 dne
1609 5021 1717 5082 rniilia

172 5125 301 5174 earnm,
331 5109 551 5183 coloniamque
580 5107 662 5165 atrii
691 5127 764 5166 carn
794 5109 920 5168 basibus
975 5115 1107 5173 diwanii
1121 5114 1327 5189 septaayintn
1344 5121 1415 5171 tres.
1435 5114 1475 5171 In
1487 5117 1593 5189 pretio
1608 5128 1717 5180 antem

172 5206 250 5264 suis.
267 5203 314 5264 Ad
331 5203 492 5265 bleraritas
509 5223 646 5284 namque
667 5203 821 5285 pertinuit
838 5204 921 5268 lerre
975 5211 1186 5267 dacrtentornm
1207 5211 1414 5285 septnayinta
1440 5211 1541 5271 triam
1560 5216 1717 5292 prirnoye-

175 5302 264 5378 dura,
281 5319 355 5383 qua
370 5310 458 5363 extra
475 5301 713 5364 tabernaculum
730 5310 840 5365 erant:
859 5303 922 5366 sic·
975 5308 1118 5366 niteram
1130 5308 1273 5366 tribuam
1290 5314 1477 5384 ceterarum,
1491 5311 1717 5387 quiescentem
