4309 6259
517 524 691 570 assumto
713 525 743 569 IN
765 524 833 569 GAP.
856 523 931 569 xviii
952 522 1185 569 DEUTERONONN.
1207 542 1248 551 -
1267 524 1340 569 ΛΒΤ.
1362 525 1417 570 xlx

735 933 1058 1020 ARTICULUS
1095 936 1197 1019 XIX

185 1211 383 1258 exassuaslo
402 1210 576 1255 albicantis
596 1209 732 1255 carrium
751 1207 961 1253 ouravtbacfflt
980 1208 986 1252 :
1006 1206 1066 1252 NON
1087 1209 1246 1254 HABEBUN'I'
1264 1209 1455 1255 SACENDOTES
1474 1209 1510 1253 ΕΤ
1528 1209 1653 1269 lAEVl'l'AE,
1671 1210 1736 1254 ETC.

228 1488 255 1551 N
274 1488 405 1551 exordio
426 1487 522 1568 hujus
543 1486 676 1567 capituli
692 1485 836 1567 quadam
853 1483 980 1547 cari-A
1034 1485 1210 1544 Primitiae
1223 1486 1394 1561 frumenti,
1412 1488 1486 1545 uini
1504 1497 1534 1547 et
1552 1489 1627 1558 otei,
1642 1498 1672 1548 et
1693 1493 1740 1549 ta-

235 1587 390 1650 monialia
405 1588 445 1648 ad
463 1586 649 1666 religionem
667 1584 841 1667 spectantia
857 1602 941 1647 reeo-
996 1602 1115 1641 nerum
1126 1592 1255 1659 partem
1269 1603 1310 1641 en
1324 1586 1436 1645 ouium
1453 1587 1608 1655 tonsione,
1618 1586 1740 1649 dabunt
1774 1586 1777 1593 '

185 1687 313 1762 iuratur,
331 1685 448 1749 deinde
463 1686 596 1749 diverse
612 1684 854 1766 superstitiones
870 1702 942 1765 pro·
997 1677 1059 1740 lilii
1075 1680 1168 1742 lsrael
1185 1680 1351 1743 sacerdoti.
1369 1682 1437 1743 Non
1457 1684 1543 1763 quod
1562 1702 1674 1747 omnes
1689 1685 1741 1747 de

185 1785 365 1858 hibentur;
389 1792 420 1847 et
444 1784 553 1846 omnia
577 1784 636 1866 ista
658 1782 832 1865 praehabita
854 1789 939 1858 sunt,
995 1778 1111 1839 derunt
1132 1777 1235 1841 eidem
1257 1780 1423 1856 sacerdoti,
1447 1781 1503 1843 sed
1523 1783 1739 1845 sacerdotibus

186 1884 313 1945 idcirco
343 1883 644 1965 pertranseundum.
680 1884 754 1943 Non
784 1882 941 1941 nabebunt
997 1877 1030 1939 in
1053 1878 1227 1941 Jerusalem
1256 1879 1474 1943 habitantibus
1501 1883 1738 1963 apportabatur,

184 1984 367 2043 sacerdotes
378 1992 408 2041 et
418 1984 588 2053 Leuitm,et
598 2001 705 2041 omnes
716 1982 822 2061 quide
832 1983 941 2040 eudem
996 1985 1027 2039 et
1043 1977 1176 2039 dabatur
1191 1996 1264 2059 pars
1280 1977 1327 2040 eis
1342 1979 1499 2060 deputata
1518 1979 1739 2044 Sacerdotibus

187 2083 283 2142 tribu
291 2090 381 2151 sunt,
391 2079 422 2142 id
433 2088 480 2142 est
490 2080 530 2143 de
545 2079 643 2160 stirpe
654 2078 805 2155 Levitioa,
813 2088 941 2155 portem
996 2094 1071 2139 vero
1088 2094 1144 2157 per
1161 2075 1262 2138 tribus
1281 2075 1375 2139 lsrael
1396 2076 1472 2140 hine
1493 2077 1567 2141 inde
1586 2079 1740 2161 dispersis

185 2190 219 2239 et
236 2180 458 2249 nereditatem,
477 2177 509 2239 id
525 2186 573 2240 est
588 2176 811 2240 hereditariam
827 2176 942 2258 portio
996 2174 1114 2237 dabant
1134 2174 1211 2255 ipsae
1235 2174 1349 2250 tribue,
1367 2183 1398 2238 et
1418 2194 1617 2259 unaquaque
1638 2178 1741 2240 tribus

188 2296 280 2353 nem,
297 2297 371 2337 eum
386 2278 511 2357 reliquo
523 2280 643 2355 populo
659 2278 772 2337 Israel.
783 2277 942 2336 Dominus
996 2273 1213 2335 sacerdotibus
1229 2272 1262 2334 in
1278 2293 1335 2335 sua
1350 2282 1435 2336 sorte
1450 2276 1664 2339 manentibus.
1679 2277 1742 2340 Nee

186 2378 282 2437 enim
301 2378 369 2453 ipse
387 2384 432 2435 est
452 2377 612 2435 hereditas
633 2394 756 2443 eorum,
773 2374 804 2434 id
827 2380 885 2449 est,
905 2390 942 2435 ea
997 2371 1101 2433 solum
1123 2371 1162 2433 de
1185 2371 1279 2433 rebus
1301 2371 1351 2434 his
1374 2372 1542 2455 expressis,
1568 2375 1623 2437 sed
1649 2384 1680 2438 et
1701 2377 1742 2438 de

187 2494 266 2557 quae
280 2474 344 2536 lieo
361 2472 580 2548 immolantur,
598 2471 678 2554 ipsis
699 2479 773 2533 sunt
792 2472 942 2553 deputata
996 2470 1067 2532 aliis
1084 2470 1189 2547 rebus,
1207 2470 1298 2547 olbia,
1316 2469 1475 2534 fructibus
1497 2480 1528 2533 et
1546 2473 1741 2537 animalibus

189 2591 253 2655 pro
267 2569 500 2634 sustentatione
514 2578 546 2633 et
561 2569 752 2633 hereditaria
762 2578 862 2652 parte.
875 2573 943 2631 Hoc
998 2569 1154 2631 dabantur
1169 2568 1330 2650 primitia,
1348 2578 1444 2650 prout
1459 2570 1492 2631 in
1508 2569 1643 2634 diversis
1664 2573 1741 2637 loeis
1762 2591 1886 2646 namna,

189 2673 257 2731 erit
271 2671 445 2747 judicium
467 2672 681 2739 sacerdotum,
699 2668 731 2730 id
756 2676 803 2730 est
828 2686 944 2750 praece-
962 2667 1175 2750 Bexpositum
1199 2675 1257 2729 est.
1280 2670 1393 2745 Ipsum
1411 2670 1499 2729 enim
1520 2673 1615 2747 etepit
1636 2675 1743 2733 Domi·
1756 2657 1854 2709 ΜΨ·

191 2776 287 2851 ptum
304 2767 483 2829 sacerdotes
502 2784 709 2843 concernens
731 2788 751 2828 ct
766 2770 897 2844 populo,
914 2776 943 2827 ei
997 2787 1059 2827 nus
1074 2769 1114 2826 de
1128 2769 1252 2826 cunetis
1268 2768 1414 2825 tribubus
1430 2769 1507 2836 tuis,
1524 2778 1560 2827 ut
1580 2771 1742 2833 ministret

191 2867 301 2928 abbis
321 2866 381 2945 qui
400 2868 540 2942 offerunt
559 2867 717 2935 uictimas,
735 2872 795 2927 etc.
813 2866 943 2925 Dabunt
998 2866 1126 2925 nomini
1140 2865 1275 2925 Domini
1289 2866 1356 2940 ipse
1369 2874 1399 2924 et
1413 2866 1481 2942 fittt
1494 2867 1565 2942 ejus
1580 2869 1617 2927 in
1631 2872 1744 2946 sempi-

190 2964 355 3025 socerdoti
373 2984 503 3023 urorum
519 2972 549 3023 et
563 2964 782 3023 ventriculum
799 2983 809 3022 :
831 2961 862 3024 id
883 2971 941 3040 est,
999 2974 1137 3025 ternum.
1155 2962 1239 3023 istud
1256 2980 1320 3023 non
1341 2962 1471 3043 ponitur
1490 2963 1543 3026 hic
1563 2966 1744 3046 specialiter

193 3062 222 3123 si
238 3061 420 3125 oil'erentur
434 3058 596 3136 animalia,
615 3061 794 3123 sacerdotes
814 3061 870 3142 qui
887 3060 945 3121 im·
999 3061 1037 3123 de
1053 3080 1178 3123 summo
1194 3060 1367 3137 sacerdote,
1385 3061 1441 3123 sed
1462 3062 1591 3143 ponitur
1611 3064 1664 3128 hie
1679 3065 1744 3127 sin-

192 3160 319 3223 molant
342 3178 389 3235 ea,
412 3157 575 3221 habebunt
594 3158 650 3219 has
671 3167 776 3240 partes
796 3158 944 3221 animalis
997 3160 1107 3239 gulare
1132 3177 1189 3242 pro
1215 3158 1357 3241 plurali:
1382 3168 1418 3221 ut
1442 3159 1484 3221 sit
1508 3180 1630 3240 sensus,
1657 3164 1743 3244 quod

193 3257 306 3335 oblati,
324 3256 474 3320 videlicet
495 3275 632 3333 armum,
651 3256 684 3317 id
706 3265 754 3319 est
774 3257 943 3319 humerum
998 3259 1079 3321 Deus
1095 3257 1189 3337 elegit
1205 3257 1394 3333 sacerdotes,
1407 3276 1583 3341 eorumque
1598 3270 1742 3343 posteros

194 3376 253 3420 seu
275 3354 451 3438 scapulam,
467 3374 504 3417 ae
527 3354 751 3433 ventriculum,
770 3355 804 3417 id
826 3363 873 3418 est
894 3374 945 3437 pe·
998 3376 1036 3419 ex
1061 3356 1160 3438 stirpe
1184 3356 1260 3418 Levi
1284 3374 1350 3438 prta
1379 3356 1493 3419 ceteris
1523 3358 1682 3437 tribubus,
1709 3368 1744 3421 ut

194 3454 389 3530 olusculum,
399 3462 435 3514 ut
449 3453 580 3533 quidam
596 3454 830 3535 exponuntl'el
847 3453 873 3515 si
889 3472 945 3535 per
999 3454 1061 3517 sibi
1075 3454 1108 3515 in
1126 3455 1244 3536 templo
1259 3453 1478 3517 ministrarent
1493 3475 1551 3538 per
1564 3466 1746 3521 omnetem·

194 3552 413 3617 ventriculum
436 3550 680 3631 intelligendum
703 3560 751 3613 est
774 3552 873 3629 aliud,
899 3552 944 3614 sie
1000 3571 1060 3635 pus
1075 3551 1191 3615 veteris
1207 3552 1411 3615 Testamenti.

196 3652 250 3714 hic
265 3651 394 3713 additur
413 3649 537 3731 aliquid
556 3649 773 3713 sacerdotibus
788 3651 942 3727 dandum,
1039 3653 1080 3713 Si
1093 3652 1210 3711 enierit
1225 3653 1350 3711 Levites
1367 3672 1408 3710 eu
1429 3673 1497 3712 una
1519 3655 1651 3715 urbium
1676 3664 1748 3717 tua·

196 3760 293 3814 antea
312 3767 378 3812 non
401 3768 597 3830 expressum.
614 3748 839 3812 Verumtamen
861 3749 945 3811 istud
1000 3771 1087 3822 rum,
1110 3758 1170 3811 ete.
1195 3748 1313 3810 Levitis
1338 3749 1507 3830 assignate
1533 3760 1624 3813 erant
1650 3753 1745 3816 urbes

199 3868 264 3912 non
287 3856 336 3911 est
355 3847 580 3929 accipiendum
600 3848 639 3909 de
659 3866 861 3930 quocumque
883 3848 949 3910 ani·
964 3854 986 3917 C
1001 3848 1135 3912 diversae
1148 3848 1188 3909 ad
1204 3846 1412 3909 habitandum
1434 3865 1490 3929 per
1510 3857 1611 3911 totum
1627 3850 1746 3913 israeli-

199 3948 277 4010 mali
298 3947 417 4021 oblato,
435 3946 510 4027 quia
531 3947 571 4008 de
593 3946 787 4009 holocaustis
810 3966 874 4011 non
894 3948 949 4010 ha·
1003 3946 1099 4010 ticum
1117 3944 1282 4029 populum,
1295 3944 1378 4007 sicut
1393 3964 1490 4027 supra
1504 3945 1670 4010 inductum
1685 3957 1744 4028 est,

52 4075 183 4123 Latin&
199 4046 271 4109 buit
282 4046 430 4109 sacerdos
445 4044 508 4107 nisi
524 4044 710 4127 pellem3de
724 4045 856 4108 animali
872 4065 948 4109 vero
1002 4056 1034 4108 et
1056 4045 1089 4107 in
1112 4045 1319 4108 Numerorum
1342 4043 1435 4120 libro,
1453 4044 1487 4106 in
1506 4045 1600 4107 tosue
1619 4065 1746 4128 quoque
1771 4074 1893 4127 num,

200 4147 287 4227 quod
305 4163 363 4226 pro
379 4152 508 4226 peccato
528 4142 765 4206 communitatis
784 4144 950 4208 combure·
1002 4144 1136 4207 habetur
1147 4160 1154 4204 ε
1164 4151 1269 4205 tamen
1285 4150 1321 4203 ut
1336 4141 1454 4205 dicitur
1469 4142 1618 4219 hindam
1629 4146 1747 4227 aliquis
1761 4139 1836 4245 ᾖξας
1846 4215 1880 4244 m

51 4263 184 4313 resanat„
200 4244 307 4319 batur,
326 4242 407 4305 nihil
423 4241 519 4305 cessit
535 4241 567 4302 in
584 4260 675 4303 usum
698 4242 879 4305 sacerdotis.
898 4244 948 4305 In·
1003 4243 1183 4306 heritarum
1198 4248 1286 4303 extra
1302 4240 1412 4303 urbem
1428 4240 1530 4303 divini
1546 4243 1651 4305 cultus
1666 4263 1748 4308 com·
1884 4233 1890 4243 ¹

42 4328 185 4437 ῗῇζῇξ
201 4342 349 4405 tellectus
379 4340 475 4423 hujus
505 4340 577 4416 loci,
605 4340 637 4401 in
667 4340 773 4404 Exodo
798 4349 830 4403 et
854 4360 949 4425 super
1003 4340 1207 4415 morantium,
1227 4358 1265 4401 ex
1287 4338 1458 4403 devotione
1477 4341 1599 4421 optavit
1619 4361 1748 4406 manere

43 4454 114 4494 aba·
202 4442 381 4504 Levitieum
403 4439 436 4501 in
460 4438 607 4520 pluribus
626 4448 713 4522 patet
732 4439 821 4503 locis.
839 4440 948 4504 Glossa
1003 4442 1036 4503 in
1059 4439 1138 4502 urba
1162 4437 1227 4513 illa,
1244 4436 1349 4499 iuerat
1370 4438 1586 4501 admittendus
1605 4441 1645 4503 ad
1661 4441 1749 4503 habi·

44 4516 182 4629 ,ffijfffl
201 4549 310 4603 autem
336 4539 389 4600 hic
410 4537 455 4599 ait
478 4556 484 4598 :
507 4538 540 4599 ln
564 4538 719 4601 veturiae
743 4557 825 4603 novo
847 4540 950 4603 Testa·
1003 4539 1135 4603 tandum
1158 4556 1194 4599 ac
1221 4535 1466 4598 ministrandum
1497 4536 1627 4601 ibidem.
1654 4538 1743 4604 Unde

203 4646 313 4701 mento
328 4635 486 4698 ministris
502 4635 610 4698 altaris
630 4645 824 4718 praeeeptum
844 4645 892 4699 est
911 4638 950 4700 de
1004 4635 1749 4717 subjungitur,desiderartsvttierelocumquem

203 4735 423 4800 oblationibus
446 4734 564 4811 vivere,
590 4754 648 4798 nee
671 4736 805 4798 terrenis
827 4755 951 4818 posses·
1004 4736 1133 4812 eiecerit
1151 4735 1325 4801 Dominus,
1341 4734 1541 4794 ministrabit
1561 4735 1595 4793 in
1619 4739 1750 4797 nomine

204 4834 350 4897 sionibus
380 4832 586 4914 acquirendis
611 4851 797 4895 eoncessum
828 4843 876 4897 est
905 4834 951 4896 eis
1005 4835 1140 4895 Domini
1154 4834 1214 4894 Dei
1228 4833 1295 4900 sui,
1306 4830 1337 4892 id
1353 4829 1567 4906 est,otiioium
1579 4833 1749 4899 Levitieale

205 4933 340 4995 inhiare.
358 4932 426 4995 Non
442 4932 529 4994 enim
550 4940 675 5012 oportet
696 4940 729 4993 ut
749 4931 805 5012 qui
826 4951 951 5014 semper
1006 4931 1165 4994 exercebit
1180 4930 1236 5006 ibi,
1253 4932 1337 4989 sicut
1351 4949 1460 4989 omues
1474 4933 1594 5008 fratres
1607 4934 1677 5009 ejus
1693 4938 1751 4995 Le·

205 5031 331 5093 adstare
352 5032 447 5093 debet
468 5028 579 5092 divino
601 5028 724 5105 oilieio,
743 5030 844 5093 inhiet
864 5031 991 5100 lucret)
1008 5034 1093 5102 vinu,
1111 5030 1143 5093 id
1165 5039 1213 5093 est
1235 5029 1318 5091 sieut
1337 5027 1434 5090 ceteri
1449 5028 1566 5092 Levita
1586 5030 1619 5092 in
1639 5034 1749 5096 eadem

206 5140 344 5206 terreno,
362 5128 511 5191 cutheus
528 5128 759 5190 hereditasest.
777 5128 857 5203 Quid
877 5148 951 5211 ergo
1007 5129 1086 5191 urbe
1100 5136 1276 5190 manentes.
1294 5130 1427 5189 Partem
1447 5129 1591 5189 ciborum
1606 5134 1750 5193 eamdem

207 5228 255 5290 illi
281 5229 392 5291 deesse
421 5233 536 5309 potest,
563 5225 618 5306 qui
643 5234 757 5289 cuneta
782 5228 950 5291 habentem
1007 5229 1141 5305 accipiet
1155 5248 1254 5306 quum
1267 5236 1297 5285 et
1311 5226 1419 5294 ceteri,
1430 5224 1462 5287 id
1477 5233 1536 5302 est,
1549 5246 1606 5308 pro
1621 5248 1679 5292 suo
1695 5230 1752 5292 mi-

206 5326 324 5389 habett
1007 5315 1153 5389 nisterio'
1167 5323 1297 5386 habebit
1326 5322 1463 5385 similem
1495 5324 1675 5405 portionem
1706 5329 1745 5393 de
