<?xml version="1.0" encoding="UTF-8"?>
<!DOCTYPE html PUBLIC "-//W3C//DTD XHTML 1.0 Transitional//EN"
    "http://www.w3.org/TR/xhtml1/DTD/xhtml1-transitional.dtd">
<html xmlns="http://www.w3.org/1999/xhtml" xml:lang="en" lang="en">
 <head>
  <title>
</title>
<meta http-equiv="Content-Type" content="text/html;charset=utf-8" />
  <meta name='ocr-system' content='tesseract 3.04.00' />
  <meta name='ocr-capabilities' content='ocr_page ocr_carea ocr_par ocr_line ocrx_word'/>
</head>
<body>
  <div class='ocr_page' id='page_1' title='image "./doctorisecstati00unkngoog_0120.png"; bbox 0 0 4309 6259; ppageno 0'>
   <div class='ocr_carea' id='block_1_1' title="bbox 410 463 1568 527">
    <p class='ocr_par' dir='ltr' id='par_1_1' title="bbox 410 463 1568 527">
     <span class='ocr_line' id='line_1_1' title="bbox 410 463 1568 527; baseline -0.002 0"><span class='ocrx_word' id='word_1_1' title='bbox 410 463 448 527; x_wconf 76' lang='lat'><em>72</em></span> <span class='ocrx_word' id='word_1_2' title='bbox 795 480 968 527; x_wconf 69' lang='lat' dir='ltr'><em>arenauno</em></span> <span class='ocrx_word' id='word_1_3' title='bbox 989 481 1019 526; x_wconf 87' lang='grc' dir='ltr'><em>ιιι</em></span> <span class='ocrx_word' id='word_1_4' title='bbox 1041 481 1111 527; x_wconf 80' lang='lat' dir='ltr'><em>can.</em></span> <span class='ocrx_word' id='word_1_5' title='bbox 1133 480 1230 527; x_wconf 81' lang='lat' dir='ltr'><em>xxvru</em></span> <span class='ocrx_word' id='word_1_6' title='bbox 1251 480 1353 527; x_wconf 80' lang='lat' dir='ltr'><em>axoni.</em></span> <span class='ocrx_word' id='word_1_7' title='bbox 1374 498 1415 509; x_wconf 98' lang='lat'>—</span> <span class='ocrx_word' id='word_1_8' title='bbox 1435 480 1506 527; x_wconf 75' lang='lat' dir='ltr'><em>aar.</em></span> <span class='ocrx_word' id='word_1_9' title='bbox 1530 482 1568 527; x_wconf 82' lang='lat' dir='ltr'><em>nv</em></span> 
     </span>
    </p>
   </div>
   <div class='ocr_carea' id='block_1_2' title="bbox 409 651 1958 3499">
    <p class='ocr_par' dir='ltr' id='par_1_2' title="bbox 409 651 1958 3499">
     <span class='ocr_line' id='line_1_2' title="bbox 409 651 1950 735; baseline 0.001 -21"><span class='ocrx_word' id='word_1_10' title='bbox 409 655 511 732; x_wconf 84' lang='lat' dir='ltr'><em>sacta,</em></span> <span class='ocrx_word' id='word_1_11' title='bbox 527 664 556 713; x_wconf 89' lang='lat' dir='ltr'><em>et</em></span> <span class='ocrx_word' id='word_1_12' title='bbox 576 675 596 714; x_wconf 95' lang='lat' dir='ltr'><em>a</em></span> <span class='ocrx_word' id='word_1_13' title='bbox 616 656 805 714; x_wconf 82' lang='lat' dir='ltr'><em>seinvicem</em></span> <span class='ocrx_word' id='word_1_14' title='bbox 822 655 984 715; x_wconf 78' lang='lat' dir='ltr'><em>rationale</em></span> <span class='ocrx_word' id='word_1_15' title='bbox 999 664 1028 713; x_wconf 90' lang='lat' dir='ltr'><em>et</em></span> <span class='ocrx_word' id='word_1_16' title='bbox 1045 673 1153 730; x_wconf 66' lang='lat' dir='ltr'><em>stepa-</em></span> <span class='ocrx_word' id='word_1_17' title='bbox 1166 652 1192 714; x_wconf 96' lang='lat' dir='ltr'><em>A</em></span> <span class='ocrx_word' id='word_1_18' title='bbox 1206 651 1371 716; x_wconf 83' lang='lat' dir='ltr'><em>veritatem</em></span> <span class='ocrx_word' id='word_1_19' title='bbox 1397 651 1469 717; x_wconf 76' lang='lat' dir='ltr'><em>vitta</em></span> <span class='ocrx_word' id='word_1_20' title='bbox 1493 661 1589 734; x_wconf 81' lang='lat' dir='ltr'><em>alque</em></span> <span class='ocrx_word' id='word_1_21' title='bbox 1616 654 1748 735; x_wconf 76' lang='lat' dir='ltr'><em>justitian</em></span> <span class='ocrx_word' id='word_1_22' title='bbox 1772 655 1890 718; x_wconf 85' lang='lat' dir='ltr'><em>habere</em></span> <span class='ocrx_word' id='word_1_23' title='bbox 1914 653 1950 716; x_wconf 88' lang='lat' dir='ltr'><em>in</em></span> 
     </span>
     <span class='ocr_line' id='line_1_3' title="bbox 410 751 1952 833; baseline 0.002 -22"><span class='ocrx_word' id='word_1_24' title='bbox 410 753 574 813; x_wconf 81' lang='lat' dir='ltr'><em>humerale</em></span> <span class='ocrx_word' id='word_1_25' title='bbox 594 763 754 833; x_wconf 82' lang='lat' dir='ltr'><em>nequeant</em></span> <span class='ocrx_word' id='word_1_26' title='bbox 774 755 932 830; x_wconf 86' lang='lat' dir='ltr'><em>separari.</em></span> <span class='ocrx_word' id='word_1_27' title='bbox 949 753 982 814; x_wconf 93' lang='lat' dir='ltr'><em>ln</em></span> <span class='ocrx_word' id='word_1_28' title='bbox 1005 751 1152 814; x_wconf 87' lang='lat' dir='ltr'><em>inferiori</em></span> <span class='ocrx_word' id='word_1_29' title='bbox 1207 759 1324 815; x_wconf 87' lang='lat' dir='ltr'><em>monte.</em></span> <span class='ocrx_word' id='word_1_30' title='bbox 1341 754 1384 812; x_wconf 84' lang='lat' dir='ltr'><em>Et</em></span> <span class='ocrx_word' id='word_1_31' title='bbox 1395 754 1531 829; x_wconf 69' lang='lat' dir='ltr'><em>gestabit</em></span> <span class='ocrx_word' id='word_1_32' title='bbox 1547 754 1717 829; x_wconf 86' lang='lat' dir='ltr'><em>judiciam</em></span> <span class='ocrx_word' id='word_1_33' title='bbox 1738 756 1883 831; x_wconf 84' lang='lat' dir='ltr'><em>filioram</em></span> <span class='ocrx_word' id='word_1_34' title='bbox 1903 757 1952 816; x_wconf 85' lang='lat' dir='ltr'><em>Is-</em></span> 
     </span>
     <span class='ocr_line' id='line_1_4' title="bbox 410 850 1952 933; baseline 0.001 -21"><span class='ocrx_word' id='word_1_35' title='bbox 410 870 547 933; x_wconf 86' lang='lat' dir='ltr'><em>namque</em></span> <span class='ocrx_word' id='word_1_36' title='bbox 567 859 656 933; x_wconf 91' lang='lat' dir='ltr'><em>parte</em></span> <span class='ocrx_word' id='word_1_37' title='bbox 674 850 849 928; x_wconf 89' lang='lat' dir='ltr'><em>rationalis,</em></span> <span class='ocrx_word' id='word_1_38' title='bbox 868 860 959 914; x_wconf 89' lang='lat' dir='ltr'><em>erant</em></span> <span class='ocrx_word' id='word_1_39' title='bbox 974 859 1005 914; x_wconf 90' lang='lat' dir='ltr'><em>et</em></span> <span class='ocrx_word' id='word_1_40' title='bbox 1024 850 1081 913; x_wconf 90' lang='lat' dir='ltr'><em>alii</em></span> <span class='ocrx_word' id='word_1_41' title='bbox 1100 870 1154 912; x_wconf 90' lang='lat' dir='ltr'><em>an·</em></span> <span class='ocrx_word' id='word_1_42' title='bbox 1206 855 1275 911; x_wconf 87' lang='lat' dir='ltr'><em>rael</em></span> <span class='ocrx_word' id='word_1_43' title='bbox 1294 852 1330 910; x_wconf 83' lang='lat' dir='ltr'><em>in</em></span> <span class='ocrx_word' id='word_1_44' title='bbox 1349 860 1476 928; x_wconf 87' lang='lat' dir='ltr'><em>pectore</em></span> <span class='ocrx_word' id='word_1_45' title='bbox 1495 872 1552 911; x_wconf 85' lang='lat' dir='ltr'><em>sao</em></span> <span class='ocrx_word' id='word_1_46' title='bbox 1576 854 1613 912; x_wconf 83' lang='lat' dir='ltr'><em>tn</em></span> <span class='ocrx_word' id='word_1_47' title='bbox 1637 863 1801 929; x_wconf 77' lang='lat' dir='ltr'><em>conspecta</em></span> <span class='ocrx_word' id='word_1_48' title='bbox 1814 856 1952 915; x_wconf 79' lang='lat' dir='ltr'><em>Domini</em></span> 
     </span>
     <span class='ocr_line' id='line_1_5' title="bbox 409 948 1952 1032; baseline 0.001 -20"><span class='ocrx_word' id='word_1_49' title='bbox 409 950 477 1012; x_wconf 92' lang='lat' dir='ltr'><em>nuli</em></span> <span class='ocrx_word' id='word_1_50' title='bbox 494 950 558 1012; x_wconf 91' lang='lat' dir='ltr'><em>duo</em></span> <span class='ocrx_word' id='word_1_51' title='bbox 575 949 664 1013; x_wconf 91' lang='lat' dir='ltr'><em>aurei</em></span> <span class='ocrx_word' id='word_1_52' title='bbox 682 951 715 1011; x_wconf 90' lang='lat' dir='ltr'><em>in</em></span> <span class='ocrx_word' id='word_1_53' title='bbox 736 960 872 1032; x_wconf 87' lang='lat' dir='ltr'><em>utroque</em></span> <span class='ocrx_word' id='word_1_54' title='bbox 893 950 990 1013; x_wconf 89' lang='lat' dir='ltr'><em>latere</em></span> <span class='ocrx_word' id='word_1_55' title='bbox 1007 951 1098 1032; x_wconf 89' lang='lat' dir='ltr'><em>ejus;</em></span> <span class='ocrx_word' id='word_1_56' title='bbox 1120 949 1151 1009; x_wconf 90' lang='lat' dir='ltr'><em>in</em></span> <span class='ocrx_word' id='word_1_57' title='bbox 1206 971 1342 1027; x_wconf 81' lang='lat' dir='ltr'><em>semper,</em></span> <span class='ocrx_word' id='word_1_58' title='bbox 1359 948 1390 1009; x_wconf 90' lang='lat' dir='ltr'><em>id</em></span> <span class='ocrx_word' id='word_1_59' title='bbox 1412 957 1471 1024; x_wconf 90' lang='lat' dir='ltr'><em>est,</em></span> <span class='ocrx_word' id='word_1_60' title='bbox 1488 969 1615 1012; x_wconf 91' lang='lat' dir='ltr'><em>causam</em></span> <span class='ocrx_word' id='word_1_61' title='bbox 1638 951 1749 1012; x_wconf 89' lang='lat' dir='ltr'><em>salutis</em></span> <span class='ocrx_word' id='word_1_62' title='bbox 1770 951 1952 1014; x_wconf 75' lang='lat' dir='ltr'><em>israelitica</em></span> 
     </span>
     <span class='ocr_line' id='line_1_6' title="bbox 409 1048 1952 1132; baseline 0.001 -21"><span class='ocrx_word' id='word_1_63' title='bbox 409 1049 577 1130; x_wconf 81' lang='lat' dir='ltr'>posteriori</span> <span class='ocrx_word' id='word_1_64' title='bbox 602 1067 730 1130; x_wconf 89' lang='lat' dir='ltr'><em>quoque</em></span> <span class='ocrx_word' id='word_1_65' title='bbox 755 1050 1025 1131; x_wconf 90' lang='lat' dir='ltr'><em>superhumeralis</em></span> <span class='ocrx_word' id='word_1_66' title='bbox 1050 1058 1151 1131; x_wconf 85' lang='lat' dir='ltr'><em>parte,</em></span> <span class='ocrx_word' id='word_1_67' title='bbox 1207 1048 1312 1131; x_wconf 93' lang='lat' dir='ltr'><em>plebis</em></span> <span class='ocrx_word' id='word_1_68' title='bbox 1336 1067 1442 1111; x_wconf 89' lang='lat' dir='ltr'><em>eoram</em></span> <span class='ocrx_word' id='word_1_69' title='bbox 1467 1049 1530 1111; x_wconf 87' lang='lat' dir='ltr'><em>Deo</em></span> <span class='ocrx_word' id='word_1_70' title='bbox 1552 1058 1708 1126; x_wconf 85' lang='lat' dir='ltr'><em>assumet,</em></span> <span class='ocrx_word' id='word_1_71' title='bbox 1734 1057 1765 1113; x_wconf 93' lang='lat' dir='ltr'><em>et</em></span> <span class='ocrx_word' id='word_1_72' title='bbox 1788 1068 1846 1131; x_wconf 91' lang='lat' dir='ltr'><em>pro</em></span> <span class='ocrx_word' id='word_1_73' title='bbox 1870 1050 1952 1132; x_wconf 91' lang='lat' dir='ltr'><em>ipsis</em></span> 
     </span>
     <span class='ocr_line' id='line_1_7' title="bbox 409 1147 1953 1230; baseline 0.001 -20"><span class='ocrx_word' id='word_1_74' title='bbox 409 1148 570 1211; x_wconf 90' lang='lat' dir='ltr'><em>dnoaurei</em></span> <span class='ocrx_word' id='word_1_75' title='bbox 586 1148 697 1211; x_wconf 89' lang='lat' dir='ltr'><em>annuli</em></span> <span class='ocrx_word' id='word_1_76' title='bbox 713 1148 777 1210; x_wconf 92' lang='lat' dir='ltr'><em>illis</em></span> <span class='ocrx_word' id='word_1_77' title='bbox 789 1149 1074 1230; x_wconf 80' lang='lat' dir='ltr'><em>correspondentes</em></span> <span class='ocrx_word' id='word_1_78' title='bbox 1089 1148 1154 1210; x_wconf 86' lang='lat' dir='ltr'><em>fue</em></span> <span class='ocrx_word' id='word_1_79' title='bbox 1207 1147 1364 1209; x_wconf 91' lang='lat' dir='ltr'><em>sollicitus</em></span> <span class='ocrx_word' id='word_1_80' title='bbox 1378 1147 1448 1225; x_wconf 78' lang='lat' dir='ltr'><em>erit,</em></span> <span class='ocrx_word' id='word_1_81' title='bbox 1456 1149 1620 1229; x_wconf 89' lang='lat' dir='ltr'><em>pensando</em></span> <span class='ocrx_word' id='word_1_82' title='bbox 1632 1148 1788 1229; x_wconf 84' lang='lat' dir='ltr'><em>judicium</em></span> <span class='ocrx_word' id='word_1_83' title='bbox 1800 1149 1854 1211; x_wconf 83' lang='lat' dir='ltr'><em>Dei</em></span> <span class='ocrx_word' id='word_1_84' title='bbox 1864 1150 1953 1230; x_wconf 91' lang='lat' dir='ltr'><em>quod</em></span> 
     </span>
     <span class='ocr_line' id='line_1_8' title="bbox 411 1245 1953 1329; baseline 0.001 -21"><span class='ocrx_word' id='word_1_85' title='bbox 411 1254 569 1329; x_wconf 89' lang='lat' dir='ltr'><em>runt:per</em></span> <span class='ocrx_word' id='word_1_86' title='bbox 583 1266 664 1328; x_wconf 86' lang='lat' dir='ltr'><em>quos</em></span> <span class='ocrx_word' id='word_1_87' title='bbox 681 1247 834 1310; x_wconf 80' lang='lat' dir='ltr'><em>rationale</em></span> <span class='ocrx_word' id='word_1_88' title='bbox 848 1256 879 1310; x_wconf 91' lang='lat' dir='ltr'><em>et</em></span> <span class='ocrx_word' id='word_1_89' title='bbox 893 1247 1154 1329; x_wconf 85' lang='lat' dir='ltr'><em>superhumerale</em></span> <span class='ocrx_word' id='word_1_90' title='bbox 1209 1245 1355 1307; x_wconf 87' lang='lat' dir='ltr'><em>imminet</em></span> <span class='ocrx_word' id='word_1_91' title='bbox 1369 1246 1426 1308; x_wconf 92' lang='lat' dir='ltr'><em>eis.</em></span> <span class='ocrx_word' id='word_1_92' title='bbox 1449 1246 1544 1309; x_wconf 89' lang='lat' dir='ltr'><em>Porro</em></span> <span class='ocrx_word' id='word_1_93' title='bbox 1565 1246 1760 1328; x_wconf 77' lang='lat' dir='ltr'><em>Augustinus</em></span> <span class='ocrx_word' id='word_1_94' title='bbox 1779 1247 1864 1310; x_wconf 90' lang='lat' dir='ltr'><em>circa</em></span> <span class='ocrx_word' id='word_1_95' title='bbox 1883 1247 1953 1310; x_wconf 69' lang='lat' dir='ltr'><em>haec</em></span> 
     </span>
     <span class='ocr_line' id='line_1_9' title="bbox 409 1344 1954 1429; baseline 0.001 -22"><span class='ocrx_word' id='word_1_96' title='bbox 409 1344 710 1425; x_wconf 81' lang='lat' dir='ltr'><em>constringebantur</em></span> <span class='ocrx_word' id='word_1_97' title='bbox 732 1346 765 1407; x_wconf 90' lang='lat' dir='ltr'><em>in</em></span> <span class='ocrx_word' id='word_1_98' title='bbox 788 1354 922 1428; x_wconf 90' lang='lat' dir='ltr'><em>utroque</em></span> <span class='ocrx_word' id='word_1_99' title='bbox 939 1348 1036 1410; x_wconf 90' lang='lat' dir='ltr'><em>latere</em></span> <span class='ocrx_word' id='word_1_100' title='bbox 1055 1366 1154 1410; x_wconf 90' lang='lat' dir='ltr'><em>sacer-</em></span> <span class='ocrx_word' id='word_1_101' title='bbox 1209 1344 1293 1406; x_wconf 88' lang='lat' dir='ltr'><em>fatur</em></span> <span class='ocrx_word' id='word_1_102' title='bbox 1305 1363 1313 1407; x_wconf 92' lang='lat'>:</span> <span class='ocrx_word' id='word_1_103' title='bbox 1324 1345 1358 1406; x_wconf 89' lang='lat' dir='ltr'><em>ln</em></span> <span class='ocrx_word' id='word_1_104' title='bbox 1374 1364 1438 1425; x_wconf 91' lang='lat' dir='ltr'><em>qua</em></span> <span class='ocrx_word' id='word_1_105' title='bbox 1453 1364 1487 1407; x_wconf 92' lang='lat' dir='ltr'><em>re</em></span> <span class='ocrx_word' id='word_1_106' title='bbox 1502 1346 1552 1408; x_wconf 90' lang='lat' dir='ltr'><em>vel</em></span> <span class='ocrx_word' id='word_1_107' title='bbox 1569 1346 1602 1406; x_wconf 91' lang='lat' dir='ltr'><em>in</em></span> <span class='ocrx_word' id='word_1_108' title='bbox 1618 1364 1682 1425; x_wconf 89' lang='lat' dir='ltr'><em>quo</em></span> <span class='ocrx_word' id='word_1_109' title='bbox 1697 1345 1825 1409; x_wconf 91' lang='lat' dir='ltr'><em>metallo</em></span> <span class='ocrx_word' id='word_1_110' title='bbox 1840 1346 1954 1429; x_wconf 78' lang='lat' dir='ltr'><em>positae</em></span> 
     </span>
     <span class='ocr_line' id='line_1_10' title="bbox 409 1444 1955 1527; baseline -0.001 -19"><span class='ocrx_word' id='word_1_111' title='bbox 409 1444 503 1522; x_wconf 90' lang='lat' dir='ltr'><em>dotis,</em></span> <span class='ocrx_word' id='word_1_112' title='bbox 531 1444 668 1525; x_wconf 86' lang='lat' dir='ltr'><em>quadam</em></span> <span class='ocrx_word' id='word_1_113' title='bbox 700 1444 835 1525; x_wconf 85' lang='lat' dir='ltr'><em>ligatura</em></span> <span class='ocrx_word' id='word_1_114' title='bbox 860 1446 1067 1526; x_wconf 79' lang='lat' dir='ltr'><em>hyacinthina</em></span> <span class='ocrx_word' id='word_1_115' title='bbox 1097 1464 1154 1527; x_wconf 91' lang='lat' dir='ltr'><em>per</em></span> <span class='ocrx_word' id='word_1_116' title='bbox 1208 1454 1299 1507; x_wconf 88' lang='lat' dir='ltr'><em>erant</em></span> <span class='ocrx_word' id='word_1_117' title='bbox 1314 1463 1410 1526; x_wconf 91' lang='lat' dir='ltr'><em>super</em></span> <span class='ocrx_word' id='word_1_118' title='bbox 1425 1445 1581 1507; x_wconf 88' lang='lat' dir='ltr'><em>rationale</em></span> <span class='ocrx_word' id='word_1_119' title='bbox 1595 1445 1826 1508; x_wconf 86' lang='lat' dir='ltr'><em>Demonstratio</em></span> <span class='ocrx_word' id='word_1_120' title='bbox 1840 1446 1886 1525; x_wconf 87' lang='lat' dir='ltr'><em>(id</em></span> <span class='ocrx_word' id='word_1_121' title='bbox 1902 1456 1955 1509; x_wconf 91' lang='lat' dir='ltr'><em>est</em></span> 
     </span>
     <span class='ocr_line' id='line_1_11' title="bbox 409 1543 1950 1622; baseline 0 -17"><span class='ocrx_word' id='word_1_122' title='bbox 409 1543 545 1606; x_wconf 90' lang='lat' dir='ltr'><em>annulos</em></span> <span class='ocrx_word' id='word_1_123' title='bbox 561 1552 756 1607; x_wconf 83' lang='lat' dir='ltr'><em>transeunte.</em></span> <span class='ocrx_word' id='word_1_124' title='bbox 1208 1544 1367 1622; x_wconf 85' lang='lat' dir='ltr'><em>doctrina)</em></span> <span class='ocrx_word' id='word_1_125' title='bbox 1382 1551 1414 1605; x_wconf 88' lang='lat' dir='ltr'><em>et</em></span> <span class='ocrx_word' id='word_1_126' title='bbox 1428 1543 1562 1618; x_wconf 78' lang='lat' dir='ltr'><em>Veritas,</em></span> <span class='ocrx_word' id='word_1_127' title='bbox 1576 1544 1721 1606; x_wconf 82' lang='lat' dir='ltr'><em>invenire</em></span> <span class='ocrx_word' id='word_1_128' title='bbox 1735 1543 1874 1607; x_wconf 80' lang='lat' dir='ltr'><em>difficile</em></span> <span class='ocrx_word' id='word_1_129' title='bbox 1889 1554 1950 1607; x_wconf 86' lang='lat' dir='ltr'><em>est.</em></span> 
     </span>
     <span class='ocr_line' id='line_1_12' title="bbox 448 1641 1951 1723; baseline 0.001 -19"><span class='ocrx_word' id='word_1_130' title='bbox 448 1646 658 1722; x_wconf 80' lang='lat' dir='ltr'><em>Portabitqne</em></span> <span class='ocrx_word' id='word_1_131' title='bbox 688 1647 800 1704; x_wconf 81' lang='lat' dir='ltr'><em>Aaron</em></span> <span class='ocrx_word' id='word_1_132' title='bbox 836 1645 972 1704; x_wconf 88' lang='lat' dir='ltr'><em>nomina</em></span> <span class='ocrx_word' id='word_1_133' title='bbox 1006 1645 1154 1721; x_wconf 82' lang='lat' dir='ltr'><em>filioram</em></span> <span class='ocrx_word' id='word_1_134' title='bbox 1209 1641 1402 1703; x_wconf 84' lang='lat' dir='ltr'><em>Fabulantur</em></span> <span class='ocrx_word' id='word_1_135' title='bbox 1428 1651 1534 1703; x_wconf 85' lang='lat' dir='ltr'><em>tamen</em></span> <span class='ocrx_word' id='word_1_136' title='bbox 1555 1642 1653 1704; x_wconf 76' lang='lat' dir='ltr'><em>ludaei</em></span> <span class='ocrx_word' id='word_1_137' title='bbox 1677 1641 1815 1723; x_wconf 88' lang='lat' dir='ltr'><em>lapidem</em></span> <span class='ocrx_word' id='word_1_138' title='bbox 1838 1642 1951 1718; x_wconf 87' lang='lat' dir='ltr'><em>fuisse,</em></span> 
     </span>
     <span class='ocr_line' id='line_1_13' title="bbox 409 1741 1955 1823; baseline 0 -20"><span class='ocrx_word' id='word_1_139' title='bbox 409 1744 512 1803; x_wconf 86' lang='lat' dir='ltr'><em>Israel</em></span> <span class='ocrx_word' id='word_1_140' title='bbox 540 1744 576 1801; x_wconf 88' lang='lat' dir='ltr'><em>in</em></span> <span class='ocrx_word' id='word_1_141' title='bbox 600 1744 759 1803; x_wconf 84' lang='lat' dir='ltr'><em>rationali</em></span> <span class='ocrx_word' id='word_1_142' title='bbox 775 1744 904 1819; x_wconf 83' lang='lat' dir='ltr'><em>judicii</em></span> <span class='ocrx_word' id='word_1_143' title='bbox 927 1763 1023 1819; x_wconf 83' lang='lat' dir='ltr'><em>saper</em></span> <span class='ocrx_word' id='word_1_144' title='bbox 1045 1752 1155 1820; x_wconf 76' lang='lat' dir='ltr'><em>peetus</em></span> <span class='ocrx_word' id='word_1_145' title='bbox 1209 1742 1301 1822; x_wconf 83' lang='lat' dir='ltr'><em>eujus</em></span> <span class='ocrx_word' id='word_1_146' title='bbox 1316 1741 1403 1804; x_wconf 89' lang='lat' dir='ltr'><em>color</em></span> <span class='ocrx_word' id='word_1_147' title='bbox 1418 1750 1592 1803; x_wconf 83' lang='lat' dir='ltr'><em>mutaretur</em></span> <span class='ocrx_word' id='word_1_148' title='bbox 1607 1742 1647 1803; x_wconf 90' lang='lat' dir='ltr'><em>ad</em></span> <span class='ocrx_word' id='word_1_149' title='bbox 1662 1760 1813 1823; x_wconf 86' lang='lat' dir='ltr'><em>prospera</em></span> <span class='ocrx_word' id='word_1_150' title='bbox 1828 1742 1877 1804; x_wconf 85' lang='lat' dir='ltr'><em>vol</em></span> <span class='ocrx_word' id='word_1_151' title='bbox 1897 1743 1955 1805; x_wconf 91' lang='lat' dir='ltr'><em>ad-</em></span> 
     </span>
     <span class='ocr_line' id='line_1_14' title="bbox 409 1839 1954 1921; baseline 0.001 -20"><span class='ocrx_word' id='word_1_152' title='bbox 409 1862 516 1913; x_wconf 81' lang='lat' dir='ltr'><em>anam,</em></span> <span class='ocrx_word' id='word_1_153' title='bbox 539 1844 669 1921; x_wconf 83' lang='lat' dir='ltr'><em>qnando</em></span> <span class='ocrx_word' id='word_1_154' title='bbox 694 1844 894 1919; x_wconf 66' lang='lat' dir='ltr'><em>ingredietur</em></span> <span class='ocrx_word' id='word_1_155' title='bbox 914 1844 1153 1912; x_wconf 82' lang='lat' dir='ltr'><em>sanctuarinm,</em></span> <span class='ocrx_word' id='word_1_156' title='bbox 1172 1840 1300 1902; x_wconf 87' lang='lat' dir='ltr'><em>Bversa</em></span> <span class='ocrx_word' id='word_1_157' title='bbox 1330 1839 1408 1902; x_wconf 92' lang='lat' dir='ltr'><em>filiis</em></span> <span class='ocrx_word' id='word_1_158' title='bbox 1439 1841 1531 1903; x_wconf 90' lang='lat' dir='ltr'><em>lsrael</em></span> <span class='ocrx_word' id='word_1_159' title='bbox 1562 1840 1763 1903; x_wconf 79' lang='lat' dir='ltr'><em>imminentia</em></span> <span class='ocrx_word' id='word_1_160' title='bbox 1782 1842 1954 1921; x_wconf 89' lang='lat' dir='ltr'><em>:quamvis</em></span> 
     </span>
     <span class='ocr_line' id='line_1_15' title="bbox 411 1937 1956 2022; baseline -0.001 -21"><span class='ocrx_word' id='word_1_161' title='bbox 411 1939 443 2002; x_wconf 94' lang='lat' dir='ltr'><em>id</em></span> <span class='ocrx_word' id='word_1_162' title='bbox 467 1948 516 2003; x_wconf 89' lang='lat' dir='ltr'><em>est</em></span> <span class='ocrx_word' id='word_1_163' title='bbox 540 1938 795 2017; x_wconf 89' lang='lat' dir='ltr'><em>tabernaculum,</em></span> <span class='ocrx_word' id='word_1_164' title='bbox 823 1940 999 2022; x_wconf 81' lang='lat' dir='ltr'><em>praesertim</em></span> <span class='ocrx_word' id='word_1_165' title='bbox 1024 1939 1154 2020; x_wconf 90' lang='lat' dir='ltr'><em>quando</em></span> <span class='ocrx_word' id='word_1_166' title='bbox 1210 1938 1346 2018; x_wconf 79' lang='lat' dir='ltr'><em>intelligi</em></span> <span class='ocrx_word' id='word_1_167' title='bbox 1363 1938 1486 2020; x_wconf 90' lang='lat' dir='ltr'><em>possint</em></span> <span class='ocrx_word' id='word_1_168' title='bbox 1502 1939 1632 2001; x_wconf 89' lang='lat' dir='ltr'><em>nomina</em></span> <span class='ocrx_word' id='word_1_169' title='bbox 1649 1938 1708 2001; x_wconf 86' lang='lat' dir='ltr'><em>ista</em></span> <span class='ocrx_word' id='word_1_170' title='bbox 1723 1937 1836 2001; x_wconf 90' lang='lat' dir='ltr'><em>litteris</em></span> <span class='ocrx_word' id='word_1_171' title='bbox 1852 1938 1956 2021; x_wconf 75' lang='lat' dir='ltr'><em>impo</em></span> 
     </span>
     <span class='ocr_line' id='line_1_16' title="bbox 410 2037 1441 2119; baseline -0.002 -19"><span class='ocrx_word' id='word_1_172' title='bbox 410 2038 541 2103; x_wconf 90' lang='lat' dir='ltr'><em>intrabit</em></span> <span class='ocrx_word' id='word_1_173' title='bbox 566 2038 679 2101; x_wconf 88' lang='lat' dir='ltr'><em>Sancta</em></span> <span class='ocrx_word' id='word_1_174' title='bbox 704 2047 885 2103; x_wconf 89' lang='lat' dir='ltr'><em>sanctorum</em></span> <span class='ocrx_word' id='word_1_175' title='bbox 914 2039 955 2100; x_wconf 91' lang='lat' dir='ltr'><em>ad</em></span> <span class='ocrx_word' id='word_1_176' title='bbox 984 2038 1156 2119; x_wconf 78' lang='lat' dir='ltr'><em>deprecari·</em></span> <span class='ocrx_word' id='word_1_177' title='bbox 1209 2037 1269 2098; x_wconf 93' lang='lat' dir='ltr'><em>sita</em></span> <span class='ocrx_word' id='word_1_178' title='bbox 1285 2037 1441 2099; x_wconf 89' lang='lat' dir='ltr'><em>rationali.</em></span> 
     </span>
     <span class='ocr_line' id='line_1_17' title="bbox 411 2135 1955 2222; baseline -0.001 -22"><span class='ocrx_word' id='word_1_179' title='bbox 411 2139 486 2201; x_wconf 92' lang='lat' dir='ltr'><em>dum</em></span> <span class='ocrx_word' id='word_1_180' title='bbox 502 2157 558 2203; x_wconf 89' lang='lat' dir='ltr'><em>seu</em></span> <span class='ocrx_word' id='word_1_181' title='bbox 579 2138 820 2201; x_wconf 89' lang='lat' dir='ltr'><em>immolandum.</em></span> <span class='ocrx_word' id='word_1_182' title='bbox 840 2140 1028 2199; x_wconf 86' lang='lat' dir='ltr'><em>Memoriale</em></span> <span class='ocrx_word' id='word_1_183' title='bbox 1046 2158 1154 2196; x_wconf 87' lang='lat' dir='ltr'><em>coram</em></span> <span class='ocrx_word' id='word_1_184' title='bbox 1249 2136 1381 2217; x_wconf 88' lang='lat' dir='ltr'><em>Insuper</em></span> <span class='ocrx_word' id='word_1_185' title='bbox 1396 2136 1486 2217; x_wconf 82' lang='lat' dir='ltr'><em>Lyra,</em></span> <span class='ocrx_word' id='word_1_186' title='bbox 1505 2135 1681 2222; x_wconf 79' lang='lat' dir='ltr'><em>secundum</em></span> <span class='ocrx_word' id='word_1_187' title='bbox 1698 2135 1881 2217; x_wconf 91' lang='lat' dir='ltr'><em>losephum,</em></span> <span class='ocrx_word' id='word_1_188' title='bbox 1904 2137 1955 2198; x_wconf 89' lang='lat' dir='ltr'><em>in-</em></span> 
     </span>
     <span class='ocr_line' id='line_1_18' title="bbox 409 2233 1954 2318; baseline -0.001 -20"><span class='ocrx_word' id='word_1_189' title='bbox 409 2240 547 2299; x_wconf 89' lang='lat' dir='ltr'><em>Domino</em></span> <span class='ocrx_word' id='word_1_190' title='bbox 564 2240 601 2298; x_wconf 92' lang='lat' dir='ltr'><em>in</em></span> <span class='ocrx_word' id='word_1_191' title='bbox 615 2246 772 2299; x_wconf 86' lang='lat' dir='ltr'><em>aternam</em></span> <span class='ocrx_word' id='word_1_192' title='bbox 783 2258 794 2296; x_wconf 92' lang='lat'><em>.·</em></span> <span class='ocrx_word' id='word_1_193' title='bbox 811 2237 893 2299; x_wconf 90' lang='lat' dir='ltr'><em>sicut</em></span> <span class='ocrx_word' id='word_1_194' title='bbox 913 2236 1091 2318; x_wconf 84' lang='lat' dir='ltr'><em>expositum</em></span> <span class='ocrx_word' id='word_1_195' title='bbox 1107 2243 1155 2297; x_wconf 90' lang='lat' dir='ltr'><em>est</em></span> <span class='ocrx_word' id='word_1_196' title='bbox 1209 2234 1280 2315; x_wconf 90' lang='lat' dir='ltr'><em>quit</em></span> <span class='ocrx_word' id='word_1_197' title='bbox 1297 2252 1304 2297; x_wconf 77' lang='grc' dir='ltr'><em>τ</em></span> <span class='ocrx_word' id='word_1_198' title='bbox 1322 2234 1470 2297; x_wconf 87' lang='lat' dir='ltr'><em>Doctrina</em></span> <span class='ocrx_word' id='word_1_199' title='bbox 1485 2243 1517 2296; x_wconf 91' lang='lat' dir='ltr'><em>et</em></span> <span class='ocrx_word' id='word_1_200' title='bbox 1535 2233 1658 2296; x_wconf 86' lang='lat' dir='ltr'><em>Veritas</em></span> <span class='ocrx_word' id='word_1_201' title='bbox 1678 2234 1799 2297; x_wconf 83' lang='lat' dir='ltr'><em>exstitit</em></span> <span class='ocrx_word' id='word_1_202' title='bbox 1822 2235 1954 2315; x_wconf 89' lang='lat' dir='ltr'><em>quidam</em></span> 
     </span>
     <span class='ocr_line' id='line_1_19' title="bbox 410 2331 1952 2418; baseline -0.001 -21"><span class='ocrx_word' id='word_1_203' title='bbox 410 2336 449 2398; x_wconf 91' lang='lat' dir='ltr'><em>de</em></span> <span class='ocrx_word' id='word_1_204' title='bbox 465 2336 590 2399; x_wconf 90' lang='lat' dir='ltr'><em>duobus</em></span> <span class='ocrx_word' id='word_1_205' title='bbox 605 2335 787 2418; x_wconf 83' lang='lat' dir='ltr'><em>onychinis,</em></span> <span class='ocrx_word' id='word_1_206' title='bbox 805 2354 885 2417; x_wconf 88' lang='lat' dir='ltr'><em>quos</em></span> <span class='ocrx_word' id='word_1_207' title='bbox 901 2334 1038 2416; x_wconf 85' lang='lat' dir='ltr'><em>portavit</em></span> <span class='ocrx_word' id='word_1_208' title='bbox 1054 2334 1088 2395; x_wconf 89' lang='lat' dir='ltr'><em>in</em></span> <span class='ocrx_word' id='word_1_209' title='bbox 1105 2353 1156 2395; x_wconf 92' lang='lat' dir='ltr'><em>su·</em></span> <span class='ocrx_word' id='word_1_210' title='bbox 1211 2331 1316 2411; x_wconf 88' lang='lat' dir='ltr'><em>fulgor</em></span> <span class='ocrx_word' id='word_1_211' title='bbox 1336 2334 1511 2414; x_wconf 86' lang='lat' dir='ltr'><em>procedens</em></span> <span class='ocrx_word' id='word_1_212' title='bbox 1532 2352 1570 2393; x_wconf 84' lang='lat' dir='ltr'><em>ex</em></span> <span class='ocrx_word' id='word_1_213' title='bbox 1591 2332 1751 2414; x_wconf 92' lang='lat' dir='ltr'><em>lapidibus</em></span> <span class='ocrx_word' id='word_1_214' title='bbox 1777 2333 1952 2412; x_wconf 89' lang='lat' dir='ltr'><em>rationalis,</em></span> 
     </span>
     <span class='ocr_line' id='line_1_20' title="bbox 411 2430 1956 2517; baseline -0.003 -19"><span class='ocrx_word' id='word_1_215' title='bbox 411 2434 637 2517; x_wconf 79' lang='lat' dir='ltr'><em>pernumerali.</em></span> <span class='ocrx_word' id='word_1_216' title='bbox 655 2434 744 2496; x_wconf 88' lang='lat' dir='ltr'><em>Circa</em></span> <span class='ocrx_word' id='word_1_217' title='bbox 759 2434 844 2514; x_wconf 89' lang='lat' dir='ltr'><em>quod</em></span> <span class='ocrx_word' id='word_1_218' title='bbox 860 2433 1002 2514; x_wconf 87' lang='lat' dir='ltr'><em>loquitur</em></span> <span class='ocrx_word' id='word_1_219' title='bbox 1023 2432 1153 2495; x_wconf 88' lang='lat' dir='ltr'><em>Glossa:</em></span> <span class='ocrx_word' id='word_1_220' title='bbox 1210 2430 1381 2510; x_wconf 86' lang='lat' dir='ltr'><em>designans</em></span> <span class='ocrx_word' id='word_1_221' title='bbox 1396 2430 1494 2493; x_wconf 88' lang='lat' dir='ltr'><em>Deum</em></span> <span class='ocrx_word' id='word_1_222' title='bbox 1513 2430 1683 2511; x_wconf 90' lang='lat' dir='ltr'><em>placatum,</em></span> <span class='ocrx_word' id='word_1_223' title='bbox 1701 2449 1956 2513; x_wconf 89' lang='lat' dir='ltr'><em>prosperumque</em></span> 
     </span>
     <span class='ocr_line' id='line_1_21' title="bbox 410 2528 1957 2611; baseline -0.001 -18"><span class='ocrx_word' id='word_1_224' title='bbox 410 2530 525 2593; x_wconf 87' lang='lat' dir='ltr'><em>Tribus</em></span> <span class='ocrx_word' id='word_1_225' title='bbox 539 2532 579 2595; x_wconf 88' lang='lat' dir='ltr'><em>de</em></span> <span class='ocrx_word' id='word_1_226' title='bbox 593 2532 697 2595; x_wconf 90' lang='lat' dir='ltr'><em>causis</em></span> <span class='ocrx_word' id='word_1_227' title='bbox 708 2531 810 2593; x_wconf 90' lang='lat' dir='ltr'><em>Aaron</em></span> <span class='ocrx_word' id='word_1_228' title='bbox 828 2530 1157 2594; x_wconf 88' lang='lat' dir='ltr'><em>nominaPatriarcha·</em></span> <span class='ocrx_word' id='word_1_229' title='bbox 1211 2547 1399 2610; x_wconf 88' lang='lat' dir='ltr'><em>responsum</em></span> <span class='ocrx_word' id='word_1_230' title='bbox 1415 2548 1452 2591; x_wconf 91' lang='lat' dir='ltr'><em>ac</em></span> <span class='ocrx_word' id='word_1_231' title='bbox 1473 2528 1707 2592; x_wconf 86' lang='lat' dir='ltr'><em>exauditionem</em></span> <span class='ocrx_word' id='word_1_232' title='bbox 1731 2548 1860 2611; x_wconf 90' lang='lat' dir='ltr'><em>precum</em></span> <span class='ocrx_word' id='word_1_233' title='bbox 1877 2548 1957 2611; x_wconf 91' lang='lat' dir='ltr'><em>pou-</em></span> 
     </span>
     <span class='ocr_line' id='line_1_22' title="bbox 411 2627 1955 2712; baseline 0.001 -21"><span class='ocrx_word' id='word_1_234' title='bbox 411 2648 482 2693; x_wconf 91' lang='lat' dir='ltr'><em>rum</em></span> <span class='ocrx_word' id='word_1_235' title='bbox 499 2629 581 2693; x_wconf 87' lang='lat' dir='ltr'><em>inter</em></span> <span class='ocrx_word' id='word_1_236' title='bbox 597 2628 757 2692; x_wconf 88' lang='lat' dir='ltr'><em>sacrificia</em></span> <span class='ocrx_word' id='word_1_237' title='bbox 773 2648 899 2712; x_wconf 89' lang='lat' dir='ltr'><em>semper</em></span> <span class='ocrx_word' id='word_1_238' title='bbox 915 2629 947 2691; x_wconf 89' lang='lat' dir='ltr'><em>in</em></span> <span class='ocrx_word' id='word_1_239' title='bbox 968 2629 1109 2691; x_wconf 89' lang='lat' dir='ltr'><em>humeris</em></span> <span class='ocrx_word' id='word_1_240' title='bbox 1125 2637 1156 2691; x_wconf 91' lang='lat' dir='ltr'><em>et</em></span> <span class='ocrx_word' id='word_1_241' title='bbox 1211 2627 1320 2689; x_wconf 88' lang='lat' dir='ltr'><em>tificis.</em></span> <span class='ocrx_word' id='word_1_242' title='bbox 1348 2627 1407 2690; x_wconf 87' lang='lat' dir='ltr'><em>Sed</em></span> <span class='ocrx_word' id='word_1_243' title='bbox 1430 2628 1530 2691; x_wconf 81' lang='lat' dir='ltr'><em>Rabbi</em></span> <span class='ocrx_word' id='word_1_244' title='bbox 1546 2627 1693 2690; x_wconf 86' lang='lat' dir='ltr'><em>Salomon</em></span> <span class='ocrx_word' id='word_1_245' title='bbox 1718 2630 1842 2705; x_wconf 89' lang='lat' dir='ltr'><em>asserit,</em></span> <span class='ocrx_word' id='word_1_246' title='bbox 1867 2631 1955 2710; x_wconf 88' lang='lat' dir='ltr'><em>quod</em></span> 
     </span>
     <span class='ocr_line' id='line_1_23' title="bbox 413 2727 1957 2812; baseline 0.001 -23"><span class='ocrx_word' id='word_1_247' title='bbox 413 2728 445 2789; x_wconf 91' lang='lat' dir='ltr'><em>in</em></span> <span class='ocrx_word' id='word_1_248' title='bbox 462 2735 589 2810; x_wconf 90' lang='lat' dir='ltr'><em>pectore</em></span> <span class='ocrx_word' id='word_1_249' title='bbox 609 2727 693 2789; x_wconf 87' lang='lat' dir='ltr'><em>tulit.</em></span> <span class='ocrx_word' id='word_1_250' title='bbox 717 2728 833 2805; x_wconf 90' lang='lat' dir='ltr'><em>Primo,</em></span> <span class='ocrx_word' id='word_1_251' title='bbox 851 2736 887 2790; x_wconf 91' lang='lat' dir='ltr'><em>ut</em></span> <span class='ocrx_word' id='word_1_252' title='bbox 906 2728 975 2811; x_wconf 91' lang='lat' dir='ltr'><em>ipse</em></span> <span class='ocrx_word' id='word_1_253' title='bbox 1001 2728 1100 2790; x_wconf 89' lang='lat' dir='ltr'><em>fidem</em></span> <span class='ocrx_word' id='word_1_254' title='bbox 1125 2736 1156 2789; x_wconf 89' lang='lat' dir='ltr'><em>et</em></span> <span class='ocrx_word' id='word_1_255' title='bbox 1210 2735 1276 2789; x_wconf 87' lang='lat' dir='ltr'><em>erat</em></span> <span class='ocrx_word' id='word_1_256' title='bbox 1299 2745 1415 2790; x_wconf 89' lang='lat' dir='ltr'><em>nomen</em></span> <span class='ocrx_word' id='word_1_257' title='bbox 1431 2727 1557 2789; x_wconf 87' lang='lat' dir='ltr'><em>Domini</em></span> <span class='ocrx_word' id='word_1_258' title='bbox 1587 2734 1877 2808; x_wconf 87' lang='lat' dir='ltr'><em>tetragrammaton,</em></span> <span class='ocrx_word' id='word_1_259' title='bbox 1902 2748 1957 2812; x_wconf 76' lang='lat' dir='ltr'><em>po</em></span> 
     </span>
     <span class='ocr_line' id='line_1_24' title="bbox 411 2818 1956 2909; baseline 0.001 -20"><span class='ocrx_word' id='word_1_260' title='bbox 411 2818 509 2890; x_wconf 88' lang='lat' dir='ltr'><em>vitam</em></span> <span class='ocrx_word' id='word_1_261' title='bbox 525 2826 776 2889; x_wconf 89' lang='lat' dir='ltr'><em>Patriareharum</em></span> <span class='ocrx_word' id='word_1_262' title='bbox 792 2826 945 2906; x_wconf 82' lang='lat' dir='ltr'><em>cogitaret</em></span> <span class='ocrx_word' id='word_1_263' title='bbox 960 2826 1085 2891; x_wconf 87' lang='lat' dir='ltr'><em>sectari.</em></span> <span class='ocrx_word' id='word_1_264' title='bbox 1104 2826 1157 2889; x_wconf 89' lang='lat' dir='ltr'><em>Se-</em></span> <span class='ocrx_word' id='word_1_265' title='bbox 1211 2826 1306 2887; x_wconf 88' lang='lat' dir='ltr'><em>situm</em></span> <span class='ocrx_word' id='word_1_266' title='bbox 1333 2824 1393 2887; x_wconf 92' lang='lat' dir='ltr'><em>sub</em></span> <span class='ocrx_word' id='word_1_267' title='bbox 1415 2825 1576 2908; x_wconf 90' lang='lat' dir='ltr'><em>lapidibus</em></span> <span class='ocrx_word' id='word_1_268' title='bbox 1603 2826 1636 2887; x_wconf 91' lang='lat' dir='ltr'><em>in</em></span> <span class='ocrx_word' id='word_1_269' title='bbox 1662 2825 1808 2888; x_wconf 89' lang='lat' dir='ltr'><em>rationali</em></span> <span class='ocrx_word' id='word_1_270' title='bbox 1830 2844 1837 2887; x_wconf 75' lang='grc' dir='ltr'><em>τ</em></span> <span class='ocrx_word' id='word_1_271' title='bbox 1862 2829 1956 2909; x_wconf 87' lang='lat' dir='ltr'><em>cujus</em></span> 
     </span>
     <span class='ocr_line' id='line_1_25' title="bbox 410 2923 1956 3004; baseline -0.001 -15"><span class='ocrx_word' id='word_1_272' title='bbox 410 2927 565 3004; x_wconf 70' lang='lat' dir='ltr'><em>enudant</em></span> <span class='ocrx_word' id='word_1_273' title='bbox 579 2926 746 2990; x_wconf 87' lang='lat' dir='ltr'><em>duodecim</em></span> <span class='ocrx_word' id='word_1_274' title='bbox 763 2926 904 2988; x_wconf 90' lang='lat' dir='ltr'><em>tribuum</em></span> <span class='ocrx_word' id='word_1_275' title='bbox 920 2925 1157 2989; x_wconf 73' lang='lat' dir='ltr'><em>expatriarchis</em></span> <span class='ocrx_word' id='word_1_276' title='bbox 1212 2923 1352 2987; x_wconf 92' lang='lat' dir='ltr'><em>nominis</em></span> <span class='ocrx_word' id='word_1_277' title='bbox 1363 2924 1480 2986; x_wconf 88' lang='lat' dir='ltr'><em>virtute</em></span> <span class='ocrx_word' id='word_1_278' title='bbox 1501 2923 1764 2986; x_wconf 77' lang='lat' dir='ltr'><em>manifestabatur</em></span> <span class='ocrx_word' id='word_1_279' title='bbox 1782 2924 1899 2987; x_wconf 84' lang='lat' dir='ltr'><em>veritas</em></span> <span class='ocrx_word' id='word_1_280' title='bbox 1917 2927 1956 2988; x_wconf 91' lang='lat' dir='ltr'><em>de</em></span> 
     </span>
     <span class='ocr_line' id='line_1_26' title="bbox 411 3020 1958 3104; baseline 0 -17"><span class='ocrx_word' id='word_1_281' title='bbox 411 3033 568 3102; x_wconf 88' lang='lat' dir='ltr'><em>natarum,</em></span> <span class='ocrx_word' id='word_1_282' title='bbox 586 3026 619 3087; x_wconf 89' lang='lat' dir='ltr'><em>in</em></span> <span class='ocrx_word' id='word_1_283' title='bbox 634 3024 833 3089; x_wconf 88' lang='lat' dir='ltr'><em>orationibus</em></span> <span class='ocrx_word' id='word_1_284' title='bbox 854 3033 885 3088; x_wconf 91' lang='lat' dir='ltr'><em>et</em></span> <span class='ocrx_word' id='word_1_285' title='bbox 905 3024 1073 3088; x_wconf 91' lang='lat' dir='ltr'><em>sacrificiis</em></span> <span class='ocrx_word' id='word_1_286' title='bbox 1094 3022 1192 3087; x_wconf 80' lang='lat' dir='ltr'><em>meC</em></span> <span class='ocrx_word' id='word_1_287' title='bbox 1212 3020 1424 3103; x_wconf 84' lang='lat' dir='ltr'><em>interrogatis,</em></span> <span class='ocrx_word' id='word_1_288' title='bbox 1442 3023 1517 3084; x_wconf 90' lang='lat' dir='ltr'><em>dnm</em></span> <span class='ocrx_word' id='word_1_289' title='bbox 1533 3021 1677 3104; x_wconf 84' lang='lat' dir='ltr'><em>pontifex</em></span> <span class='ocrx_word' id='word_1_290' title='bbox 1696 3023 1866 3085; x_wconf 88' lang='lat' dir='ltr'><em>Dominum</em></span> <span class='ocrx_word' id='word_1_291' title='bbox 1881 3042 1958 3087; x_wconf 92' lang='lat' dir='ltr'><em>con-</em></span> 
     </span>
     <span class='ocr_line' id='line_1_27' title="bbox 410 3120 1956 3206; baseline 0 -21"><span class='ocrx_word' id='word_1_292' title='bbox 410 3142 480 3186; x_wconf 90' lang='lat' dir='ltr'><em>mor</em></span> <span class='ocrx_word' id='word_1_293' title='bbox 504 3133 597 3188; x_wconf 89' lang='lat' dir='ltr'><em>esset.</em></span> <span class='ocrx_word' id='word_1_294' title='bbox 625 3124 741 3201; x_wconf 86' lang='lat' dir='ltr'><em>Tertio,</em></span> <span class='ocrx_word' id='word_1_295' title='bbox 759 3132 794 3186; x_wconf 91' lang='lat' dir='ltr'><em>ut</em></span> <span class='ocrx_word' id='word_1_296' title='bbox 818 3123 954 3206; x_wconf 91' lang='lat' dir='ltr'><em>populus</em></span> <span class='ocrx_word' id='word_1_297' title='bbox 979 3124 1097 3205; x_wconf 89' lang='lat' dir='ltr'><em>scripta</em></span> <span class='ocrx_word' id='word_1_298' title='bbox 1123 3123 1156 3185; x_wconf 92' lang='lat' dir='ltr'><em>in</em></span> <span class='ocrx_word' id='word_1_299' title='bbox 1211 3121 1343 3184; x_wconf 87' lang='lat' dir='ltr'><em>sulebat.</em></span> <span class='ocrx_word' id='word_1_300' title='bbox 1356 3120 1445 3183; x_wconf 88' lang='lat' dir='ltr'><em>Unde</em></span> <span class='ocrx_word' id='word_1_301' title='bbox 1459 3130 1489 3183; x_wconf 90' lang='lat' dir='ltr'><em>et</em></span> <span class='ocrx_word' id='word_1_302' title='bbox 1505 3120 1659 3184; x_wconf 87' lang='lat' dir='ltr'><em>rationale</em></span> <span class='ocrx_word' id='word_1_303' title='bbox 1675 3120 1820 3202; x_wconf 88' lang='lat' dir='ltr'><em>perhibet</em></span> <span class='ocrx_word' id='word_1_304' title='bbox 1836 3121 1956 3185; x_wconf 90' lang='lat' dir='ltr'><em>lactum</em></span> 
     </span>
     <span class='ocr_line' id='line_1_28' title="bbox 411 3219 1956 3304; baseline -0.001 -19"><span class='ocrx_word' id='word_1_305' title='bbox 411 3231 499 3286; x_wconf 88' lang='lat' dir='ltr'><em>veste</em></span> <span class='ocrx_word' id='word_1_306' title='bbox 515 3222 660 3304; x_wconf 78' lang='lat' dir='ltr'><em>presulis</em></span> <span class='ocrx_word' id='word_1_307' title='bbox 677 3231 803 3303; x_wconf 91' lang='lat' dir='ltr'><em>patrum</em></span> <span class='ocrx_word' id='word_1_308' title='bbox 821 3222 951 3285; x_wconf 88' lang='lat' dir='ltr'><em>nomina</em></span> <span class='ocrx_word' id='word_1_309' title='bbox 972 3222 1096 3298; x_wconf 88' lang='lat' dir='ltr'><em>videns,</em></span> <span class='ocrx_word' id='word_1_310' title='bbox 1111 3241 1157 3285; x_wconf 90' lang='lat' dir='ltr'><em>se·</em></span> <span class='ocrx_word' id='word_1_311' title='bbox 1211 3222 1251 3283; x_wconf 91' lang='lat' dir='ltr'><em>de</em></span> <span class='ocrx_word' id='word_1_312' title='bbox 1266 3238 1372 3302; x_wconf 89' lang='lat' dir='ltr'><em>panno</em></span> <span class='ocrx_word' id='word_1_313' title='bbox 1387 3219 1612 3301; x_wconf 82' lang='lat' dir='ltr'><em>duplicato‚·ut</em></span> <span class='ocrx_word' id='word_1_314' title='bbox 1631 3220 1715 3283; x_wconf 90' lang='lat' dir='ltr'><em>inter</em></span> <span class='ocrx_word' id='word_1_315' title='bbox 1729 3221 1810 3284; x_wconf 89' lang='lat' dir='ltr'><em>duos</em></span> <span class='ocrx_word' id='word_1_316' title='bbox 1832 3241 1956 3303; x_wconf 91' lang='lat' dir='ltr'><em>pannos</em></span> 
     </span>
     <span class='ocr_line' id='line_1_29' title="bbox 410 3319 1957 3402; baseline -0.001 -18"><span class='ocrx_word' id='word_1_317' title='bbox 410 3319 487 3384; x_wconf 91' lang='lat' dir='ltr'><em>dulo</em></span> <span class='ocrx_word' id='word_1_318' title='bbox 502 3328 639 3397; x_wconf 89' lang='lat' dir='ltr'><em>curaret,</em></span> <span class='ocrx_word' id='word_1_319' title='bbox 656 3338 696 3382; x_wconf 93' lang='lat' dir='ltr'><em>ne</em></span> <span class='ocrx_word' id='word_1_320' title='bbox 711 3339 729 3381; x_wconf 90' lang='lat' dir='ltr'><em>a</em></span> <span class='ocrx_word' id='word_1_321' title='bbox 745 3328 871 3402; x_wconf 91' lang='lat' dir='ltr'><em>patrum</em></span> <span class='ocrx_word' id='word_1_322' title='bbox 888 3338 1017 3384; x_wconf 90' lang='lat' dir='ltr'><em>suorum</em></span> <span class='ocrx_word' id='word_1_323' title='bbox 1033 3321 1156 3384; x_wconf 89' lang='lat' dir='ltr'><em>meritis</em></span> <span class='ocrx_word' id='word_1_324' title='bbox 1211 3319 1283 3381; x_wconf 91' lang='lat' dir='ltr'><em>illos</em></span> <span class='ocrx_word' id='word_1_325' title='bbox 1309 3337 1426 3382; x_wconf 88' lang='lat' dir='ltr'><em>nomen</em></span> <span class='ocrx_word' id='word_1_326' title='bbox 1452 3319 1577 3382; x_wconf 79' lang='lat' dir='ltr'><em>Domim</em></span> <span class='ocrx_word' id='word_1_327' title='bbox 1604 3327 1882 3397; x_wconf 85' lang='lat' dir='ltr'><em>tetragrammaton</em></span> <span class='ocrx_word' id='word_1_328' title='bbox 1909 3320 1957 3382; x_wconf 89' lang='lat' dir='ltr'><em>in-</em></span> 
     </span>
     <span class='ocr_line' id='line_1_30' title="bbox 412 3417 1957 3499; baseline -0.001 -18"><span class='ocrx_word' id='word_1_329' title='bbox 412 3421 573 3495; x_wconf 90' lang='lat' dir='ltr'><em>recedcns,</em></span> <span class='ocrx_word' id='word_1_330' title='bbox 591 3418 630 3481; x_wconf 89' lang='lat' dir='ltr'><em>ad</em></span> <span class='ocrx_word' id='word_1_331' title='bbox 645 3436 787 3481; x_wconf 89' lang='lat' dir='ltr'><em>errorum</em></span> <span class='ocrx_word' id='word_1_332' title='bbox 803 3418 948 3499; x_wconf 89' lang='lat' dir='ltr'><em>contagia</em></span> <span class='ocrx_word' id='word_1_333' title='bbox 970 3419 1155 3482; x_wconf 90' lang='lat' dir='ltr'><em>declinaret.</em></span> <span class='ocrx_word' id='word_1_334' title='bbox 1211 3417 1402 3480; x_wconf 89' lang='lat' dir='ltr'><em>cluderetur.</em></span> <span class='ocrx_word' id='word_1_335' title='bbox 1415 3417 1639 3480; x_wconf 85' lang='lat' dir='ltr'><em>Verumtamen</em></span> <span class='ocrx_word' id='word_1_336' title='bbox 1660 3427 1769 3481; x_wconf 88' lang='lat' dir='ltr'><em>auctor</em></span> <span class='ocrx_word' id='word_1_337' title='bbox 1789 3418 1957 3482; x_wconf 85' lang='lat' dir='ltr'><em>Scholasti-</em></span> 
     </span>
    </p>
   </div>
   <div class='ocr_carea' id='block_1_3' title="bbox 411 3516 1958 4190">
    <p class='ocr_par' dir='ltr' id='par_1_3' title="bbox 411 3516 1958 4190">
     <span class='ocr_line' id='line_1_31' title="bbox 411 3516 1957 3604; baseline 0 -23"><span class='ocrx_word' id='word_1_338' title='bbox 411 3518 490 3581; x_wconf 87' lang='lat' dir='ltr'><em>Hinc</em></span> <span class='ocrx_word' id='word_1_339' title='bbox 506 3527 537 3581; x_wconf 90' lang='lat' dir='ltr'><em>et</em></span> <span class='ocrx_word' id='word_1_340' title='bbox 547 3518 692 3604; x_wconf 69' lang='lat' dir='ltr'><em>Magister</em></span> <span class='ocrx_word' id='word_1_341' title='bbox 708 3517 740 3578; x_wconf 92' lang='lat' dir='ltr'><em>in</em></span> <span class='ocrx_word' id='word_1_342' title='bbox 756 3516 898 3579; x_wconf 90' lang='lat' dir='ltr'><em>historiis</em></span> <span class='ocrx_word' id='word_1_343' title='bbox 915 3516 1025 3580; x_wconf 89' lang='lat' dir='ltr'><em>scribit</em></span> <span class='ocrx_word' id='word_1_344' title='bbox 1038 3518 1158 3581; x_wconf 86' lang='lat' dir='ltr'><em>:Porta-</em></span> <span class='ocrx_word' id='word_1_345' title='bbox 1211 3538 1256 3580; x_wconf 85' lang='lat' dir='ltr'><em>cae</em></span> <span class='ocrx_word' id='word_1_346' title='bbox 1273 3516 1415 3580; x_wconf 78' lang='lat' dir='ltr'><em>historia</em></span> <span class='ocrx_word' id='word_1_347' title='bbox 1433 3516 1624 3598; x_wconf 88' lang='lat' dir='ltr'><em>positionem</em></span> <span class='ocrx_word' id='word_1_348' title='bbox 1640 3518 1766 3600; x_wconf 89' lang='lat' dir='ltr'><em>loscpbi</em></span> <span class='ocrx_word' id='word_1_349' title='bbox 1783 3519 1890 3581; x_wconf 83' lang='lat' dir='ltr'><em>verius</em></span> <span class='ocrx_word' id='word_1_350' title='bbox 1911 3538 1957 3581; x_wconf 80' lang='lat' dir='ltr'><em>re</em></span> 
     </span>
     <span class='ocr_line' id='line_1_32' title="bbox 411 3614 1956 3698; baseline 0 -19"><span class='ocrx_word' id='word_1_351' title='bbox 411 3617 458 3679; x_wconf 91' lang='lat' dir='ltr'><em>vit</em></span> <span class='ocrx_word' id='word_1_352' title='bbox 471 3634 612 3696; x_wconf 83' lang='lat' dir='ltr'><em>gemmas</em></span> <span class='ocrx_word' id='word_1_353' title='bbox 628 3615 669 3679; x_wconf 93' lang='lat' dir='ltr'><em>ob</em></span> <span class='ocrx_word' id='word_1_354' title='bbox 685 3614 934 3679; x_wconf 85' lang='lat' dir='ltr'><em>recordationem</em></span> <span class='ocrx_word' id='word_1_355' title='bbox 952 3615 1058 3693; x_wconf 88' lang='lat' dir='ltr'><em>trium,</em></span> <span class='ocrx_word' id='word_1_356' title='bbox 1081 3635 1158 3698; x_wconf 81' lang='lat' dir='ltr'><em>quo</em></span> <span class='ocrx_word' id='word_1_357' title='bbox 1211 3617 1287 3679; x_wconf 92' lang='lat' dir='ltr'><em>citat</em></span> <span class='ocrx_word' id='word_1_358' title='bbox 1304 3635 1311 3679; x_wconf 92' lang='lat'>:</span> <span class='ocrx_word' id='word_1_359' title='bbox 1329 3615 1494 3697; x_wconf 91' lang='lat' dir='ltr'><em>losepbus,</em></span> <span class='ocrx_word' id='word_1_360' title='bbox 1513 3616 1673 3698; x_wconf 88' lang='lat' dir='ltr'><em>inquiens,</em></span> <span class='ocrx_word' id='word_1_361' title='bbox 1690 3616 1777 3692; x_wconf 90' lang='lat' dir='ltr'><em>dicit,</em></span> <span class='ocrx_word' id='word_1_362' title='bbox 1797 3634 1956 3697; x_wconf 89' lang='lat' dir='ltr'><em>gemmam</em></span> 
     </span>
     <span class='ocr_line' id='line_1_33' title="bbox 413 3713 1957 3797; baseline 0.001 -20"><span class='ocrx_word' id='word_1_363' title='bbox 413 3734 482 3777; x_wconf 91' lang='lat' dir='ltr'><em>rum</em></span> <span class='ocrx_word' id='word_1_364' title='bbox 499 3716 594 3777; x_wconf 90' lang='lat' dir='ltr'><em>unius</em></span> <span class='ocrx_word' id='word_1_365' title='bbox 610 3714 747 3796; x_wconf 91' lang='lat' dir='ltr'><em>populus</em></span> <span class='ocrx_word' id='word_1_366' title='bbox 758 3732 879 3777; x_wconf 89' lang='lat' dir='ltr'><em>memor</em></span> <span class='ocrx_word' id='word_1_367' title='bbox 894 3723 987 3791; x_wconf 85' lang='lat' dir='ltr'><em>esset,</em></span> <span class='ocrx_word' id='word_1_368' title='bbox 998 3714 1066 3796; x_wconf 88' lang='lat' dir='ltr'><em>ipse</em></span> <span class='ocrx_word' id='word_1_369' title='bbox 1082 3733 1157 3778; x_wconf 89' lang='lat' dir='ltr'><em>vero</em></span> <span class='ocrx_word' id='word_1_370' title='bbox 1211 3734 1282 3797; x_wconf 78' lang='lat' dir='ltr'><em>qua</em></span> <span class='ocrx_word' id='word_1_371' title='bbox 1298 3714 1330 3775; x_wconf 91' lang='lat' dir='ltr'><em>in</em></span> <span class='ocrx_word' id='word_1_372' title='bbox 1347 3714 1476 3778; x_wconf 83' lang='lat' dir='ltr'><em>dextero</em></span> <span class='ocrx_word' id='word_1_373' title='bbox 1493 3714 1625 3777; x_wconf 90' lang='lat' dir='ltr'><em>humero</em></span> <span class='ocrx_word' id='word_1_374' title='bbox 1645 3713 1809 3795; x_wconf 88' lang='lat' dir='ltr'><em>pontificis</em></span> <span class='ocrx_word' id='word_1_375' title='bbox 1828 3716 1957 3795; x_wconf 86' lang='lat' dir='ltr'><em>gereba-</em></span> 
     </span>
     <span class='ocr_line' id='line_1_34' title="bbox 412 3812 1958 3896; baseline 0.001 -20"><span class='ocrx_word' id='word_1_376' title='bbox 412 3815 569 3877; x_wconf 90' lang='lat' dir='ltr'><em>duorum:</em></span> <span class='ocrx_word' id='word_1_377' title='bbox 587 3821 621 3876; x_wconf 91' lang='lat' dir='ltr'><em>nt</em></span> <span class='ocrx_word' id='word_1_378' title='bbox 638 3812 760 3875; x_wconf 89' lang='lat' dir='ltr'><em>scilicet</em></span> <span class='ocrx_word' id='word_1_379' title='bbox 774 3813 911 3894; x_wconf 91' lang='lat' dir='ltr'><em>populus</em></span> <span class='ocrx_word' id='word_1_380' title='bbox 927 3812 1039 3876; x_wconf 88' lang='lat' dir='ltr'><em>videns</em></span> <span class='ocrx_word' id='word_1_381' title='bbox 1056 3813 1157 3876; x_wconf 91' lang='lat' dir='ltr'><em>nomi·</em></span> <span class='ocrx_word' id='word_1_382' title='bbox 1212 3823 1273 3890; x_wconf 91' lang='lat' dir='ltr'><em>tur,</em></span> <span class='ocrx_word' id='word_1_383' title='bbox 1301 3821 1389 3876; x_wconf 86' lang='lat' dir='ltr'><em>tanto</em></span> <span class='ocrx_word' id='word_1_384' title='bbox 1414 3813 1615 3896; x_wconf 87' lang='lat' dir='ltr'><em>splenduisse</em></span> <span class='ocrx_word' id='word_1_385' title='bbox 1645 3812 1786 3894; x_wconf 86' lang='lat' dir='ltr'><em>fulgore,</em></span> <span class='ocrx_word' id='word_1_386' title='bbox 1813 3814 1900 3895; x_wconf 90' lang='lat' dir='ltr'><em>quod</em></span> <span class='ocrx_word' id='word_1_387' title='bbox 1925 3823 1958 3877; x_wconf 91' lang='lat' dir='ltr'><em>et</em></span> 
     </span>
     <span class='ocr_line' id='line_1_35' title="bbox 414 3910 1955 3995; baseline 0.001 -22"><span class='ocrx_word' id='word_1_388' title='bbox 414 3932 454 3975; x_wconf 90' lang='lat' dir='ltr'><em>na</em></span> <span class='ocrx_word' id='word_1_389' title='bbox 470 3921 595 3994; x_wconf 90' lang='lat' dir='ltr'><em>patrum</em></span> <span class='ocrx_word' id='word_1_390' title='bbox 612 3930 752 3987; x_wconf 91' lang='lat' dir='ltr'><em>suorum,</em></span> <span class='ocrx_word' id='word_1_391' title='bbox 771 3918 926 3991; x_wconf 86' lang='lat' dir='ltr'><em>satageret</em></span> <span class='ocrx_word' id='word_1_392' title='bbox 942 3930 982 3974; x_wconf 90' lang='lat' dir='ltr'><em>ne</em></span> <span class='ocrx_word' id='word_1_393' title='bbox 1001 3930 1019 3973; x_wconf 93' lang='lat' dir='ltr'><em>a</em></span> <span class='ocrx_word' id='word_1_394' title='bbox 1040 3912 1157 3975; x_wconf 90' lang='lat' dir='ltr'><em>virtute</em></span> <span class='ocrx_word' id='word_1_395' title='bbox 1211 3912 1321 3995; x_wconf 90' lang='lat' dir='ltr'><em>procul</em></span> <span class='ocrx_word' id='word_1_396' title='bbox 1345 3911 1458 3994; x_wconf 90' lang='lat' dir='ltr'><em>positis</em></span> <span class='ocrx_word' id='word_1_397' title='bbox 1482 3910 1630 3993; x_wconf 86' lang='lat' dir='ltr'><em>apparuit</em></span> <span class='ocrx_word' id='word_1_398' title='bbox 1654 3911 1762 3974; x_wconf 92' lang='lat' dir='ltr'><em>radius</em></span> <span class='ocrx_word' id='word_1_399' title='bbox 1784 3913 1853 3994; x_wconf 86' lang='lat' dir='ltr'><em>ejus</em></span> <span class='ocrx_word' id='word_1_400' title='bbox 1878 3913 1955 3975; x_wconf 92' lang='lat' dir='ltr'><em>dum</em></span> 
     </span>
     <span class='ocr_line' id='line_1_36' title="bbox 411 4009 1957 4093; baseline 0.003 -22"><span class='ocrx_word' id='word_1_401' title='bbox 411 4010 553 4093; x_wconf 91' lang='lat' dir='ltr'><em>priorum</em></span> <span class='ocrx_word' id='word_1_402' title='bbox 570 4011 791 4089; x_wconf 90' lang='lat' dir='ltr'><em>degeneraret;</em></span> <span class='ocrx_word' id='word_1_403' title='bbox 805 4009 950 4072; x_wconf 88' lang='lat' dir='ltr'><em>sacerdos</em></span> <span class='ocrx_word' id='word_1_404' title='bbox 965 4028 1040 4073; x_wconf 90' lang='lat' dir='ltr'><em>vcro</em></span> <span class='ocrx_word' id='word_1_405' title='bbox 1056 4028 1158 4073; x_wconf 90' lang='lat' dir='ltr'><em>recor·</em></span> <span class='ocrx_word' id='word_1_406' title='bbox 1212 4009 1407 4073; x_wconf 87' lang='lat' dir='ltr'><em>sacrificium</em></span> <span class='ocrx_word' id='word_1_407' title='bbox 1419 4010 1481 4072; x_wconf 79' lang='lat' dir='ltr'><em>[teo</em></span> <span class='ocrx_word' id='word_1_408' title='bbox 1497 4009 1700 4091; x_wconf 84' lang='lat' dir='ltr'><em>complacuit.</em></span> <span class='ocrx_word' id='word_1_409' title='bbox 1712 4010 1893 4091; x_wconf 84' lang='lat' dir='ltr'><em>Egressuris</em></span> <span class='ocrx_word' id='word_1_410' title='bbox 1907 4030 1957 4075; x_wconf 86' lang='lat' dir='ltr'><em>ve·</em></span> 
     </span>
     <span class='ocr_line' id='line_1_37' title="bbox 413 4105 1956 4190; baseline 0.001 -20"><span class='ocrx_word' id='word_1_411' title='bbox 413 4109 539 4170; x_wconf 88' lang='lat' dir='ltr'><em>daretur</em></span> <span class='ocrx_word' id='word_1_412' title='bbox 565 4105 663 4169; x_wconf 90' lang='lat' dir='ltr'><em>fidem</em></span> <span class='ocrx_word' id='word_1_413' title='bbox 683 4115 715 4169; x_wconf 91' lang='lat' dir='ltr'><em>et</em></span> <span class='ocrx_word' id='word_1_414' title='bbox 738 4105 835 4169; x_wconf 90' lang='lat' dir='ltr'><em>vitam</em></span> <span class='ocrx_word' id='word_1_415' title='bbox 857 4106 947 4188; x_wconf 90' lang='lat' dir='ltr'><em>sequi</em></span> <span class='ocrx_word' id='word_1_416' title='bbox 963 4106 1157 4171; x_wconf 90' lang='lat' dir='ltr'><em>Patriareha-</em></span> <span class='ocrx_word' id='word_1_417' title='bbox 1212 4128 1246 4172; x_wconf 93' lang='lat' dir='ltr'><em>ro</em></span> <span class='ocrx_word' id='word_1_418' title='bbox 1263 4108 1342 4170; x_wconf 90' lang='lat' dir='ltr'><em>filiis</em></span> <span class='ocrx_word' id='word_1_419' title='bbox 1357 4108 1450 4170; x_wconf 91' lang='lat' dir='ltr'><em>lsrael</em></span> <span class='ocrx_word' id='word_1_420' title='bbox 1466 4108 1505 4171; x_wconf 94' lang='lat' dir='ltr'><em>ad</em></span> <span class='ocrx_word' id='word_1_421' title='bbox 1521 4108 1678 4190; x_wconf 81' lang='lat' dir='ltr'><em>praelium,</em></span> <span class='ocrx_word' id='word_1_422' title='bbox 1689 4108 1717 4170; x_wconf 94' lang='lat' dir='ltr'><em>si</em></span> <span class='ocrx_word' id='word_1_423' title='bbox 1727 4109 1809 4172; x_wconf 80' lang='lat' dir='ltr'><em>licus</em></span> <span class='ocrx_word' id='word_1_424' title='bbox 1823 4128 1896 4172; x_wconf 92' lang='lat' dir='ltr'><em>eum</em></span> <span class='ocrx_word' id='word_1_425' title='bbox 1909 4110 1956 4172; x_wconf 90' lang='lat' dir='ltr'><em>eis</em></span> 
     </span>
    </p>
   </div>
   <div class='ocr_carea' id='block_1_4' title="bbox 410 4204 1957 5375">
    <p class='ocr_par' dir='ltr' id='par_1_4' title="bbox 410 4204 1957 5375">
     <span class='ocr_line' id='line_1_38' title="bbox 413 4204 1957 4289; baseline 0.001 -20"><span class='ocrx_word' id='word_1_426' title='bbox 413 4225 502 4283; x_wconf 91' lang='lat' dir='ltr'><em>rum;</em></span> <span class='ocrx_word' id='word_1_427' title='bbox 530 4206 680 4287; x_wconf 86' lang='lat' dir='ltr'><em>itemque,</em></span> <span class='ocrx_word' id='word_1_428' title='bbox 698 4204 800 4267; x_wconf 88' lang='lat' dir='ltr'><em>trihus</em></span> <span class='ocrx_word' id='word_1_429' title='bbox 823 4224 861 4268; x_wconf 83' lang='lat' dir='ltr'><em>ex</em></span> <span class='ocrx_word' id='word_1_430' title='bbox 887 4204 952 4266; x_wconf 91' lang='lat' dir='ltr'><em>illis</em></span> <span class='ocrx_word' id='word_1_431' title='bbox 975 4214 1074 4283; x_wconf 76' lang='lat' dir='ltr'><em>nataS,</em></span> <span class='ocrx_word' id='word_1_432' title='bbox 1095 4207 1155 4269; x_wconf 85' lang='lat' dir='ltr'><em>Deo</em></span> <span class='ocrx_word' id='word_1_433' title='bbox 1173 4205 1196 4266; x_wconf 86' lang='grc' dir='ltr'><em>Ι)</em></span> <span class='ocrx_word' id='word_1_434' title='bbox 1211 4215 1288 4283; x_wconf 90' lang='lat' dir='ltr'><em>erat,</em></span> <span class='ocrx_word' id='word_1_435' title='bbox 1306 4207 1457 4289; x_wconf 90' lang='lat' dir='ltr'><em>splendor</em></span> <span class='ocrx_word' id='word_1_436' title='bbox 1476 4207 1509 4269; x_wconf 93' lang='lat' dir='ltr'><em>in</em></span> <span class='ocrx_word' id='word_1_437' title='bbox 1531 4206 1692 4289; x_wconf 91' lang='lat' dir='ltr'><em>lapidibus</em></span> <span class='ocrx_word' id='word_1_438' title='bbox 1713 4207 1877 4271; x_wconf 87' lang='lat' dir='ltr'><em>rationalis</em></span> <span class='ocrx_word' id='word_1_439' title='bbox 1901 4227 1957 4289; x_wconf 94' lang='lat' dir='ltr'><em>ap-</em></span> 
     </span>
     <span class='ocr_line' id='line_1_39' title="bbox 413 4303 1956 4389; baseline 0 -20"><span class='ocrx_word' id='word_1_440' title='bbox 413 4304 612 4382; x_wconf 83' lang='lat' dir='ltr'><em>arationibus</em></span> <span class='ocrx_word' id='word_1_441' title='bbox 626 4313 657 4367; x_wconf 92' lang='lat' dir='ltr'><em>et</em></span> <span class='ocrx_word' id='word_1_442' title='bbox 672 4303 842 4367; x_wconf 89' lang='lat' dir='ltr'><em>sacrificiis</em></span> <span class='ocrx_word' id='word_1_443' title='bbox 858 4305 1104 4368; x_wconf 89' lang='lat' dir='ltr'><em>commendaret.</em></span> <span class='ocrx_word' id='word_1_444' title='bbox 1212 4307 1328 4389; x_wconf 89' lang='lat' dir='ltr'><em>paruit,</em></span> <span class='ocrx_word' id='word_1_445' title='bbox 1347 4315 1381 4368; x_wconf 90' lang='lat' dir='ltr'><em>ut</em></span> <span class='ocrx_word' id='word_1_446' title='bbox 1395 4306 1483 4368; x_wconf 91' lang='lat' dir='ltr'><em>omni</em></span> <span class='ocrx_word' id='word_1_447' title='bbox 1501 4306 1593 4369; x_wconf 89' lang='lat' dir='ltr'><em>fieret</em></span> <span class='ocrx_word' id='word_1_448' title='bbox 1609 4306 1807 4368; x_wconf 89' lang='lat' dir='ltr'><em>multitudini</em></span> <span class='ocrx_word' id='word_1_449' title='bbox 1824 4307 1956 4370; x_wconf 91' lang='lat' dir='ltr'><em>manife-</em></span> 
     </span>
     <span class='ocr_line' id='line_1_40' title="bbox 452 4405 1954 4482; baseline 0.001 -15"><span class='ocrx_word' id='word_1_450' title='bbox 452 4408 556 4467; x_wconf 85' lang='lat' dir='ltr'><em>Pones</em></span> <span class='ocrx_word' id='word_1_451' title='bbox 577 4414 684 4465; x_wconf 73' lang='lat' dir='ltr'><em>annm</em></span> <span class='ocrx_word' id='word_1_452' title='bbox 707 4406 742 4463; x_wconf 88' lang='lat' dir='ltr'><em>in</em></span> <span class='ocrx_word' id='word_1_453' title='bbox 767 4406 927 4465; x_wconf 84' lang='lat' dir='ltr'><em>rationali</em></span> <span class='ocrx_word' id='word_1_454' title='bbox 942 4406 1071 4482; x_wconf 84' lang='lat' dir='ltr'><em>judieii</em></span> <span class='ocrx_word' id='word_1_455' title='bbox 1094 4407 1157 4466; x_wconf 79' lang='lat' dir='ltr'><em>Do</em></span> <span class='ocrx_word' id='word_1_456' title='bbox 1211 4414 1306 4481; x_wconf 92' lang='lat' dir='ltr'><em>stum,</em></span> <span class='ocrx_word' id='word_1_457' title='bbox 1330 4406 1428 4467; x_wconf 89' lang='lat' dir='ltr'><em>Deum</em></span> <span class='ocrx_word' id='word_1_458' title='bbox 1454 4406 1500 4467; x_wconf 90' lang='lat' dir='ltr'><em>eis</em></span> <span class='ocrx_word' id='word_1_459' title='bbox 1524 4406 1635 4467; x_wconf 90' lang='lat' dir='ltr'><em>adesse</em></span> <span class='ocrx_word' id='word_1_460' title='bbox 1659 4406 1699 4467; x_wconf 90' lang='lat' dir='ltr'><em>ad</em></span> <span class='ocrx_word' id='word_1_461' title='bbox 1724 4405 1954 4468; x_wconf 83' lang='lat' dir='ltr'><em>auxiliandum.</em></span> 
     </span>
     <span class='ocr_line' id='line_1_41' title="bbox 412 4502 1956 4586; baseline 0.001 -23"><span class='ocrx_word' id='word_1_462' title='bbox 412 4506 554 4565; x_wconf 86' lang='lat' dir='ltr'><em>ctrinam</em></span> <span class='ocrx_word' id='word_1_463' title='bbox 567 4513 597 4564; x_wconf 89' lang='lat' dir='ltr'><em>et</em></span> <span class='ocrx_word' id='word_1_464' title='bbox 616 4505 798 4564; x_wconf 85' lang='lat' dir='ltr'><em>Veritatem.</em></span> <span class='ocrx_word' id='word_1_465' title='bbox 816 4502 931 4564; x_wconf 88' lang='lat' dir='ltr'><em>Dicunt</em></span> <span class='ocrx_word' id='word_1_466' title='bbox 945 4502 1057 4583; x_wconf 90' lang='lat' dir='ltr'><em>aliqui,</em></span> <span class='ocrx_word' id='word_1_467' title='bbox 1070 4504 1156 4586; x_wconf 91' lang='lat' dir='ltr'><em>quod</em></span> <span class='ocrx_word' id='word_1_468' title='bbox 1211 4504 1328 4566; x_wconf 86' lang='lat' dir='ltr'><em>Rursus</em></span> <span class='ocrx_word' id='word_1_469' title='bbox 1345 4505 1377 4565; x_wconf 90' lang='lat' dir='ltr'><em>in</em></span> <span class='ocrx_word' id='word_1_470' title='bbox 1394 4504 1503 4566; x_wconf 86' lang='lat' dir='ltr'><em>eadem</em></span> <span class='ocrx_word' id='word_1_471' title='bbox 1521 4502 1622 4567; x_wconf 90' lang='lat' dir='ltr'><em>fertur</em></span> <span class='ocrx_word' id='word_1_472' title='bbox 1636 4504 1774 4566; x_wconf 88' lang='lat' dir='ltr'><em>Historia</em></span> <span class='ocrx_word' id='word_1_473' title='bbox 1790 4522 1797 4565; x_wconf 91' lang='lat'>:</span> <span class='ocrx_word' id='word_1_474' title='bbox 1816 4504 1956 4567; x_wconf 85' lang='lat' dir='ltr'><em>Tradunt</em></span> 
     </span>
     <span class='ocr_line' id='line_1_42' title="bbox 412 4601 1956 4684; baseline 0.001 -21"><span class='ocrx_word' id='word_1_475' title='bbox 412 4610 633 4664; x_wconf 88' lang='lat' dir='ltr'><em>ornamentum</em></span> <span class='ocrx_word' id='word_1_476' title='bbox 663 4601 724 4664; x_wconf 91' lang='lat' dir='ltr'><em>hoe</em></span> <span class='ocrx_word' id='word_1_477' title='bbox 753 4608 900 4664; x_wconf 86' lang='lat' dir='ltr'><em>vocatum</em></span> <span class='ocrx_word' id='word_1_478' title='bbox 931 4601 973 4662; x_wconf 89' lang='lat' dir='ltr'><em>sit</em></span> <span class='ocrx_word' id='word_1_479' title='bbox 1003 4602 1156 4664; x_wconf 87' lang='lat' dir='ltr'><em>rationale</em></span> <span class='ocrx_word' id='word_1_480' title='bbox 1210 4601 1343 4677; x_wconf 76' lang='lat' dir='ltr'><em>Hebraei,</em></span> <span class='ocrx_word' id='word_1_481' title='bbox 1361 4602 1394 4663; x_wconf 90' lang='lat' dir='ltr'><em>in</em></span> <span class='ocrx_word' id='word_1_482' title='bbox 1411 4602 1516 4664; x_wconf 90' lang='lat' dir='ltr'><em>medio</em></span> <span class='ocrx_word' id='word_1_483' title='bbox 1533 4602 1680 4664; x_wconf 89' lang='lat' dir='ltr'><em>rationali</em></span> <span class='ocrx_word' id='word_1_484' title='bbox 1700 4603 1857 4683; x_wconf 87' lang='lat' dir='ltr'><em>quadrum</em></span> <span class='ocrx_word' id='word_1_485' title='bbox 1873 4603 1956 4684; x_wconf 89' lang='lat' dir='ltr'><em>lapi·</em></span> 
     </span>
     <span class='ocr_line' id='line_1_43' title="bbox 410 4698 1956 4782; baseline 0.001 -21"><span class='ocrx_word' id='word_1_486' title='bbox 410 4699 521 4781; x_wconf 90' lang='lat' dir='ltr'><em>judicii</em></span> <span class='ocrx_word' id='word_1_487' title='bbox 542 4716 548 4761; x_wconf 94' lang='lat'>:</span> <span class='ocrx_word' id='word_1_488' title='bbox 567 4699 641 4781; x_wconf 90' lang='lat' dir='ltr'><em>quia</em></span> <span class='ocrx_word' id='word_1_489' title='bbox 657 4698 690 4761; x_wconf 94' lang='lat' dir='ltr'><em>in</em></span> <span class='ocrx_word' id='word_1_490' title='bbox 707 4718 744 4762; x_wconf 91' lang='lat' dir='ltr'><em>eo</em></span> <span class='ocrx_word' id='word_1_491' title='bbox 765 4699 882 4781; x_wconf 90' lang='lat' dir='ltr'><em>scripta</em></span> <span class='ocrx_word' id='word_1_492' title='bbox 902 4706 992 4761; x_wconf 90' lang='lat' dir='ltr'><em>erant</em></span> <span class='ocrx_word' id='word_1_493' title='bbox 1008 4700 1071 4761; x_wconf 92' lang='lat' dir='ltr'><em>duo</em></span> <span class='ocrx_word' id='word_1_494' title='bbox 1090 4699 1156 4763; x_wconf 77' lang='lat' dir='ltr'><em>haec</em></span> <span class='ocrx_word' id='word_1_495' title='bbox 1210 4701 1282 4763; x_wconf 92' lang='lat' dir='ltr'><em>dem</em></span> <span class='ocrx_word' id='word_1_496' title='bbox 1299 4700 1520 4782; x_wconf 88' lang='lat' dir='ltr'><em>magnitudine</em></span> <span class='ocrx_word' id='word_1_497' title='bbox 1536 4702 1671 4763; x_wconf 90' lang='lat' dir='ltr'><em>duorum</em></span> <span class='ocrx_word' id='word_1_498' title='bbox 1687 4701 1860 4781; x_wconf 87' lang='lat' dir='ltr'><em>digitorum</em></span> <span class='ocrx_word' id='word_1_499' title='bbox 1876 4701 1956 4764; x_wconf 90' lang='lat' dir='ltr'><em>fuis-</em></span> 
     </span>
     <span class='ocr_line' id='line_1_44' title="bbox 411 4798 1953 4881; baseline 0.001 -20"><span class='ocrx_word' id='word_1_500' title='bbox 411 4800 553 4875; x_wconf 91' lang='lat' dir='ltr'><em>nomina,</em></span> <span class='ocrx_word' id='word_1_501' title='bbox 571 4798 693 4862; x_wconf 85' lang='lat' dir='ltr'><em>Veritas</em></span> <span class='ocrx_word' id='word_1_502' title='bbox 709 4806 740 4860; x_wconf 89' lang='lat' dir='ltr'><em>et</em></span> <span class='ocrx_word' id='word_1_503' title='bbox 759 4798 917 4861; x_wconf 84' lang='lat' dir='ltr'><em>Doctrina.</em></span> <span class='ocrx_word' id='word_1_504' title='bbox 935 4798 992 4861; x_wconf 87' lang='lat' dir='ltr'><em>Cui</em></span> <span class='ocrx_word' id='word_1_505' title='bbox 1012 4798 1097 4861; x_wconf 90' lang='lat' dir='ltr'><em>dicto</em></span> <span class='ocrx_word' id='word_1_506' title='bbox 1113 4799 1157 4861; x_wconf 90' lang='lat' dir='ltr'><em>vi·</em></span> <span class='ocrx_word' id='word_1_507' title='bbox 1211 4819 1255 4877; x_wconf 85' lang='lat' dir='ltr'><em>se,</em></span> <span class='ocrx_word' id='word_1_508' title='bbox 1273 4800 1387 4881; x_wconf 91' lang='lat' dir='ltr'><em>inquo</em></span> <span class='ocrx_word' id='word_1_509' title='bbox 1409 4800 1584 4862; x_wconf 90' lang='lat' dir='ltr'><em>secuudum</em></span> <span class='ocrx_word' id='word_1_510' title='bbox 1603 4798 1722 4862; x_wconf 90' lang='lat' dir='ltr'><em>coloris</em></span> <span class='ocrx_word' id='word_1_511' title='bbox 1747 4801 1953 4865; x_wconf 85' lang='lat' dir='ltr'><em>mutationem</em></span> 
     </span>
     <span class='ocr_line' id='line_1_45' title="bbox 410 4896 1956 4982; baseline -0.001 -20"><span class='ocrx_word' id='word_1_512' title='bbox 410 4900 502 4962; x_wconf 91' lang='lat' dir='ltr'><em>detur</em></span> <span class='ocrx_word' id='word_1_513' title='bbox 518 4897 710 4961; x_wconf 86' lang='lat' dir='ltr'><em>concordare</em></span> <span class='ocrx_word' id='word_1_514' title='bbox 726 4897 809 4978; x_wconf 87' lang='lat' dir='ltr'><em>quod</em></span> <span class='ocrx_word' id='word_1_515' title='bbox 832 4896 864 4958; x_wconf 92' lang='lat' dir='ltr'><em>in</em></span> <span class='ocrx_word' id='word_1_516' title='bbox 886 4904 971 4959; x_wconf 83' lang='lat' dir='ltr'><em>textu</em></span> <span class='ocrx_word' id='word_1_517' title='bbox 993 4896 1156 4978; x_wconf 88' lang='lat' dir='ltr'><em>subjungi·</em></span> <span class='ocrx_word' id='word_1_518' title='bbox 1211 4898 1461 4980; x_wconf 88' lang='lat' dir='ltr'><em>perpendebant,</em></span> <span class='ocrx_word' id='word_1_519' title='bbox 1479 4906 1586 4960; x_wconf 88' lang='lat' dir='ltr'><em>utrum</em></span> <span class='ocrx_word' id='word_1_520' title='bbox 1600 4898 1699 4959; x_wconf 86' lang='lat' dir='ltr'><em>Deum</em></span> <span class='ocrx_word' id='word_1_521' title='bbox 1715 4899 1869 4961; x_wconf 88' lang='lat' dir='ltr'><em>haberent</em></span> <span class='ocrx_word' id='word_1_522' title='bbox 1889 4899 1956 4982; x_wconf 93' lang='lat' dir='ltr'><em>pla-</em></span> 
     </span>
     <span class='ocr_line' id='line_1_46' title="bbox 413 4995 1569 5077; baseline -0.003 -17"><span class='ocrx_word' id='word_1_523' title='bbox 413 5006 462 5060; x_wconf 85' lang='lat' dir='ltr'><em>tur</em></span> <span class='ocrx_word' id='word_1_524' title='bbox 481 5014 488 5059; x_wconf 91' lang='lat'>:</span> <span class='ocrx_word' id='word_1_525' title='bbox 505 5018 576 5077; x_wconf 83' lang='lat' dir='ltr'><em>qna</em></span> <span class='ocrx_word' id='word_1_526' title='bbox 591 5006 687 5057; x_wconf 81' lang='lat' dir='ltr'><em>eram</em></span> <span class='ocrx_word' id='word_1_527' title='bbox 703 4999 739 5056; x_wconf 88' lang='lat' dir='ltr'><em>in</em></span> <span class='ocrx_word' id='word_1_528' title='bbox 750 5006 875 5073; x_wconf 86' lang='lat' dir='ltr'><em>pectore</em></span> <span class='ocrx_word' id='word_1_529' title='bbox 890 5000 1015 5065; x_wconf 85' lang='lat' dir='ltr'><em>Aaron,</em></span> <span class='ocrx_word' id='word_1_530' title='bbox 1026 5000 1156 5077; x_wconf 83' lang='lat' dir='ltr'><em>qnando</em></span> <span class='ocrx_word' id='word_1_531' title='bbox 1209 5005 1314 5060; x_wconf 90' lang='lat' dir='ltr'><em>catum</em></span> <span class='ocrx_word' id='word_1_532' title='bbox 1330 4996 1380 5058; x_wconf 87' lang='lat' dir='ltr'><em>vel</em></span> <span class='ocrx_word' id='word_1_533' title='bbox 1396 4995 1569 5058; x_wconf 88' lang='lat' dir='ltr'><em>offensum.</em></span> 
     </span>
     <span class='ocr_line' id='line_1_47' title="bbox 411 5094 1956 5177; baseline 0.001 -22"><span class='ocrx_word' id='word_1_534' title='bbox 411 5098 614 5173; x_wconf 72' lang='lat' dir='ltr'><em>ingredietur</em></span> <span class='ocrx_word' id='word_1_535' title='bbox 628 5115 737 5156; x_wconf 88' lang='lat' dir='ltr'><em>coram</em></span> <span class='ocrx_word' id='word_1_536' title='bbox 747 5095 1069 5177; x_wconf 85' lang='lat' dir='ltr'><em>Domino:quoniam</em></span> <span class='ocrx_word' id='word_1_537' title='bbox 1082 5104 1157 5158; x_wconf 88' lang='lat' dir='ltr'><em>tem·</em></span> <span class='ocrx_word' id='word_1_538' title='bbox 1249 5095 1391 5175; x_wconf 87' lang='lat' dir='ltr'><em>Denique</em></span> <span class='ocrx_word' id='word_1_539' title='bbox 1410 5095 1565 5175; x_wconf 89' lang='lat' dir='ltr'><em>losephus</em></span> <span class='ocrx_word' id='word_1_540' title='bbox 1589 5094 1696 5173; x_wconf 84' lang='lat' dir='ltr'><em>refert,</em></span> <span class='ocrx_word' id='word_1_541' title='bbox 1720 5094 1885 5177; x_wconf 76' lang='lat' dir='ltr'><em>praefatum</em></span> <span class='ocrx_word' id='word_1_542' title='bbox 1910 5114 1956 5157; x_wconf 89' lang='lat' dir='ltr'><em>ra-</em></span> 
     </span>
     <span class='ocr_line' id='line_1_48' title="bbox 410 5192 1953 5277; baseline 0 -22"><span class='ocrx_word' id='word_1_543' title='bbox 410 5212 487 5277; x_wconf 91' lang='lat' dir='ltr'><em>pore</em></span> <span class='ocrx_word' id='word_1_544' title='bbox 502 5192 656 5257; x_wconf 90' lang='lat' dir='ltr'><em>orationis</em></span> <span class='ocrx_word' id='word_1_545' title='bbox 672 5202 703 5256; x_wconf 87' lang='lat' dir='ltr'><em>et</em></span> <span class='ocrx_word' id='word_1_546' title='bbox 718 5192 889 5256; x_wconf 89' lang='lat' dir='ltr'><em>oblationis</em></span> <span class='ocrx_word' id='word_1_547' title='bbox 906 5194 938 5255; x_wconf 89' lang='lat' dir='ltr'><em>in</em></span> <span class='ocrx_word' id='word_1_548' title='bbox 961 5194 1152 5271; x_wconf 90' lang='lat' dir='ltr'><em>sanctuario,</em></span> <span class='ocrx_word' id='word_1_549' title='bbox 1211 5193 1339 5259; x_wconf 87' lang='lat' dir='ltr'><em>tionatis</em></span> <span class='ocrx_word' id='word_1_550' title='bbox 1349 5203 1445 5274; x_wconf 86' lang='lat' dir='ltr'><em>atque</em></span> <span class='ocrx_word' id='word_1_551' title='bbox 1455 5194 1585 5257; x_wconf 91' lang='lat' dir='ltr'><em>alterius</em></span> <span class='ocrx_word' id='word_1_552' title='bbox 1595 5212 1728 5275; x_wconf 74' lang='lat' dir='ltr'><em>gemmus</em></span> <span class='ocrx_word' id='word_1_553' title='bbox 1739 5194 1953 5275; x_wconf 90' lang='lat' dir='ltr'><em>splendorem,</em></span> 
     </span>
     <span class='ocr_line' id='line_1_49' title="bbox 410 5291 1954 5375; baseline 0 -20"><span class='ocrx_word' id='word_1_554' title='bbox 410 5292 570 5375; x_wconf 72' lang='lat' dir='ltr'><em>praecipue</em></span> <span class='ocrx_word' id='word_1_555' title='bbox 594 5291 704 5355; x_wconf 91' lang='lat' dir='ltr'><em>debuit</em></span> <span class='ocrx_word' id='word_1_556' title='bbox 728 5291 903 5355; x_wconf 89' lang='lat' dir='ltr'><em>doctrinam</em></span> <span class='ocrx_word' id='word_1_557' title='bbox 930 5292 1100 5375; x_wconf 77' lang='lat' dir='ltr'><em>Scriptura</em></span> <span class='ocrx_word' id='word_1_558' title='bbox 1124 5302 1156 5356; x_wconf 90' lang='lat' dir='ltr'><em>et</em></span> <span class='ocrx_word' id='word_1_559' title='bbox 1209 5311 1350 5358; x_wconf 90' lang='lat' dir='ltr'><em>cessasse</em></span> <span class='ocrx_word' id='word_1_560' title='bbox 1378 5312 1435 5375; x_wconf 91' lang='lat' dir='ltr'><em>per</em></span> <span class='ocrx_word' id='word_1_561' title='bbox 1463 5312 1565 5356; x_wconf 91' lang='lat' dir='ltr'><em>annos</em></span> <span class='ocrx_word' id='word_1_562' title='bbox 1594 5294 1749 5357; x_wconf 90' lang='lat' dir='ltr'><em>ducentos</em></span> <span class='ocrx_word' id='word_1_563' title='bbox 1782 5302 1954 5374; x_wconf 85' lang='lat' dir='ltr'><em>antequam</em></span> 
     </span>
    </p>
   </div>
   <div class='ocr_carea' id='block_1_5' title="bbox 0 0 2164 6259">
    <p class='ocr_par' dir='ltr' id='par_1_5' title="bbox 0 0 2164 6259">
     <span class='ocr_line' id='line_1_50' title="bbox 0 0 2164 6259; baseline 0 0"><span class='ocrx_word' id='word_1_564' title='bbox 0 0 2164 6259; x_wconf 95' lang='lat' dir='ltr'><em> </em></span> 
     </span>
    </p>
   </div>
  </div>
 </body>
</html>
