4309 6259
527 512 702 559 manuario
723 512 754 557 m
776 512 843 557 GAP.
867 511 919 557 XV!
940 510 1138 557 NUHERORUU.
1160 528 1201 539 -
1220 508 1292 555 aas.
1315 508 1400 555 xxvii

1673 489 1734 555 409

185 687 364 762 afflicerim
379 686 564 763 quempiam
578 704 688 745 eorum
704 704 715 743 .·
731 681 822 764 quasi
838 680 933 757 dicet,
950 680 1029 743 had
1056 680 1269 743 resistendum
1294 678 1400 743 verbis
1426 687 1457 741 et
1481 677 1586 740 lactis.
1613 680 1655 741 Ει
1684 679 1733 741 ait

185 784 252 846 Non
280 784 400 846 habent
419 782 582 863 querelam
605 790 716 847 contra
738 801 788 845 mc
805 781 933 862 justam.

184 885 346 961 Dicitque
371 887 415 943 ml
432 886 508 943 (bre
524 903 535 941 .·
559 887 587 943 T
585 904 619 953 u,
635 893 665 943 et
687 883 792 941 ornru's
811 898 936 955 conpre-

181 984 273 1059 potio
301 992 357 1041 lna
382 992 464 1043 state
488 1002 640 1042 seorsum.
671 983 783 1042 Tollite
811 978 936 1055 sinpuli

187 1082 358 1140 tlarrr'lrnlc
384 1090 499 1150 cestra,
523 1090 553 1141 et
571 1083 683 1157 ponite
707 1098 860 1156 superea
885 1079 936 1136 in-

185 1199 330 1247 censum,
346 1184 511 1256 offerentes
527 1181 664 1241 Domino
685 1182 823 1239 ducenta
841 1178 936 1255 pitin-

185 1278 347 1352 mtapinta
365 1278 546 1338 thuribula.
563 1278 675 1336 Aaron
691 1295 814 1355 quoqne
833 1282 935 1334 teneat

187 1376 395 1435 tlmrilmlum
410 1396 517 1435 sutem.

990 783 1136 858 Moyses:
1152 782 1194 839 In
1208 783 1266 840 troc
1279 780 1384 839 scietis
1399 782 1485 859 quod
1500 780 1658 838 Dominus
1673 778 1734 837 mi-

989 880 1066 939 serit
1085 900 1143 950 me,
1162 878 1193 940 id
1212 886 1272 955 est,
1289 878 1373 958 quod
1388 879 1452 940 Deo
1465 877 1599 959 jubente
1614 884 1645 938 ει
1660 893 1735 957 ope

991 985 1082 1040 rante
1098 976 1202 1040 lactus
1218 996 1288 1038 sum
1310 977 1374 1039 dux
1388 983 1504 1053 vester,
1523 976 1664 1052 eductor,
1682 975 1735 1037 dc

990 1083 1058 1139 clor
1070 1084 1102 1138 et
1111 1076 1234 1138 ductor.
1247 1078 1287 1137 Si
1295 1085 1445 1135 corusueta
1455 1077 1623 1135 hominum
1634 1084 1735 1135 morte

990 1176 1190 1243 interierint,
1212 1185 1242 1235 et
1265 1176 1447 1235 visitaverit
1468 1194 1517 1233 eos
1534 1177 1648 1250 playa,
1669 1194 1735 1252 qua

989 1274 1087 1333 ceteri
1103 1274 1274 1333 hominum
1288 1274 1419 1333 visitari
1433 1276 1545 1342 solent,
1561 1291 1626 1354 nou
1646 1273 1735 1331 misit

990 1393 1039 1431 me
1057 1373 1226 1433 Dominus.
1244 1370 1360 1433 Dicunt
1379 1370 1492 1451 aliqui,
1508 1371 1594 1451 quod
1614 1368 1733 1450 Moyses

227 1476 432 1553 Quanquam
442 1474 601 1552 fecissent,
615 1489 729 1534 noncx
741 1470 933 1547 ohedientia,
990 1469 1160 1534 Dominum
1180 1469 1332 1547 exoravit,
1350 1477 1385 1530 ut
1406 1478 1507 1532 morte
1526 1468 1667 1550 perirent
1686 1467 1734 1529 in-

186 1572 240 1633 sed
257 1590 297 1633 cx
313 1572 505 1649 arrogantia,
522 1570 613 1651 quasi
632 1570 712 1632 nihil
729 1570 888 1645 timentes
906 1580 935 1629 et
990 1569 1095 1632 solita.
1119 1569 1180 1631 Sed
1202 1568 1308 1650 potius
1330 1577 1418 1650 puto,
1435 1567 1521 1648 quod
1536 1567 1617 1629 Deus
1637 1566 1733 1648 ldoysi

185 1680 437 1738 coacervassent,
449 1666 540 1732 idest
554 1676 811 1749 congregassent,
824 1671 935 1728 adver-
990 1668 1050 1731 hoe
1066 1687 1131 1731 non
1147 1667 1251 1729 oranti
1267 1666 1421 1730 revelavit
1436 1684 1470 1729 se
1489 1666 1549 1729 hoc
1565 1665 1732 1728 lecturum.

183 1790 258 1829 suin
279 1768 404 1850 Moysen
428 1776 460 1831 ct
479 1768 582 1830 Aaron
606 1788 730 1828 ornnem
753 1768 936 1827 rualtitudi-
989 1765 1091 1839 Quum
1114 1774 1221 1828 autem
1242 1766 1361 1846 Moyses
1377 1772 1528 1845 praetacta
1546 1763 1642 1828 verba
1665 1782 1734 1846 pro

186 1890 270 1939 stein,
284 1886 382 1948 quam
398 1866 459 1929 sibi
476 1852 673 1929 attraxerunt
692 1884 698 1927 :
717 1866 828 1928 multis
849 1865 934 1929 enim
953 1864 976 1925 B
992 1862 1100 1941 ferret,
1117 1873 1149 1926 ct
1164 1864 1259 1927 sciret
1275 1864 1352 1945 quid
1371 1862 1496 1926 miseris
1518 1862 1582 1925 illis
1598 1881 1671 1926 mox
1686 1882 1734 1925 es-

186 1973 428 2048 persuasernnt,
452 1965 537 2046 quod
562 1964 647 2046 juste
673 1973 887 2040 moverentur,
904 1973 935 2026 et
991 1970 1039 2025 set
1060 1962 1213 2038 futurum,
1232 1982 1271 2025 ex
1290 1961 1511 2045 compassione
1532 1961 1686 2044 ploravit3
1703 1970 1735 2024 et

185 2072 368 2146 quaererent
393 2063 514 2126 bonum
547 2081 749 2137 communc3
780 2071 876 2144 atquc
901 2072 936 2125 ut
992 2060 1139 2142 protinus
1153 2060 1250 2143 coepit
1266 2068 1349 2123 terra
1369 2070 1577 2135 contremere,
1595 2059 1736 2142 expavit·
1767 2120 1770 2123 ,

185 2164 277 2225 aiunt
302 2161 434 2243 quidam
461 2161 595 2237 Hebraei,
619 2170 683 2225 tota
707 2170 799 2225 nocte
823 2171 855 2224 ct
879 2180 936 2243 per
991 2179 1053 2241 que
1069 2160 1219 2241 populus,
1236 2167 1332 2241 atquc
1346 2161 1394 2239 (ut
1410 2159 1443 2221 in
1461 2158 1604 2222 historiis
1619 2158 1663 2221 ait
1677 2159 1736 2220 lde-

186 2278 335 2323 auroram
358 2260 581 2323 discurrerunt
602 2279 659 2342 per
681 2268 793 2337 castra,
812 2260 850 2322 ad
866 2260 937 2323 alli·
989 2258 1103 2339 gister)
1117 2257 1228 2339 grandi
1248 2258 1383 2340 strepitu
1407 2277 1463 2339 per
1484 2257 1612 2321 illorum
1633 2258 1736 2320 taber-

187 2359 338 2421 cicndum
355 2358 417 2420 sibi
435 2376 516 2439 quos
532 2366 698 2440 poterant:
716 2377 814 2440 quum
829 2358 936 2438 itaque
991 2358 1104 2419 nacula
1130 2357 1276 2433 excitato,
1304 2356 1422 2419 iactum
1448 2365 1496 2419 cst
1520 2357 1606 2438 quod
1633 2364 1735 2419 textus

188 2465 436 2537 congregassent
456 2456 692 2519 multitudinem
715 2476 804 2519 suam
826 2466 937 2521 eontra
991 2457 1168 2540 subjungit.

186 2578 247 2625 eos,
275 2555 308 2617 id
334 2564 383 2617 cst
411 2563 523 2619 contra
548 2555 673 2639 Moysen
699 2564 730 2619 ει
753 2556 870 2632 Aaron,
892 2561 937 2617 acl
1032 2558 1207 2636 confestim
1223 2558 1327 2633 ipitur
1342 2566 1378 2617 ut
1395 2559 1529 2616 cessauit
1547 2558 1637 2635 loqui
1656 2554 1735 2637 Moy-

187 2656 307 2713 ostiam
333 2655 547 2723 tabernaculi,
563 2662 641 2734 puta
664 2654 696 2714 in
722 2654 813 2730 atrio,
839 2675 936 2732 appa-
991 2674 1052 2731 εεε,
1068 2658 1203 2731 dirupta
1219 2665 1264 2715 est
1288 2665 1374 2716 terra
1391 2657 1450 2714 sub
1460 2656 1598 2731 pedibus
1611 2674 1735 2723 eorum,

187 2754 256 2813 ruit
272 2754 397 2812 eunetis
411 2754 521 2828 ylario
536 2754 681 2823 Domini,
698 2751 774 2833 quia
791 2760 865 2815 tunc
882 2752 937 2814 Dc
991 2763 1022 2817 ει
1037 2752 1186 2835 apparuit
1201 2752 1246 2814 ibi
1258 2752 1345 2815 lacus
1356 2750 1547 2835 profundus,
1560 2751 1737 2815 horribilis·

188 2850 297 2911 minus
314 2868 371 2930 per
386 2850 504 2911 nubem
521 2850 684 2912 descendit
700 2850 739 2911 ad
755 2849 880 2931 Moysen
895 2850 936 2912 oh
991 2871 1054 2933 que
1069 2851 1187 2927 hiatus,
1204 2851 1357 2931 quoniam
1373 2850 1503 2914 illorum
1520 2850 1656 2913 tentoria
1671 2869 1736 2912 ma-

187 2947 258 3028 ejus
281 2946 514 3009 defensionem.
532 2947 620 3009 Unde
639 2946 862 3028 subjungitur:
880 2950 937 3007 Lo·
990 2969 1089 3030 gnum
1111 2958 1343 3030 occupaverant
1363 2948 1522 3031 spatium3
1541 2959 1570 3009 et
1589 2950 1736 3026 aperiens

187 3056 344 3124 cetusque
363 3055 408 3105 est
428 3048 588 3107 Dominus
610 3048 654 3106 od
679 3048 810 3122 Moysen
829 3054 858 3105 et
873 3046 937 3104 Aa·
953 3046 974 3109 C
991 3070 1146 3119 ossuum,
1163 3048 1195 3109 id
1212 3055 1271 3123 cst,
1289 3048 1351 3111 ilco
1370 3049 1514 3130 jubente,
1532 3066 1589 3129 per
1604 3047 1735 3110 modum

188 3166 245 3203 ron
258 3164 270 3203 .·
282 3146 497 3221 separamini
512 3147 552 3203 de
568 3146 671 3204 inedia
682 3144 937 3220 conprepationis
991 3146 1134 3210 hominis
1149 3164 1184 3209 os
1207 3166 1300 3209 suum
1315 3146 1488 3228 aperientis
1504 3147 1542 3209 ad
1558 3144 1665 3209 cibum
1681 3163 1736 3208 vc

188 3244 303 3319 liujus,
315 3252 351 3301 ιιι
366 3261 416 3302 eos
431 3252 558 3319 repente
573 3244 771 3319 disperdam.
786 3244 850 3309 Qut
864 3242 938 3300 erci-

186 3344 308 3401 derant
319 3344 422 3417 proni
436 3343 473 3401 in
488 3342 606 3418 faeiem
622 3362 727 3413 suam,
740 3350 836 3420 atque
851 3340 938 3399 dirre-

186 3449 266 3499 runt
278 3460 290 3497 .·
306 3440 496 3500 Fortissime
512 3443 597 3499 Deus
612 3441 792 3515 spirituum
809 3440 938 3498 univer·

184 3560 227 3598 sae
257 3540 383 3606 earnis,
410 3537 440 3599 id
472 3544 530 3614 est,
560 3544 592 3597 tu
622 3538 704 3600 Deus
733 3535 937 3617 omnipotens

186 3644 312 3699 creator
328 3636 472 3699 omnium
484 3635 675 3711 animarum,
690 3656 769 3697 num
792 3656 856 3696 uno
866 3655 938 3713 pee-

185 3745 293 3803 eante,
303 3746 416 3795 contra
427 3755 535 3795 omnes
546 3736 598 3795 ira
611 3742 667 3795 lua
683 3737 830 3815 clesc’piet
840 3737 855 3794 l
865 3752 938 3814 qua·

186 3833 213 3895 si
230 3832 352 3909 dicant,
370 3832 437 3896 Non
454 3834 545 3896 dccet
560 3833 760 3914 sapientiam,
774 3832 935 3914 pietatem,

992 3246 1127 3308 randum
1152 3265 1187 3308 εε
1207 3246 1339 3309 habens.
1361 3246 1424 3309 Nec
1450 3246 1536 3308 enim
1558 3244 1735 3327 putandum

992 3352 1050 3420 est,
1063 3352 1099 3405 ut
1114 3344 1244 3425 quidam
1260 3336 1444 3427 philosophi
1455 3352 1550 3426 atquc
1561 3344 1735 3407 idololatra

989 3442 1114 3525 opinati
1141 3452 1228 3519 sunt,
1250 3444 1336 3524 quod
1362 3452 1445 3506 terra
1470 3443 1511 3505 sit
1532 3442 1682 3520 animata,
1704 3451 1736 3505 ει

992 3542 1099 3605 anima
1125 3543 1196 3622 ejus
1218 3551 1331 3623 agente
1356 3543 1476 3624 aperiat
1502 3561 1547 3618 se,
1574 3541 1624 3605 vel
1650 3542 1735 3623 quod

990 3640 1082 3722 juxta
1096 3640 1236 3703 Platonis
1260 3648 1291 3703 ει
1306 3640 1408 3703 Procli
1430 3660 1467 3703 ac
1482 3640 1596 3703 Plotini
1612 3639 1737 3722 opinic

993 3758 1078 3815 nem,
1105 3746 1190 3800 totus
1215 3739 1353 3800 mundus
1383 3738 1545 3801 sensibilis
1575 3738 1617 3800 sit
1636 3757 1736 3799 unum

992 3836 1109 3898 animal
1121 3855 1282 3917 magnum,
1292 3836 1383 3918 cujus
1393 3836 1484 3918 quasi
1496 3845 1632 3918 quatuor
1642 3855 1738 3899 urem-

183 3931 411 4013 justitiamque
446 3940 549 4006 tuam,
576 3939 611 3993 ut
644 3939 775 4012 propter
808 3938 937 4011 peccata
992 3935 1048 3997 bra
1071 3934 1136 3997 sint
1162 3943 1299 4017 quatuor
1320 3936 1672 4016 elementa.Dequare
1693 3934 1738 3998 lc

187 4048 377 4111 paucorum,
396 4029 511 4111 punias
541 4038 638 4092 totam
661 4028 934 4105 communitatem,
991 4034 1101 4115 quitur
1125 4032 1213 4097 Plato
1237 4033 1271 4095 in
1298 4034 1402 4115 primo
1424 4034 1590 4110 'limchet
1608 4032 1737 4096 Procius

186 4126 343 4208 quoniam
360 4136 392 4189 tu
409 4127 555 4190 omnium
571 4127 704 4209 inspicis
719 4128 825 4190 corda.
839 4126 890 4190 Sic
906 4134 937 4190 et
992 4130 1026 4192 in
1042 4130 1295 4194 Elementatione
1311 4151 1369 4195 sua
1389 4132 1578 4211 theologica,
1595 4130 1737 4194 Plotinus

73 4236 80 4275 ῐ
107 4268 113 4279 .
186 4224 349 4288 Abraham
365 4225 446 4287 dixit
464 4242 471 4287 :
498 4226 659 4307 Numquid
686 4226 799 4307 perdes
813 4226 934 4307 justum
953 4234 976 4295 ι)
991 4247 1119 4311 quoque
1134 4229 1167 4291 in
1183 4228 1266 4293 libro
1282 4231 1321 4293 de
1334 4230 1449 4293 Tribus
1459 4230 1579 4292 divinis
1594 4230 1738 4291 substau-

76 4329 81 4339 '
187 4322 400 4405 cumimpiol
991 4327 1070 4390 tiis:
1093 4347 1190 4409 quam
1216 4327 1312 4391 etiam
1334 4330 1518 4412 opinionem
1540 4330 1573 4391 in
1595 4329 1677 4392 libro
1697 4330 1736 4391 dc

229 4424 447 4502 Surrenitque
464 4426 588 4500 Moyses
603 4433 633 4483 et
648 4424 730 4483 abiit
745 4427 788 4483 ad
804 4426 936 4484 Dntlran
990 4425 1123 4489 Ciuitate
1137 4425 1192 4488 Dei
1216 4427 1328 4489 recitat
1343 4426 1548 4508 Augustinus.
1567 4428 1627 4491 Sed
1652 4427 1736 4489 sicut

186 4532 216 4583 el
236 4522 375 4590 aeeon,
390 4532 420 4582 et
439 4524 642 4602 sequentibus
662 4542 736 4581 erem
756 4524 936 4582 senioribus
992 4544 1077 4587 mare
1093 4525 1310 4605 metaphorice
1321 4526 1438 4588 dicitur
1449 4526 1566 4600 videre,
1577 4526 1689 4588 timere
1704 4535 1735 4589 ει

187 4624 306 4689 Israel,
321 4622 411 4680 dimit
431 4623 474 4680 ad
497 4622 625 4681 turbam
636 4640 648 4679 .·
665 4622 824 4690 Recedite,
841 4620 872 4682 id
889 4629 937 4683 est
991 4622 1113 4705 fugere,
1124 4623 1214 4705 juxta
1229 4622 1320 4700 illud,
1332 4623 1413 4685 Mare
1428 4623 1509 4687 vidit
1524 4632 1555 4686 et
1571 4623 1671 4702 lugit;
1688 4624 1734 4687 sic
1750 4650 1881 4699 ememus.

187 4716 395 4798 separemini,
412 4740 434 4778 a
450 4720 668 4778 tabanmutis
693 4720 862 4779 hortunam
878 4720 937 4780 im·
992 4730 1074 4783 terra
1090 4739 1125 4783 os
1140 4740 1233 4782 suum
1244 4721 1361 4785 dicitur
1376 4720 1549 4801 aperuisse.
1560 4724 1735 4783 Deveramt

182 4817 321 4893 piorum
336 4814 463 4891 hoium,
486 4813 637 4878 videlicet
659 4815 715 4896 qui
739 4816 819 4877 mihi
846 4836 936 4898 repu·
991 4822 1063 4879 illos
1087 4840 1162 4879 oum
1187 4822 1404 4879 tabernaculis
1426 4821 1496 4879 suis
1523 4830 1553 4879 et
1582 4824 1735 4881 universa

185 4920 298 4993 gnant.
328 4916 498 4993 Delumque
521 4916 718 4975 recessissent
743 4936 764 4976 a
790 4918 936 4976 tentoriis
990 4920 1181 4989 substantia,
1199 4926 1319 4979 etcum
1336 4937 1446 4981 eorum
1463 4918 1646 4982 domesticis
1663 4938 1736 4983 ecn-

183 5033 245 5091 per
263 5013 441 5071 circuitum
466 5033 590 5081 eorum,
606 5016 737 5074 Dathcn
758 5024 788 5074 et
813 5016 936 5074 illriron
991 5015 1204 5077 sentientibus
1224 5016 1281 5080 cis.
1300 5020 1599 5098 Descenderuntque
1617 5021 1685 5078 cici
1700 5022 1736 5079 in

184 5112 315 5171 stabam
342 5112 377 5170 in
404 5112 543 5171 introitu
568 5114 778 5189 papilionum
802 5132 936 5173 suorum
991 5116 1737 5193 infernummpertilrumo,elperieruntelemc-

186 5229 261 5269 cum
273 5210 433 5269 umoribus
445 5218 475 5268 et
489 5210 612 5278 liberis,
623 5211 774 5289 omnique
788 5212 936 5289 frequen·
990 5214 1045 5272 dio
1062 5214 1299 5282 multitudim's,
1310 5213 1342 5274 id
1355 5222 1413 5289 est,
1426 5213 1531 5276 adhue
1542 5213 1685 5279 viventes
1701 5214 1735 5275 in

188 5309 250 5377 tia,
266 5307 297 5368 id
314 5314 363 5369 est
379 5304 509 5387 eopiosa
529 5305 663 5382 familia,
680 5307 886 5388 disponentes
902 5328 935 5371 sc
991 5326 1134 5391 corpore,
1152 5319 1319 5391 coeperunt
1333 5329 1482 5375 corruere
1499 5311 1539 5375 ad
1558 5310 1741 5389 inlcrnum,
