4309 6259
502 475 676 522 sunnmrro
698 475 728 519 nv
749 474 817 520 cnr.
841 470 906 519 xm
927 468 1123 517 muanomu.
1147 489 1187 499 -
1207 470 1277 517 nnr.
1301 471 1409 518 xxxvu
1667 451 1726 514 tlt

176 666 247 708 rum
270 647 363 729 signo
385 646 546 723 scribitur,
565 648 649 729 quod
672 647 756 728 apud
778 645 925 709 Hebraeos
940 642 966 705 Α
981 653 1038 722 est,
1063 646 1217 728 populum
1241 646 1328 710 hunc
1351 664 1499 709 amovere
1523 646 1562 707 de
1576 642 1725 726 vsuperli-

176 752 457 826 tctragrammalon
474 744 600 807 dicitur.
614 745 701 819 Quod
717 746 793 807 dum
810 745 870 807 sub
886 744 926 805 si·
980 744 1029 806 cie
1054 753 1155 821 terrac,
1179 746 1291 807 saltem
1317 764 1395 808 meaa
1418 763 1514 826 quam
1539 743 1653 825 operit.
1676 741 1721 802 Ex

175 862 240 924 gno
254 844 315 907 boc
330 844 492 921 scribitur,
504 844 592 907 nulla
604 843 760 906 dubitatio
776 852 835 920 est,
845 843 923 925 quin
980 841 1040 906 hoc
1066 842 1209 918 babetur,
1236 845 1321 925 quod
1352 844 1442 906 Balac
1467 860 1531 905 non
1558 840 1724 923 proposuit

175 943 217 1005 de
241 962 317 1006 vero
343 943 406 1005 Deo
431 943 566 1006 dicatur.
583 943 714 1017 Quando
740 961 816 1005 vero
840 960 925 1004 com·
979 942 1112 1005 omnino
1127 942 1308 1024 relinquere
1323 961 1421 1017 arma,
1440 943 1494 1005 sed
1519 940 1638 1023 populo
1659 958 1725 1001 ma-

175 1040 329 1103 munibus
345 1041 472 1118 litteris,
491 1042 648 1105 incertum
663 1051 723 1119 est,
741 1060 780 1104 an
801 1040 925 1103 dicatur
980 1040 1096 1103 ledicto
1116 1061 1134 1104 a
1153 1041 1289 1118 Balaam,
1308 1040 1494 1103 intendebat
1515 1048 1626 1103 contra
1648 1057 1721 1101 eum

174 1140 215 1201 de
225 1140 289 1203 Deo
299 1157 387 1217 vcro,
397 1159 439 1201 an
453 1140 493 1202 dc
508 1139 654 1221 quolibet
669 1140 816 1204 aliorum.
827 1139 925 1201 diunt
980 1157 1133 1220 pugnare.
1150 1142 1307 1219 Dicitque
1322 1144 1407 1201 Deus
1421 1143 1466 1200 ad
1480 1142 1621 1201 Balaam
1633 1159 1644 1197 :
1661 1139 1723 1200 No-

175 1256 252 1317 crgo
277 1239 334 1319 qui
359 1238 505 1301 Hebraeas
530 1238 652 1301 litteras
677 1238 799 1318 legunt,
826 1238 924 1301 Deum
981 1240 1007 1298 ti
1032 1242 1176 1299 tracum
1201 1241 1257 1309 eis,
1274 1260 1376 1317 nepae
1397 1240 1571 1299 maledicas
1588 1240 1722 1314 popum,

176 1335 229 1399 bic
256 1355 321 1400 non
347 1356 405 1400 suo
431 1336 522 1417 signo
551 1344 830 1418 tetragrammaton
855 1355 924 1399 esse
979 1340 1057 1416 qnia
1073 1339 1257 1397 benedictam
1270 1347 1325 1397 est.
1335 1336 1422 1397 lllulti
1438 1336 1524 1398 enim
1540 1334 1616 1397 boni
1633 1342 1723 1396 erant

175 1433 329 1514 positum.
347 1433 390 1495 De
405 1451 469 1514 quo
485 1434 539 1514 qui
557 1442 671 1515 potest,
685 1433 836 1515 inquirat.
853 1434 924 1496 llaec
980 1443 1055 1497 tunc
1070 1436 1105 1496 in
1120 1434 1240 1517 populo
1255 1434 1360 1510 lsrael,
1378 1442 1409 1496 ct
1425 1451 1482 1515 pro
1499 1433 1636 1494 maxima
1653 1451 1723 1514 par-

174 1532 338 1612 Drigenes.
353 1532 412 1594 Sed
429 1532 504 1612 quia
519 1532 629 1595 Glossa
645 1539 676 1595 ct
691 1532 841 1612 Origenes
857 1533 924 1595 haec
979 1542 1010 1595 te
1034 1542 1125 1596 erant
1149 1532 1253 1609 electi,
1277 1532 1333 1614 qui
1361 1541 1475 1595 terram
1500 1530 1722 1614 promissionis

172 1628 286 1692 dicunt
302 1629 478 1707 recitative,
496 1649 560 1693 non
576 1629 741 1707 assertive,
758 1648 923 1710 argumcn-
980 1632 1182 1696 introierunt.

174 1730 252 1792 tatio
268 1730 329 1791 ista
345 1737 393 1791 est
409 1729 498 1811 parvi
511 1729 642 1810 vigoris.
652 1731 724 1793 ldco
740 1729 803 1792 dici
820 1738 924 1811 potest
1017 1730 1184 1807 Quaeritur,
1194 1749 1251 1792 our
1265 1729 1417 1793 Dominus
1433 1728 1581 1812 apparuit
1595 1728 1719 1791 Balaam

172 1847 247 1891 cum
265 1829 358 1910 Lyra,
375 1829 461 1909 quod
480 1828 513 1889 in
532 1828 663 1893 Hebraeo
685 1829 731 1891 sic
754 1828 920 1904 habeatur,
941 1827 1016 1891 Dad
1038 1828 1216 1893 faciendam
1238 1830 1319 1891 banc
1340 1828 1601 1910 prohibitionem,
1621 1846 1722 1908 quum

172 1928 249 2008 quia
272 1947 331 1991 nec
353 1927 454 1991 Babbi
477 1927 593 1990 Paulus
620 1928 653 1989 in
680 1928 739 1992 boc
762 1928 923 2008 redarguit
978 1928 1160 1991 maledictio
1176 1928 1277 2010 ipsius
1288 1928 1411 1990 Balaam
1425 1926 1506 1989 nihil
1522 1927 1722 2009 potueritpo

173 2026 346 2107 ipsumDe
361 2027 423 2091 isto
439 2035 558 2108 puncto
575 2026 660 2089 inira
675 2027 775 2107 magis
786 2026 920 2090 dicatur.
978 2028 1058 2109 pulo¹
1076 2027 1123 2089 illi
1146 2046 1271 2103 nocere,
1296 2026 1358 2088 nisi
1383 2026 1517 2089 Domino
1538 2025 1722 2107 permitten-

213 2128 424 2186 Manentlbas
449 2128 519 2186 illis
544 2128 634 2203 apud
659 2130 813 2195 Balaam,
836 2127 923 2186 venit
979 2134 1019 2188 te,
1037 2125 1083 2188 dd
1105 2126 1166 2190 boc
1187 2125 1297 2189 Glossa
1318 2126 1508 2207 respondet:
1525 2122 1650 2187 Balaam
1672 2143 1723 2187 ac·

172 2224 269 2284 Deus.
288 2222 487 2286 invariabilis
513 2232 544 2286 et
574 2222 922 2305 incircumscriptibilis
977 2225 1077 2306 ceptis
1102 2225 1251 2302 oraculis,
1273 2243 1372 2306 quum
1397 2225 1558 2287 daemones
1583 2223 1723 2286 solerent

173 2321 256 2383 Deus
282 2322 387 2385 locum
413 2340 476 2385 non
500 2330 612 2397 mutat,
635 2341 693 2385 nec
715 2323 755 2384 ad
780 2322 922 2404 aliquem
977 2324 1016 2386 ad
1041 2343 1114 2387 eum
1139 2324 1260 2399 venire,
1287 2322 1411 2403 fugatos
1437 2322 1535 2399 videt,
1563 2331 1595 2384 et
1622 2322 1720 2385 Deum

173 2418 261 2481 venit
277 2419 432 2495 localiter,
450 2420 505 2482 sed
521 2438 578 2501 per
593 2418 759 2497 ellectum,
774 2420 923 2485 videlicet
977 2424 1088 2485 adesse
1107 2422 1289 2504 conspicit:
1307 2441 1402 2504 quem
1425 2422 1496 2485 ideo
1517 2421 1596 2485 dicit
1618 2440 1652 2484 se
1675 2421 1723 2483 in·

172 2517 309 2597 gratiam
325 2516 534 2593 infundendo,
544 2526 599 2580 aut
609 2519 648 2581 de
663 2538 745 2582 novo
757 2519 834 2601 quid
851 2538 923 2601 ope
978 2530 1148 2600 torrogare,
1174 2520 1251 2603 quia
1277 2528 1445 2583 consuetos
1476 2518 1538 2582 sibi
1566 2538 1720 2601 apparere

174 2616 284 2691 raudo,
310 2625 366 2678 aut
390 2616 538 2678 nuntium
563 2617 754 2681 destinando
775 2643 782 2693 ;
809 2619 921 2702 sicque
978 2639 1041 2683 non
1067 2619 1179 2682 cernit.
1197 2618 1292 2682 Venit
1316 2636 1390 2698 ergo
1412 2619 1494 2681 Deus
1519 2618 1559 2680 ad
1581 2618 1719 2693 Balaam,

173 2714 259 2776 venit
281 2714 322 2776 ad
342 2715 479 2791 Balaam,
498 2717 538 2778 ad
558 2735 653 2798 quem
677 2718 766 2780 venit
788 2718 920 2797 angelus
978 2737 1041 2781 non
1065 2718 1143 2800 quia
1165 2718 1206 2779 sit
1227 2718 1308 2780 Deus
1334 2716 1414 2798 ejus,
1432 2717 1488 2779 sed
1510 2725 1545 2778 ut
1569 2715 1722 2797 lugentur

173 2821 301 2874 sanctus
322 2811 439 2875 missus
459 2833 477 2875 a
497 2814 570 2891 Deo,
589 2824 621 2877 et
641 2816 774 2897 loquens
796 2816 830 2878 in
851 2816 920 2897 ejus
978 2818 1025 2879 illi
1046 2817 1102 2898 qui
1124 2818 1162 2878 ad
1185 2816 1440 2879 maledicendum
1465 2824 1496 2878 ct
1521 2816 1560 2877 ad
1587 2815 1719 2877 malela-

172 2910 498 2994 personal'utanlqua
510 2913 610 2994 aliqui
620 2914 706 2995 quod
719 2913 781 2976 luit
791 2914 922 2993 angelus
977 2916 1125 2978 ciendum
1145 2916 1255 2978 adesse
1276 2922 1520 2978 consueverunt.
1539 2913 1618 2975 Hinc
1634 2913 1721 2975 enim

173 3010 286 3073 ductor
302 3010 481 3075 lsraeliticae
497 3011 611 3093 plebis,
631 3012 670 3075 de
685 3031 750 3094 quo
766 3012 921 3076 Dominus
940 3018 962 3083 c
977 3013 1165 3095 providebat
1174 3014 1256 3076 Deus
1272 3012 1391 3096 populo
1406 3010 1633 3092 suoDrigenes
1645 3030 1720 3073 vero

48 3119 63 3206 ι’
120 3156 124 3161 .
174 3108 252 3170 dixit
268 3110 310 3172 ad
331 3109 566 3192 Moysantllcce
582 3128 640 3191 ego
656 3112 748 3175 mitto
768 3112 917 3193 angelum
978 3114 1011 3174 in
1028 3112 1160 3176 homilia
1177 3114 1216 3176 de
1238 3111 1297 3175 ista
1315 3112 1447 3175 materia
1468 3118 1580 3174 tractat
1600 3110 1722 3193 prolixe

48 3212 73 3221 ''
175 3226 282 3270 meum
297 3209 354 3289 qui
370 3210 527 3291 pracedat
544 3218 625 3287 te,et
640 3210 799 3273 custodiat
814 3211 920 3275 invia.
978 3221 1010 3275 et
1034 3210 1110 3275 satis
1134 3211 1300 3288 catholice,
1325 3210 1408 3273 inter
1432 3219 1536 3274 cetera
1561 3210 1720 3291 loquens:

176 3310 216 3368 m
231 3309 282 3367 ait
297 3310 343 3369 ad
356 3328 430 3368 cum
445 3327 456 3368 .·
473 3311 560 3377 Quart
574 3310 637 3368 sibi
652 3313 765 3370 colunt
780 3313 923 3371 domines
978 3312 1045 3375 Non
1057 3311 1218 3373 vultDeus
1232 3311 1393 3373 daemones
1408 3318 1482 3372 ante
1498 3319 1622 3391 tempus
1637 3309 1722 3370 dam-

175 3408 230 3465 isti
245 3410 338 3483 apud
354 3410 407 3467 ta?
423 3406 455 3469 id
471 3414 529 3483 est,
542 3426 600 3470 cur
616 3407 870 3471 venerunthon
885 3428 923 3472 cx
979 3429 1064 3485 nare,
1085 3410 1114 3471 id
1137 3418 1196 3485 est,
1213 3427 1325 3473 omnes
1346 3408 1378 3469 in
1397 3407 1560 3470 infernum
1576 3407 1723 3469 detrude

174 3504 356 3583 ignorantia
375 3506 489 3587 quaerit
512 3506 545 3568 id
566 3506 730 3583 Dominus,
749 3508 805 3569 scd
827 3516 862 3569 ut
883 3508 922 3570 ad
978 3508 1098 3581 raideo
1110 3526 1175 3571 non
1189 3508 1325 3572 removit
1337 3505 1721 3587 diabolumaprinoipatu

174 3621 329 3685 responsa
349 3604 475 3666 Balaam
498 3605 697 3686 pertinenter
720 3608 918 3687 respondeat.
977 3607 1085 3671 saeculi
1100 3608 1207 3688 hujus,
1217 3607 1368 3689 quoniam
1383 3625 1481 3688 opera
1495 3606 1565 3687 ejus
1582 3623 1723 3667 neccssa-

174 3701 269 3763 l'enit
284 3710 390 3764 autem
406 3703 570 3779 Dominus,
583 3722 646 3766 non
663 3712 793 3785 propter
810 3704 922 3767 merita
977 3706 1024 3769 ria
1048 3706 1183 3768 suntad
1205 3704 1435 3787 perlectionem
1456 3721 1565 3767 corum
1591 3702 1646 3784 qui
1671 3720 1722 3765 co

174 3800 300 3863 Balaam
316 3800 372 3881 qui
388 3800 449 3863 luit
468 3800 609 3882 iniquuS,
629 3821 686 3865 nec
708 3803 776 3883 ipse
796 3802 922 3865 Balaam
978 3804 1112 3866 ronandi
1134 3813 1219 3866 sunt.
1237 3804 1287 3867 Sic
1310 3804 1407 3884 igitur
1428 3802 1503 3883 agit,
1525 3810 1561 3864 ut
1583 3800 1721 3883 populus

174 3898 345 3961 Dorninum
363 3899 535 3975 invocavit,
554 3908 588 3961 ut
611 3900 672 3961 sibi
695 3910 872 3983 appareret,
891 3910 922 3963 ct
977 3902 1070 3966 lsrael
1096 3903 1199 3966 adhuc
1224 3902 1322 3978 rudis,
1345 3902 1401 3983 qui
1428 3920 1529 3984 nuper
1553 3921 1571 3963 a
1596 3900 1721 3963 cultura

173 3997 212 4057 de
226 3997 362 4077 agendis
378 3997 743 4080 instrueret,scdpotius
759 4018 846 4063 more
860 4019 922 4061 ma·
977 4000 1156 4064 damonum
1182 4000 1322 4062 abstrahi
1347 4007 1497 4083 coeperat,
1519 3998 1719 4062 damonibus

172 4112 286 4175 gorum
302 4114 321 4157 a
336 4095 480 4159 damone
497 4096 588 4177 petiit
604 4097 741 4173 edoceri,
760 4106 853 4180 prout
874 4098 922 4160 in·
978 4116 1040 4160 non
1057 4099 1209 4172 tradatur,
1227 4107 1259 4161 et
1274 4099 1434 4161 invocanti
1456 4116 1547 4177 mago
1567 4116 1720 4179 responsa

173 4192 221 4255 ira
236 4192 357 4255 clarius
377 4194 573 4256 ostendetur.
591 4193 653 4255 Cur
672 4213 746 4275 crgo
767 4197 919 4259 Dominus
939 4204 1040 4267 Dnon
1066 4196 1275 4260 deierantur:
1297 4198 1369 4260 ideo
1395 4196 1548 4278 praevenit
1572 4197 1667 4274 Deus,
1688 4204 1720 4258 ct

171 4291 331 4373 apparuit,
349 4300 380 4353 et
406 4292 530 4355 locutus
556 4301 604 4355 est
630 4292 729 4375 impio
755 4294 839 4371 huic,
858 4295 919 4357 nisi
975 4315 1038 4360 non
1059 4296 1216 4378 permittit
1231 4296 1355 4357 Balaam
1374 4297 1535 4358 damones
1556 4295 1717 4359 invocare.

170 4409 208 4453 ex
233 4410 289 4453 sua
317 4390 525 4471 benignitate,
552 4398 584 4453 et
608 4400 738 4473 propter
764 4394 916 4475 populum
1009 4396 1073 4463 Qui
1089 4410 1476 4473 manccornurpens:quo
1491 4392 1718 4473 constat,quod

170 4508 263 4551 suum
286 4489 446 4552 electuml
463 4490 587 4551 Etenim
608 4490 711 4569 gratia
732 4491 841 4553 talium
865 4512 919 4575 ap
975 4493 1007 4554 in
1031 4501 1123 4555 nocte
1145 4492 1228 4555 lacta
1250 4500 1296 4554 est
1318 4490 1348 4553 ei
1370 4491 1527 4573 apparitio
1546 4499 1578 4553 at
1596 4491 1716 4555 allocu-

169 4587 377 4668 paritionum,
396 4596 427 4650 et
444 4588 545 4667 gratia
562 4588 751 4670 prophetiae,
771 4598 845 4651 sunt
865 4592 920 4655 do-
973 4590 1017 4654 tio
1037 4616 1044 4666 3
1066 4611 1108 4653 an
1131 4599 1237 4654 mmen
1262 4590 1296 4653 in
1319 4608 1441 4664 somno,
1466 4609 1507 4651 an
1533 4590 1566 4651 in
1591 4589 1712 4669 vigilia,

171 4705 210 4749 na
223 4687 336 4767 gratian
350 4687 449 4766 gratis
463 4687 555 4762 data,
572 4687 756 4750 communia
772 4688 866 4752 bonis
889 4700 919 4753 et
973 4690 1156 4769 ignoratur;
1173 4691 1261 4750 dixit
1275 4693 1319 4750 act
1331 4690 1496 4766 principes
1512 4706 1523 4748 .·
1539 4692 1587 4749 Ite
1603 4691 1639 4749 in
1656 4700 1718 4749 ter-

169 4786 273 4862 malis,
283 4804 356 4867 quaa
366 4793 496 4867 propter
507 4804 708 4849 communem
726 4787 842 4849 dantur
858 4789 917 4850 uti·
972 4810 1045 4849 ram
1060 4799 1211 4859 cestram,
1222 4790 1301 4868 quia
1312 4789 1482 4865 prohibuit
1497 4807 1547 4845 me
1557 4790 1716 4849 Dominus

169 4884 303 4947 litatem.
326 4886 503 4963 Respondit
521 4906 532 4945 .·
554 4888 657 4945 Batac
681 4907 739 4946 rea·
763 4890 917 4948 Moabita-
972 4891 1082 4949 venire
1096 4886 1314 4949 vobiscumttt
1331 4885 1552 4962 lectur,llabbi
1565 4886 1713 4950 Salomon

169 5004 242 5045 rum
267 4986 358 5045 misit
379 4987 423 5044 od
446 5004 505 5053 rrae,
522 4987 632 5045 dicens
648 5001 659 5044 .·
682 4988 759 5045 Ecce
777 4989 917 5062 populus
971 4986 1026 5063 ait,
1036 4988 1122 5068 quod
1133 4987 1257 5049 Balaam
1272 4985 1407 5068 cupidus
1422 4992 1453 5047 ct
1469 4984 1633 5066 superbus,
1644 4985 1716 5048 ideo

167 5102 310 5159 opressus
324 5093 370 5143 est
384 5086 425 5143 de
439 5086 593 5161 AE’pypto,
610 5092 640 5143 ct
659 5085 786 5160 operuit
806 5105 916 5161 supcr-
971 5085 1099 5167 adjecit,
1121 5084 1302 5158 Vobiscum,
1329 5083 1420 5164 quasi
1446 5083 1550 5146 nuntii
1577 5083 1626 5145 illi
1651 5102 1715 5147 non

167 5186 274 5259 ficiem
297 5193 415 5251 terrac:
430 5184 517 5251 veni,
537 5192 567 5241 et
588 5184 785 5255 maledicet,
807 5186 837 5242 si
855 5204 917 5263 quo
972 5183 1110 5246 fuissent
1128 5182 1189 5244 sibi
1208 5182 1284 5244 satis
1300 5182 1509 5257 venerabiles
1528 5190 1563 5244 ut
1584 5182 1716 5245 deduce

168 5284 260 5341 ruodo
280 5282 405 5359 possim
430 5299 585 5357 puppam
613 5281 740 5357 ccipere
770 5302 856 5351 eam,
884 5282 915 5344 id
973 5290 1042 5343 rent
1057 5280 1210 5343 eum.Sed
1226 5280 1420 5344 bocdictum
1436 5298 1494 5343 nec
1511 5280 1626 5343 rationi
1641 5298 1713 5342 con-
