<?xml version="1.0" encoding="UTF-8"?>
<!DOCTYPE html PUBLIC "-//W3C//DTD XHTML 1.0 Transitional//EN"
    "http://www.w3.org/TR/xhtml1/DTD/xhtml1-transitional.dtd">
<html xmlns="http://www.w3.org/1999/xhtml" xml:lang="en" lang="en">
 <head>
  <title>
</title>
<meta http-equiv="Content-Type" content="text/html;charset=utf-8" />
  <meta name='ocr-system' content='tesseract 3.04.00' />
  <meta name='ocr-capabilities' content='ocr_page ocr_carea ocr_par ocr_line ocrx_word'/>
</head>
<body>
  <div class='ocr_page' id='page_1' title='image "./doctorisecstati00unkngoog_0497.png"; bbox 0 0 4309 6259; ppageno 0'>
   <div class='ocr_carea' id='block_1_1' title="bbox 519 515 1406 568">
    <p class='ocr_par' dir='ltr' id='par_1_1' title="bbox 519 515 1406 568">
     <span class='ocr_line' id='line_1_1' title="bbox 519 515 1406 568; baseline 0 -3"><span class='ocrx_word' id='word_1_1' title='bbox 519 518 694 565; x_wconf 67' lang='lat' dir='ltr'><strong>nonantulo</strong></span> <span class='ocrx_word' id='word_1_2' title='bbox 715 518 745 563; x_wconf 83' lang='grc' dir='ltr'><strong>ΙΝ</strong></span> <span class='ocrx_word' id='word_1_3' title='bbox 767 518 835 565; x_wconf 76' lang='lat' dir='ltr'><strong>GAP&#39;.</strong></span> <span class='ocrx_word' id='word_1_4' title='bbox 859 518 935 565; x_wconf 80' lang='lat' dir='ltr'><strong>xvltt</strong></span> <span class='ocrx_word' id='word_1_5' title='bbox 955 515 1152 565; x_wconf 74' lang='lat' dir='ltr'><strong>Nuttattfflttttl.</strong></span> <span class='ocrx_word' id='word_1_6' title='bbox 1175 537 1215 547; x_wconf 92' lang='grc'><strong>·-</strong></span> <span class='ocrx_word' id='word_1_7' title='bbox 1235 516 1306 565; x_wconf 72' lang='lat' dir='ltr'><strong>All’l‘.</strong></span> <span class='ocrx_word' id='word_1_8' title='bbox 1330 516 1406 568; x_wconf 80' lang='lat' dir='ltr'><strong>xm</strong></span> 
     </span>
    </p>
   </div>
   <div class='ocr_carea' id='block_1_2' title="bbox 709 918 1217 1005">
    <p class='ocr_par' dir='ltr' id='par_1_2' title="bbox 709 918 1217 1005">
     <span class='ocr_line' id='line_1_2' title="bbox 709 918 1217 1005; baseline 0 -2"><span class='ocrx_word' id='word_1_9' title='bbox 709 918 1033 1005; x_wconf 82' lang='lat' dir='ltr'>ARTICULUS</span> <span class='ocrx_word' id='word_1_10' title='bbox 1071 920 1217 1003; x_wconf 86' lang='lat' dir='ltr'>XXXI</span> 
     </span>
    </p>
   </div>
   <div class='ocr_carea' id='block_1_3' title="bbox 443 1192 1479 1241">
    <p class='ocr_par' dir='ltr' id='par_1_3' title="bbox 443 1192 1479 1241">
     <span class='ocr_line' id='line_1_3' title="bbox 443 1192 1479 1241; baseline 0.001 -2"><span class='ocrx_word' id='word_1_11' title='bbox 443 1195 483 1239; x_wconf 77' lang='lat' dir='ltr'><strong>bn</strong></span> <span class='ocrx_word' id='word_1_12' title='bbox 505 1194 636 1239; x_wconf 67' lang='lat' dir='ltr'><strong>musonii</strong></span> <span class='ocrx_word' id='word_1_13' title='bbox 657 1193 794 1239; x_wconf 71' lang='lat' dir='ltr'><strong>cariatto}</strong></span> <span class='ocrx_word' id='word_1_14' title='bbox 816 1192 1028 1239; x_wconf 75' lang='lat' dir='ltr'><strong>ournvtoautttt</strong></span> <span class='ocrx_word' id='word_1_15' title='bbox 1050 1192 1278 1239; x_wconf 74' lang='lat' dir='ltr'><strong>tnrutttosstttttt</strong></span> <span class='ocrx_word' id='word_1_16' title='bbox 1300 1194 1479 1241; x_wconf 74' lang='lat' dir='ltr'><strong>Sl’llll&#39;l&#39;UAbl.</strong></span> 
     </span>
    </p>
   </div>
   <div class='ocr_carea' id='block_1_4' title="bbox 253 1469 1734 1555">
    <p class='ocr_par' dir='ltr' id='par_1_4' title="bbox 253 1469 1734 1555">
     <span class='ocr_line' id='line_1_4' title="bbox 253 1469 1734 1555; baseline 0.003 -22"><span class='ocrx_word' id='word_1_17' title='bbox 253 1472 306 1535; x_wconf 86' lang='lat' dir='ltr'><strong>Eli</strong></span> <span class='ocrx_word' id='word_1_18' title='bbox 322 1474 425 1536; x_wconf 80' lang='lat' dir='ltr'><strong>Aaron</strong></span> <span class='ocrx_word' id='word_1_19' title='bbox 442 1472 622 1555; x_wconf 71' lang='lat' dir='ltr'><strong>presulem,</strong></span> <span class='ocrx_word' id='word_1_20' title='bbox 641 1480 672 1534; x_wconf 89' lang='lat' dir='ltr'><strong>et</strong></span> <span class='ocrx_word' id='word_1_21' title='bbox 692 1472 762 1553; x_wconf 86' lang='lat' dir='ltr'><strong>ejus</strong></span> <span class='ocrx_word' id='word_1_22' title='bbox 783 1469 870 1532; x_wconf 91' lang='lat' dir='ltr'><strong>lilios</strong></span> <span class='ocrx_word' id='word_1_23' title='bbox 892 1490 937 1531; x_wconf 93' lang='lat' dir='ltr'><strong>sa·</strong></span> <span class='ocrx_word' id='word_1_24' title='bbox 950 1471 976 1531; x_wconf 83' lang='grc' dir='ltr'>Α</span> <span class='ocrx_word' id='word_1_25' title='bbox 991 1469 1096 1533; x_wconf 91' lang='lat' dir='ltr'><strong>ciliter</strong></span> <span class='ocrx_word' id='word_1_26' title='bbox 1105 1471 1350 1534; x_wconf 90' lang='lat' dir='ltr'><strong>demonstratur.</strong></span> <span class='ocrx_word' id='word_1_27' title='bbox 1360 1472 1442 1534; x_wconf 89' lang='lat' dir='ltr'><strong>Deus</strong></span> <span class='ocrx_word' id='word_1_28' title='bbox 1458 1492 1597 1555; x_wconf 91' lang='lat' dir='ltr'><strong>namque</strong></span> <span class='ocrx_word' id='word_1_29' title='bbox 1614 1475 1734 1538; x_wconf 89' lang='lat' dir='ltr'><strong>uberri-</strong></span> 
     </span>
    </p>
   </div>
   <div class='ocr_carea' id='block_1_5' title="bbox 186 1566 940 2648">
    <p class='ocr_par' dir='ltr' id='par_1_5' title="bbox 186 1566 940 2648">
     <span class='ocr_line' id='line_1_5' title="bbox 259 1566 938 1653; baseline -0.006 -18"><span class='ocrx_word' id='word_1_30' title='bbox 259 1574 415 1650; x_wconf 89' lang='lat' dir='ltr'><strong>cerdotes,</strong></span> <span class='ocrx_word' id='word_1_31' title='bbox 438 1566 662 1653; x_wconf 87' lang='lat' dir='ltr'><strong>intelliguntur</strong></span> <span class='ocrx_word' id='word_1_32' title='bbox 687 1571 869 1653; x_wconf 78' lang='lat' dir='ltr'><strong>pontifices,</strong></span> <span class='ocrx_word' id='word_1_33' title='bbox 893 1588 938 1631; x_wconf 89' lang='lat' dir='ltr'><strong>sa-</strong></span> 
     </span>
     <span class='ocr_line' id='line_1_6' title="bbox 187 1668 936 1749; baseline -0.005 -16"><span class='ocrx_word' id='word_1_34' title='bbox 187 1672 345 1749; x_wconf 90' lang='lat' dir='ltr'><strong>cerdotes,</strong></span> <span class='ocrx_word' id='word_1_35' title='bbox 377 1680 409 1735; x_wconf 92' lang='lat' dir='ltr'><strong>ct</strong></span> <span class='ocrx_word' id='word_1_36' title='bbox 439 1672 537 1735; x_wconf 91' lang='lat' dir='ltr'><strong>ceteri</strong></span> <span class='ocrx_word' id='word_1_37' title='bbox 570 1672 603 1734; x_wconf 93' lang='lat' dir='ltr'><strong>in</strong></span> <span class='ocrx_word' id='word_1_38' title='bbox 635 1671 733 1733; x_wconf 91' lang='lat' dir='ltr'><strong>sacris</strong></span> <span class='ocrx_word' id='word_1_39' title='bbox 767 1668 936 1733; x_wconf 84' lang='lat' dir='ltr'>Ordinibus</span> 
     </span>
     <span class='ocr_line' id='line_1_7' title="bbox 186 1767 939 1853; baseline -0.008 -20"><span class='ocrx_word' id='word_1_40' title='bbox 186 1772 367 1850; x_wconf 88' lang='lat' dir='ltr'><strong>constituti,</strong></span> <span class='ocrx_word' id='word_1_41' title='bbox 391 1772 532 1853; x_wconf 75' lang='lat' dir='ltr'><strong>religiosi</strong></span> <span class='ocrx_word' id='word_1_42' title='bbox 552 1790 681 1853; x_wconf 90' lang='lat' dir='ltr'><strong>quoquc</strong></span> <span class='ocrx_word' id='word_1_43' title='bbox 704 1790 739 1835; x_wconf 87' lang='lat' dir='ltr'><strong>ac</strong></span> <span class='ocrx_word' id='word_1_44' title='bbox 760 1768 858 1832; x_wconf 87' lang='lat' dir='ltr'><strong>ceteri</strong></span> <span class='ocrx_word' id='word_1_45' title='bbox 876 1767 939 1830; x_wconf 88' lang='lat' dir='ltr'><strong>rir-</strong></span> 
     </span>
     <span class='ocr_line' id='line_1_8' title="bbox 187 1868 937 1953; baseline -0.007 -22"><span class='ocrx_word' id='word_1_46' title='bbox 187 1869 285 1946; x_wconf 88' lang='lat' dir='ltr'><strong>tuosi,</strong></span> <span class='ocrx_word' id='word_1_47' title='bbox 314 1871 491 1953; x_wconf 69' lang='lat' dir='ltr'><strong>praesertim</strong></span> <span class='ocrx_word' id='word_1_48' title='bbox 521 1870 642 1953; x_wconf 75' lang='lat' dir='ltr'><strong>prelati</strong></span> <span class='ocrx_word' id='word_1_49' title='bbox 674 1868 791 1933; x_wconf 91' lang='lat' dir='ltr'><strong>idonei.</strong></span> <span class='ocrx_word' id='word_1_50' title='bbox 819 1868 937 1928; x_wconf 90' lang='lat' dir='ltr'><strong>Horum</strong></span> 
     </span>
     <span class='ocr_line' id='line_1_9' title="bbox 186 1970 939 2053; baseline -0.009 -20"><span class='ocrx_word' id='word_1_51' title='bbox 186 1970 336 2033; x_wconf 93' lang='lat' dir='ltr'><strong>omnium</strong></span> <span class='ocrx_word' id='word_1_52' title='bbox 357 1979 404 2033; x_wconf 89' lang='lat' dir='ltr'><strong>est</strong></span> <span class='ocrx_word' id='word_1_53' title='bbox 427 1980 553 2053; x_wconf 91' lang='lat' dir='ltr'><strong>portare</strong></span> <span class='ocrx_word' id='word_1_54' title='bbox 570 1970 772 2051; x_wconf 88' lang='lat' dir='ltr'><strong>iniquitatem</strong></span> <span class='ocrx_word' id='word_1_55' title='bbox 794 1974 939 2029; x_wconf 87' lang='lat' dir='ltr'><strong>sanctua-</strong></span> 
     </span>
     <span class='ocr_line' id='line_1_10' title="bbox 189 2068 938 2152; baseline -0.005 -23"><span class='ocrx_word' id='word_1_56' title='bbox 189 2069 241 2145; x_wconf 89' lang='lat' dir='ltr'><strong>rii,</strong></span> <span class='ocrx_word' id='word_1_57' title='bbox 252 2068 285 2131; x_wconf 94' lang='lat' dir='ltr'><strong>id</strong></span> <span class='ocrx_word' id='word_1_58' title='bbox 297 2078 345 2131; x_wconf 90' lang='lat' dir='ltr'><strong>est</strong></span> <span class='ocrx_word' id='word_1_59' title='bbox 356 2080 484 2152; x_wconf 89' lang='lat' dir='ltr'><strong>peecata</strong></span> <span class='ocrx_word' id='word_1_60' title='bbox 494 2071 658 2133; x_wconf 83' lang='lat' dir='ltr'><strong>Ecclesiae:</strong></span> <span class='ocrx_word' id='word_1_61' title='bbox 668 2070 728 2131; x_wconf 89' lang='lat' dir='ltr'><strong>hoc</strong></span> <span class='ocrx_word' id='word_1_62' title='bbox 738 2068 938 2144; x_wconf 89' lang='lat' dir='ltr'><strong>est,aliorum</strong></span> 
     </span>
     <span class='ocr_line' id='line_1_11' title="bbox 188 2164 939 2251; baseline -0.005 -23"><span class='ocrx_word' id='word_1_63' title='bbox 188 2167 428 2233; x_wconf 78' lang='lat' dir='ltr'><strong>imbecillitates</strong></span> <span class='ocrx_word' id='word_1_64' title='bbox 441 2170 494 2251; x_wconf 90' lang='lat' dir='ltr'><strong>pie</strong></span> <span class='ocrx_word' id='word_1_65' title='bbox 508 2169 655 2243; x_wconf 91' lang='lat' dir='ltr'><strong>sufferre,</strong></span> <span class='ocrx_word' id='word_1_66' title='bbox 664 2168 833 2231; x_wconf 90' lang='lat' dir='ltr'><strong>condolere</strong></span> <span class='ocrx_word' id='word_1_67' title='bbox 845 2164 939 2247; x_wconf 92' lang='lat' dir='ltr'><strong>pusil-</strong></span> 
     </span>
     <span class='ocr_line' id='line_1_12' title="bbox 188 2264 939 2350; baseline -0.005 -22"><span class='ocrx_word' id='word_1_68' title='bbox 188 2268 240 2345; x_wconf 90' lang='lat' dir='ltr'><strong>lis,</strong></span> <span class='ocrx_word' id='word_1_69' title='bbox 258 2268 404 2346; x_wconf 78' lang='lat' dir='ltr'><strong>afflictis,</strong></span> <span class='ocrx_word' id='word_1_70' title='bbox 417 2278 449 2331; x_wconf 90' lang='lat' dir='ltr'><strong>ct</strong></span> <span class='ocrx_word' id='word_1_71' title='bbox 465 2269 593 2331; x_wconf 91' lang='lat' dir='ltr'><strong>tentatis</strong></span> <span class='ocrx_word' id='word_1_72' title='bbox 609 2288 645 2331; x_wconf 91' lang='lat' dir='ltr'><strong>ac</strong></span> <span class='ocrx_word' id='word_1_73' title='bbox 662 2268 759 2350; x_wconf 84' lang='lat' dir='ltr'><strong>lapsis</strong></span> <span class='ocrx_word' id='word_1_74' title='bbox 775 2264 939 2329; x_wconf 80' lang='lat' dir='ltr'><strong>caritative</strong></span> 
     </span>
     <span class='ocr_line' id='line_1_13' title="bbox 188 2367 940 2450; baseline -0.004 -23"><span class='ocrx_word' id='word_1_75' title='bbox 188 2385 389 2445; x_wconf 86' lang='lat' dir='ltr'><strong>succurrere,</strong></span> <span class='ocrx_word' id='word_1_76' title='bbox 400 2376 432 2431; x_wconf 89' lang='lat' dir='ltr'><strong>et</strong></span> <span class='ocrx_word' id='word_1_77' title='bbox 446 2386 504 2450; x_wconf 88' lang='lat' dir='ltr'><strong>pro</strong></span> <span class='ocrx_word' id='word_1_78' title='bbox 519 2368 633 2431; x_wconf 90' lang='lat' dir='ltr'><strong>alienis</strong></span> <span class='ocrx_word' id='word_1_79' title='bbox 649 2367 797 2449; x_wconf 77' lang='lat' dir='ltr'><strong>peccatiS,</strong></span> <span class='ocrx_word' id='word_1_80' title='bbox 811 2381 940 2447; x_wconf 79' lang='lat' dir='ltr'><strong>praser-</strong></span> 
     </span>
     <span class='ocr_line' id='line_1_14' title="bbox 189 2463 940 2550; baseline -0.005 -23"><span class='ocrx_word' id='word_1_81' title='bbox 189 2466 248 2529; x_wconf 87' lang='lat' dir='ltr'><strong>tim</strong></span> <span class='ocrx_word' id='word_1_82' title='bbox 274 2486 386 2531; x_wconf 89' lang='lat' dir='ltr'><strong>eornm</strong></span> <span class='ocrx_word' id='word_1_83' title='bbox 411 2468 469 2550; x_wconf 89' lang='lat' dir='ltr'><strong>qui</strong></span> <span class='ocrx_word' id='word_1_84' title='bbox 495 2468 541 2531; x_wconf 90' lang='lat' dir='ltr'><strong>eis</strong></span> <span class='ocrx_word' id='word_1_85' title='bbox 567 2466 729 2531; x_wconf 84' lang='lat' dir='ltr'><strong>commissi</strong></span> <span class='ocrx_word' id='word_1_86' title='bbox 755 2472 838 2541; x_wconf 90' lang='lat' dir='ltr'><strong>sunt,</strong></span> <span class='ocrx_word' id='word_1_87' title='bbox 857 2463 940 2525; x_wconf 92' lang='lat' dir='ltr'><strong>sicut</strong></span> 
     </span>
     <span class='ocr_line' id='line_1_15' title="bbox 188 2560 940 2648; baseline -0.008 -19"><span class='ocrx_word' id='word_1_88' title='bbox 188 2584 248 2647; x_wconf 93' lang='lat' dir='ltr'><strong>pro</strong></span> <span class='ocrx_word' id='word_1_89' title='bbox 275 2566 426 2648; x_wconf 91' lang='lat' dir='ltr'><strong>propriis,</strong></span> <span class='ocrx_word' id='word_1_90' title='bbox 450 2566 616 2648; x_wconf 89' lang='lat' dir='ltr'><strong>poeniterc,</strong></span> <span class='ocrx_word' id='word_1_91' title='bbox 641 2565 731 2641; x_wconf 90' lang='lat' dir='ltr'><strong>llere,</strong></span> <span class='ocrx_word' id='word_1_92' title='bbox 754 2560 940 2626; x_wconf 83' lang='lat' dir='ltr'><strong>satisfactio</strong></span> 
     </span>
    </p>
   </div>
   <div class='ocr_carea' id='block_1_6' title="bbox 991 1569 1872 2249">
    <p class='ocr_par' dir='ltr' id='par_1_6' title="bbox 991 1569 1788 1950">
     <span class='ocr_line' id='line_1_16' title="bbox 991 1569 1735 1651; baseline 0.009 -20"><span class='ocrx_word' id='word_1_93' title='bbox 991 1588 1042 1632; x_wconf 91' lang='lat' dir='ltr'><strong>me</strong></span> <span class='ocrx_word' id='word_1_94' title='bbox 1057 1569 1104 1633; x_wconf 91' lang='lat' dir='ltr'><strong>eis</strong></span> <span class='ocrx_word' id='word_1_95' title='bbox 1119 1570 1276 1651; x_wconf 91' lang='lat' dir='ltr'><strong>promisit,</strong></span> <span class='ocrx_word' id='word_1_96' title='bbox 1294 1572 1380 1651; x_wconf 92' lang='lat' dir='ltr'><strong>quod</strong></span> <span class='ocrx_word' id='word_1_97' title='bbox 1395 1571 1423 1633; x_wconf 94' lang='lat' dir='ltr'><strong>si</strong></span> <span class='ocrx_word' id='word_1_98' title='bbox 1439 1572 1472 1634; x_wconf 94' lang='lat' dir='ltr'><strong>in</strong></span> <span class='ocrx_word' id='word_1_99' title='bbox 1489 1580 1553 1636; x_wconf 89' lang='lat' dir='ltr'><strong>toto</strong></span> <span class='ocrx_word' id='word_1_100' title='bbox 1568 1574 1663 1636; x_wconf 91' lang='lat' dir='ltr'><strong>corde</strong></span> <span class='ocrx_word' id='word_1_101' title='bbox 1677 1594 1735 1638; x_wconf 91' lang='lat' dir='ltr'><strong>suo</strong></span> 
     </span>
     <span class='ocr_line' id='line_1_17' title="bbox 993 1669 1734 1752; baseline 0.011 -24"><span class='ocrx_word' id='word_1_102' title='bbox 993 1676 1226 1730; x_wconf 88' lang='lat' dir='ltr'><strong>reverterentur</strong></span> <span class='ocrx_word' id='word_1_103' title='bbox 1244 1670 1283 1731; x_wconf 91' lang='lat' dir='ltr'><strong>ad</strong></span> <span class='ocrx_word' id='word_1_104' title='bbox 1304 1669 1421 1751; x_wconf 94' lang='lat' dir='ltr'><strong>ipsum,</strong></span> <span class='ocrx_word' id='word_1_105' title='bbox 1440 1671 1617 1752; x_wconf 83' lang='lat' dir='ltr'><strong>ignosceret</strong></span> <span class='ocrx_word' id='word_1_106' title='bbox 1638 1674 1734 1737; x_wconf 90' lang='lat' dir='ltr'><strong>etiam</strong></span> 
     </span>
     <span class='ocr_line' id='line_1_18' title="bbox 992 1766 1737 1855; baseline 0.012 -27"><span class='ocrx_word' id='word_1_107' title='bbox 992 1766 1026 1828; x_wconf 93' lang='lat' dir='ltr'><strong>in</strong></span> <span class='ocrx_word' id='word_1_108' title='bbox 1043 1776 1127 1830; x_wconf 92' lang='lat' dir='ltr'><strong>terra</strong></span> <span class='ocrx_word' id='word_1_109' title='bbox 1141 1769 1255 1845; x_wconf 89' lang='lat' dir='ltr'><strong>aliena,</strong></span> <span class='ocrx_word' id='word_1_110' title='bbox 1274 1770 1387 1852; x_wconf 89' lang='lat' dir='ltr'><strong>inqua</strong></span> <span class='ocrx_word' id='word_1_111' title='bbox 1406 1770 1588 1836; x_wconf 88' lang='lat' dir='ltr'><strong>sacrificare</strong></span> <span class='ocrx_word' id='word_1_112' title='bbox 1604 1792 1667 1836; x_wconf 95' lang='lat' dir='ltr'><strong>non</strong></span> <span class='ocrx_word' id='word_1_113' title='bbox 1684 1793 1737 1855; x_wconf 91' lang='lat' dir='ltr'><strong>po</strong></span> 
     </span>
     <span class='ocr_line' id='line_1_19' title="bbox 993 1870 1788 1950; baseline 0.014 -23"><span class='ocrx_word' id='word_1_114' title='bbox 993 1874 1106 1943; x_wconf 88' lang='lat' dir='ltr'><strong>terant,</strong></span> <span class='ocrx_word' id='word_1_115' title='bbox 1124 1875 1220 1950; x_wconf 87' lang='lat' dir='ltr'><strong>atque</strong></span> <span class='ocrx_word' id='word_1_116' title='bbox 1236 1870 1400 1933; x_wconf 84' lang='lat' dir='ltr'><strong>reduceret</strong></span> <span class='ocrx_word' id='word_1_117' title='bbox 1414 1890 1479 1934; x_wconf 91' lang='lat' dir='ltr'><strong>eos.</strong></span> <span class='ocrx_word' id='word_1_118' title='bbox 1498 1872 1558 1935; x_wconf 91' lang='lat' dir='ltr'><strong>Nec</strong></span> <span class='ocrx_word' id='word_1_119' title='bbox 1579 1872 1737 1937; x_wconf 88' lang='lat' dir='ltr'><strong>sacrificia</strong></span> <span class='ocrx_word' id='word_1_120' title='bbox 1784 1910 1788 1915; x_wconf 45' lang='lat'><strong><em>⁴</em></strong></span> 
     </span>
    </p>

    <p class='ocr_par' dir='ltr' id='par_1_7' title="bbox 992 1964 1872 2249">
     <span class='ocr_line' id='line_1_20' title="bbox 994 1964 1735 2052; baseline 0.013 -28"><span class='ocrx_word' id='word_1_121' title='bbox 994 1964 1049 2027; x_wconf 95' lang='lat' dir='ltr'><strong>illa</strong></span> <span class='ocrx_word' id='word_1_122' title='bbox 1073 1967 1213 2029; x_wconf 86' lang='lat' dir='ltr'><strong>carnalia</strong></span> <span class='ocrx_word' id='word_1_123' title='bbox 1235 1988 1273 2031; x_wconf 84' lang='lat' dir='ltr'><strong>ex</strong></span> <span class='ocrx_word' id='word_1_124' title='bbox 1298 1990 1332 2032; x_wconf 91' lang='lat' dir='ltr'><strong>se</strong></span> <span class='ocrx_word' id='word_1_125' title='bbox 1357 1970 1436 2052; x_wconf 85' lang='lat' dir='ltr'><strong>ipsis</strong></span> <span class='ocrx_word' id='word_1_126' title='bbox 1454 1970 1684 2051; x_wconf 85' lang='lat' dir='ltr'><strong>justificabant.</strong></span> <span class='ocrx_word' id='word_1_127' title='bbox 1702 1973 1735 2034; x_wconf 93' lang='lat' dir='ltr'><strong>In</strong></span> 
     </span>
     <span class='ocr_line' id='line_1_21' title="bbox 992 2064 1872 2152; baseline 0.008 -26"><span class='ocrx_word' id='word_1_128' title='bbox 992 2064 1183 2148; x_wconf 83' lang='lat' dir='ltr'><strong>Babylonica</strong></span> <span class='ocrx_word' id='word_1_129' title='bbox 1202 2087 1331 2150; x_wconf 85' lang='lat' dir='ltr'><strong>quoque</strong></span> <span class='ocrx_word' id='word_1_130' title='bbox 1350 2070 1543 2152; x_wconf 89' lang='lat' dir='ltr'><strong>captivitate,</strong></span> <span class='ocrx_word' id='word_1_131' title='bbox 1563 2070 1737 2134; x_wconf 91' lang='lat' dir='ltr'><strong>combustis</strong></span> <span class='ocrx_word' id='word_1_132' title='bbox 1778 2092 1805 2134; x_wconf 84' lang='lat' dir='ltr'><strong>tv</strong></span> <span class='ocrx_word' id='word_1_133' title='bbox 1819 2092 1872 2145; x_wconf 65' lang='lat' dir='ltr'><strong>no.</strong></span> 
     </span>
     <span class='ocr_line' id='line_1_22' title="bbox 993 2158 1835 2249; baseline 0.007 -23"><span class='ocrx_word' id='word_1_134' title='bbox 993 2166 1112 2248; x_wconf 88' lang='lat' dir='ltr'><strong>templo</strong></span> <span class='ocrx_word' id='word_1_135' title='bbox 1126 2175 1222 2249; x_wconf 90' lang='lat' dir='ltr'><strong>atque</strong></span> <span class='ocrx_word' id='word_1_136' title='bbox 1238 2168 1398 2245; x_wconf 73' lang='lat' dir='ltr'><strong>altaribus</strong></span> <span class='ocrx_word' id='word_1_137' title='bbox 1412 2170 1663 2234; x_wconf 91' lang='lat' dir='ltr'><strong>misericordiam</strong></span> <span class='ocrx_word' id='word_1_138' title='bbox 1681 2171 1738 2231; x_wconf 91' lang='lat' dir='ltr'><strong>im·</strong></span> <span class='ocrx_word' id='word_1_139' title='bbox 1753 2168 1800 2203; x_wconf 68' lang='lat'>&#39;‘¹&#39;&#39;</span> <span class='ocrx_word' id='word_1_140' title='bbox 1815 2158 1835 2197; x_wconf 79' lang='lat'><strong>⁹·</strong></span> 
     </span>
    </p>
   </div>
   <div class='ocr_carea' id='block_1_7' title="bbox 1773 2216 1882 2267">
    <p class='ocr_par' dir='ltr' id='par_1_8' title="bbox 1773 2216 1882 2267">
     <span class='ocr_line' id='line_1_23' title="bbox 1773 2216 1882 2267; baseline -0.018 -8"><span class='ocrx_word' id='word_1_141' title='bbox 1773 2216 1780 2259; x_wconf 97' lang='lat' dir='ltr'><strong>l</strong></span> <span class='ocrx_word' id='word_1_142' title='bbox 1790 2216 1859 2260; x_wconf 73' lang='lat' dir='ltr'><strong>Is&#39;odr.</strong></span> <span class='ocrx_word' id='word_1_143' title='bbox 1868 2230 1882 2267; x_wconf 85' lang='lat' dir='ltr'><strong>r,</strong></span> 
     </span>
    </p>
   </div>
   <div class='ocr_carea' id='block_1_8' title="bbox 993 2269 1876 2546">
    <p class='ocr_par' dir='ltr' id='par_1_9' title="bbox 993 2269 1876 2546">
     <span class='ocr_line' id='line_1_24' title="bbox 993 2269 1856 2345; baseline 0.007 -18"><span class='ocrx_word' id='word_1_144' title='bbox 993 2272 1209 2345; x_wconf 81' lang='lat' dir='ltr'><strong>patraverunt,</strong></span> <span class='ocrx_word' id='word_1_145' title='bbox 1236 2276 1268 2329; x_wconf 91' lang='lat' dir='ltr'><strong>ct</strong></span> <span class='ocrx_word' id='word_1_146' title='bbox 1293 2269 1415 2332; x_wconf 88' lang='lat' dir='ltr'><strong>reducti</strong></span> <span class='ocrx_word' id='word_1_147' title='bbox 1440 2269 1582 2332; x_wconf 90' lang='lat' dir='ltr'><strong>luerunt.</strong></span> <span class='ocrx_word' id='word_1_148' title='bbox 1611 2269 1856 2333; x_wconf 68' lang='lat' dir='ltr'><strong>sterili-reuer-</strong></span> 
     </span>
     <span class='ocr_line' id='line_1_25' title="bbox 994 2343 1876 2450; baseline 0.005 -24"><span class='ocrx_word' id='word_1_149' title='bbox 994 2364 1079 2426; x_wconf 91' lang='lat' dir='ltr'><strong>cium</strong></span> <span class='ocrx_word' id='word_1_150' title='bbox 1104 2375 1209 2428; x_wconf 91' lang='lat' dir='ltr'><strong>autem</strong></span> <span class='ocrx_word' id='word_1_151' title='bbox 1234 2368 1297 2429; x_wconf 88' lang='lat' dir='ltr'><strong>Deo</strong></span> <span class='ocrx_word' id='word_1_152' title='bbox 1322 2369 1455 2450; x_wconf 92' lang='lat' dir='ltr'><strong>spiritus</strong></span> <span class='ocrx_word' id='word_1_153' title='bbox 1480 2369 1736 2445; x_wconf 73' lang='lat' dir='ltr'><strong>contribulatus,</strong></span> <span class='ocrx_word' id='word_1_154' title='bbox 1764 2343 1876 2392; x_wconf 44' lang='grc' dir='ltr'><strong>ΜΨ·</strong></span> 
     </span>
     <span class='ocr_line' id='line_1_26' title="bbox 994 2467 1738 2546; baseline 0.004 -20"><span class='ocrx_word' id='word_1_155' title='bbox 994 2483 1113 2546; x_wconf 91' lang='lat' dir='ltr'><strong>corque</strong></span> <span class='ocrx_word' id='word_1_156' title='bbox 1127 2467 1300 2530; x_wconf 89' lang='lat' dir='ltr'><strong>contritum</strong></span> <span class='ocrx_word' id='word_1_157' title='bbox 1316 2475 1347 2529; x_wconf 92' lang='lat' dir='ltr'><strong>et</strong></span> <span class='ocrx_word' id='word_1_158' title='bbox 1362 2468 1564 2531; x_wconf 90' lang='lat' dir='ltr'><strong>humiliatum</strong></span> <span class='ocrx_word' id='word_1_159' title='bbox 1575 2468 1657 2531; x_wconf 89' lang='lat' dir='ltr'><strong>Deus</strong></span> <span class='ocrx_word' id='word_1_160' title='bbox 1674 2485 1738 2530; x_wconf 95' lang='lat' dir='ltr'><strong>non</strong></span> 
     </span>
    </p>
   </div>
   <div class='ocr_carea' id='block_1_9' title="bbox 995 2562 1739 2649">
    <p class='ocr_par' dir='ltr' id='par_1_10' title="bbox 995 2562 1739 2649">
     <span class='ocr_line' id='line_1_27' title="bbox 995 2562 1739 2649; baseline 0.003 -24"><span class='ocrx_word' id='word_1_161' title='bbox 995 2562 1140 2646; x_wconf 88' lang='lat' dir='ltr'><strong>despicit.</strong></span> <span class='ocrx_word' id='word_1_162' title='bbox 1167 2566 1229 2629; x_wconf 89' lang='lat' dir='ltr'><strong>Nec</strong></span> <span class='ocrx_word' id='word_1_163' title='bbox 1255 2586 1337 2629; x_wconf 91' lang='lat' dir='ltr'><strong>unus</strong></span> <span class='ocrx_word' id='word_1_164' title='bbox 1362 2587 1419 2630; x_wconf 91' lang='lat' dir='ltr'><strong>sua</strong></span> <span class='ocrx_word' id='word_1_165' title='bbox 1443 2568 1611 2649; x_wconf 86' lang='lat' dir='ltr'><strong>tyrannide</strong></span> <span class='ocrx_word' id='word_1_166' title='bbox 1635 2573 1739 2649; x_wconf 90' lang='lat' dir='ltr'><strong>potest</strong></span> 
     </span>
    </p>
   </div>
   <div class='ocr_carea' id='block_1_10' title="bbox 190 2663 1739 2749">
    <p class='ocr_par' dir='ltr' id='par_1_11' title="bbox 190 2663 1739 2749">
     <span class='ocr_line' id='line_1_28' title="bbox 190 2663 1739 2749; baseline 0 -22"><span class='ocrx_word' id='word_1_167' title='bbox 190 2666 309 2747; x_wconf 91' lang='lat' dir='ltr'><strong>nisque</strong></span> <span class='ocrx_word' id='word_1_168' title='bbox 332 2684 429 2748; x_wconf 91' lang='lat' dir='ltr'><strong>opera</strong></span> <span class='ocrx_word' id='word_1_169' title='bbox 454 2684 600 2728; x_wconf 87' lang='lat' dir='ltr'><strong>exercere</strong></span> <span class='ocrx_word' id='word_1_170' title='bbox 618 2683 626 2727; x_wconf 76' lang='grc' dir='ltr'><em>τ</em></span> <span class='ocrx_word' id='word_1_171' title='bbox 651 2665 737 2746; x_wconf 91' lang='lat' dir='ltr'><strong>quod</strong></span> <span class='ocrx_word' id='word_1_172' title='bbox 765 2663 827 2725; x_wconf 92' lang='lat' dir='ltr'><strong>nisi</strong></span> <span class='ocrx_word' id='word_1_173' title='bbox 852 2663 941 2743; x_wconf 82' lang='lat' dir='ltr'><strong>juxta</strong></span> <span class='ocrx_word' id='word_1_174' title='bbox 956 2663 979 2723; x_wconf 89' lang='lat' dir='ltr'>B</span> <span class='ocrx_word' id='word_1_175' title='bbox 993 2666 1113 2728; x_wconf 90' lang='lat' dir='ltr'><strong>directe</strong></span> <span class='ocrx_word' id='word_1_176' title='bbox 1129 2665 1262 2729; x_wconf 88' lang='lat' dir='ltr'><strong>salutem</strong></span> <span class='ocrx_word' id='word_1_177' title='bbox 1278 2666 1409 2728; x_wconf 90' lang='lat' dir='ltr'><strong>alterius</strong></span> <span class='ocrx_word' id='word_1_178' title='bbox 1426 2666 1591 2749; x_wconf 90' lang='lat' dir='ltr'><strong>impedire.</strong></span> <span class='ocrx_word' id='word_1_179' title='bbox 1609 2667 1684 2743; x_wconf 89' lang='lat' dir='ltr'><strong>lmo,</strong></span> <span class='ocrx_word' id='word_1_180' title='bbox 1704 2674 1739 2728; x_wconf 92' lang='lat' dir='ltr'><strong>ut</strong></span> 
     </span>
    </p>
   </div>
   <div class='ocr_carea' id='block_1_11' title="bbox 41 2762 942 3840">
    <p class='ocr_par' dir='ltr' id='par_1_12' title="bbox 189 2762 941 2845">
     <span class='ocr_line' id='line_1_29' title="bbox 189 2762 941 2845; baseline -0.008 -16"><span class='ocrx_word' id='word_1_181' title='bbox 189 2764 384 2845; x_wconf 82' lang='lat' dir='ltr'><strong>exigentiam</strong></span> <span class='ocrx_word' id='word_1_182' title='bbox 409 2762 594 2827; x_wconf 90' lang='lat' dir='ltr'><strong>officiorum</strong></span> <span class='ocrx_word' id='word_1_183' title='bbox 621 2782 762 2839; x_wconf 92' lang='lat' dir='ltr'><strong>suorum,</strong></span> <span class='ocrx_word' id='word_1_184' title='bbox 790 2770 821 2824; x_wconf 89' lang='lat' dir='ltr'><strong>ot</strong></span> <span class='ocrx_word' id='word_1_185' title='bbox 847 2770 941 2844; x_wconf 90' lang='lat' dir='ltr'><strong>prout</strong></span> 
     </span>
    </p>

    <p class='ocr_par' dir='ltr' id='par_1_13' title="bbox 167 2861 942 3243">
     <span class='ocr_line' id='line_1_30' title="bbox 188 2861 941 2945; baseline -0.005 -20"><span class='ocrx_word' id='word_1_186' title='bbox 188 2883 264 2927; x_wconf 84' lang='lat' dir='ltr'><strong>vera</strong></span> <span class='ocrx_word' id='word_1_187' title='bbox 280 2863 410 2927; x_wconf 89' lang='lat' dir='ltr'><strong>dileetio</strong></span> <span class='ocrx_word' id='word_1_188' title='bbox 426 2864 592 2945; x_wconf 87' lang='lat' dir='ltr'><strong>pictasque</strong></span> <span class='ocrx_word' id='word_1_189' title='bbox 609 2864 788 2945; x_wconf 87' lang='lat' dir='ltr'><strong>requirnnt,</strong></span> <span class='ocrx_word' id='word_1_190' title='bbox 800 2861 941 2923; x_wconf 89' lang='lat' dir='ltr'><strong>fideliter</strong></span> 
     </span>
     <span class='ocr_line' id='line_1_31' title="bbox 167 2962 942 3043; baseline -0.004 -19"><span class='ocrx_word' id='word_1_191' title='bbox 167 2962 314 3035; x_wconf 44' lang='lat' dir='ltr'><strong>,luerint</strong></span> <span class='ocrx_word' id='word_1_192' title='bbox 339 2964 490 3040; x_wconf 78' lang='lat' dir='ltr'><strong>exsecuti,</strong></span> <span class='ocrx_word' id='word_1_193' title='bbox 511 2962 715 3024; x_wconf 91' lang='lat' dir='ltr'><strong>sustinebunt</strong></span> <span class='ocrx_word' id='word_1_194' title='bbox 740 2970 870 3043; x_wconf 91' lang='lat' dir='ltr'><strong>peecata</strong></span> <span class='ocrx_word' id='word_1_195' title='bbox 896 2978 942 3022; x_wconf 90' lang='lat' dir='ltr'><strong>sa-</strong></span> 
     </span>
     <span class='ocr_line' id='line_1_32' title="bbox 189 3061 940 3144; baseline -0.007 -19"><span class='ocrx_word' id='word_1_196' title='bbox 189 3062 326 3126; x_wconf 86' lang='lat' dir='ltr'><strong>cerdotii</strong></span> <span class='ocrx_word' id='word_1_197' title='bbox 342 3061 399 3125; x_wconf 92' lang='lat' dir='ltr'><strong>sui.</strong></span> <span class='ocrx_word' id='word_1_198' title='bbox 410 3063 505 3125; x_wconf 91' lang='lat' dir='ltr'><strong>Porro</strong></span> <span class='ocrx_word' id='word_1_199' title='bbox 516 3082 661 3124; x_wconf 91' lang='lat' dir='ltr'><strong>summus</strong></span> <span class='ocrx_word' id='word_1_200' title='bbox 672 3062 817 3144; x_wconf 89' lang='lat' dir='ltr'><strong>pontifex</strong></span> <span class='ocrx_word' id='word_1_201' title='bbox 834 3068 940 3122; x_wconf 91' lang='lat' dir='ltr'><strong>noster</strong></span> 
     </span>
     <span class='ocr_line' id='line_1_33' title="bbox 190 3161 942 3243; baseline -0.004 -18"><span class='ocrx_word' id='word_1_202' title='bbox 190 3161 346 3225; x_wconf 86' lang='lat' dir='ltr'><strong>Dominus</strong></span> <span class='ocrx_word' id='word_1_203' title='bbox 361 3162 451 3225; x_wconf 84' lang='lat' dir='ltr'><strong>lesus</strong></span> <span class='ocrx_word' id='word_1_204' title='bbox 468 3161 624 3237; x_wconf 87' lang='lat' dir='ltr'><strong>Christus,</strong></span> <span class='ocrx_word' id='word_1_205' title='bbox 643 3180 716 3226; x_wconf 88' lang='lat' dir='ltr'><strong>vere</strong></span> <span class='ocrx_word' id='word_1_206' title='bbox 732 3180 828 3243; x_wconf 91' lang='lat' dir='ltr'><strong>super</strong></span> <span class='ocrx_word' id='word_1_207' title='bbox 844 3179 878 3223; x_wconf 90' lang='lat' dir='ltr'><strong>se</strong></span> <span class='ocrx_word' id='word_1_208' title='bbox 893 3180 942 3222; x_wconf 91' lang='lat' dir='ltr'><strong>ac-</strong></span> 
     </span>
    </p>

    <p class='ocr_par' dir='ltr' id='par_1_14' title="bbox 41 3259 941 3840">
     <span class='ocr_line' id='line_1_34' title="bbox 189 3259 940 3343; baseline -0.003 -20"><span class='ocrx_word' id='word_1_209' title='bbox 189 3260 278 3343; x_wconf 90' lang='lat' dir='ltr'><strong>cepit</strong></span> <span class='ocrx_word' id='word_1_210' title='bbox 293 3268 423 3343; x_wconf 87' lang='lat' dir='ltr'><strong>peccata</strong></span> <span class='ocrx_word' id='word_1_211' title='bbox 438 3260 584 3324; x_wconf 90' lang='lat' dir='ltr'><strong>omnium</strong></span> <span class='ocrx_word' id='word_1_212' title='bbox 606 3267 770 3324; x_wconf 92' lang='lat' dir='ltr'><strong>nostrum:</strong></span> <span class='ocrx_word' id='word_1_213' title='bbox 789 3259 940 3341; x_wconf 84' lang='lat' dir='ltr'><strong>quoniam</strong></span> 
     </span>
     <span class='ocr_line' id='line_1_35' title="bbox 41 3358 935 3443; baseline -0.004 -20"><span class='ocrx_word' id='word_1_214' title='bbox 41 3372 175 3416; x_wconf 62' lang='lat' dir='ltr'><strong>lma-2⁹·</strong></span> <span class='ocrx_word' id='word_1_215' title='bbox 190 3360 262 3443; x_wconf 86' lang='lat' dir='ltr'><strong>ipse</strong></span> <span class='ocrx_word' id='word_1_216' title='bbox 272 3368 321 3423; x_wconf 90' lang='lat' dir='ltr'><strong>est</strong></span> <span class='ocrx_word' id='word_1_217' title='bbox 331 3360 441 3441; x_wconf 80' lang='lat' dir='ltr'><strong>Agnus</strong></span> <span class='ocrx_word' id='word_1_218' title='bbox 451 3359 506 3422; x_wconf 90' lang='lat' dir='ltr'><strong>Dei</strong></span> <span class='ocrx_word' id='word_1_219' title='bbox 517 3360 573 3441; x_wconf 85' lang='lat' dir='ltr'><strong>qui</strong></span> <span class='ocrx_word' id='word_1_220' title='bbox 586 3360 659 3421; x_wconf 92' lang='lat' dir='ltr'><strong>tulit</strong></span> <span class='ocrx_word' id='word_1_221' title='bbox 669 3365 797 3441; x_wconf 87' lang='lat' dir='ltr'><strong>peecata</strong></span> <span class='ocrx_word' id='word_1_222' title='bbox 813 3358 935 3433; x_wconf 92' lang='lat' dir='ltr'><strong>mundi,</strong></span> 
     </span>
     <span class='ocr_line' id='line_1_36' title="bbox 54 3458 940 3541; baseline -0.005 -19"><span class='ocrx_word' id='word_1_223' title='bbox 54 3470 83 3513; x_wconf 78' lang='lat'><strong>1¹·</strong></span> <span class='ocrx_word' id='word_1_224' title='bbox 94 3484 135 3521; x_wconf 79' lang='lat' dir='ltr'><strong>uu.</strong></span> <span class='ocrx_word' id='word_1_225' title='bbox 144 3472 167 3511; x_wconf 74' lang='lat'><strong>⁶-</strong></span> <span class='ocrx_word' id='word_1_226' title='bbox 189 3460 225 3521; x_wconf 95' lang='lat' dir='ltr'><strong>in</strong></span> <span class='ocrx_word' id='word_1_227' title='bbox 248 3477 314 3541; x_wconf 90' lang='lat' dir='ltr'><strong>qno</strong></span> <span class='ocrx_word' id='word_1_228' title='bbox 339 3459 494 3521; x_wconf 86' lang='lat' dir='ltr'><strong>llominus</strong></span> <span class='ocrx_word' id='word_1_229' title='bbox 516 3459 624 3541; x_wconf 83' lang='lat' dir='ltr'><strong>posuit</strong></span> <span class='ocrx_word' id='word_1_230' title='bbox 648 3458 851 3538; x_wconf 91' lang='lat' dir='ltr'><strong>iniquitatem</strong></span> <span class='ocrx_word' id='word_1_231' title='bbox 873 3476 940 3519; x_wconf 94' lang='lat' dir='ltr'><strong>om-</strong></span> 
     </span>
     <span class='ocr_line' id='line_1_37' title="bbox 189 3557 938 3640; baseline -0.003 -19"><span class='ocrx_word' id='word_1_232' title='bbox 189 3560 282 3621; x_wconf 93' lang='lat' dir='ltr'><strong>nium</strong></span> <span class='ocrx_word' id='word_1_233' title='bbox 309 3567 465 3635; x_wconf 92' lang='lat' dir='ltr'><strong>nostrum,</strong></span> <span class='ocrx_word' id='word_1_234' title='bbox 487 3559 527 3621; x_wconf 92' lang='lat' dir='ltr'><strong>de</strong></span> <span class='ocrx_word' id='word_1_235' title='bbox 551 3576 615 3639; x_wconf 92' lang='lat' dir='ltr'><strong>quo</strong></span> <span class='ocrx_word' id='word_1_236' title='bbox 638 3558 787 3640; x_wconf 87' lang='lat' dir='ltr'><strong>princeps</strong></span> <span class='ocrx_word' id='word_1_237' title='bbox 807 3557 938 3638; x_wconf 81' lang='lat' dir='ltr'><strong>Aposto</strong></span> 
     </span>
     <span class='ocr_line' id='line_1_38' title="bbox 42 3656 940 3755; baseline -0.004 -34"><span class='ocrx_word' id='word_1_238' title='bbox 42 3666 173 3755; x_wconf 63' lang='lat' dir='ltr'><strong>³lter-¹¹·</strong></span> <span class='ocrx_word' id='word_1_239' title='bbox 190 3659 297 3722; x_wconf 93' lang='lat' dir='ltr'><strong>lorum</strong></span> <span class='ocrx_word' id='word_1_240' title='bbox 312 3657 539 3737; x_wconf 89' lang='lat' dir='ltr'><strong>dignissimus:</strong></span> <span class='ocrx_word' id='word_1_241' title='bbox 553 3658 691 3733; x_wconf 88' lang='lat' dir='ltr'><strong>Peccata,</strong></span> <span class='ocrx_word' id='word_1_242' title='bbox 703 3656 819 3738; x_wconf 92' lang='lat' dir='ltr'><strong>inquit,</strong></span> <span class='ocrx_word' id='word_1_243' title='bbox 834 3664 940 3719; x_wconf 91' lang='lat' dir='ltr'><strong>nostra</strong></span> 
     </span>
     <span class='ocr_line' id='line_1_39' title="bbox 42 3736 941 3840; baseline -0.008 -18"><span class='ocrx_word' id='word_1_244' title='bbox 42 3736 72 3772; x_wconf 69' lang='lat'><strong>‘⁸&#39;</strong></span> <span class='ocrx_word' id='word_1_245' title='bbox 189 3756 332 3840; x_wconf 87' lang='lat' dir='ltr'><strong>portavit</strong></span> <span class='ocrx_word' id='word_1_246' title='bbox 347 3756 381 3819; x_wconf 93' lang='lat' dir='ltr'><strong>in</strong></span> <span class='ocrx_word' id='word_1_247' title='bbox 397 3776 530 3839; x_wconf 92' lang='lat' dir='ltr'><strong>corpore</strong></span> <span class='ocrx_word' id='word_1_248' title='bbox 545 3775 603 3835; x_wconf 87' lang='lat' dir='ltr'><strong>suo</strong></span> <span class='ocrx_word' id='word_1_249' title='bbox 619 3774 715 3838; x_wconf 91' lang='lat' dir='ltr'><strong>super</strong></span> <span class='ocrx_word' id='word_1_250' title='bbox 731 3755 866 3835; x_wconf 89' lang='lat' dir='ltr'><strong>lignum.</strong></span> <span class='ocrx_word' id='word_1_251' title='bbox 882 3754 941 3815; x_wconf 90' lang='lat' dir='ltr'><strong>lla·</strong></span> 
     </span>
    </p>
   </div>
   <div class='ocr_carea' id='block_1_12' title="bbox 994 2765 1870 3841">
    <p class='ocr_par' dir='ltr' id='par_1_15' title="bbox 994 2765 1870 3045">
     <span class='ocr_line' id='line_1_40' title="bbox 994 2765 1864 2847; baseline -0.007 -18"><span class='ocrx_word' id='word_1_252' title='bbox 994 2766 1038 2829; x_wconf 89' lang='lat' dir='ltr'><strong>ait</strong></span> <span class='ocrx_word' id='word_1_253' title='bbox 1057 2765 1211 2842; x_wconf 85' lang='lat' dir='ltr'><strong>Ezechiel,</strong></span> <span class='ocrx_word' id='word_1_254' title='bbox 1229 2766 1262 2827; x_wconf 95' lang='lat' dir='ltr'><strong>ln</strong></span> <span class='ocrx_word' id='word_1_255' title='bbox 1281 2785 1484 2847; x_wconf 88' lang='lat' dir='ltr'><strong>quacumque</strong></span> <span class='ocrx_word' id='word_1_256' title='bbox 1507 2767 1585 2829; x_wconf 90' lang='lat' dir='ltr'><strong>bora</strong></span> <span class='ocrx_word' id='word_1_257' title='bbox 1607 2766 1738 2846; x_wconf 86' lang='lat' dir='ltr'><strong>ingemi·</strong></span> <span class='ocrx_word' id='word_1_258' title='bbox 1780 2780 1864 2824; x_wconf 71' lang='lat' dir='ltr'><strong>amu.</strong></span> 
     </span>
     <span class='ocr_line' id='line_1_41' title="bbox 995 2846 1870 2959; baseline 0.003 -34"><span class='ocrx_word' id='word_1_259' title='bbox 995 2863 1054 2926; x_wconf 92' lang='lat' dir='ltr'><strong>scit</strong></span> <span class='ocrx_word' id='word_1_260' title='bbox 1063 2873 1210 2945; x_wconf 89' lang='lat' dir='ltr'><strong>peccator</strong></span> <span class='ocrx_word' id='word_1_261' title='bbox 1220 2884 1257 2927; x_wconf 83' lang='lat' dir='ltr'><strong>ex</strong></span> <span class='ocrx_word' id='word_1_262' title='bbox 1267 2865 1519 2941; x_wconf 89' lang='lat' dir='ltr'><strong>corde,omnium</strong></span> <span class='ocrx_word' id='word_1_263' title='bbox 1532 2865 1737 2947; x_wconf 92' lang='lat' dir='ltr'><strong>iniquitatum</strong></span> <span class='ocrx_word' id='word_1_264' title='bbox 1753 2846 1870 2959; x_wconf 46' lang='lat' dir='ltr'><strong>fimf,</strong></span> 
     </span>
     <span class='ocr_line' id='line_1_42' title="bbox 994 2963 1677 3045; baseline 0 -20"><span class='ocrx_word' id='word_1_265' title='bbox 994 2963 1064 3045; x_wconf 83' lang='lat' dir='ltr'><strong>ejus</strong></span> <span class='ocrx_word' id='word_1_266' title='bbox 1079 2963 1232 3025; x_wconf 88' lang='lat' dir='ltr'><strong>Dominus</strong></span> <span class='ocrx_word' id='word_1_267' title='bbox 1248 2981 1312 3026; x_wconf 95' lang='lat' dir='ltr'><strong>non</strong></span> <span class='ocrx_word' id='word_1_268' title='bbox 1327 2963 1466 3045; x_wconf 92' lang='lat' dir='ltr'><strong>amplius</strong></span> <span class='ocrx_word' id='word_1_269' title='bbox 1482 2965 1677 3027; x_wconf 86' lang='lat' dir='ltr'><strong>recordatur.</strong></span> 
     </span>
    </p>

    <p class='ocr_par' dir='ltr' id='par_1_16' title="bbox 994 3063 1776 3841">
     <span class='ocr_line' id='line_1_43' title="bbox 1032 3063 1739 3138; baseline 0.004 -15"><span class='ocrx_word' id='word_1_270' title='bbox 1032 3066 1077 3123; x_wconf 80' lang='lat' dir='ltr'><strong>Tu</strong></span> <span class='ocrx_word' id='word_1_271' title='bbox 1094 3072 1202 3122; x_wconf 83' lang='lat' dir='ltr'><strong>autem</strong></span> <span class='ocrx_word' id='word_1_272' title='bbox 1215 3071 1245 3121; x_wconf 87' lang='lat' dir='ltr'><strong>et</strong></span> <span class='ocrx_word' id='word_1_273' title='bbox 1254 3063 1322 3138; x_wconf 82' lang='lat' dir='ltr'><strong>filii</strong></span> <span class='ocrx_word' id='word_1_274' title='bbox 1332 3063 1382 3123; x_wconf 80' lang='lat' dir='ltr'><strong>tati</strong></span> <span class='ocrx_word' id='word_1_275' title='bbox 1397 3064 1627 3124; x_wconf 80' lang='lat' dir='ltr'><strong>ministrabitis</strong></span> <span class='ocrx_word' id='word_1_276' title='bbox 1644 3065 1681 3125; x_wconf 81' lang='lat' dir='ltr'><strong>in</strong></span> <span class='ocrx_word' id='word_1_277' title='bbox 1693 3074 1739 3125; x_wconf 84' lang='lat' dir='ltr'><strong>ta-</strong></span> 
     </span>
     <span class='ocr_line' id='line_1_44' title="bbox 994 3162 1737 3243; baseline 0.008 -22"><span class='ocrx_word' id='word_1_278' title='bbox 994 3164 1171 3221; x_wconf 82' lang='lat' dir='ltr'><strong>bernaculo.</strong></span> <span class='ocrx_word' id='word_1_279' title='bbox 1183 3162 1460 3240; x_wconf 72' lang='lat' dir='ltr'><strong>Excubabantque</strong></span> <span class='ocrx_word' id='word_1_280' title='bbox 1470 3164 1591 3224; x_wconf 75' lang='lat' dir='ltr'><strong>Levitae</strong></span> <span class='ocrx_word' id='word_1_281' title='bbox 1604 3166 1648 3224; x_wconf 83' lang='lat' dir='ltr'><strong>ad</strong></span> <span class='ocrx_word' id='word_1_282' title='bbox 1657 3186 1737 3243; x_wconf 83' lang='lat' dir='ltr'><strong>proe-</strong></span> 
     </span>
     <span class='ocr_line' id='line_1_45' title="bbox 994 3258 1739 3342; baseline 0.011 -23"><span class='ocrx_word' id='word_1_283' title='bbox 994 3270 1083 3337; x_wconf 79' lang='lat' dir='ltr'><strong>cepto</strong></span> <span class='ocrx_word' id='word_1_284' title='bbox 1099 3270 1165 3321; x_wconf 84' lang='lat' dir='ltr'><strong>tua.</strong></span> <span class='ocrx_word' id='word_1_285' title='bbox 1178 3258 1222 3320; x_wconf 82' lang='lat' dir='ltr'><strong>Ex</strong></span> <span class='ocrx_word' id='word_1_286' title='bbox 1237 3259 1288 3321; x_wconf 90' lang='lat' dir='ltr'><strong>bis</strong></span> <span class='ocrx_word' id='word_1_287' title='bbox 1302 3268 1436 3337; x_wconf 90' lang='lat' dir='ltr'><strong>constat,</strong></span> <span class='ocrx_word' id='word_1_288' title='bbox 1448 3280 1545 3342; x_wconf 90' lang='lat' dir='ltr'><strong>quam</strong></span> <span class='ocrx_word' id='word_1_289' title='bbox 1561 3262 1691 3326; x_wconf 88' lang='lat' dir='ltr'><strong>assidue</strong></span> <span class='ocrx_word' id='word_1_290' title='bbox 1708 3274 1739 3327; x_wconf 93' lang='lat' dir='ltr'><strong>et</strong></span> 
     </span>
     <span class='ocr_line' id='line_1_46' title="bbox 995 3359 1776 3440; baseline 0.006 -19"><span class='ocrx_word' id='word_1_291' title='bbox 995 3360 1107 3422; x_wconf 89' lang='lat' dir='ltr'><strong>devote</strong></span> <span class='ocrx_word' id='word_1_292' title='bbox 1122 3359 1258 3421; x_wconf 89' lang='lat' dir='ltr'><strong>debeant</strong></span> <span class='ocrx_word' id='word_1_293' title='bbox 1277 3359 1400 3440; x_wconf 76' lang='lat' dir='ltr'><strong>prelati</strong></span> <span class='ocrx_word' id='word_1_294' title='bbox 1418 3368 1449 3423; x_wconf 93' lang='lat' dir='ltr'><strong>et</strong></span> <span class='ocrx_word' id='word_1_295' title='bbox 1467 3362 1657 3440; x_wconf 89' lang='lat' dir='ltr'><strong>sacerdotes,</strong></span> <span class='ocrx_word' id='word_1_296' title='bbox 1676 3383 1739 3426; x_wconf 90' lang='lat' dir='ltr'><strong>ma·</strong></span> <span class='ocrx_word' id='word_1_297' title='bbox 1773 3359 1776 3364; x_wconf 66' lang='grc'><strong><em>’</em></strong></span> 
     </span>
     <span class='ocr_line' id='line_1_47' title="bbox 994 3457 1739 3540; baseline 0.009 -21"><span class='ocrx_word' id='word_1_298' title='bbox 994 3459 1078 3521; x_wconf 82' lang='lat' dir='ltr'><strong>xime</strong></span> <span class='ocrx_word' id='word_1_299' title='bbox 1101 3458 1291 3540; x_wconf 91' lang='lat' dir='ltr'><strong>superiores,</strong></span> <span class='ocrx_word' id='word_1_300' title='bbox 1310 3457 1343 3519; x_wconf 96' lang='lat' dir='ltr'><strong>in</strong></span> <span class='ocrx_word' id='word_1_301' title='bbox 1365 3460 1500 3523; x_wconf 88' lang='lat' dir='ltr'><strong>eeclesia</strong></span> <span class='ocrx_word' id='word_1_302' title='bbox 1522 3480 1602 3538; x_wconf 90' lang='lat' dir='ltr'><strong>esse,</strong></span> <span class='ocrx_word' id='word_1_303' title='bbox 1620 3462 1739 3526; x_wconf 90' lang='lat' dir='ltr'><strong>divinis</strong></span> 
     </span>
     <span class='ocr_line' id='line_1_48' title="bbox 995 3557 1740 3642; baseline 0.004 -20"><span class='ocrx_word' id='word_1_304' title='bbox 995 3557 1116 3622; x_wconf 91' lang='lat' dir='ltr'><strong>officiis</strong></span> <span class='ocrx_word' id='word_1_305' title='bbox 1132 3558 1294 3634; x_wconf 86' lang='lat' dir='ltr'><strong>interesse,</strong></span> <span class='ocrx_word' id='word_1_306' title='bbox 1313 3565 1344 3619; x_wconf 92' lang='lat' dir='ltr'><strong>et</strong></span> <span class='ocrx_word' id='word_1_307' title='bbox 1358 3560 1568 3640; x_wconf 88' lang='lat' dir='ltr'><strong>contemplari</strong></span> <span class='ocrx_word' id='word_1_308' title='bbox 1586 3561 1740 3642; x_wconf 84' lang='lat' dir='ltr'><strong>mysteria</strong></span> 
     </span>
     <span class='ocr_line' id='line_1_49' title="bbox 994 3655 1738 3742; baseline 0.004 -22"><span class='ocrx_word' id='word_1_309' title='bbox 994 3658 1055 3731; x_wconf 89' lang='lat' dir='ltr'><strong>Dei,</strong></span> <span class='ocrx_word' id='word_1_310' title='bbox 1063 3665 1324 3737; x_wconf 89' lang='lat' dir='ltr'><strong>sacramentaque</strong></span> <span class='ocrx_word' id='word_1_311' title='bbox 1334 3655 1570 3738; x_wconf 77' lang='lat' dir='ltr'><strong>Cbristi3qnam</strong></span> <span class='ocrx_word' id='word_1_312' title='bbox 1587 3668 1738 3742; x_wconf 81' lang='lat' dir='ltr'><strong>prompta</strong></span> 
     </span>
     <span class='ocr_line' id='line_1_50' title="bbox 994 3754 1740 3841; baseline 0.005 -23"><span class='ocrx_word' id='word_1_313' title='bbox 994 3775 1124 3839; x_wconf 87' lang='lat' dir='ltr'><strong>quoquc</strong></span> <span class='ocrx_word' id='word_1_314' title='bbox 1134 3764 1165 3818; x_wconf 92' lang='lat' dir='ltr'><strong>et</strong></span> <span class='ocrx_word' id='word_1_315' title='bbox 1175 3755 1352 3819; x_wconf 90' lang='lat' dir='ltr'><strong>condecens</strong></span> <span class='ocrx_word' id='word_1_316' title='bbox 1361 3754 1551 3831; x_wconf 90' lang='lat' dir='ltr'><strong>obedientia,</strong></span> <span class='ocrx_word' id='word_1_317' title='bbox 1562 3776 1659 3838; x_wconf 89' lang='lat' dir='ltr'><strong>quam</strong></span> <span class='ocrx_word' id='word_1_318' title='bbox 1671 3760 1740 3841; x_wconf 92' lang='lat' dir='ltr'><strong>pul-</strong></span> 
     </span>
    </p>
   </div>
   <div class='ocr_carea' id='block_1_13' title="bbox 187 3854 1740 3938">
    <p class='ocr_par' dir='ltr' id='par_1_17' title="bbox 187 3854 1740 3938">
     <span class='ocr_line' id='line_1_51' title="bbox 187 3854 1740 3938; baseline 0.001 -19"><span class='ocrx_word' id='word_1_319' title='bbox 187 3858 276 3938; x_wconf 72' lang='lat' dir='ltr'><strong>Jores</strong></span> <span class='ocrx_word' id='word_1_320' title='bbox 302 3864 408 3918; x_wconf 89' lang='lat' dir='ltr'><strong>autem</strong></span> <span class='ocrx_word' id='word_1_321' title='bbox 432 3856 564 3937; x_wconf 83' lang='lat' dir='ltr'><strong>praelati,</strong></span> <span class='ocrx_word' id='word_1_322' title='bbox 587 3854 755 3919; x_wconf 89' lang='lat' dir='ltr'><strong>inferiores</strong></span> <span class='ocrx_word' id='word_1_323' title='bbox 778 3859 975 3922; x_wconf 76' lang='lat' dir='ltr'><strong>assumeret}</strong></span> <span class='ocrx_word' id='word_1_324' title='bbox 994 3856 1171 3919; x_wconf 89' lang='lat' dir='ltr'><strong>cherrimus</strong></span> <span class='ocrx_word' id='word_1_325' title='bbox 1185 3855 1263 3918; x_wconf 91' lang='lat' dir='ltr'><strong>ordo</strong></span> <span class='ocrx_word' id='word_1_326' title='bbox 1272 3854 1447 3917; x_wconf 91' lang='lat' dir='ltr'><strong>consistere</strong></span> <span class='ocrx_word' id='word_1_327' title='bbox 1455 3854 1569 3918; x_wconf 89' lang='lat' dir='ltr'><strong>debeat</strong></span> <span class='ocrx_word' id='word_1_328' title='bbox 1585 3856 1669 3920; x_wconf 91' lang='lat' dir='ltr'><strong>inter</strong></span> <span class='ocrx_word' id='word_1_329' title='bbox 1683 3859 1740 3920; x_wconf 93' lang='lat' dir='ltr'><strong>mi-</strong></span> 
     </span>
    </p>
   </div>
   <div class='ocr_carea' id='block_1_14' title="bbox 186 3953 943 5029">
    <p class='ocr_par' dir='ltr' id='par_1_18' title="bbox 186 3953 941 4615">
     <span class='ocr_line' id='line_1_52' title="bbox 188 3953 939 4036; baseline -0.005 -17"><span class='ocrx_word' id='word_1_330' title='bbox 188 3956 309 4019; x_wconf 89' lang='lat' dir='ltr'><strong>debent</strong></span> <span class='ocrx_word' id='word_1_331' title='bbox 324 3956 358 4017; x_wconf 94' lang='lat' dir='ltr'><strong>in</strong></span> <span class='ocrx_word' id='word_1_332' title='bbox 375 3976 469 4018; x_wconf 91' lang='lat' dir='ltr'><strong>suum</strong></span> <span class='ocrx_word' id='word_1_333' title='bbox 484 3955 651 4031; x_wconf 80' lang='lat' dir='ltr'><strong>auxilium,</strong></span> <span class='ocrx_word' id='word_1_334' title='bbox 665 3973 804 4036; x_wconf 91' lang='lat' dir='ltr'><strong>suosque</strong></span> <span class='ocrx_word' id='word_1_335' title='bbox 820 3953 939 4017; x_wconf 88' lang='lat' dir='ltr'><strong>bertari</strong></span> 
     </span>
     <span class='ocr_line' id='line_1_53' title="bbox 188 4053 940 4135; baseline -0.004 -18"><span class='ocrx_word' id='word_1_336' title='bbox 188 4056 341 4132; x_wconf 90' lang='lat' dir='ltr'><strong>vicarios,</strong></span> <span class='ocrx_word' id='word_1_337' title='bbox 362 4063 397 4118; x_wconf 90' lang='lat' dir='ltr'><strong>ut</strong></span> <span class='ocrx_word' id='word_1_338' title='bbox 421 4055 509 4119; x_wconf 91' lang='lat' dir='ltr'><strong>omni</strong></span> <span class='ocrx_word' id='word_1_339' title='bbox 534 4074 607 4118; x_wconf 89' lang='lat' dir='ltr'><strong>eum</strong></span> <span class='ocrx_word' id='word_1_340' title='bbox 634 4053 800 4135; x_wconf 89' lang='lat' dir='ltr'><strong>vigilantia</strong></span> <span class='ocrx_word' id='word_1_341' title='bbox 825 4053 940 4117; x_wconf 90' lang='lat' dir='ltr'><strong>mentis</strong></span> 
     </span>
     <span class='ocr_line' id='line_1_54' title="bbox 188 4152 940 4238; baseline -0.001 -20"><span class='ocrx_word' id='word_1_342' title='bbox 188 4156 341 4238; x_wconf 86' lang='lat' dir='ltr'><strong>expleant</strong></span> <span class='ocrx_word' id='word_1_343' title='bbox 360 4155 517 4237; x_wconf 90' lang='lat' dir='ltr'><strong>quidquid</strong></span> <span class='ocrx_word' id='word_1_344' title='bbox 538 4154 585 4216; x_wconf 91' lang='lat' dir='ltr'><strong>eis</strong></span> <span class='ocrx_word' id='word_1_345' title='bbox 606 4153 787 4233; x_wconf 91' lang='lat' dir='ltr'><strong>injunctum</strong></span> <span class='ocrx_word' id='word_1_346' title='bbox 805 4161 853 4216; x_wconf 92' lang='lat' dir='ltr'><strong>est</strong></span> <span class='ocrx_word' id='word_1_347' title='bbox 870 4170 877 4214; x_wconf 93' lang='lat'>:</span> <span class='ocrx_word' id='word_1_348' title='bbox 895 4152 940 4217; x_wconf 89' lang='lat' dir='ltr'><strong>sic</strong></span> 
     </span>
     <span class='ocr_line' id='line_1_55' title="bbox 187 4252 939 4337; baseline -0.004 -19"><span class='ocrx_word' id='word_1_349' title='bbox 187 4256 277 4337; x_wconf 88' lang='lat' dir='ltr'><strong>qnod</strong></span> <span class='ocrx_word' id='word_1_350' title='bbox 300 4255 438 4336; x_wconf 73' lang='lat' dir='ltr'><strong>maiores</strong></span> <span class='ocrx_word' id='word_1_351' title='bbox 462 4252 638 4335; x_wconf 89' lang='lat' dir='ltr'><strong>maj0ribus</strong></span> <span class='ocrx_word' id='word_1_352' title='bbox 661 4262 693 4316; x_wconf 89' lang='lat' dir='ltr'><strong>et</strong></span> <span class='ocrx_word' id='word_1_353' title='bbox 715 4253 939 4316; x_wconf 86' lang='lat' dir='ltr'><strong>sacratioribus</strong></span> 
     </span>
     <span class='ocr_line' id='line_1_56' title="bbox 188 4352 938 4429; baseline -0.005 -12"><span class='ocrx_word' id='word_1_354' title='bbox 188 4353 353 4418; x_wconf 79' lang='lat' dir='ltr'><strong>exercitiis</strong></span> <span class='ocrx_word' id='word_1_355' title='bbox 367 4354 485 4417; x_wconf 90' lang='lat' dir='ltr'><strong>debent</strong></span> <span class='ocrx_word' id='word_1_356' title='bbox 500 4352 574 4416; x_wconf 92' lang='lat' dir='ltr'><strong>totis</strong></span> <span class='ocrx_word' id='word_1_357' title='bbox 591 4352 713 4415; x_wconf 90' lang='lat' dir='ltr'><strong>viribus</strong></span> <span class='ocrx_word' id='word_1_358' title='bbox 729 4370 797 4415; x_wconf 90' lang='lat' dir='ltr'><strong>esse</strong></span> <span class='ocrx_word' id='word_1_359' title='bbox 815 4352 938 4429; x_wconf 92' lang='lat' dir='ltr'><strong>intenti,</strong></span> 
     </span>
     <span class='ocr_line' id='line_1_57' title="bbox 186 4451 941 4535; baseline -0.004 -19"><span class='ocrx_word' id='word_1_360' title='bbox 186 4462 288 4535; x_wconf 86' lang='lat' dir='ltr'><strong>atque</strong></span> <span class='ocrx_word' id='word_1_361' title='bbox 302 4472 376 4517; x_wconf 90' lang='lat' dir='ltr'><strong>cum</strong></span> <span class='ocrx_word' id='word_1_362' title='bbox 391 4472 514 4515; x_wconf 87' lang='lat' dir='ltr'><strong>summa</strong></span> <span class='ocrx_word' id='word_1_363' title='bbox 535 4451 714 4517; x_wconf 88' lang='lat' dir='ltr'><strong>reverentia</strong></span> <span class='ocrx_word' id='word_1_364' title='bbox 735 4451 820 4514; x_wconf 90' lang='lat' dir='ltr'><strong>circa</strong></span> <span class='ocrx_word' id='word_1_365' title='bbox 842 4452 941 4513; x_wconf 90' lang='lat' dir='ltr'><strong>altare</strong></span> 
     </span>
     <span class='ocr_line' id='line_1_58' title="bbox 189 4553 438 4615; baseline -0.012 1"><span class='ocrx_word' id='word_1_366' title='bbox 189 4553 256 4615; x_wconf 85' lang='lat' dir='ltr'><strong>Deo</strong></span> <span class='ocrx_word' id='word_1_367' title='bbox 271 4553 438 4615; x_wconf 88' lang='lat' dir='ltr'><strong>adsistere.</strong></span> 
     </span>
    </p>

    <p class='ocr_par' dir='ltr' id='par_1_19' title="bbox 189 4650 943 5029">
     <span class='ocr_line' id='line_1_59' title="bbox 230 4650 942 4733; baseline 0 -19"><span class='ocrx_word' id='word_1_368' title='bbox 230 4650 378 4733; x_wconf 86' lang='lat' dir='ltr'><strong>Denique</strong></span> <span class='ocrx_word' id='word_1_369' title='bbox 394 4652 454 4715; x_wconf 90' lang='lat' dir='ltr'><strong>boc</strong></span> <span class='ocrx_word' id='word_1_370' title='bbox 470 4651 540 4713; x_wconf 91' lang='lat' dir='ltr'><strong>loeo</strong></span> <span class='ocrx_word' id='word_1_371' title='bbox 561 4650 673 4713; x_wconf 88' lang='lat' dir='ltr'><strong>recitat</strong></span> <span class='ocrx_word' id='word_1_372' title='bbox 687 4650 849 4731; x_wconf 85' lang='lat' dir='ltr'><strong>Origenes,</strong></span> <span class='ocrx_word' id='word_1_373' title='bbox 867 4670 942 4732; x_wconf 90' lang='lat' dir='ltr'><strong>qua-</strong></span> 
     </span>
     <span class='ocr_line' id='line_1_60' title="bbox 189 4749 942 4832; baseline -0.003 -19"><span class='ocrx_word' id='word_1_374' title='bbox 189 4752 266 4814; x_wconf 91' lang='lat' dir='ltr'><strong>liter</strong></span> <span class='ocrx_word' id='word_1_375' title='bbox 281 4752 349 4813; x_wconf 89' lang='lat' dir='ltr'><strong>suis</strong></span> <span class='ocrx_word' id='word_1_376' title='bbox 365 4750 562 4832; x_wconf 92' lang='lat' dir='ltr'><strong>temporibus</strong></span> <span class='ocrx_word' id='word_1_377' title='bbox 578 4750 834 4812; x_wconf 81' lang='lat' dir='ltr'><strong>dixeruntludaei</strong></span> <span class='ocrx_word' id='word_1_378' title='bbox 844 4766 851 4809; x_wconf 77' lang='grc' dir='ltr'><strong><em>ε</em></strong></span> <span class='ocrx_word' id='word_1_379' title='bbox 863 4749 942 4823; x_wconf 84' lang='lat' dir='ltr'><strong>Quo</strong></span> 
     </span>
     <span class='ocr_line' id='line_1_61' title="bbox 189 4848 943 4930; baseline -0.005 -15"><span class='ocrx_word' id='word_1_380' title='bbox 189 4852 281 4915; x_wconf 91' lang='lat' dir='ltr'><strong>niam</strong></span> <span class='ocrx_word' id='word_1_381' title='bbox 297 4868 362 4913; x_wconf 93' lang='lat' dir='ltr'><strong>non</strong></span> <span class='ocrx_word' id='word_1_382' title='bbox 378 4849 532 4912; x_wconf 90' lang='lat' dir='ltr'><strong>babemus</strong></span> <span class='ocrx_word' id='word_1_383' title='bbox 550 4848 714 4930; x_wconf 89' lang='lat' dir='ltr'><strong>templum,</strong></span> <span class='ocrx_word' id='word_1_384' title='bbox 726 4867 783 4911; x_wconf 88' lang='lat' dir='ltr'><strong>nec</strong></span> <span class='ocrx_word' id='word_1_385' title='bbox 801 4850 943 4911; x_wconf 81' lang='lat' dir='ltr'><strong>sacerdo</strong></span> 
     </span>
     <span class='ocr_line' id='line_1_62' title="bbox 191 4948 935 5029; baseline -0.008 -14"><span class='ocrx_word' id='word_1_386' title='bbox 191 4950 282 5024; x_wconf 87' lang='lat' dir='ltr'><strong>tium,</strong></span> <span class='ocrx_word' id='word_1_387' title='bbox 290 4968 396 5029; x_wconf 88' lang='lat' dir='ltr'><strong>neque</strong></span> <span class='ocrx_word' id='word_1_388' title='bbox 406 4950 510 5023; x_wconf 83' lang='lat' dir='ltr'><strong>altare,</strong></span> <span class='ocrx_word' id='word_1_389' title='bbox 519 4967 577 5011; x_wconf 89' lang='lat' dir='ltr'><strong>nec</strong></span> <span class='ocrx_word' id='word_1_390' title='bbox 587 4948 707 5011; x_wconf 91' lang='lat' dir='ltr'><strong>hostias</strong></span> <span class='ocrx_word' id='word_1_391' title='bbox 719 4948 935 5022; x_wconf 82' lang='lat' dir='ltr'><strong>immolamus3</strong></span> 
     </span>
    </p>
   </div>
   <div class='ocr_carea' id='block_1_15' title="bbox 995 3952 1886 5030">
    <p class='ocr_par' dir='ltr' id='par_1_20' title="bbox 995 3952 1886 5030">
     <span class='ocr_line' id='line_1_63' title="bbox 995 3952 1886 4030; baseline -0.003 -14"><span class='ocrx_word' id='word_1_392' title='bbox 995 3956 1112 4017; x_wconf 93' lang='lat' dir='ltr'><strong>nistros</strong></span> <span class='ocrx_word' id='word_1_393' title='bbox 1127 3954 1286 4030; x_wconf 81' lang='lat' dir='ltr'><strong>Ecclesia,</strong></span> <span class='ocrx_word' id='word_1_394' title='bbox 1304 3962 1338 4015; x_wconf 94' lang='lat' dir='ltr'><strong>ut</strong></span> <span class='ocrx_word' id='word_1_395' title='bbox 1354 3952 1436 4015; x_wconf 86' lang='lat' dir='ltr'><strong>fiant</strong></span> <span class='ocrx_word' id='word_1_396' title='bbox 1452 3953 1561 4016; x_wconf 89' lang='lat' dir='ltr'><strong>omnia</strong></span> <span class='ocrx_word' id='word_1_397' title='bbox 1580 3955 1737 4021; x_wconf 92' lang='lat' dir='ltr'><strong>ordinate.</strong></span> <span class='ocrx_word' id='word_1_398' title='bbox 1769 3969 1886 4022; x_wconf 65' lang='lat' dir='ltr'><strong>lcitum</strong></span> 
     </span>
     <span class='ocr_line' id='line_1_64' title="bbox 1028 4035 1789 4134; baseline 0.003 -19"><span class='ocrx_word' id='word_1_399' title='bbox 1028 4058 1229 4134; x_wconf 75' lang='lat' dir='ltr'><strong>Luctatusque</strong></span> <span class='ocrx_word' id='word_1_400' title='bbox 1242 4064 1287 4113; x_wconf 82' lang='lat' dir='ltr'><strong>est</strong></span> <span class='ocrx_word' id='word_1_401' title='bbox 1298 4054 1455 4113; x_wconf 82' lang='lat' dir='ltr'><strong>Dominus</strong></span> <span class='ocrx_word' id='word_1_402' title='bbox 1467 4056 1512 4113; x_wconf 82' lang='lat' dir='ltr'><strong>ad</strong></span> <span class='ocrx_word' id='word_1_403' title='bbox 1521 4056 1739 4117; x_wconf 66' lang='lat' dir='ltr'><strong>Acrae-acce</strong></span> <span class='ocrx_word' id='word_1_404' title='bbox 1754 4035 1789 4076; x_wconf 77' lang='lat'><strong>⁴⁰¹</strong></span> 
     </span>
     <span class='ocr_line' id='line_1_65' title="bbox 995 4154 1738 4230; baseline 0.004 -16"><span class='ocrx_word' id='word_1_405' title='bbox 995 4156 1071 4214; x_wconf 85' lang='lat' dir='ltr'><strong>decli</strong></span> <span class='ocrx_word' id='word_1_406' title='bbox 1085 4155 1144 4214; x_wconf 85' lang='lat' dir='ltr'><strong>tibi</strong></span> <span class='ocrx_word' id='word_1_407' title='bbox 1153 4155 1331 4213; x_wconf 82' lang='lat' dir='ltr'><strong>custodiam</strong></span> <span class='ocrx_word' id='word_1_408' title='bbox 1339 4154 1570 4230; x_wconf 81' lang='lat' dir='ltr'><strong>primitiarum</strong></span> <span class='ocrx_word' id='word_1_409' title='bbox 1583 4174 1738 4218; x_wconf 76' lang='lat' dir='ltr'><strong>nicarum.</strong></span> 
     </span>
     <span class='ocr_line' id='line_1_66' title="bbox 995 4250 1741 4331; baseline 0.003 -16"><span class='ocrx_word' id='word_1_410' title='bbox 995 4252 1083 4315; x_wconf 87' lang='lat' dir='ltr'><strong>Sicut</strong></span> <span class='ocrx_word' id='word_1_411' title='bbox 1103 4252 1136 4315; x_wconf 93' lang='lat' dir='ltr'><strong>in</strong></span> <span class='ocrx_word' id='word_1_412' title='bbox 1152 4251 1252 4317; x_wconf 89' lang='lat' dir='ltr'><strong>veteri</strong></span> <span class='ocrx_word' id='word_1_413' title='bbox 1272 4252 1351 4331; x_wconf 90' lang='lat' dir='ltr'><strong>lege,</strong></span> <span class='ocrx_word' id='word_1_414' title='bbox 1371 4250 1414 4313; x_wconf 93' lang='lat' dir='ltr'><strong>ita</strong></span> <span class='ocrx_word' id='word_1_415' title='bbox 1434 4251 1468 4313; x_wconf 91' lang='lat' dir='ltr'><strong>in</strong></span> <span class='ocrx_word' id='word_1_416' title='bbox 1491 4270 1574 4314; x_wconf 88' lang='lat' dir='ltr'><strong>nova</strong></span> <span class='ocrx_word' id='word_1_417' title='bbox 1596 4255 1741 4317; x_wconf 84' lang='lat' dir='ltr'><strong>sacerdo</strong></span> 
     </span>
     <span class='ocr_line' id='line_1_67' title="bbox 997 4350 1741 4433; baseline 0.001 -19"><span class='ocrx_word' id='word_1_418' title='bbox 997 4352 1082 4414; x_wconf 91' lang='lat' dir='ltr'><strong>tibus</strong></span> <span class='ocrx_word' id='word_1_419' title='bbox 1100 4360 1132 4413; x_wconf 91' lang='lat' dir='ltr'><strong>et</strong></span> <span class='ocrx_word' id='word_1_420' title='bbox 1151 4350 1331 4433; x_wconf 91' lang='lat' dir='ltr'><strong>pastoribus</strong></span> <span class='ocrx_word' id='word_1_421' title='bbox 1353 4350 1503 4431; x_wconf 76' lang='lat' dir='ltr'><strong>primitiae</strong></span> <span class='ocrx_word' id='word_1_422' title='bbox 1524 4351 1682 4414; x_wconf 88' lang='lat' dir='ltr'><strong>debentur</strong></span> <span class='ocrx_word' id='word_1_423' title='bbox 1704 4373 1741 4416; x_wconf 89' lang='lat' dir='ltr'><strong>ae</strong></span> 
     </span>
     <span class='ocr_line' id='line_1_68' title="bbox 995 4449 1738 4532; baseline 0 -19"><span class='ocrx_word' id='word_1_424' title='bbox 995 4451 1126 4514; x_wconf 79' lang='lat' dir='ltr'><strong>decima</strong></span> <span class='ocrx_word' id='word_1_425' title='bbox 1138 4449 1379 4532; x_wconf 89' lang='lat' dir='ltr'><strong>persolvuntur:</strong></span> <span class='ocrx_word' id='word_1_426' title='bbox 1391 4450 1467 4531; x_wconf 87' lang='lat' dir='ltr'><strong>quia</strong></span> <span class='ocrx_word' id='word_1_427' title='bbox 1482 4450 1542 4513; x_wconf 90' lang='lat' dir='ltr'><strong>boc</strong></span> <span class='ocrx_word' id='word_1_428' title='bbox 1558 4458 1606 4512; x_wconf 88' lang='lat' dir='ltr'><strong>est</strong></span> <span class='ocrx_word' id='word_1_429' title='bbox 1620 4452 1738 4532; x_wconf 93' lang='lat' dir='ltr'><strong>partim</strong></span> 
     </span>
     <span class='ocr_line' id='line_1_69' title="bbox 996 4547 1738 4631; baseline -0.003 -18"><span class='ocrx_word' id='word_1_430' title='bbox 996 4552 1035 4613; x_wconf 91' lang='lat' dir='ltr'><strong>de</strong></span> <span class='ocrx_word' id='word_1_431' title='bbox 1050 4550 1122 4631; x_wconf 86' lang='lat' dir='ltr'><strong>jure</strong></span> <span class='ocrx_word' id='word_1_432' title='bbox 1136 4548 1256 4623; x_wconf 89' lang='lat' dir='ltr'><strong>divino,</strong></span> <span class='ocrx_word' id='word_1_433' title='bbox 1269 4555 1301 4610; x_wconf 92' lang='lat' dir='ltr'><strong>et</strong></span> <span class='ocrx_word' id='word_1_434' title='bbox 1317 4547 1431 4629; x_wconf 89' lang='lat' dir='ltr'><strong>partim</strong></span> <span class='ocrx_word' id='word_1_435' title='bbox 1445 4548 1485 4610; x_wconf 91' lang='lat' dir='ltr'><strong>de</strong></span> <span class='ocrx_word' id='word_1_436' title='bbox 1499 4549 1572 4629; x_wconf 83' lang='lat' dir='ltr'><strong>jure</strong></span> <span class='ocrx_word' id='word_1_437' title='bbox 1587 4549 1738 4627; x_wconf 88' lang='lat' dir='ltr'><strong>naturali,</strong></span> 
     </span>
     <span class='ocr_line' id='line_1_70' title="bbox 998 4646 1742 4729; baseline -0.003 -17"><span class='ocrx_word' id='word_1_438' title='bbox 998 4650 1061 4712; x_wconf 95' lang='lat' dir='ltr'><strong>imo</strong></span> <span class='ocrx_word' id='word_1_439' title='bbox 1077 4657 1109 4712; x_wconf 91' lang='lat' dir='ltr'><strong>et</strong></span> <span class='ocrx_word' id='word_1_440' title='bbox 1122 4649 1161 4710; x_wconf 91' lang='lat' dir='ltr'><strong>ad</strong></span> <span class='ocrx_word' id='word_1_441' title='bbox 1181 4646 1354 4729; x_wconf 90' lang='lat' dir='ltr'><strong>positivum</strong></span> <span class='ocrx_word' id='word_1_442' title='bbox 1374 4646 1426 4726; x_wconf 91' lang='lat' dir='ltr'><strong>jus</strong></span> <span class='ocrx_word' id='word_1_443' title='bbox 1446 4646 1594 4728; x_wconf 90' lang='lat' dir='ltr'><strong>pertinet.</strong></span> <span class='ocrx_word' id='word_1_444' title='bbox 1612 4646 1689 4709; x_wconf 91' lang='lat' dir='ltr'><strong>Nam</strong></span> <span class='ocrx_word' id='word_1_445' title='bbox 1709 4656 1742 4711; x_wconf 90' lang='lat' dir='ltr'><strong>et</strong></span> 
     </span>
     <span class='ocr_line' id='line_1_71' title="bbox 998 4745 1741 4828; baseline -0.001 -17"><span class='ocrx_word' id='word_1_446' title='bbox 998 4749 1077 4811; x_wconf 91' lang='lat' dir='ltr'><strong>ratio</strong></span> <span class='ocrx_word' id='word_1_447' title='bbox 1094 4748 1202 4823; x_wconf 90' lang='lat' dir='ltr'><strong>dictat,</strong></span> <span class='ocrx_word' id='word_1_448' title='bbox 1220 4755 1255 4809; x_wconf 89' lang='lat' dir='ltr'><strong>ut</strong></span> <span class='ocrx_word' id='word_1_449' title='bbox 1274 4745 1320 4808; x_wconf 92' lang='lat' dir='ltr'><strong>eis</strong></span> <span class='ocrx_word' id='word_1_450' title='bbox 1340 4766 1358 4807; x_wconf 90' lang='lat' dir='ltr'><strong>a</strong></span> <span class='ocrx_word' id='word_1_451' title='bbox 1377 4746 1496 4828; x_wconf 93' lang='lat' dir='ltr'><strong>populo</strong></span> <span class='ocrx_word' id='word_1_452' title='bbox 1516 4745 1741 4810; x_wconf 90' lang='lat' dir='ltr'><strong>ministrentur</strong></span> 
     </span>
     <span class='ocr_line' id='line_1_72' title="bbox 998 4843 1742 4930; baseline -0.001 -19"><span class='ocrx_word' id='word_1_453' title='bbox 998 4847 1174 4930; x_wconf 88' lang='lat' dir='ltr'><strong>corporalia</strong></span> <span class='ocrx_word' id='word_1_454' title='bbox 1188 4846 1260 4909; x_wconf 81' lang='lat' dir='ltr'><strong>vitae</strong></span> <span class='ocrx_word' id='word_1_455' title='bbox 1275 4844 1444 4927; x_wconf 91' lang='lat' dir='ltr'><strong>stipendia,</strong></span> <span class='ocrx_word' id='word_1_456' title='bbox 1461 4844 1518 4927; x_wconf 87' lang='lat' dir='ltr'><strong>qui</strong></span> <span class='ocrx_word' id='word_1_457' title='bbox 1538 4843 1601 4927; x_wconf 90' lang='lat' dir='ltr'><strong>ipsi</strong></span> <span class='ocrx_word' id='word_1_458' title='bbox 1618 4847 1742 4928; x_wconf 92' lang='lat' dir='ltr'><strong>populo</strong></span> 
     </span>
     <span class='ocr_line' id='line_1_73' title="bbox 998 4944 1743 5030; baseline 0 -20"><span class='ocrx_word' id='word_1_459' title='bbox 998 4948 1176 5030; x_wconf 91' lang='lat' dir='ltr'><strong>spiritualia</strong></span> <span class='ocrx_word' id='word_1_460' title='bbox 1191 4946 1379 5009; x_wconf 87' lang='lat' dir='ltr'><strong>ministrant.</strong></span> <span class='ocrx_word' id='word_1_461' title='bbox 1392 4945 1473 5008; x_wconf 89' lang='lat' dir='ltr'><strong>Hinc</strong></span> <span class='ocrx_word' id='word_1_462' title='bbox 1485 4944 1655 5026; x_wconf 86' lang='lat' dir='ltr'><strong>Origenes:</strong></span> <span class='ocrx_word' id='word_1_463' title='bbox 1668 4947 1743 5024; x_wconf 89' lang='lat' dir='ltr'><strong>Deo,</strong></span> 
     </span>
    </p>
   </div>
   <div class='ocr_carea' id='block_1_16' title="bbox 191 5043 1741 5131">
    <p class='ocr_par' dir='ltr' id='par_1_21' title="bbox 191 5043 1741 5131">
     <span class='ocr_line' id='line_1_74' title="bbox 191 5043 1741 5131; baseline -0.004 -18"><span class='ocrx_word' id='word_1_464' title='bbox 191 5050 265 5113; x_wconf 90' lang='lat' dir='ltr'><strong>ideo</strong></span> <span class='ocrx_word' id='word_1_465' title='bbox 285 5056 416 5131; x_wconf 88' lang='lat' dir='ltr'><strong>peccata</strong></span> <span class='ocrx_word' id='word_1_466' title='bbox 436 5056 544 5111; x_wconf 89' lang='lat' dir='ltr'><strong>nostra</strong></span> <span class='ocrx_word' id='word_1_467' title='bbox 563 5056 693 5112; x_wconf 90' lang='lat' dir='ltr'><strong>manent</strong></span> <span class='ocrx_word' id='word_1_468' title='bbox 709 5048 741 5108; x_wconf 93' lang='lat' dir='ltr'><strong>in</strong></span> <span class='ocrx_word' id='word_1_469' title='bbox 759 5046 862 5125; x_wconf 93' lang='lat' dir='ltr'><strong>nobis,</strong></span> <span class='ocrx_word' id='word_1_470' title='bbox 881 5066 939 5111; x_wconf 89' lang='lat' dir='ltr'><strong>nec</strong></span> <span class='ocrx_word' id='word_1_471' title='bbox 957 5043 982 5104; x_wconf 87' lang='lat' dir='ltr'><strong>ll</strong></span> <span class='ocrx_word' id='word_1_472' title='bbox 999 5047 1114 5129; x_wconf 90' lang='lat' dir='ltr'><strong>inquit,</strong></span> <span class='ocrx_word' id='word_1_473' title='bbox 1135 5046 1248 5110; x_wconf 86' lang='lat' dir='ltr'><strong>offerri</strong></span> <span class='ocrx_word' id='word_1_474' title='bbox 1267 5046 1394 5122; x_wconf 92' lang='lat' dir='ltr'><strong>dicitur,</strong></span> <span class='ocrx_word' id='word_1_475' title='bbox 1411 5046 1499 5127; x_wconf 89' lang='lat' dir='ltr'><strong>quod</strong></span> <span class='ocrx_word' id='word_1_476' title='bbox 1520 5045 1741 5109; x_wconf 92' lang='lat' dir='ltr'><strong>sacerdotibus</strong></span> 
     </span>
    </p>
   </div>
   <div class='ocr_carea' id='block_1_17' title="bbox 191 5144 1743 5421">
    <p class='ocr_par' dir='ltr' id='par_1_22' title="bbox 191 5144 1743 5421">
     <span class='ocr_line' id='line_1_75' title="bbox 191 5144 1742 5229; baseline -0.003 -17"><span class='ocrx_word' id='word_1_477' title='bbox 191 5149 322 5212; x_wconf 88' lang='lat' dir='ltr'><strong>veniam</strong></span> <span class='ocrx_word' id='word_1_478' title='bbox 353 5147 592 5229; x_wconf 89' lang='lat' dir='ltr'><strong>consequimur.</strong></span> <span class='ocrx_word' id='word_1_479' title='bbox 623 5147 708 5209; x_wconf 89' lang='lat' dir='ltr'><strong>istud</strong></span> <span class='ocrx_word' id='word_1_480' title='bbox 739 5146 847 5223; x_wconf 90' lang='lat' dir='ltr'><strong>refert,</strong></span> <span class='ocrx_word' id='word_1_481' title='bbox 878 5166 942 5211; x_wconf 94' lang='lat' dir='ltr'><strong>non</strong></span> <span class='ocrx_word' id='word_1_482' title='bbox 998 5148 1101 5211; x_wconf 91' lang='lat' dir='ltr'><strong>datur.</strong></span> <span class='ocrx_word' id='word_1_483' title='bbox 1128 5146 1191 5209; x_wconf 92' lang='lat' dir='ltr'><strong>lloc</strong></span> <span class='ocrx_word' id='word_1_484' title='bbox 1216 5145 1302 5207; x_wconf 91' lang='lat' dir='ltr'><strong>enim</strong></span> <span class='ocrx_word' id='word_1_485' title='bbox 1327 5164 1365 5207; x_wconf 89' lang='lat' dir='ltr'><strong>ex</strong></span> <span class='ocrx_word' id='word_1_486' title='bbox 1392 5144 1462 5225; x_wconf 89' lang='lat' dir='ltr'><strong>lege</strong></span> <span class='ocrx_word' id='word_1_487' title='bbox 1484 5144 1626 5219; x_wconf 90' lang='lat' dir='ltr'><strong>docetur,</strong></span> <span class='ocrx_word' id='word_1_488' title='bbox 1656 5144 1742 5225; x_wconf 86' lang='lat' dir='ltr'><strong>quod</strong></span> 
     </span>
     <span class='ocr_line' id='line_1_76' title="bbox 191 5242 1743 5331; baseline -0.003 -22"><span class='ocrx_word' id='word_1_489' title='bbox 191 5248 355 5331; x_wconf 91' lang='lat' dir='ltr'><strong>reprobat,</strong></span> <span class='ocrx_word' id='word_1_490' title='bbox 373 5266 438 5310; x_wconf 91' lang='lat' dir='ltr'><strong>non</strong></span> <span class='ocrx_word' id='word_1_491' title='bbox 461 5255 566 5309; x_wconf 89' lang='lat' dir='ltr'><strong>tamen</strong></span> <span class='ocrx_word' id='word_1_492' title='bbox 591 5247 756 5328; x_wconf 91' lang='lat' dir='ltr'><strong>approbat,</strong></span> <span class='ocrx_word' id='word_1_493' title='bbox 774 5244 939 5328; x_wconf 90' lang='lat' dir='ltr'><strong>Origenes.</strong></span> <span class='ocrx_word' id='word_1_494' title='bbox 999 5264 1092 5308; x_wconf 92' lang='lat' dir='ltr'><strong>nemo</strong></span> <span class='ocrx_word' id='word_1_495' title='bbox 1108 5244 1246 5324; x_wconf 86' lang='lat' dir='ltr'><strong>legitime</strong></span> <span class='ocrx_word' id='word_1_496' title='bbox 1262 5244 1362 5305; x_wconf 89' lang='lat' dir='ltr'><strong>utitur</strong></span> <span class='ocrx_word' id='word_1_497' title='bbox 1377 5242 1536 5307; x_wconf 90' lang='lat' dir='ltr'><strong>fructibus</strong></span> <span class='ocrx_word' id='word_1_498' title='bbox 1551 5250 1607 5306; x_wconf 89' lang='lat' dir='ltr'><strong>aut</strong></span> <span class='ocrx_word' id='word_1_499' title='bbox 1622 5242 1743 5323; x_wconf 88' lang='lat' dir='ltr'><strong>pecori-</strong></span> 
     </span>
     <span class='ocr_line' id='line_1_77' title="bbox 191 5340 1741 5421; baseline -0.006 -10"><span class='ocrx_word' id='word_1_500' title='bbox 191 5347 254 5411; x_wconf 86' lang='lat' dir='ltr'><strong>Scd</strong></span> <span class='ocrx_word' id='word_1_501' title='bbox 269 5348 386 5411; x_wconf 91' lang='lat' dir='ltr'><strong>borum</strong></span> <span class='ocrx_word' id='word_1_502' title='bbox 399 5346 570 5411; x_wconf 88' lang='lat' dir='ltr'><strong>verborum</strong></span> <span class='ocrx_word' id='word_1_503' title='bbox 586 5345 776 5408; x_wconf 91' lang='lat' dir='ltr'><strong>rudissimus</strong></span> <span class='ocrx_word' id='word_1_504' title='bbox 793 5364 882 5409; x_wconf 89' lang='lat' dir='ltr'><strong>error</strong></span> <span class='ocrx_word' id='word_1_505' title='bbox 900 5346 943 5409; x_wconf 91' lang='lat' dir='ltr'><strong>fa·</strong></span> <span class='ocrx_word' id='word_1_506' title='bbox 999 5346 1059 5408; x_wconf 91' lang='lat' dir='ltr'><strong>bus</strong></span> <span class='ocrx_word' id='word_1_507' title='bbox 1073 5343 1151 5421; x_wconf 86' lang='lat' dir='ltr'><strong>suis,</strong></span> <span class='ocrx_word' id='word_1_508' title='bbox 1169 5341 1230 5405; x_wconf 93' lang='lat' dir='ltr'><strong>nisi</strong></span> <span class='ocrx_word' id='word_1_509' title='bbox 1247 5343 1320 5419; x_wconf 89' lang='lat' dir='ltr'><strong>Deo,</strong></span> <span class='ocrx_word' id='word_1_510' title='bbox 1339 5341 1371 5404; x_wconf 91' lang='lat' dir='ltr'><strong>id</strong></span> <span class='ocrx_word' id='word_1_511' title='bbox 1388 5350 1436 5405; x_wconf 88' lang='lat' dir='ltr'><strong>est</strong></span> <span class='ocrx_word' id='word_1_512' title='bbox 1454 5340 1683 5418; x_wconf 90' lang='lat' dir='ltr'><strong>sacerdotibus,</strong></span> <span class='ocrx_word' id='word_1_513' title='bbox 1701 5358 1741 5403; x_wconf 87' lang='lat' dir='ltr'><strong>ex</strong></span> 
     </span>
    </p>
   </div>
   <div class='ocr_carea' id='block_1_18' title="bbox 0 0 2170 6259">
    <p class='ocr_par' dir='ltr' id='par_1_23' title="bbox 0 0 2170 6259">
     <span class='ocr_line' id='line_1_78' title="bbox 0 0 2170 6259; baseline 0 0"><span class='ocrx_word' id='word_1_514' title='bbox 0 0 2170 6259; x_wconf 95' lang='lat' dir='ltr'><strong> </strong></span> 
     </span>
    </p>
   </div>
  </div>
 </body>
</html>
