4309 6259
603 505 778 552 anannxrm
799 506 831 552 ut
852 505 920 551 car.
944 506 955 550 ι
976 507 1113 554 taurici.
1136 527 1176 538 -
1196 509 1267 556 nur.
1291 510 1309 554 v
1667 497 1726 560 tte

171 675 267 740 Porro
291 677 360 742 haec
385 678 445 740 tria
468 677 622 740 animalia
644 677 727 760 apud
745 677 919 760 AEgyptios,
938 675 963 738 Α
980 690 1046 745 tera
1061 681 1190 764 repulit,
1201 682 1275 761 quia
1291 681 1644 746 idololatraesacrificiis
1660 683 1726 745 suis

173 774 352 856 intorques
372 776 551 840 conversati
573 774 826 854 fueruntludaai,
848 777 923 839 abe
978 800 1016 845 ea
1038 780 1229 861 generaliter
1254 780 1461 843 exsecrabilia
1487 781 1639 858 fecerant,
1671 789 1726 844 aut

173 872 341 935 minabilia
362 883 454 937 amnt
475 875 514 937 ad
537 874 758 938 occidendum.
775 875 865 939 Unde
886 895 923 938 ea
979 898 1115 961 augures
1140 879 1281 941 vanitate
1305 879 1565 942 observationum
1595 899 1725 943 suarum

175 990 238 1034 uon
263 971 447 1036 offerebant
470 973 504 1035 in
525 972 722 1037 sacrificium
742 973 804 1035 diis
824 973 891 1036 suis
914 994 921 1038 :
980 977 1237 1060 profanaverant,
1255 985 1310 1039 aut
1325 977 1410 1058 magi
1426 977 1592 1042 veneficiis
1608 998 1645 1042 ac
1661 999 1727 1041 ma-

175 1079 306 1153 prcpter
331 1073 418 1153 quod
443 1071 477 1134 in
499 1072 607 1136 Exodo
631 1071 742 1134 dicunt
764 1072 886 1136 llebraei
914 1090 921 1134 ε
980 1075 1096 1138 leficiis
1110 1075 1175 1136 suis
1191 1074 1324 1138 odibilia
1334 1074 1486 1153 fecerant,
1497 1076 1579 1140 sicut
1594 1085 1726 1160 apparet

50 1248 58 1258 ⁴
104 1191 159 1226 -uu
175 1165 438 1234 abominationes
453 1171 670 1253 AEgyptiorum
686 1171 924 1235 immolabimus
979 1193 1018 1236 ex
1029 1173 1248 1256 ildgyptiorum
1259 1173 1465 1238 multitudine
1481 1174 1724 1252 sacrificiorum,

38 1277 66 1288 ”·
176 1269 311 1333 Domino
335 1271 399 1333 Deo
424 1279 544 1334 nostro.
570 1270 649 1335 Oves
676 1291 814 1353 namque
842 1272 926 1335 cole-
980 1279 1165 1354 quaerant
1190 1281 1336 1335 sexcenta
1361 1273 1725 1357 quadragintaseptem.

175 1367 418 1446 bant,ethircos
429 1369 758 1450 venerabantur,quia
769 1370 802 1432 in
813 1388 923 1434 eorum
981 1371 1113 1452 insuper
1127 1389 1222 1433 causa
1237 1371 1381 1451 quadam
1405 1371 1638 1435 sacrificiorum
1654 1373 1727 1436 isto

174 1465 282 1547 figura
297 1468 458 1531 daemones
472 1469 680 1549 apparebant.
697 1468 801 1531 Bobus
816 1478 923 1532 autem
981 1488 1063 1545 rum,
1074 1468 1137 1531 fuit
1154 1468 1341 1531 sustentatio
1357 1470 1568 1532 sacerdotum.
1582 1471 1723 1553 lnsuper,

172 1565 346 1628 utebantur
360 1566 401 1628 ad
416 1565 655 1647 agriculturam,
665 1584 762 1647 quam
778 1564 862 1628 inter
874 1585 924 1628 res
980 1567 1133 1649 quoniam
1148 1567 1304 1631 columbae
1330 1576 1361 1631 et
1385 1576 1522 1631 turtures
1547 1569 1729 1651 specialiter

171 1682 279 1726 sacras
294 1663 467 1726 habebant.
477 1664 558 1728 Tum
573 1664 726 1741 secundo,
744 1664 784 1726 ad
800 1663 925 1744 siguifi-
980 1665 1146 1750 abundant
1161 1666 1194 1728 in
1210 1675 1294 1729 terra
1309 1666 1544 1748 promissionis,
1554 1667 1650 1748 jussit
1666 1665 1727 1728 sibi

171 1762 312 1824 candum
326 1762 469 1825 debitum
485 1761 632 1825 ordinem
643 1762 761 1825 mentis
775 1761 923 1824 humanae
980 1764 1062 1827 Deus
1077 1784 1116 1827 ea
1131 1764 1231 1845 magis
1249 1763 1371 1828 offerri.

172 1860 206 1921 in
222 1860 419 1941 Deum,quia
434 1879 491 1943 per
506 1880 543 1924 ca
558 1869 652 1924 certae
667 1879 705 1923 ac
723 1879 846 1941 magma
863 1859 925 1923 vir·
943 1857 967 1917 B
1030 1858 1077 1920 nd
1107 1859 1233 1921 tertiam
1263 1859 1482 1940 questionem,
1515 1879 1572 1923 cur
1603 1859 1725 1923 scilicet

172 1965 257 2020 tutes
273 1957 511 2036 significantur,
529 1966 565 2021 ut
585 1958 671 2021 infra
690 1959 824 2022 dicetur.
843 1959 923 2020 Turn
981 1957 1064 2020 Deus
1086 1976 1150 2020 non
1174 1957 1270 2039 jussit
1290 1957 1352 2020 sibi
1376 1959 1416 2020 de
1438 1957 1580 2040 piscibus
1606 1957 1728 2022 sacrifi-

174 2055 280 2132 tertio,
302 2056 342 2118 ad
368 2056 641 2139 praefigurandum
666 2057 782 2120 Christi
812 2064 927 2139 myste·
981 2054 1067 2118 cium
1093 2054 1177 2132 fieri,
1204 2055 1380 2119 Alexander
1406 2076 1503 2139 super
1529 2056 1669 2134 tertium,
1697 2064 1728 2118 et

174 2154 247 2234 ria:
265 2162 396 2235 propter
415 2155 500 2234 quod
520 2155 566 2216 ait
579 2154 690 2218 Glossa
706 2174 713 2218 :
731 2154 875 2217 Christus
892 2153 926 2215 in
982 2153 1117 2216 Thomas
1139 2154 1173 2215 in
1199 2153 1302 2236 prima
1324 2155 1471 2218 secundae
1496 2155 1691 2236 respondent
1719 2173 1726 2217 :

173 2251 277 2315 vitulo
292 2250 431 2314 offertur
446 2260 576 2334 propter
591 2253 742 2317 virtutem
765 2271 821 2314 seu
839 2251 927 2315 forti·
981 2251 1134 2326 Quoniam
1161 2251 1264 2334 pisces
1287 2260 1362 2314 sunt
1377 2253 1478 2333 magis
1498 2253 1595 2316 alieni
1611 2252 1651 2316 ab
1674 2252 1728 2316 hc-

175 2350 321 2413 tudiuem
335 2349 459 2424 crucis,
476 2351 510 2412 in
525 2368 619 2430 agno,
632 2359 763 2434 propter
779 2349 927 2413 innocen·
981 2350 1134 2428 minibus
1153 2369 1249 2432 quam
1264 2351 1416 2414 animalia
1430 2351 1504 2429 alia,
1514 2352 1590 2433 quia
1606 2369 1730 2415 moran·

169 2449 271 2525 ·tiam;
293 2448 327 2510 in
350 2448 460 2526 ariete,
477 2457 608 2531 propter
633 2448 849 2531 principatum
863 2472 869 2523 ;
892 2447 926 2510 in
982 2456 1033 2510 tur
1048 2456 1080 2511 et
1096 2450 1195 2512 latent
1209 2449 1241 2510 in
1258 2449 1360 2532 aquis,
1371 2458 1402 2512 et
1418 2450 1493 2513 inde
1508 2449 1650 2526 extracti,
1661 2467 1729 2531 pro-

172 2547 280 2624 hirco,
304 2556 435 2630 propter
460 2546 704 2609 similitudinem
729 2546 928 2628 carnis-pec-
983 2547 1068 2609 tinus
1084 2547 1285 2610 moriuntur:
1303 2549 1388 2611 unde
1414 2566 1471 2611 nec
1486 2557 1560 2631 apte
1583 2555 1729 2630 poterant

175 2645 252 2707 cati.
632 2684 634 2687 -
982 2645 1047 2708 vivi
1065 2645 1099 2707 in
1118 2645 1273 2727 templum
1290 2647 1435 2728 perduci,
1455 2666 1513 2710 nec
1532 2647 1571 2708 de
1593 2645 1729 2709 mortuis

217 2742 265 2805 Ad
283 2744 458 2807 secundam
478 2744 688 2824 questionem
710 2743 793 2806 libro
815 2742 927 2825 praeal-
982 2742 1082 2806 fiebat
1101 2743 1231 2809 oblatio.
1249 2781 1289 2790 -
1304 2744 1350 2806 Ad
1366 2754 1511 2826 quartam
1529 2745 1675 2825 Magister
1694 2743 1727 2805 in

177 2840 283 2922 legato
297 2841 673 2925 respondetGuillelmus
690 2863 697 2906 :
715 2841 871 2922 Frugibus
896 2849 928 2904 et
982 2840 1124 2905 historiis
1139 2842 1194 2920 ait,
1204 2843 1290 2923 quod
1306 2842 1362 2906 ubi
1378 2843 1543 2906 translatio
1557 2851 1665 2906 nostra
1678 2841 1739 2903 ha-.

178 2938 323 3022 praefatis
347 2940 517 3022 pecoribus
544 2940 764 3021 superaddidit
788 2948 929 3022 postmo
982 2941 1047 3017 bet,
1064 2941 1154 3004 Circa
1168 2941 1364 3023 crepidinem
1380 2942 1658 3020 altaris‚chraeus
1674 2941 1728 3003 ha·

50 3048 165 3100 Gen-xva.
181 3039 258 3100 dum
268 3039 352 3101 Deus
367 3046 523 3101 turturem
540 3047 572 3101 et
586 3038 768 3101 columbam
785 3039 818 3100 in
834 3039 964 3106 sacri-C
983 3038 1066 3116 beat,
1084 3049 1116 3102 et
1129 3040 1284 3121 losephus
1301 3042 1436 3101 limbum
1452 3039 1619 3121 expressit,
1632 3040 1664 3102 id
1680 3048 1729 3102 est

181 3135 260 3199 ficio
283 3137 429 3214 Abrahae,
447 3146 481 3199 ut
504 3136 538 3199 in
558 3136 672 3200 Genesi
687 3137 839 3200 scribitur
863 3157 870 3201 :
895 3137 927 3200 in
983 3138 1224 3220 supereminens
1240 3138 1374 3201 forsitan
1389 3139 1612 3206 labiumllinc
1628 3138 1736 3220 aliqui-

177 3236 298 3315 quibus
320 3244 436 3318 praetcr
456 3235 518 3299 boc
542 3237 628 3317 quod
654 3237 772 3298 munda
793 3244 825 3299 et
840 3254 929 3298 man·
983 3237 1094 3300 dicunt
1109 3255 1178 3300 csse
1194 3238 1362 3315 incertum,
1379 3257 1420 3300 an
1435 3239 1474 3300 de
1489 3237 1658 3319 superiori,
1676 3239 1727 3300 vel

176 3341 279 3412 sueta,
295 3342 393 3414 atque
414 3333 507 3396 utilia
531 3333 680 3396 humanis
705 3342 780 3396 suut
802 3334 925 3411 usibus,
984 3335 1023 3397 de
1047 3333 1204 3412 inferiori,
1226 3355 1266 3398 an
1292 3336 1396 3398 media
1418 3344 1507 3418 parte
1532 3335 1729 3416 intelligatur

175 3431 274 3494 etiam
299 3432 430 3495 castitas
451 3431 629 3513 conjugalis
655 3432 689 3493 in
711 3431 879 3509 columbis,
897 3440 929 3495 et
983 3434 1068 3514 quod
1098 3433 1231 3511 dicitur,
1257 3437 1345 3496 circa
1372 3437 1489 3495 altoris
1518 3437 1726 3512 crepidinem.

177 3529 317 3592 vidualis
333 3530 367 3591 in
384 3529 561 3592 turturibus
576 3530 772 3610 designatur.
794 3531 839 3592 Ex
858 3530 929 3612 qui·
983 3531 1090 3613 Aliqui
1106 3551 1233 3614 quoque
1248 3541 1371 3615 putant,
1383 3534 1469 3614 quod
1483 3534 1612 3615 quando
1627 3533 1730 3597 hostia

178 3628 239 3691 bus
260 3629 359 3692 etiam
384 3629 424 3692 ad
449 3627 587 3691 litteram
612 3629 793 3707 edocemur,
818 3630 929 3711 quales
984 3638 1050 3693 erat
1074 3630 1182 3692 minus
1201 3631 1308 3710 digna,
1326 3639 1401 3694 tunc
1424 3631 1554 3712 sanguis
1574 3631 1658 3695 circa
1679 3632 1731 3694 ba·

177 3749 249 3792 esse
273 3735 430 3811 oporteat,
457 3726 513 3808 qui
539 3727 572 3789 in
597 3735 721 3808 partem
747 3736 929 3809 sortemque
985 3729 1045 3790 sim
1071 3728 1263 3792 fundebatur
1282 3729 1412 3806 altaris3
1438 3731 1565 3811 quando
1590 3731 1727 3811 dignior,

178 3826 305 3891 Domini
323 3833 500 3890 transeunt.
512 3825 544 3888 Si
560 3825 647 3888 enim
663 3825 847 3907 hujusmodi
863 3846 929 3891 mo
985 3835 1061 3890 tunc
1075 3827 1160 3890 circa
1171 3827 1307 3890 mediam
1318 3835 1441 3910 partem
1452 3837 1547 3909 atque
1558 3829 1727 3911 parietem;

178 3945 229 3988 res
244 3924 383 4007 requirit
396 3926 479 3986 Deus
495 3923 527 3986 in
544 3924 646 3986 brutis
663 3923 725 3987 sibi
740 3923 927 4002 offerendi8‚
984 3927 1113 4006 quando
1127 3926 1326 4008 dignissima,
1345 3935 1418 3990 tunc
1434 3927 1467 3988 in
1483 3945 1632 4009 supremo
1646 3926 1730 3991 circa

177 4033 301 4106 quanto
323 4023 426 4102 magis
448 4021 482 4084 in
507 4021 694 4086 hominibus
711 4027 723 4084 l
738 4023 778 4084 Et
798 4023 825 4085 si
852 4024 929 4087 vitia
985 4024 1131 4087 limbum.
1148 4024 1237 4087 Unde
1257 4026 1295 4088 de
1316 4025 1471 4106 sauguine
1495 4025 1603 4090 avium
1628 4024 1730 4089 fertur

177 4123 325 4187 moribus
340 4121 412 4184 istis
431 4121 592 4184 contraria
610 4121 738 4203 repellit
759 4121 792 4183 in
813 4122 927 4200 brutis,
985 4123 1018 4184 in
1034 4123 1150 4200 littera,
1168 4124 1253 4205 quod
1275 4122 1469 4186 fundebatur
1487 4124 1572 4188 circa
1594 4123 1731 4206 crepidi-

180 4221 214 4284 in
229 4221 350 4303 quibus
365 4217 633 4301 reprehensibilia
648 4237 712 4283 non
728 4229 813 4298 sunt,
831 4241 931 4303 quan·
945 4227 970 4288 ll
986 4240 1070 4297 nem,
1086 4221 1118 4284 id
1135 4231 1182 4284 est
1197 4220 1299 4285 basim
1317 4241 1371 4284 seu
1388 4222 1491 4285 lacum
1506 4222 1627 4285 altaris.

179 4328 222 4383 to
235 4319 339 4399 magis
363 4337 402 4380 ea
426 4318 459 4378 in
485 4317 670 4380 hominibus
695 4318 879 4397 detestatur,
896 4319 930 4382 iu
1031 4321 1078 4382 Ad
1103 4321 1248 4402 quintam
1278 4321 1377 4384 Rabbi
1409 4321 1528 4404 Moyses
1558 4322 1667 4385 dicit:
1695 4321 1729 4385 ln

179 4418 300 4499 quibus
314 4415 490 4499 culpabilia
504 4419 648 4477 exstanti
663 4416 703 4477 At
717 4435 792 4481 vero
812 4425 847 4480 ut
861 4416 932 4481 Ale
985 4419 1174 4496 turturibus,
1192 4420 1328 4500 majores
1346 4428 1420 4482 sunt
1440 4419 1587 4483 meliores
1605 4429 1636 4484 et
1656 4421 1728 4504 pin-

179 4518 303 4579 xander
317 4524 349 4578 et
363 4514 553 4577 Guillelmus
573 4514 780 4578 conscribunt
797 4534 805 4578 ε
822 4515 931 4580 Passer
984 4519 1127 4599 guiores;
1145 4517 1178 4580 in
1193 4517 1351 4580 columbis
1367 4537 1442 4582 vcro
1458 4537 1654 4598 econverso,
1672 4520 1730 4582 mi-

179 4613 407 4697 superadditus
427 4620 475 4676 cst
496 4613 531 4674 in
547 4612 616 4692 lege
636 4612 670 4674 in
691 4613 852 4677 sacrificio
873 4634 930 4696 pro
986 4635 1078 4680 nores
1093 4625 1168 4678 sunt
1178 4615 1326 4680 meliores
1339 4634 1346 4678 :
1360 4615 1432 4680 ideo
1448 4623 1585 4680 turtures
1602 4627 1633 4681 ct
1648 4619 1728 4701 pulli

178 4711 411 4777 emundatione
436 4711 565 4794 leprosi.
582 4711 784 4774 Manifestum
807 4721 856 4774 est
876 4732 931 4776 au·
985 4715 1204 4778 columbarum
1226 4716 1379 4797 jubentur
1403 4713 1528 4792 offerri,
1552 4716 1628 4798 quia
1654 4735 1730 4798 prte-

178 4823 257 4890 tem,
274 4813 363 4893 quod
385 4829 496 4892 passer
518 4810 560 4872 sit
584 4811 720 4873 multum
744 4810 859 4873 similis
882 4830 931 4875 co
986 4813 1140 4877 stantiora
1166 4823 1240 4876 sunt
1266 4813 1443 4877 offerenda.
1469 4851 1509 4860 —
1535 4814 1582 4877 nd
1608 4822 1728 4878 sextam

179 4912 301 4974 lumba
316 4911 351 4972 in
367 4909 590 4972 nidificatione
605 4917 636 4971 et
650 4917 764 4991 pastu:
784 4907 932 4971 nidificat
986 4912 1013 4974 S.
1022 4913 1157 4975 Thomas
1170 4912 1514 4993 respondet:Spccialis
1525 4914 1638 4976 modus
1650 4912 1729 4976 ccci-

179 5013 268 5076 enim
295 5009 330 5071 in
353 5006 566 5072 foraminibus
591 5008 769 5083 domorum,
793 5015 825 5069 et
846 5008 932 5070 volat
985 5009 1079 5072 dendi
1094 5009 1242 5072 animalia
1256 5009 1731 5085 immolandadcterminahatur

179 5108 351 5189 gregatim,
368 5104 694 5185 intenditquegranis
709 5105 792 5168 sicut
815 5106 933 5168 colum·
988 5108 1020 5169 in
1037 5109 1116 5188 lege,
1131 5109 1170 5170 ad
1187 5108 1419 5171 excludendum
1435 5108 1514 5171 alios
1530 5108 1648 5185 modos,
1661 5108 1730 5189 qui·

181 5207 236 5269 ba.
252 5207 362 5286 ltaque
377 5205 439 5266 ista
455 5210 518 5265 tam
541 5222 642 5285 pauca
656 5203 695 5265 dc
718 5203 887 5284 pecoribus
902 5215 933 5268 et
987 5207 1047 5270 hus
1057 5206 1233 5270 idololatrae
1243 5206 1394 5268 animalia
1406 5206 1500 5270 idolis
1513 5206 1729 5269 immolabant.

182 5305 299 5368 avibus
314 5302 412 5382 elegit
428 5301 491 5363 sibi
506 5301 541 5363 in
556 5300 716 5364 sacrificia
732 5302 823 5379 Deua,
837 5312 870 5365 et
883 5322 933 5366 ce
988 5305 1045 5367 Vel
1064 5305 1172 5380 etiarn,
1191 5312 1225 5365 ut
1250 5303 1349 5365 Rabbi
1368 5303 1488 5386 Moyses
1512 5312 1704 5386 protestatur
1721 5322 1728 5366 :
