4309 6259
438 479 501 550 306
807 502 980 551 manuario
1001 503 1032 549 ur
1054 504 1122 549 aar.
1146 503 1219 549 xxvi
1241 503 1377 548 uuvrrrcr.
1400 495 1440 530 -'-
1460 503 1531 548 anr.
1555 501 1626 548 unu

442 675 546 751 triam,
564 693 622 737 nec
648 675 812 756 templum,
832 694 893 738 nec
919 675 1109 750 sacerdotes,
1128 691 1186 736 nec
1200 673 1225 735 Α
1240 681 1382 735 terantur
1396 693 1432 735 ac
1447 673 1660 754 deplorarent,
1675 691 1739 735 non
1756 671 1889 735 dubium
1904 673 1977 754 quin

438 773 572 849 hostias,
589 781 621 836 ct
643 773 687 835 ita
709 781 783 835 sunt
807 774 932 837 cunctis
956 773 1105 853 gentibus
1131 772 1188 834 mi·
1241 790 1314 834 mox
1337 791 1355 833 a
1376 771 1509 834 Domino
1535 771 1785 833 miscricordiam
1812 790 1980 852 consequo-

441 870 653 934 serabiliores.
675 871 714 932 lit
736 871 764 932 si
787 890 852 938 suaa
875 871 1067 953 captivitatis
1093 879 1188 952 atque
1241 877 1378 932 rentur:
1403 870 1489 951 quod
1513 871 1588 951 quia
1615 888 1677 933 non
1704 869 1834 948 iaciunt,
1861 871 1894 932 in
1920 870 1978 931 suis

441 969 578 1033 miseria
597 978 693 1032 tantae
712 990 839 1033 causam
855 971 1068 1046 adverterent,
1086 968 1188 1033 conli—
1237 977 1372 1031 manent
1387 969 1536 1032 miseriis.

967 1399 1291 1487 ARTICULUS
1330 1401 1467 1484 XLIX

741 1677 927 1722 semitonus
949 1673 1107 1720 expostulo
1130 1673 1260 1718 EJUSDEll
1282 1674 1419 1719 GAPlTULl
1441 1673 1570 1718 VlGESlldl
1592 1674 1690 1719 stari.

504 1954 733 2019 l'l'llillhblS
759 1955 819 2023 vel⁴
835 1953 941 2035 potius
969 1949 1186 2034 superficialis
1206 1949 1328 2011 Dniam
1354 1951 1560 2030 intelligenda
1584 1961 1633 2013 est
1657 1971 1720 2015 uon
1747 1953 1786 2016 dc
1811 1955 1981 2036 suppositis

512 2055 609 2136 hujus
633 2054 764 2135 capituli
788 2053 968 2115 intellectus
994 2048 1186 2131 precedenti
1243 2047 1387 2127 singulis,
1405 2051 1460 2111 sed
1477 2050 1582 2131 potius
1598 2051 1637 2113 de
1652 2051 1880 2116 communitate
1896 2062 1927 2116 et
1942 2073 1985 2116 se

442 2154 576 2217 articulo
591 2162 640 2216 cst
655 2153 814 2215 inductus.
832 2153 870 2214 lit
886 2159 993 2234 posset
1008 2149 1080 2230 quis
1097 2165 1187 2228 argu·
1242 2148 1382 2208 orandum
1398 2168 1525 2211 cursum
1536 2167 1753 2212 communem.
1768 2151 1842 2213 Nam
1860 2151 1984 2215 sicutin

443 2253 589 2331 montari,
606 2253 691 2333 quod
713 2251 767 2315 ille
790 2251 911 2315 nonsit
933 2269 1026 2312 verus
1049 2257 1081 2312 ct
1106 2248 1189 2310 litte
1244 2244 1333 2306 libris
1343 2247 1498 2317 ludicum,
1512 2248 1639 2328 Regum,
1652 2248 1920 2330 Paralipomenon
1934 2251 1987 2312 lla·

444 2352 520 2413 ralis
545 2351 724 2414 intellectus
749 2350 845 2431 hujus
870 2349 1013 2431 capituli,
1039 2366 1076 2410 co
1102 2347 1187 2427 quod
1243 2343 1442 2407 etabaorum
1466 2346 1667 2424 describitur,
1684 2349 1896 2411 communiter
1908 2344 1987 2413 'con-

444 2450 535 2512 multi
553 2450 585 2513 in
602 2449 700 2512 veteri
717 2450 917 2512 Testamenta
931 2447 1022 2529 justi,
1034 2447 1099 2508 imo
1116 2463 1187 2526 per·
1244 2443 1326 2523 tigit,
1343 2445 1427 2524 quod
1449 2446 1576 2525 quaudo
1599 2444 1661 2507 lilii
1677 2445 1770 2509 lsrael
1793 2447 1987 2527 generaliter

446 2549 522 2611 lecti
539 2548 728 2623 exstiterint,
745 2547 801 2629 qui
821 2546 1047 2630 prosperitates
1063 2565 1119 2607 scu
1136 2543 1190 2606 be·
1244 2559 1299 2603 seu
1315 2560 1372 2622 pro
1395 2542 1506 2622 majori
1523 2553 1612 2624 parte
1626 2545 1690 2606 Deo
1713 2544 1854 2608 fideliter
1870 2547 1989 2610 servie-

446 2648 643 2712 nedictiones
664 2656 696 2710 et
717 2647 989 2710 remunerationes
1015 2646 1066 2708 hic
1091 2652 1189 2706 tactas
1245 2648 1328 2714 runt,
1339 2639 1468 2721 praelata
1479 2660 1630 2723 prospera
1641 2651 1714 2704 sunt
1724 2643 1847 2725 adepti;
1861 2647 1989 2726 quando

444 2748 609 2811 consecuti
642 2765 704 2810 non
737 2755 836 2820 sunt;
863 2746 928 2808 imo
959 2747 1092 2808 adversa
1122 2763 1191 2824 gra·
1244 2745 1350 2799 autem
1372 2738 1463 2819 impii
1487 2748 1575 2801 erant
1598 2748 1693 2822 atquc
1715 2741 1900 2820 idololatrae,
1923 2763 1991 2806 sus-

442 2846 578 2908 ·rissima
603 2846 793 2921 habuerunt,
810 2853 846 2906 ut
867 2851 953 2926 patet
977 2845 1016 2906 de
1040 2841 1187 2916 Ieremia,
1247 2836 1410 2899 tinuerunt
1430 2838 1563 2902 adversa
1588 2840 1772 2920 prehabito.
1797 2842 1860 2903 Lex
1882 2853 1987 2906 autem

446 2944 578 3022 Darucb,
592 2943 672 3007 titiis
682 2944 819 3021 llechab,
832 2943 1007 3023 multisque
1016 2941 1100 3003 aliis.
1113 2941 1189 3002 Nam
1245 2936 1515 3013 communitatem,
1529 2957 1591 3000 non
1609 2957 1866 3020 unamquamque
1882 2959 1989 3022 perso

447 3051 478 3105 ot
500 3062 556 3124 pcr
572 3044 767 3106 Ezechielem
784 3041 937 3106 Dominus
959 3042 998 3102 ad
1016 3039 1190 3102 Jerusalem
1246 3053 1322 3095 nam.
1335 3035 1510 3098 concernit.

447 3142 511 3205 ait:
528 3141 674 3205 Occidam
691 3142 723 3203 in
741 3151 771 3206 te
786 3142 906 3222 justum
923 3149 954 3203 ct
970 3139 1115 3222 impium.
1134 3139 1229 3204 {tn-c
1285 3132 1392 3214 ltaque
1406 3134 1558 3196 Dominus
1575 3134 1716 3216 loquitur
1735 3153 1741 3197 :
1761 3139 1800 3197 Si
1822 3139 1855 3197 in
1871 3159 1990 3215 praece

316 3248 401 3324 ’.ω
447 3243 487 3303 de
506 3250 537 3303 et
551 3240 716 3302 psalmista
731 3241 771 3303 de
786 3241 904 3302 talibus
925 3239 1065 3321 loquitur
1088 3255 1094 3298 :
1119 3237 1192 3300 Mul·
1242 3235 1308 3310 ptt's
1321 3236 1397 3292 meis
1408 3236 1752 3306 ambulaccr·itis,dabo
1764 3238 1847 3296 crebis
1854 3241 1990 3314 ptuoias

329 3375 334 3386 ·
449 3339 720 3402 taetribulationes
732 3339 902 3420 justorum.
914 3339 1002 3412 Quod
1013 3346 1044 3400 ct
1055 3336 1087 3398 in
1100 3336 1191 3399 libris
1246 3334 1438 3409 temporibus
1457 3335 1535 3393 sois.
1555 3331 1672 3396 Pluvia
1693 3333 1760 3396 istra
1779 3343 1851 3396 sunt
1872 3355 1989 3399 sermo

448 3438 697 3501 hachabaeorum
722 3438 852 3500 docetur
876 3438 910 3499 in
938 3436 1049 3499 multis
1076 3435 1193 3497 ludaeis
1245 3430 1421 3494 cinationes
1447 3431 1536 3494 verbi
1556 3431 1705 3508 eoelestis,
1723 3433 1842 3497 inlusio
1867 3437 1988 3515 gratias,

439 3536 509 3598 sub
533 3536 688 3599 Antiocho
713 3536 932 3618 adimpletum.
949 3536 992 3598 De
1018 3534 1136 3616 quibus
1161 3540 1192 3595 et
1247 3547 1297 3590 ros
1312 3529 1537 3593 consolationis
1553 3529 1681 3606 divina,
1694 3531 1836 3611 irrigatio
1852 3533 1989 3615 Spiritus

313 3649 368 3704 sap.
377 3662 405 3700 n,
413 3635 482 3697 ain
498 3635 581 3698 libro
597 3634 765 3716 Sapientiae
781 3634 916 3697 habetur
933 3652 939 3697 :
957 3633 1121 3714 Tanquam
1137 3650 1191 3692 au·
1245 3627 1362 3690 Sancti.
1384 3629 1472 3691 Unde
1498 3647 1554 3710 per
1582 3629 1693 3691 isaiam
1720 3630 1877 3711 prolatum
1904 3643 1954 3695 est
1978 3653 1987 3696 :

440 3753 519 3796 rum
536 3734 569 3795 in
586 3732 715 3796 lornace
730 3731 878 3814 probavit
892 3731 1009 3795 clectos
1025 3731 1189 3794 Dominus.
1245 3727 1305 3788 Ros
1331 3735 1414 3802 tuus,
1432 3727 1575 3804 Domine,
1592 3745 1643 3790 ros
1668 3727 1760 3791 lucis.
1778 3729 1816 3791 ttt
1834 3731 1988 3794 Dominus
2010 3751 2118 3794 tamna

322 3845 392 3889 θεὸν.
405 3835 492 3897 κι,-Ι)θ
506 3832 622 3895 talibus
643 3851 772 3914 quoque
788 3831 899 3894 scribit
914 3830 1084 3912 Apostolus
1103 3848 1109 3891 :
1128 3830 1190 3892 dlii
1246 3825 1315 3908 ipse
1333 3843 1338 3886 :
1357 3825 1519 3903 llandabo,
1538 3825 1653 3906 inquit,
1674 3827 1812 3889 nubibus
1837 3829 1928 3906 meis,
1948 3851 1988 3894 ne
2002 3817 2050 3864 '¹⁶'

302 3910 380 3958 Μ’
448 3931 579 4010 distenti
601 3939 687 4008 sunt,
704 3930 759 3993 alii
776 3929 914 3992 ludibria
933 3938 965 3991 ct
987 3930 1119 3992 verbera
1141 3949 1193 3992 ex·
1246 3925 1357 4006 pluant
1372 3943 1548 4006 supeream
1566 3925 1756 3988 imbremln
1772 3927 1897 3991 cantico
1912 3949 1989 4010 quo

449 4030 542 4112 perti,
562 4030 693 4111 insuper
718 4029 846 4094 vincula
869 4037 901 4090 et
924 4047 1066 4090 carceres
1086 4055 1092 4106 ;
1116 4028 1192 4110 lapi·
1245 4041 1308 4103 que
1329 4022 1565 4086 Deuteronomii
1587 4023 1702 4104 legitur
1720 4041 1726 4084 :
1744 4024 1931 4090 Concrescat
1954 4037 1989 4089 ut
2005 4044 2116 4086 misna.

448 4125 513 4186 dati
529 4134 614 4201 sunt,
631 4125 709 4189 secti
730 4133 814 4202 sunt,
832 4124 943 4187 tentati
959 4133 1044 4202 sunt,
1064 4125 1097 4186 in
1112 4125 1193 4188 occi-
1247 4122 1354 4203 pluvia
1368 4121 1602 4198 doctrinamca,
1617 4120 1697 4184 lluat
1712 4131 1808 4187 utros
1823 4125 1988 4206 eloquium
2005 4109 2024 4150 ²·

441 4223 537 4286 sione
560 4223 659 4303 gladii
683 4223 800 4286 mortui
826 4231 910 4284 sunt.
932 4223 1132 4286 Circuieruut
1158 4225 1190 4286 in
1245 4239 1363 4297 meum,
1389 4220 1481 4302 quasi
1506 4220 1608 4283 imber
1633 4240 1728 4303 super
1757 4222 1900 4286 herbam.
1927 4225 1990 4287 llas

444 4322 583 4399 melotis,
609 4329 748 4402 egentes,
775 4320 957 4401 angustiati,
979 4319 1108 4384 alilicti.
1137 4323 1190 4384 De·
1205 4325 1230 4387 D
1245 4320 1370 4402 pluvias
1395 4339 1469 4383 vere
1493 4319 1635 4382 salubres
1660 4327 1692 4382 et
1715 4319 1854 4383 animam
1881 4321 1992 4385 fecun-

446 4421 544 4501 nique
567 4420 658 4483 multi
682 4419 793 4500 injusti
819 4427 850 4483 et
871 4420 977 4484 vitiosi
1001 4420 1132 4484 luerunt
1153 4421 1186 4482 in
1244 4419 1428 4494 dantes,dat
1438 4419 1590 4482 Dominus
1601 4418 1825 4482 obedientibus
1840 4419 1901 4483 sibi
1913 4429 1992 4484 tem·

443 4519 542 4582 veteri
554 4519 763 4595 Testamenta,
777 4518 894 4600 quibus
910 4520 1187 4597 comminationes,
1244 4536 1319 4598 pore
1330 4536 1397 4594 suo,
1412 4527 1552 4600 tempore
1563 4517 1684 4580 scilicet
1694 4527 1883 4600 opportuno,
1893 4529 1990 4602 atque

443 4617 693 4694 maledictiones,
712 4637 768 4681 seu
790 4635 893 4699 poenae
916 4618 949 4680 in
973 4619 1033 4682 isto
1048 4619 1189 4701 capitulo
1243 4616 1284 4679 ab
1306 4635 1345 4680 eo
1370 4617 1562 4680 eternaliter
1586 4617 1808 4698 praeordinato.
1835 4618 1990 4692 Quocirca

444 4716 581 4780 recitata
596 4735 660 4780 non
676 4717 889 4798 contigerunt,
908 4718 962 4779 sed
979 4735 1142 4798 prospera,
1155 4726 1189 4780 ut
1243 4715 1449 4795 (utDrigenas
1466 4715 1594 4795 latetur)
1605 4715 1814 4796 pensandum,
1827 4717 1912 4798 quod
1931 4718 1991 4780 sic-

444 4824 567 4878 constat
581 4816 620 4878 de
636 4816 721 4891 Saul,
738 4816 823 4896 Docg
838 4824 870 4877 et
884 4815 957 4878 aliis
973 4815 1096 4880 multis.
1110 4817 1189 4881 Hinc
1245 4823 1278 4876 ut
1293 4814 1401 4896 pluvia
1416 4813 1589 4875 materialis
1607 4813 1634 4875 si
1646 4813 1753 4894 inepto
1768 4822 1910 4896 tempore
1934 4827 1991 4878 aut

444 4912 558 4975 asserit
571 4914 705 4977 Glossa:
728 4913 787 4974 lsta
802 4914 842 4975 ad
858 4913 995 4977 litteram
1016 4923 1099 4979 stare
1127 4935 1189 4980 non
1245 4912 1483 4976 immoderatius
1504 4913 1605 4988 cadat,
1623 4912 1713 4975 obest
1728 4929 1804 4992 agro
1825 4922 1856 4975 et
1878 4913 1992 4977 lructi·

447 5021 590 5093 possunt.
607 5012 694 5074 ttutti
714 5012 800 5074 enim
816 5012 849 5073 in
873 5013 1039 5095 praeceptis
1055 5016 1111 5077 Dei
1126 5035 1191 5076 am·
1245 5014 1303 5075 bus
1314 5011 1416 5093 magis
1432 5020 1540 5085 nocet;
1556 5011 1663 5092 itaqui
1678 5010 1776 5073 verba
1792 5013 1992 5093 pradicatio-

446 5109 685 5186 bulaverunt,et
696 5110 938 5173 multaadversa
949 5111 1092 5193 perpessi
1104 5121 1188 5173 sunt.
1246 5111 1295 5171 nis
1319 5109 1595 5174 informationisre
1617 5109 1733 5189 ingerit
1758 5117 1899 5192 tempore
1923 5131 1989 5175 nou

446 5210 671 5272 Verumtamen
686 5209 750 5272 dici
766 5210 976 5292 potcst,quod
993 5211 1189 5292 praeinducta
1245 5227 1313 5286 suo,
1345 5219 1398 5271 aut
1428 5210 1521 5272 modo
1551 5207 1742 5284 inordinato,
1770 5209 1856 5272 ladit
1885 5209 1988 5291 magis

445 5307 601 5393 expositio
621 5307 659 5369 ad
682 5307 818 5370 litteram
838 5319 942 5390 potest
958 5310 1085 5386 salvari,
1103 5329 1183 5391 quo·
1242 5327 1339 5390 quam
1356 5318 1455 5370 sanet.
1473 5307 1551 5371 Hinc
1568 5307 1600 5369 in
1616 5306 1795 5372 Proverbiis
1810 5309 1988 5372 asseritur:
