4309 6259
771 478 945 526 mannarto
967 479 997 526 ΙΝ
1019 479 1088 527 ὓΑΡ.
1111 479 1156 526 111
1176 479 1372 528 doemonum.
1395 499 1436 510 ··-
1456 480 1527 528 altr.
1552 481 1616 528 xxtt

949 893 1272 982 ARTICULUS
1310 895 1436 980 XXII

714 1171 753 1216 DE
774 1170 966 1216 ttottattraru
987 1170 1024 1214 ET
1045 1167 1216 1214 attaoonta
1237 1169 1330 1216 notos
1353 1170 1491 1217 castrum
1511 1171 1685 1218 nttooacuu.

487 1451 587 1514 lllMO
612 1460 699 1533 patet
728 1470 766 1514 ex
796 1450 890 1512 initio
913 1449 1009 1530 hujus
1034 1447 1167 1530 capituli
1181 1443 1207 1506 A
1223 1447 1436 1512 obtrectantes
1457 1451 1609 1514 detracto.
1627 1451 1794 1532 Nunquam
1808 1453 1894 1516 euim
1918 1454 1973 1515 in-

496 1559 616 1630 quauta
642 1568 699 1614 uos
725 1549 834 1631 pusilli
867 1549 1068 1630 indigeamus
1097 1546 1169 1609 dili·
1223 1546 1371 1609 venimus
1392 1548 1562 1611 Dominum
1586 1558 1707 1612 tautum
1727 1553 1973 1615 commendasse

423 1649 541 1729 gentia,
559 1656 654 1728 atque
669 1647 813 1710 custodia
827 1647 931 1710 cordis
947 1647 986 1708 ad
1003 1646 1168 1709 vitandum
1222 1642 1359 1726 Moysen,
1376 1655 1532 1727 quantum
1552 1666 1637 1711 nunc
1658 1667 1757 1729 quum
1780 1649 1809 1711 ei
1829 1649 1973 1712 detrahi-

423 1753 553 1828 peocata
574 1745 732 1808 mortalia.
749 1745 826 1806 Nam
847 1763 920 1807 ecoe
935 1745 1038 1806 Aaron
1059 1753 1091 1805 et
1110 1743 1170 1804 lla-
1225 1750 1286 1803 tur.
1308 1743 1388 1805 Vide
1412 1743 1489 1824 quid
1515 1746 1665 1807 tormenti
1691 1745 1752 1808 sibi
1778 1747 1866 1827 ipsis,
1885 1747 1973 1827 quid

424 1843 472 1905 ria
486 1843 520 1905 in
532 1843 622 1906 senio
634 1862 691 1920 suo
702 1851 733 1905 et
748 1851 820 1925 post
835 1843 969 1923 gratiam
981 1841 1167 1924 prophetia,
1222 1839 1333 1919 glorias
1346 1843 1564 1922 acquisierunt
1579 1844 1696 1926 Moysi3
1713 1845 1775 1906 sibi
1799 1846 1974 1927 turpitudi-

424 1942 696 2022 eminentiamque
707 1941 859 2004 virtutum
871 1942 918 2003 cis
928 1959 1105 2016 concessas,
1119 1959 1171 2002 su·
1226 1957 1310 2014 uem,
1328 1939 1424 2020 Moysi
1439 1940 1573 2020 gloriam
1589 1951 1664 2003 sunt
1678 1942 1820 2005 mercati.

424 2040 492 2102 bito
525 2039 557 2101 iu
586 2040 826 2117 detractionem,
854 2039 887 2101 in
917 2039 1100 2115 elationem,
1128 2047 1170 2100 te·
1264 2036 1574 2118 lnsupermititatem
1589 2047 1622 2101 et
1637 2038 1825 2102 fidelitatem
1836 2040 1974 2102 sanctis-

425 2139 661 2219 merariumque
685 2137 842 2218 judicium
865 2146 939 2200 sunt
962 2137 1115 2220 prolapsi,
1139 2145 1170 2200 et
1225 2136 1298 2197 simi
1319 2136 1431 2217 Moysis
1446 2136 1565 2217 jugiter
1585 2139 1825 2201 consideremus
1845 2147 1876 2202 et
1896 2139 1974 2201 imi-

427 2237 496 2300 viro
516 2237 813 2320 quamapertissime
833 2237 886 2300 Dei
907 2237 1009 2300 amieo
1029 2245 1106 2298 sunt
1125 2236 1171 2298 iu·
1225 2244 1339 2310 lemur,
1366 2254 1465 2315 quum
1495 2236 1581 2297 dicat
1605 2236 1778 2299 Salvator:
1805 2237 1921 2300 Discite
1953 2258 1975 2300 a
2005 2261 2123 2301 nazian.

315 2349 385 2392 rme.
425 2334 547 2416 juriati.
568 2335 681 2398 Beatm
710 2334 808 2415 igitur
834 2336 929 2399 homo
958 2335 1014 2417 qui
1045 2354 1170 2417 semper
1225 2353 1287 2410 me,
1299 2334 1376 2414 quia
1391 2333 1478 2395 mitis
1493 2354 1574 2396 sum.
1593 2335 1631 2395 Et
1647 2335 1845 2398 itam:Beati
1861 2337 1972 2413 mites,
1991 2327 2091 2368 Μ

278 2427 349 2464 Μ’·
365 2415 397 2456 “·
427 2442 475 2497 est
489 2433 634 2516 pavidus.
652 2433 828 2516 allegorice
843 2453 899 2516 per
914 2434 1038 2516 Moysen
1054 2434 1110 2516 qui
1131 2433 1171 2495 si·
1225 2431 1376 2513 quoniam
1393 2432 1455 2513 ipsi
1477 2432 1702 2494 hereditabunt
1720 2442 1846 2496 terram.
1862 2433 1975 2496 Simus

427 2532 461 2595 bi
489 2532 695 2612 desponsavit
718 2531 955 2614 AEtbiopissam‚
980 2531 1170 2612 intelligitur
1224 2531 1332 2612 itaque
1347 2529 1441 2592 mites
1456 2531 1495 2592 ad
1510 2549 1637 2593 omnem
1653 2531 1828 2609 hominem,
1844 2541 1977 2596 mutuo-

427 2628 583 2706 Cbrlstus,
594 2631 650 2711 qui
665 2631 875 2710 gentilitatem
886 2629 947 2692 sibi
963 2631 1078 2706 univit,
1091 2638 1170 2692 etex
1186 2628 1209 2689 B
1224 2648 1288 2712 que
1305 2628 1417 2692 lideles
1433 2649 1469 2691 ac
1486 2628 1666 2692 lidelissimi
1683 2631 1754 2706 Deo,
1771 2650 1898 2693 omnem
1912 2631 1977 2694 ob

428 2747 465 2791 ea
489 2729 694 2809 congregavit
713 2729 897 2806 Ecclesiam,
914 2747 1010 2809 quam
1033 2729 1171 2809 sumpsit
1226 2727 1396 2790 locutionis
1413 2728 1549 2808 speeiem
1562 2728 1690 2808 penitus
1705 2729 1860 2791 evitantes
1872 2746 1880 2790 :
1892 2730 1976 2810 quia

429 2825 462 2888 in
486 2844 660 2907 sponsam:
685 2827 737 2890 cui
763 2846 859 2909 super
883 2828 942 2890 hoc
968 2828 1172 2890 detraxerunt
1226 2827 1253 2888 si
1269 2845 1400 2907 serpeus
1415 2826 1558 2888 mordeat
1573 2825 1752 2904 inocculto,
1764 2827 1845 2888 nibil
1861 2827 1976 2890 minus
1993 2849 2122 2893 aternu.

308 2939 360 2982 aar.
371 2953 413 2990 xm,
428 2924 538 3001 ludaei,
565 2924 621 3006 qui
645 2934 678 2988 et
699 2927 769 3006 ejus
794 2924 961 3007 discipulis
985 2924 1173 3006 objecerunt
1226 2924 1322 2986 habet
1336 2923 1392 3004 qui
1408 2924 1547 2986 detrahit
1563 2923 1653 2985 fratri
1670 2944 1738 2987 suo.
1755 2925 1822 2988 Nou
1838 2925 1977 3007 applau-

281 3003 413 3053 ⁴⁵3¹¹¹¹'²²'
428 3024 515 3105 quod
529 3023 678 3103 gentibus
694 3025 913 3106 praedicarent.
1226 3022 1348 3098 damus
1373 3022 1428 3083 sed
1457 3021 1679 3103 reprimamus
1697 3031 1728 3085 et
1750 3024 1873 3085 vultum
1895 3043 1978 3086 mre

469 3122 624 3185 [locamur
638 3141 766 3204 quoque
782 3141 820 3184 ex
836 3123 896 3185 isto
907 3121 1057 3204 capitulo,
1075 3141 1172 3202 quam
1227 3127 1311 3182 stum
1322 3119 1508 3201 obloquenti
1520 3129 1740 3183 monstremus
1750 3121 1876 3202 Alioqui
1888 3123 1978 3184 sieut

428 3221 549 3302 grande
563 3220 684 3282 crimen
701 3220 743 3281 sit
761 3219 926 3295 detractio,
944 3219 1081 3282 maxime
1096 3220 1171 3281 dum
1227 3217 1328 3280 nubes
1355 3218 1484 3280 recessit
1509 3238 1527 3280 a
1553 3219 1768 3294 tabernaculo,
1800 3221 1846 3281 sic
1869 3222 1979 3300 gratia

429 3318 501 3398 quis
524 3318 664 3380 detrabit
685 3317 822 3394 meliori,
839 3326 895 3379 aut
918 3316 1034 3380 falsum
1051 3317 1174 3400 profert
1227 3317 1281 3378 Dei
1306 3337 1325 3378 a
1347 3324 1456 3380 nostro
1480 3316 1661 3380 habitaculo
1686 3317 1790 3380 cordis
1808 3342 1816 3390 3
1834 3328 1865 3380 et
1889 3319 1981 3382 sicut

428 3416 468 3478 de
478 3415 585 3496 aliquo
598 3433 605 3477 :
618 3423 730 3496 estque
741 3415 901 3497 praecipue
912 3415 1073 3492 vitiosum,
1087 3436 1174 3478 man·
1228 3415 1380 3478 Dominus
1404 3414 1444 3476 ab
1466 3416 1568 3478 Aaron
1594 3435 1631 3478 ac
1648 3415 1741 3478 llaria
1769 3417 1907 3494 recessit,
1925 3419 1980 3481 sie

429 3514 527 3577 suetis
543 3522 575 3576 et
590 3513 787 3595 patientibus
799 3513 945 3594 injuriari
958 3534 1013 3576 seu
1028 3513 1171 3595 obloqui.
1226 3514 1378 3576 Dominus
1395 3533 1452 3576 nos
1469 3513 1639 3595 relinquet.
1656 3514 1818 3578 Postremo
1833 3535 1905 3579 cum
1916 3517 1982 3578 Aa·

427 3611 560 3685 Quidam
572 3629 647 3674 vero
657 3610 816 3674 diabolico
827 3611 941 3692 spiritu
953 3611 1073 3692 agitati,
1086 3620 1173 3674 tanto
1228 3631 1285 3676 rou
1301 3621 1333 3675 et
1347 3612 1442 3674 llaria
1464 3611 1623 3674 discamus
1648 3629 1777 3675 omnem
1799 3615 1980 3695 correptio-

428 3709 594 3792 prouiores
614 3717 689 3771 suut
704 3709 854 3790 persequi
872 3710 961 3785 tales,
974 3717 1099 3791 quanto
1115 3710 1173 3770 mi·
1228 3729 1301 3774 nem
1312 3719 1344 3772 et
1355 3710 1583 3773 correctionem
1595 3719 1756 3791 gratanter
1767 3729 1804 3773 ac
1816 3710 1981 3792 patienter

348 3863 350 3866 .
428 3827 488 3870 nus
504 3816 654 3871 verentur
669 3801 788 3870 similia
798 3806 864 3889 pati
876 3809 916 3870 ab
932 3808 1008 3870 illis.
1021 3804 1208 3881 Quemad-(l
1228 3809 1400 3890 suscipere,
1422 3826 1480 3870 nee
1509 3808 1624 3870 timore
1652 3809 1835 3891 temporalis
1859 3809 1980 3872 oonsu-

428 3907 558 3968 modum
580 3913 686 3969 autem
706 3904 801 3967 Maria
823 3924 881 3987 pro
901 3925 959 3968 sua
977 3905 1173 3968 detractione
1228 3907 1328 3970 sionis
1343 3926 1380 3969 ac
1395 3924 1498 3988 poenae
1514 3924 1572 3969 uos
1588 3925 1750 3968 excusare.
1768 3906 1981 3980 Quemadmo

429 4002 557 4085 perlusa
572 4012 620 4066 est
635 4003 741 4067 voraci
754 4011 785 4066 et
801 4003 939 4086 pessima
950 4004 1048 4086 lepra,
1062 4005 1107 4066 sio
1123 4006 1174 4066 de
1228 4007 1304 4068 dum
1326 4005 1421 4067 etiam
1439 4004 1577 4086 populus
1601 4005 1795 4085 exspectavit
1810 4023 1911 4086 usque
1933 4009 1980 4069 ad

429 4109 580 4164 tractores
597 4103 660 4165 Ileo
682 4101 827 4178 odibiles,
852 4103 966 4165 merito
988 4123 1052 4166 suae
1071 4105 1173 4166 detra·
1228 4104 1461 4167 revocationem
1485 4103 1598 4178 llario,
1616 4121 1674 4166 uec
1694 4122 1764 4166 eam
1788 4103 1820 4165 in
1843 4103 1981 4184 publica

429 4199 544 4262 ationis
567 4200 705 4280 graviter
725 4201 817 4264 valde
836 4201 1028 4264 inficiuntur
1048 4202 1082 4263 in
1106 4203 1173 4265 ani·
1228 4202 1416 4285 poeuitentia
1437 4201 1643 4264 constitutam
1666 4201 1807 4265 deseruit
1827 4202 1876 4263 vel
1897 4221 1982 4265 con-

429 4317 505 4372 ma3
528 4299 748 4379 maculamque
776 4299 955 4377 incurrunt,
976 4319 1073 4381 quam
1101 4301 1172 4363 aliis
1229 4299 1368 4383 tempsit,
1396 4300 1440 4362 ita
1467 4318 1523 4364 uos
1549 4300 1647 4382 lapsis
1672 4319 1709 4362 ae
1741 4299 1980 4380 poenitentibus

429 4396 680 4478 superinducere
696 4398 887 4460 enituntur:
911 4398 976 4460 imo
996 4398 1068 4461 aliis
1090 4417 1172 4479 saepc
1227 4397 1410 4462 cordialiter
1442 4398 1674 4480 compatiamur
1703 4406 1736 4460 et
1763 4397 1976 4476 auxiliemur,

428 4495 554 4558 laudem
573 4503 605 4558 et
623 4495 758 4576 gloriam
775 4496 1006 4578 adipiscuntur,
1027 4505 1058 4559 et
1085 4505 1171 4559 tauto
1227 4497 1389 4578 propriam
1419 4495 1613 4577 pronitatem
1643 4495 1677 4557 in
1707 4514 1803 4559 omne
1832 4495 1977 4575 malum,

427 4593 500 4675 plus
516 4592 638 4656 faciunt
658 4611 712 4656 eos
728 4593 861 4670 laudari,
879 4602 999 4674 quanto
1021 4594 1094 4675 plus
1117 4612 1171 4656 eos
1227 4595 1437 4675 propriosque
1452 4611 1599 4655 excessus
1616 4602 1798 4673 pensantes,
1815 4602 1847 4656 et
1865 4594 1979 4659 verbis

426 4691 596 4755 obscurare
612 4691 792 4754 intendunt.
809 4691 889 4754 Hinc
912 4691 1053 4773 loquitur
1068 4691 1172 4772 Orige·
1225 4701 1320 4773 atque
1342 4691 1496 4773 exemplis
1518 4689 1679 4772 proximos
1694 4691 1733 4752 ad
1754 4691 1887 4755 meliora
1910 4700 1980 4756 tra-

427 4807 483 4851 ues
501 4806 508 4851 :
526 4789 641 4853 Audite
655 4797 810 4871 quantum
826 4789 977 4852 beneficii
1001 4789 1168 4852 conferunt
1225 4790 1350 4851 bamus.
