4309 6259
480 519 654 566 manuario
676 523 706 568 m
728 524 796 569 car.
819 520 896 568 xuni
916 519 1122 568 uenenorum·
1137 543 1177 553 -
1196 522 1268 567 aar.
1291 520 1409 566 xxxvrn
1657 496 1716 563 453

170 691 235 773 ipsi
256 690 393 769 Balaam,
411 699 443 753 et
464 691 666 774 principibus
686 693 742 775 qui
763 699 919 757 venerunt
934 690 958 753 Α
974 691 1028 770 ris,
1042 693 1245 757 fraudulenta
1254 704 1350 776 atque
1361 692 1556 775 nequissima
1566 698 1718 775 prestant

168 810 244 855 cum
260 810 310 868 eo,
322 800 473 873 tanquam
491 792 541 853 his
552 791 607 872 qui
623 812 713 855 suam
730 792 918 873 legationem
973 792 1118 854 consilia.
1136 793 1265 869 Rursus,
1283 813 1341 875 per
1354 793 1445 855 Balac
1460 792 1644 870 designatur
1653 788 1718 853 dia-

167 891 288 953 melius
311 890 463 973 implesse
485 890 675 955 videbantur
697 911 791 975 quam
815 890 918 954 nuntii
973 889 1077 967 holus,
1099 891 1155 972 qui
1177 911 1196 953 a
1218 891 1369 955 fidelibus
1391 899 1536 953 metuens
1561 887 1715 970 superari,

167 990 279 1070 primi.
297 989 366 1065 Vel,
385 990 473 1051 misit
495 1008 628 1053 munera
647 1000 678 1053 et
693 992 866 1073 principes,
887 991 919 1053 id
972 989 1107 1050 assumit
1122 989 1183 1052 sibi
1199 990 1232 1052 in
1255 990 1408 1052 auxilium
1424 988 1591 1071 prolatum
1606 1005 1718 1049 carna·

166 1096 218 1149 est
234 1088 398 1170 principes
421 1108 494 1151 cum
519 1089 707 1153 muneribus
726 1091 765 1152 ad
781 1084 931 1165 Balaam,
974 1086 1036 1149 lem
1061 1096 1094 1150 et
1117 1088 1329 1170 versipellem,
1345 1107 1441 1169 quem
1466 1086 1591 1150 cunctis
1615 1084 1719 1148 modis

167 1196 205 1249 ut
230 1194 403 1269 antequam
429 1187 632 1251 malediceret
657 1189 784 1271 populo,
810 1187 920 1251 incita·
975 1186 1116 1266 instigat,
1130 1196 1163 1249 ut
1179 1206 1235 1269 per
1251 1185 1476 1267 negligentiam
1487 1183 1721 1247 scandalosam-

167 1292 259 1348 retur
282 1304 340 1367 per
361 1304 495 1347 munera
516 1287 556 1348 ad
578 1286 832 1350 maledicendum
855 1286 919 1348 illis
975 1304 1038 1367 que
1053 1286 1152 1348 vitam
1172 1285 1252 1349 alios
1272 1305 1379 1349 secum
1396 1285 1501 1346 mittat
1520 1282 1554 1345 in
1576 1292 1641 1346 rete
1655 1282 1722 1344 dia-

167 1382 308 1445 acutius.
327 1387 426 1446 Mane
440 1395 549 1445 numm
563 1387 663 1462 facto,
673 1388 773 1447 ducit
787 1407 861 1445 eum
877 1388 921 1445 act
975 1382 1053 1446 holi.
1071 1384 1225 1447 Bocemur
1240 1402 1349 1445 rursus
1364 1402 1403 1446 ex
1417 1383 1478 1446 isto
1493 1380 1645 1463 capitulo,
1656 1398 1721 1443 non

166 1486 295 1543 excelsa
306 1486 405 1551 Boot,
416 1482 448 1544 id
464 1483 566 1545 estad
583 1490 724 1546 montem
739 1483 918 1560 sublimem,
977 1482 1113 1544 multum
1129 1490 1278 1564 appetere
1292 1483 1375 1546 dona
1390 1480 1499 1561 gratia
1514 1479 1612 1561 gratis
1627 1480 1719 1553 data,

167 1578 324 1643 videlicet
348 1580 477 1659 Phasga,
501 1580 535 1642 in
559 1600 624 1663 quc
648 1582 720 1644 Baal
745 1581 918 1659 colebatur,
977 1599 1048 1662 quae
1063 1582 1147 1662 apud
1164 1580 1310 1644 homines
1332 1580 1462 1662 pariunt
1478 1578 1607 1654 famam,
1624 1594 1721 1657 sape

168 1687 206 1741 ut
217 1679 286 1760 jam
309 1679 384 1741 inde
406 1680 561 1761 inciperet
584 1681 773 1743 maledicere
793 1681 922 1743 cultori·
977 1698 1039 1761 que
1053 1688 1208 1759 generant
1229 1679 1363 1761 gloriam
1379 1697 1519 1755 vanam;
1542 1677 1597 1739 sed
1613 1694 1720 1739 veram

168 1776 230 1839 bus
260 1777 329 1839 veri
354 1776 430 1854 Bei;
456 1788 486 1839 ct
511 1780 653 1840 intuitus
676 1790 721 1839 est
745 1790 921 1840 eoetremam
977 1778 1203 1855 humilitatem,
1221 1778 1369 1841 timorem
1391 1775 1458 1852 Bai,
1475 1784 1508 1839 et
1528 1783 1631 1838 catera
1652 1791 1723 1853 gra·

163 1885 298 1952 partem
310 1876 441 1953 populi,
457 1875 490 1937 id
505 1883 554 1938 est
576 1884 677 1939 toturn
701 1876 855 1959 populum
871 1896 922 1938 us·
940 1879 963 1940 B
978 1876 1029 1939 tiae
1042 1885 1168 1957 gratum
1180 1875 1326 1939 facientis
1336 1877 1430 1951 dona,
1443 1874 1518 1938 totis
1532 1872 1722 1936 affectemus

168 1992 234 2054 que
250 1973 291 2035 ad
314 1973 444 2035 ultimos
460 1974 541 2055 ejus,
560 1974 736 2056 praesertim
752 1994 851 2056 quum
875 1994 922 2037 se-
977 1984 1008 2038 et
1023 1994 1248 2038 conservemus
1264 1973 1466 2057 precordiis:
1484 1980 1516 2035 et
1530 1968 1721 2051 cognitalfei

168 2071 286 2152 quenti
309 2072 464 2134 habeatur
488 2072 649 2154 capitulo:
672 2073 755 2135 Dixit
770 2072 861 2137 Balae
882 2074 921 2135 ad
977 2074 1229 2151 voluntate,non
1251 2092 1430 2155 queramus
1450 2070 1649 2135 occasionem
1670 2086 1722 2131 ox-

169 2170 312 2248 Balaam,
329 2170 411 2233 Veni
436 2190 561 2233 mecum
588 2171 621 2233 in
647 2172 783 2234 alterum
803 2172 919 2248 locum,
977 2174 1109 2237 cusandi
1125 2192 1194 2249 noa,
1211 2182 1266 2235 aut
1281 2172 1433 2254 peccandi
1450 2195 1458 2245 3
1475 2178 1508 2234 et
1528 2170 1606 2232 tales
1622 2168 1722 2231 simus
1810 2181 1813 2189 ’

170 2268 258 2331 unde
275 2276 398 2350 partem
410 2269 505 2332 lsrael
521 2270 641 2347 videas,
654 2278 686 2333 et
697 2279 797 2334 totum
813 2270 923 2334 videre
978 2272 1010 2334 in
1027 2290 1133 2354 opere,
1146 2271 1257 2353 quales
1273 2272 1306 2332 in
1322 2269 1440 2333 verbis.
1453 2268 1578 2332 Balaam
1588 2268 1719 2349 quippe,

170 2386 237 2430 non
263 2366 380 2449 possis.
407 2366 465 2431 Vel
494 2386 607 2431 sensus
631 2377 691 2447 est,
717 2369 851 2431 lntuitus
876 2378 924 2433 est
977 2371 1033 2453 qui
1049 2370 1141 2453 quasi
1158 2358 1362 2434 devotissima
1376 2377 1408 2431 et
1418 2386 1541 2449 magnae
1556 2365 1723 2450 perfectio

169 2474 349 2529 extremam
366 2474 488 2547 partem
504 2468 627 2549 populi,
645 2469 678 2530 id
693 2476 742 2531 est
756 2487 923 2550 quousque
978 2469 1029 2531 nis
1044 2470 1178 2552 protulit
1193 2470 1300 2545 verba,
1319 2468 1463 2543 dicendo,
1482 2466 1514 2529 Si
1530 2464 1653 2529 dederit
1668 2463 1723 2526 mi-

169 2565 399 2627 extenderetur
428 2566 585 2628 exercitus
620 2566 762 2629 fillorum
793 2568 886 2631 lsrael
914 2586 920 2629 :
978 2569 1012 2631 ui
1033 2567 1125 2630 Balac
1145 2568 1276 2630 domum
1300 2585 1391 2629 suam
1412 2566 1539 2648 plenam
1558 2563 1639 2640 auri,
1657 2580 1722 2626 non

167 2663 258 2744 quod
281 2661 406 2727 notavit
424 2663 632 2746 adspiciendo
658 2665 803 2729 ultimam
824 2666 924 2747 agmi-
979 2663 1561 2749 poteroimmutareverbumBeimei,
1573 2670 1722 2725 ettamen

170 2761 222 2823 nis
253 2769 390 2843 partem,
418 2770 453 2823 ut
483 2762 736 2841 magnitudinem
766 2764 923 2827 exercitus
978 2765 1110 2847 impiam
1130 2764 1229 2845 gessit
1248 2772 1400 2840 mentem,
1418 2762 1564 2841 designat
1578 2758 1723 2843 hypocri-

169 2859 280 2923 sciret.
978 2874 1036 2942 tae,
1054 2872 1086 2927 et
1101 2863 1229 2944 eosqui
1241 2862 1326 2944 quod
1341 2861 1466 2938 docent,
1485 2879 1549 2923 non
1564 2858 1721 2942 implent3

43 2970 157 3041 &psum
212 2959 375 3022 lloraliter
390 2978 428 3023 ex
453 2961 514 3024 isto
539 2961 679 3043 capitulo
699 2961 920 3040 informamur,
978 2970 1009 3027 et
1024 2979 1131 3025 eoram
1152 2959 1337 3025 horninibus
1353 2958 1486 3041 pulchra
1500 2967 1532 3022 et
1546 2975 1662 3038 magna
1679 2955 1724 3019 lo

39 3033 88 3074 ‘⁰¹⁵'
170 3058 211 3120 ad
222 3066 346 3139 quanta
357 3058 477 3121 seelera
488 3058 592 3121 trahat
602 3059 849 3141 cupiditasque
864 3065 958 3129 omc
977 3069 1131 3143 quuntur,
1144 3060 1198 3122 sed
1214 3075 1320 3122 coram
1335 3059 1398 3120 Beo
1414 3056 1520 3139 turpia
1534 3054 1673 3135 cogitare
1687 3072 1724 3115 ac

55 3167 156 3219 rnatu.
172 3156 265 3217 nium
281 3156 371 3218 radin
387 3157 538 3219 vitiorum
555 3157 669 3221 merito
684 3158 875 3240 appellatur,
892 3168 924 3222 et
978 3158 1085 3221 viliter
1108 3176 1142 3219 se
1163 3155 1281 3219 habere
1300 3173 1364 3219 non
1386 3153 1588 3217 erubescunt.
1606 3152 1725 3215 Postre-

41 3232 66 3271 ω’
170 3264 315 3318 mentem
332 3273 462 3337 prorsus
479 3264 625 3319 excaecat.
638 3257 694 3319 Per
710 3256 800 3319 Balae
816 3266 921 3320 aulem
978 3275 1041 3331 mo,
1054 3255 1140 3337 quod
1156 3253 1350 3337 perusinam
1366 3253 1491 3316 locutus
1506 3258 1554 3314 est
1568 3251 1662 3326 Bous,
1679 3267 1725 3311 re

171 3352 401 3433 intelliguntur
429 3353 591 3431 malevoli,
623 3354 678 3435 qui
709 3354 742 3416 in
773 3354 922 3417 humanis
978 3354 1212 3438 prehenditque
1231 3354 1367 3429 Balaam,
1381 3352 1441 3416 hoc
1459 3351 1617 3430 designat,
1637 3349 1724 3431 quod

169 3450 345 3514 confidunt
367 3452 542 3515 versutiis:
567 3452 715 3534 quidum
739 3472 772 3516 se
795 3473 852 3536 per
874 3474 922 3517 ra·
977 3473 1060 3535 sape
1076 3472 1133 3535 per
1149 3452 1263 3515 idiotas
1278 3460 1310 3515 et
1329 3450 1490 3532 simplices
1506 3450 1650 3531 increpat
1664 3448 1723 3510 llo

170 3548 294 3612 tionem
315 3558 347 3612 et
368 3558 559 3632 potestatem
580 3560 715 3614 cernunt
741 3570 803 3615 non
829 3570 922 3633 posse
976 3552 1083 3614 minus
1094 3551 1253 3633 sapientes
1264 3559 1296 3613 et
1306 3551 1478 3632 prudentes
1488 3547 1596 3611 saeculi
1607 3546 1719 3627 hujus;

169 3649 320 3712 obtinere
346 3648 518 3727 intentum,
545 3650 775 3731 victoriamque
801 3650 919 3727 sortiri,
976 3659 1007 3713 et
1022 3650 1099 3731 quia
1114 3647 1245 3711 infirma
1264 3657 1296 3710 et
1317 3648 1413 3710 stulta
1433 3644 1867 3727 mundialegit,ut1c·0r.=‚ar.

169 3748 210 3810 ad
227 3746 422 3811 calliditates
444 3756 477 3811 ct
495 3748 596 3825 dolos,
614 3750 709 3829 atque
731 3749 770 3811 ad
793 3749 922 3812 callido
976 3767 1032 3830 per
1047 3766 1102 3812 eos
1118 3747 1277 3829 sapientes
1293 3746 1326 3807 in
1338 3745 1438 3809 oculis
1449 3744 1516 3806 suis
1531 3742 1718 3807 confundat.

170 3866 243 3908 rum
257 3846 395 3909 consilia
406 3866 443 3909 ac
456 3845 599 3909 subsidia
612 3856 852 3911 convertuntur.
866 3848 922 3910 Per
975 3848 1128 3927 Itemque,
1141 3846 1226 3928 quod
1242 3844 1492 3927 increpationem
1508 3841 1718 3918 caritativam,

169 3945 298 4007 Balaam
317 3953 425 4007 autem
445 3954 531 4007 recte
553 3944 754 4027 accipiuntur
777 3945 923 4008 consilia·
976 3945 1127 4028 piamque
1146 3942 1405 4007 informationem
1427 3950 1587 4022 gratanter
1608 3939 1722 4002 debea-

170 4044 210 4106 rii
235 4044 356 4121 vitiosi,
370 4044 467 4105 astuti
489 4052 521 4106 et
544 4053 739 4125 arrogantes,
752 4045 807 4127 qui
824 4046 920 4107 Deum
975 4062 1047 4105 mus
1062 4042 1218 4124 accipere,
1234 4042 1328 4105 etiam
1345 4041 1372 4103 si
1387 4040 1427 4103 ab
1444 4040 1581 4103 indoctis
1596 4047 1628 4102 et
1646 4038 1722 4101 sim-

170 4161 236 4205 non
249 4142 602 4219 metuentesdesiderio
613 4161 780 4205 munerum
791 4142 923 4206 ethono-
976 4142 1116 4223 plicibus
1131 4142 1276 4205 videatur
1291 4140 1472 4223 procedere.

651 4565 976 4652 ARTICULUS
1017 4566 1245 4650 XXXVIII

390 4840 547 4887 musmo
568 4840 705 4885 castrum
727 4840 856 4885 Vlcusntl
877 4840 977 4885 TEB'Ill
999 4840 1006 4884 :
1029 4840 1172 4894 almaque
1193 4839 1318 4885 natan
1339 4839 1381 4884 AI)
1402 4838 1510 4884 natac·

246 5118 440 5183 UALITEB
458 5125 563 5181 molus
582 5126 614 5180 et
630 5117 722 5200 quasi
740 5118 924 5200 compulsus
939 5119 963 5179 ll
978 5122 1041 5197 fica
1056 5120 1141 5178 anili
1159 5120 1213 5180 tric
1231 5128 1349 5196 septem
1369 5138 1455 5188 aras,
1473 5117 1506 5179 id
1525 5125 1584 5194 est,
1602 5116 1653 5180 fac
1671 5116 1724 5181 hic

173 5120 289 5318 Osit
305 5216 431 5279 Balaam
446 5216 485 5278 ad
502 5216 769 5293 benedicendum,
781 5236 866 5280 nuno
882 5236 926 5279 re
979 5215 1121 5279 construi
1137 5224 1258 5297 septem
1269 5214 1391 5291 altaria,
1402 5226 1433 5275 ct
1444 5236 1540 5293 parc,
1554 5216 1584 5278 id
1601 5224 1659 5293 est,
1674 5214 1724 5279 fao

170 5318 302 5381 citatur.
314 5316 474 5396 Dicitque
485 5317 625 5377 Balaam
640 5318 683 5377 ad
699 5319 801 5377 Balce
811 5336 822 5375 .·
832 5318 926 5378 AEdi-
979 5313 1094 5377 adduci
1111 5313 1206 5377 etiam
1224 5316 1355 5375 totidem
1375 5316 1504 5387 vitulos,
1520 5316 1725 5395 ejusdemque
