4309 6259
431 467 471 531 tt
510 476 512 481 ’
812 476 984 527 mxnnxrro
1005 476 1036 522 nr
1057 472 1126 521 aar.
1149 470 1227 520 xxm
1247 470 1349 518 axoni.
1371 490 1412 501 -
1431 471 1502 517 tur.
1525 467 1595 517 xcrr

432 664 500 719 ‘tera
513 664 648 731 tactam;
665 672 729 717 non
745 661 851 715 mmen
867 649 1077 713 videturesse
1093 664 1175 709 mor·
1188 644 1213 705 Α
1229 650 1293 707 tem
1309 644 1470 726 accipiunt
1485 641 1678 725 stipendium
1694 640 1744 701 sui
1760 636 1887 712 laboris,
1904 653 1971 698 non

430 754 492 816 tale
507 762 670 836 peceatum
685 752 813 832 :sicque
823 750 956 812 verbum
974 747 1059 809 istud
1071 752 1173 808 exstat

428 852 608 915 consilium.
627 852 665 912 Et
687 850 768 911 sicut
793 848 877 910 istud
905 846 1093 929 prohibetur
1115 862 1172 907 seu

428 950 627 1013 dissuadetur
642 947 814 1029 judicibus,
825 946 868 1007 ita
884 954 915 1007 et
930 944 1082 1006 testibus:
1096 961 1173 1023 quo

428 1049 514 1111 niam
529 1066 661 1110 munera
681 1052 839 1110 excaecant
859 1044 1042 1125 prudentes
1061 1041 1169 1117 idest,

426 1147 466 1209 ad
481 1146 597 1209 mentis
608 1145 852 1208 excecationem
868 1142 1024 1204 inducunt
1039 1158 1104 1215 eos,
1114 1139 1170 1222 qui

424 1254 500 1307 ‘ante
515 1245 689 1327 prudentes
709 1242 850 1305 luerunt.
869 1239 1032 1321 Siquidem
1048 1258 1087 1301 ex
1103 1257 1172 1299 mu-

428 1362 541 1407 ncrum
567 1341 751 1424 acceptione
774 1339 946 1402 inclinatur
969 1337 1107 1401 allectus
1131 1337 1170 1398 ad

429 1442 646 1505 inordinatum
671 1457 827 1515 amorem,
855 1444 919 1499 tam
944 1436 1050 1499 dantis
1075 1454 1171 1516 quam

430 1539 583 1616 muneris,
604 1546 636 1602 et
654 1537 816 1601 emollitur
838 1543 948 1599 contra
968 1535 1104 1614 rigorem
1123 1534 1174 1615 ju-

429 1639 534 1715 stitiae,
552 1646 583 1701 et
599 1637 699 1699 invite
714 1634 852 1700 ollandit
867 1634 1048 1709 donantem,
1068 1651 1174 1695 essue-

429 1737 551 1818 scitque
568 1736 660 1819 plura
684 1742 833 1816 appetere
849 1750 991 1809 munera,
1009 1739 1105 1813 atque
1120 1750 1172 1795 eo-

1228 742 1366 823 pretium
1386 748 1540 804 attestatae
1559 737 1712 801 veritatis.

1268 841 1428 903 Postremo
1442 840 1573 902 verbum
1590 836 1685 913 istud,
1694 836 1738 897 Ne
1753 832 1890 915 accipias
1904 850 1973 892 mu-

1228 960 1314 1017 nera,
1336 940 1511 1003 secundum
1532 936 1686 1011 Glossam,
1708 934 1895 996 sumendum
1921 937 1972 993 est

1227 1041 1267 1103 de
1286 1038 1406 1121 triplici
1425 1056 1557 1100 munere
1572 1043 1682 1118 utpote
1697 1050 1828 1095 munere
1842 1048 1968 1103 manus,

1227 1156 1359 1200 munere
1375 1137 1502 1216 linguat,
1515 1143 1547 1199 et
1561 1152 1693 1196 munere
1709 1130 1864 1212 obsequii,
1881 1128 1971 1209 juxta

1226 1235 1307 1298 illud
1327 1236 1361 1298 in
1381 1235 1459 1297 lsaia
1474 1252 1481 1296 :
1498 1232 1555 1307 Qui
1572 1231 1690 1295 excutit
1709 1248 1822 1293 manus
1837 1246 1910 1289 suas
1927 1225 1970 1288 ab
2004 1242 2113 1290 rama,

1227 1334 1315 1398 omni
1341 1352 1484 1396 munere.
1511 1331 1570 1405 Qui
1594 1348 1670 1394 vero
1699 1348 1757 1412 pro
1783 1323 1969 1389 muneribus

1227 1440 1413 1516 pervertunt
1427 1432 1593 1513 judicium,
1602 1438 1657 1492 aut
1669 1426 1885 1491 testimonium
1900 1442 1971 1506 pro

1228 1533 1336 1595 lerunt
1357 1531 1484 1607 falsum,
1503 1537 1681 1611 sequuntur
1698 1527 1811 1589 ludam
1830 1524 1971 1607 prodito

1228 1650 1305 1708 rem,
1323 1629 1552 1709 negotiatorem
1567 1626 1793 1700 miserrimum,
1809 1623 1864 1706 qui
1879 1620 1971 1683 Chri·
2015 1638 2096 1681 uana

1228 1737 1312 1791 stum
1329 1747 1387 1810 pro
1402 1727 1533 1806 triginta
1547 1725 1686 1789 denariis
1703 1722 1856 1787 vendidit.

428 1855 498 1898 rum
514 1854 621 1899 amore
635 1834 777 1915 judicare
793 1850 950 1914 perverse.
970 1830 1019 1893 Sic
1040 1829 1211 1913 quoqueB
1266 1830 1442 1905 Pereprino
1460 1831 1609 1888 molemus
1626 1845 1693 1885 noa
1706 1825 1770 1883 era
1791 1829 1900 1885 contra
1918 1819 1970 1899 ju-

428 1952 560 1997 munera
581 1932 770 1996 subvertunt
783 1930 882 1994 verba
896 1948 1005 1992 eorum
1021 1928 1077 2010 qui
1099 1936 1172 1991 ante

427 2032 504 2113 justi
530 2031 670 2107 luerunt,
694 2030 748 2111 qui
774 2047 881 2091 amore
906 2045 1076 2089 munerum
1103 2045 1172 2090 cor-

429 2138 631 2212 rumpuntur,
649 2129 693 2190 ita
717 2128 802 2209 quod
823 2133 934 2191 contra
949 2126 1116 2188 veritatem
1140 2132 1173 2188 et

428 2227 584 2311 Justitiam
598 2226 753 2308 judicant,
770 2233 801 2288 et
821 2222 931 2287 fovent
951 2242 1061 2286 causas
1086 2223 1172 2305 inJu-

298 2340 355 2391 nn,
367 2340 401 2382 n.
431 2333 505 2387 stas.
522 2324 600 2387 llinc
621 2324 654 2386 in
671 2322 748 2385 lsaia
767 2319 901 2384 hebetur
920 2336 926 2381 :
944 2319 1108 2401 Principes
1126 2319 1172 2383 tui

430 2423 590 2495 infideles,
600 2442 710 2486 omnes
726 2420 864 2499 diligunt
880 2437 1023 2495 munera,
1040 2437 1175 2500 sequun-

431 2532 483 2585 tur
507 2521 759 2585 retributionem.
785 2518 930 2593 Econtra,
948 2518 1053 2599 justus
1076 2518 1173 2598 judex

298 2636 371 2691 rna.
380 2648 415 2685 ιιι,
431 2628 559 2684 sanctus
575 2619 700 2683 Samuel
723 2615 828 2700 primo
843 2616 963 2697 Regum
989 2615 1032 2678 ait
1050 2632 1057 2677 :
1076 2616 1108 2678 si
1133 2617 1173 2679 de

285 2702 305 2743 t.

431 2739 528 2781 manu
551 2718 740 2799 cujusquam
766 2733 881 2777 munus
903 2713 1023 2795 accepi.
1041 2716 1084 2777 llo
1109 2733 1173 2796 quo

1227 1926 1358 2002 sutiam,
1382 1925 1492 1989 eadem
1516 1924 1639 1986 ratione
1658 1942 1723 2004 qua
1743 1939 1801 1983 nec
1826 1919 1968 1991 advenas,

1227 2026 1341 2102 vidua,
1359 2034 1413 2087 aut
1430 2024 1566 2107 pupillo,
1583 2030 1619 2085 ut
1641 2021 1674 2083 in
1697 2018 1902 2103 praecedentis
1918 2036 1970 2078 ar-

1229 2124 1318 2187 ticuli
1349 2132 1380 2186 et
1408 2123 1540 2206 capituli
1569 2121 1767 2204 expositione
1796 2118 1967 2180 deductum

1228 2232 1286 2287 est.
1305 2222 1337 2285 Si
1356 2230 1462 2285 autem
1482 2220 1638 2284 referatur
1662 2218 1748 2281 istud
1770 2218 1810 2280 ad
1833 2216 1968 2297 judices,

1228 2342 1341 2385 sensus
1356 2329 1415 2398 est,
1432 2321 1516 2402 quod
1532 2320 1629 2401 judex
1644 2337 1708 2381 non
1730 2318 1825 2380 debet
1839 2314 1971 2397 permit-

1229 2426 1306 2496 tere,
1316 2427 1352 2481 ut
1367 2417 1527 2501 peregrini
1543 2416 1662 2497 injuste
1672 2416 1898 2479 retardentura
1911 2430 1971 2475 suo

1228 2517 1354 2594 itinere,
1371 2517 1422 2581 vel
1437 2518 1523 2598 quod
1538 2516 1586 2579 eis
1600 2514 1659 2578 liat
1674 2514 1866 2596 injurie‚aut
1879 2511 1967 2594 quod

1228 2616 1332 2679 carius
1349 2617 1427 2699 ipsis
1443 2618 1608 2679 vendatur.
1625 2615 1705 2677 Etsi
1721 2614 1889 2677 habuerint
1898 2630 1972 2674 cau·

1229 2734 1295 2777 sam
1322 2724 1451 2797 propter
1476 2713 1628 2796 injuriam
1653 2714 1699 2776 eis
1725 2713 1850 2789 lactem,
1876 2711 1972 2777 debet

1986 1308 2020 1347 lS.

1986 1716 2045 1752 nn,
2057 1705 2088 1743 ¹5.

315 2836 389 2881 aetra
431 2826 463 2881 et
477 2815 715 2880 Ecclesiasticus
738 2812 852 2876 asserit
869 2831 876 2875 :
893 2812 1046 2875 Pecunias
1069 2821 1101 2875 et
1120 2833 1172 2875 us·
1228 2813 1325 2895 judex
1345 2832 1473 2877 causam
1494 2832 1604 2877 eorum
1626 2821 1781 2894 quantum
1802 2820 1905 2895 potest
1921 2833 1972 2876 ce

283 2902 381 2953 '‘³¹¹²''
430 2937 493 2998 que
514 2917 553 2979 ad
576 2915 790 2977 calceamenta
815 2913 854 2975 ab
875 2912 962 2975 omni
988 2931 1083 2975 earne
1108 2930 1172 2977 non
1230 2912 1338 2976 leriter
1352 2913 1513 2995 expedire,
1530 2931 1572 2975 ne
1586 2911 1632 2975 eis
1648 2910 1681 2973 in
1696 2918 1781 2975 terra
1795 2911 1898 2975 aliena
1917 2932 1971 2973 su-

430 3014 562 3098 accepit,
580 3022 611 3076 et
626 3032 690 3076 non
705 3010 867 3075 accusavit
888 3010 980 3072 illum
996 3010 1102 3073 homo.
1122 3011 1173 3074 Sic
1190 3017 1212 3080 C
1229 3032 1286 3098 per
1306 3012 1521 3076 aillictionem
1544 3012 1680 3073 addatur
1701 3009 1847 3074 afflictio.
1870 3014 1971 3073 Sattts

283 3134 412 3185 manas.
430 3122 461 3179 et
484 3114 598 3177 Paulus
623 3119 842 3177 contestatur:
865 3111 1037 3191 Argentum
1063 3119 1095 3173 et
1119 3130 1174 3173 au-
1227 3115 1316 3174 enim
1325 3116 1528 3173 advenarum
1541 3112 1682 3182 animas,
1695 3109 1755 3172 hoc
1770 3117 1818 3171 est
1832 3109 1970 3191 peregri-

430 3233 500 3277 rum
523 3220 577 3275 aut
601 3218 721 3274 vestem
746 3209 868 3270 nullius
894 3210 1076 3291 concupivi.
1102 3209 1172 3274 llaec

429 3315 619 3377 documenta
638 3318 669 3373 et
688 3308 843 3389 exempla,
861 3316 934 3369 sunt
946 3308 1111 3389 judicibus
1127 3318 1173 3372 te·

428 3410 594 3491 stibusquc
610 3407 773 3490 pensanda
787 3424 823 3467 ac
839 3404 1003 3467 imitanda.

467 3508 600 3582 Quidam
621 3503 750 3586 exponit
771 3503 838 3565 haio
854 3502 900 3565 sic
918 3520 924 3564 :
943 3502 1009 3566 Non
1033 3503 1172 3586 accipies

426 3625 559 3670 munera
578 3605 674 3667 ctiam
694 3621 753 3684 pro
773 3619 848 3664 vero
866 3601 998 3682 judicio,
1016 3603 1168 3684 quoniam

425 3706 523 3787 judex
538 3722 601 3766 non
613 3702 706 3765 debet
715 3699 871 3782 justitiam
884 3701 1031 3763 vendere.
1041 3701 1072 3764 Si
1083 3701 1171 3765 enim

426 3804 523 3885 judex
548 3811 596 3866 est
621 3800 764 3876 inlerior,
793 3799 887 3862 debet
915 3818 984 3862 csse
1003 3808 1170 3863 contentus

1228 3210 1342 3274 norur'n
1357 3209 1601 3292 dispositionem
1621 3207 1816 3283 interiorem,
1833 3208 1909 3289 quia
1924 3207 1973 3271 la·

1227 3310 1330 3373 ciliter
1346 3309 1586 3384 contristantur,
1594 3309 1673 3386 quia
1687 3316 1718 3366 et
1731 3308 1796 3383 ipsi
1801 3308 1969 3383 peregrini

1226 3411 1339 3487 fuistis
1354 3410 1392 3468 in
1407 3418 1493 3469 terra
1506 3408 1647 3483 AEpypti
1661 3424 1673 3467 .·
1688 3404 1760 3467 ideo
1774 3404 1970 3488 experientia

1226 3516 1331 3571 vestre
1345 3507 1459 3569 docere
1470 3523 1526 3569 vos
1542 3512 1657 3585 potest.
1669 3504 1758 3567 Circa
1773 3504 1839 3567 haec
1854 3502 1968 3568 scribit

1225 3606 1356 3687 quidam
1374 3622 1381 3667 :
1397 3603 1585 3684 Peregrinus
1600 3602 1653 3665 hic
1668 3602 1796 3679 dicitur,
1810 3603 1967 3665 transiens

1225 3724 1283 3786 per
1297 3712 1414 3767 terram
1429 3701 1577 3765 alienam.
1590 3700 1678 3774 Quod
1689 3700 1813 3764 videtur
1829 3719 1892 3764 non
1901 3700 1970 3763 sul-

1226 3803 1372 3866 licienter
1396 3801 1567 3884 prolatum.
1584 3800 1685 3873 Quum
1710 3800 1795 3863 enim
1821 3800 1966 3878 dixisset,

428 3902 598 3985 stipendiis
619 3899 679 3961 sibi
702 3898 784 3961 datis
808 3917 827 3960 a
851 3896 1025 3979 superiore.
1043 3898 1074 3961 Si
1096 3919 1171 3963 vero
1224 3901 1394 3982 Peregrino
1419 3900 1572 3963 molestus
1597 3918 1660 3961 non
1690 3899 1765 3977 eris,
1791 3918 1848 3981 pro
1872 3916 1970 3962 causa

429 4001 470 4062 sit
483 3999 639 4081 superior,
657 3996 779 4059 scilieet
794 3996 942 4078 princeps
958 4003 1059 4073 terrae,
1077 3997 1172 4061 debet
1224 4002 1352 4083 adjecit,
1376 4000 1470 4063 Scitis
1499 3998 1585 4061 enim
1614 3998 1809 4061 advenarum
1832 3998 1966 4060 animas.

428 4118 498 4162 esse
522 4104 690 4160 contentus
715 4095 781 4157 suis
806 4094 994 4171 redditibus,
1016 4095 1071 4176 qui
1096 4105 1171 4159 sunt
1224 4098 1290 4172 Quo
1305 4107 1438 4173 constat,
1457 4099 1541 4179 quod
1557 4096 1744 4179 peregrinus
1759 4115 1845 4159 nuno
1860 4095 1970 4178 appel-

429 4195 588 4278 stipendia
603 4193 664 4256 sibi
680 4211 828 4257 concessa
844 4212 862 4255 a
876 4193 1103 4258 communitate
1113 4214 1171 4277 pro
1184 4198 1211 4261 D
1226 4199 1393 4274 latur,non
1410 4196 1513 4260 solum
1528 4196 1584 4278 qui
1601 4214 1657 4277 per
1672 4195 1809 4259 alienam
1825 4196 1969 4275 graditur

428 4293 650 4359 observatione
659 4292 853 4374 justitiae.l)e
869 4293 928 4355 hoc
943 4294 1172 4375 loquiturl'ho
1228 4305 1354 4373 terram,
1373 4297 1429 4359 sed
1452 4296 1528 4359 item
1548 4294 1605 4378 qui
1626 4294 1659 4356 in
1680 4294 1785 4357 aliena
1801 4304 1882 4357 terra
1903 4312 1970 4357 mo-

430 4412 497 4455 mas
520 4392 553 4453 in
576 4391 713 4455 secunda
737 4392 893 4467 secunde,
909 4392 1088 4473 quaestione
1105 4394 1167 4455 71:
1227 4405 1324 4472 ratur,
1351 4395 1527 4478 presertim
1550 4393 1624 4475 quia
1649 4392 1864 4473 subjungitur,
1889 4392 1967 4466 Quia

431 4491 611 4554 Secundum
626 4489 849 4571 Augustinum,
873 4488 968 4571 judex
991 4508 1054 4553 non
1077 4491 1172 4555 debet
1226 4503 1257 4558 et
1272 4494 1335 4576 ipsi
1357 4492 1515 4575 peregrini
1537 4491 1644 4554 fuistis
1667 4491 1699 4554 in
1722 4500 1804 4553 terre
1819 4490 1965 4573 AEgypti:

432 4591 569 4656 vendere
583 4590 704 4670 justum
719 4588 886 4670 judicium,
904 4607 963 4651 nec
977 4589 1068 4653 testis
1085 4592 1173 4653 testi·
1227 4594 1259 4656 in
1276 4612 1340 4674 qua
1354 4600 1475 4655 certum
1491 4599 1540 4653 est
1554 4609 1619 4669 eos,
1637 4590 1754 4671 quibus
1769 4590 1829 4652 ista
1844 4590 1967 4653 locutus

432 4689 574 4753 monium
596 4707 717 4753 verum.
739 4688 916 4751 Advocatus
941 4696 1044 4751 tamen
1070 4698 1174 4771 potest
1227 4701 1275 4755 est
1289 4692 1419 4773 Moyses,
1436 4690 1491 4751 diu
1507 4690 1540 4750 in
1555 4690 1689 4771 AEgypto
1704 4689 1868 4751 mansisse.

431 4790 568 4853 vendere
584 4786 795 4871 patrocinium
811 4805 914 4848 suum.
932 4786 1008 4848 Nam
1025 4790 1172 4868 quamvis
1267 4794 1332 4852 Sea
1347 4792 1445 4850 annis
1463 4790 1637 4849 seminabis
1656 4800 1775 4849 terram
1792 4797 1882 4848 taam
1896 4805 1970 4869 pro·

431 4886 564 4949 scientia
583 4886 663 4967 juris
689 4886 731 4947 sit
756 4886 875 4948 bonum
901 4883 1076 4966 spirituale,
1095 4896 1174 4951 atta·
1228 4889 1298 4971 pria
1322 4907 1429 4964 manu,
1447 4886 1515 4948 sive
1539 4905 1597 4968 per
1621 4886 1767 4962 alterum,
1791 4895 1820 4946 et
1844 4905 1971 4963 conpre-

432 5005 504 5049 men
520 5004 595 5047 usus
617 4984 687 5065 ejus
713 4984 752 5045 lit
771 5001 867 5064 opere
888 4983 1057 5065 corporali.
1073 4985 1172 5050 ludex
1223 4990 1316 5067 pacis
1330 4988 1442 5063 frcpes
1455 4987 1526 5063 ejus
1550 4994 1692 5067 tempore
1715 4985 1827 5048 messis
1848 4984 1882 5046 in
1897 4984 1970 5046 hor-

430 5092 536 5147 autem
552 5093 584 5146 et
599 5091 694 5145 testes
709 5090 784 5144 sunt
794 5100 938 5163 personae
948 5082 1075 5163 utrique
1091 5084 1172 5165 parti
1228 5105 1291 5149 rea.
1304 5088 1400 5147 Anno
1415 5093 1523 5144 autem
1537 5087 1669 5162 septimo
1685 5086 1828 5146 dimittes
1841 5104 1926 5151 cam,
1937 5092 1970 5142 et

430 5199 640 5246 communes:
659 5180 777 5243 idcireo
793 5180 955 5261 judicibus
972 5188 1045 5241 sunt
1061 5182 1101 5245 de
1115 5202 1173 5265 pu·
1227 5186 1418 5264 requiescere
1439 5184 1550 5260 facies,
1568 5193 1605 5243 ut
1624 5185 1789 5243 concedant
1809 5200 1968 5260 pauperes

430 5282 514 5346 blico
530 5279 688 5363 stipendia
708 5278 826 5359 laboris
847 5285 983 5353 statuta3
1000 5286 1098 5343 testes
1115 5300 1170 5344 au·
1223 5284 1341 5362 populi
1361 5283 1423 5352 tati,
1438 5292 1467 5343 et
1486 5283 1650 5361 quidquid
1668 5284 1831 5362 reliquam
1850 5282 1965 5359 sumt,
