4309 6259
438 456 476 521 tt
833 468 1006 518 mmmrro
1027 470 1059 515 rs
1079 468 1149 515 car.
1171 468 1226 515 m
1247 468 1349 515 noar.
1370 490 1411 500 -
1430 471 1503 516 mr.
1525 472 1588 517 mr

435 662 505 707 eam
529 642 561 707 in
583 644 763 725 conjugem,
781 662 840 706 nec
861 650 975 725 sponte
991 640 1177 704 voluiieam
1192 636 1342 717 Atatem,
1358 646 1510 703 occiderit
1528 646 1717 721 proximum
1740 664 1848 713 surim,
1866 652 1897 701 et
1917 662 1977 719 per

434 742 612 815 dimittere3
630 744 812 820 egredictur
830 742 936 818 pratis
953 742 1068 820 abrqee
1080 760 1179 817 pecu
1232 743 1384 813 insidias,
1399 751 1511 804 contra
1530 741 1688 823 justitiam
1708 750 1740 803 et
1764 740 1909 803 ordinem
1928 741 1977 821 ju-

432 842 503 911 nia,
521 840 628 917 idest,
649 839 755 923 puella
777 838 877 902 libere
901 848 1004 921 potest
1030 838 1178 900 recedere
1234 838 1295 913 ris3
1312 843 1353 899 ab
1366 843 1469 901 altari
1487 861 1555 900 mco
1568 844 1686 900 avelles
1705 862 1792 909 curri,
1807 850 1844 899 ut
1860 842 1976 899 morie

431 938 527 1001 etiam
542 946 617 1001 aute
631 938 802 1021 septimum
817 954 1021 1012 anuum,non
1037 936 1112 999 dato
1125 936 1180 998 ali
1233 947 1288 998 rur
1297 957 1309 999 .·
1323 938 1368 1000 ita
1381 940 1467 1020 quod
1484 958 1543 1001 nec
1558 938 1592 1000 in
1608 937 1813 1001 tabernaculo
1828 956 1931 1018 neque
1941 937 1974 998 in

430 1054 495 1119 quo
511 1036 614 1119 pretio
634 1054 693 1118 pro
715 1056 773 1099 sua
795 1034 1016 1117 redemptione
1038 1054 1057 1097 a
1078 1034 1178 1097 servi·
1232 1036 1352 1118 templo
1368 1035 1429 1098 luit
1445 1045 1575 1099 tutatus.
1586 1038 1718 1117 Propter
1728 1037 1813 1118 quod
1828 1045 1976 1099 versutus

432 1142 509 1199 tute.
1231 1143 1263 1196 ct
1281 1134 1397 1197 artifex
1412 1135 1573 1199 homicida
1590 1135 1678 1211 Joab,
1697 1134 1759 1196 luit
1772 1134 1862 1215 juxta
1875 1154 1975 1197 cornu

469 1234 559 1297 Circa
579 1232 637 1297 boc
654 1240 846 1315 preceptum
863 1232 975 1295 scribit
990 1232 1126 1294 Thomas
1142 1232 1176 1293 in
1230 1231 1339 1295 altaris
1353 1234 1647 1315 occisus‚quoniam
1664 1234 1744 1296 duos
1760 1233 1847 1297 siros
1861 1252 1896 1294 sc
1911 1251 1976 1294 me-

430 1332 533 1415 prima
552 1332 710 1408 secunde,
727 1330 904 1413 questione
925 1330 982 1392 l05
1000 1348 1007 1391 :
1025 1330 1088 1393 Lex
1109 1348 1177 1412 per·
1231 1329 1327 1394 liores
1352 1332 1396 1393 ita
1417 1332 1588 1395 occiderat.
1603 1332 1703 1395 tudaei
1720 1332 1752 1393 iu
1777 1331 1838 1394 boc
1860 1350 1976 1413 prece

430 1431 518 1493 misit
532 1431 618 1513 quod
633 1438 819 1513 paupertate
834 1438 967 1509 cogente
987 1428 1105 1510 aliquis
1121 1429 1178 1491 lle-
1231 1438 1301 1511 pto,
1328 1451 1386 1512 pcr
1413 1431 1609 1507 Proximum,
1637 1430 1823 1511 intelligunt
1846 1430 1975 1492 natione

430 1528 533 1593 bracus
557 1528 661 1591 lilium
687 1546 780 1591 suum
805 1536 859 1591 aut
885 1526 986 1591 iiliam
1013 1527 1174 1591 venderet.
1230 1528 1406 1605 Hebraeum,
1425 1530 1469 1592 ita
1484 1530 1569 1612 quod
1592 1530 1643 1592 lex
1658 1529 1719 1591 ista
1745 1548 1809 1592 non
1835 1528 1978 1591 serraba-

431 1628 495 1691 lmo
519 1646 575 1711 per
602 1627 686 1691 huuc
711 1627 841 1690 modum
868 1635 991 1709 poterat
1010 1646 1043 1689 sc
1070 1626 1175 1709 ipsum
1231 1635 1294 1703 tur,
1305 1627 1333 1688 si
1343 1628 1493 1691 llebraeus
1508 1627 1723 1692 interfecisset
1739 1628 1892 1691 insidiose
1902 1644 1976 1707 grn-

430 1726 584 1803 vendere,
613 1725 644 1789 in
675 1726 908 1789 mercenarium
936 1734 1042 1788 tamen
1069 1726 1176 1807 potius
1232 1726 1332 1788 tilem.

430 1844 526 1908 quam
547 1826 579 1887 in
603 1843 740 1900 servum,
760 1824 836 1906 quia
850 1824 999 1887 Hebraeus
1021 1842 1085 1888 non
1102 1828 1214 1889 ven-B
1273 1828 1336 1893 Qui
1349 1827 1484 1903 serabis
1501 1827 1605 1903 fuerit
1625 1828 1799 1897 bominem,
1816 1824 1974 1887 abducen-

431 1923 565 1987 drbatur
580 1924 612 1985 in
628 1923 814 1986 servitutem
831 1932 1028 2005 perpetuam.
1038 1922 1129 1986 Unde
1141 1922 1175 1984 iu
1230 1924 1271 1985 do
1286 1943 1360 1986 cum
1375 1923 1459 1987 clam
1474 1934 1530 1987 aut
1548 1922 1769 2008 fraudulenter
1783 1944 1802 1986 a
1823 1923 1972 2006 propriis,

304 2029 356 2075 tes.
367 2044 416 2083 nv.
431 2021 571 2085 lievitico
586 2022 721 2087 hebetur
738 2038 746 2082 ί
769 2020 800 2083 si
824 2028 1010 2103 paupertate
1033 2020 1176 2103 eompul·
1229 2033 1259 2083 et
1276 2026 1457 2084 vendiderit
1470 2044 1557 2093 eum,
1571 2025 1736 2083 convictus
1756 2043 1863 2093 new,
1880 2022 1912 2084 id
1926 2030 1975 2085 est

285 2096 318 2147 ³⁹¹
329 2097 363 2139 ω’
431 2140 495 2197 sus,
510 2118 688 2183 vendiderit
703 2138 736 2181 se
753 2117 811 2181 tibi
828 2117 925 2181 irater
942 2127 1026 2195 tuus,
1040 2138 1104 2183 uon
1120 2137 1175 2201 op
1229 2122 1365 2185 crimine
1379 2122 1449 2202 ejus
1465 2122 1623 2203 patelacto
1643 2131 1740 2202 atque
1755 2121 1900 2203 probate,
1917 2140 1974 2183 seu

431 2218 548 2303 primas
563 2238 635 2281 euru
653 2217 805 2281 servitute
822 2217 1088 2295 lamulorum‚sed
1099 2237 1175 2301 qua·
1228 2219 1322 2282 aliter
1338 2221 1566 2297 innotescente,
1585 2231 1683 2281 morte
1697 2220 1974 2284 metaturum

429 2318 455 2381 si
472 2317 687 2381 mercenarius
704 2324 735 2379 ct
750 2315 883 2379 colonus
899 2316 970 2379 crit.
1227 2320 1313 2399 quod
1338 2320 1450 2383 dicunt
1473 2320 1667 2403 expositores
1695 2319 1860 2395 catholici,
1887 2319 1972 2381 istud

469 2416 650 2499 Sequuntur
664 2414 726 2479 alia
744 2422 902 2497 precepta
916 2414 1093 2496 judicialia.
1108 2418 1173 2485 Qut
1228 2415 1328 2481 luisse
1343 2418 1586 2499 intelligendum
1600 2420 1730 2500 quando
1750 2418 1893 2483 venditio
1913 2417 1973 2480 luit

423 2516 618 2595 percusserit
633 2516 795 2575 korniecm
811 2516 917 2574 coleres
932 2516 1083 2575 occidere.
1101 2513 1173 2577 Per·
1228 2526 1335 2580 secute
1350 2516 1484 2595 lurtum,
1500 2518 1546 2580 ita
1559 2518 1645 2599 quod
1661 2537 1719 2598 pro
1734 2518 1802 2581 sole
1818 2515 1904 2581 furto
1917 2517 1973 2581 ho-

427 2614 533 2678 cussio
549 2612 581 2676 in
598 2610 769 2695 Scripturis
785 2610 901 2674 veteris
916 2612 1109 2675 Testamenti
1123 2632 1172 2677 ac·
1226 2616 1324 2679 minis
1349 2636 1413 2681 non
1438 2616 1500 2679 luit
1526 2636 1613 2680 mors
1641 2616 1829 2697 infligenda,
1858 2624 1968 2699 utpote

427 2712 491 2797 cipi
514 2713 594 2777 solet
619 2730 676 2795 pro
695 2710 866 2789 occisione,
893 2711 988 2773 etita
1009 2730 1095 2775 uuuc
1119 2733 1171 2775 su·
1225 2716 1353 2797 quando
1374 2716 1470 2778 homo
1496 2714 1581 2778 furto
1606 2714 1762 2793 sublatus,
1787 2714 1970 2778 invenieba-

428 2812 548 2875 mitur:
567 2819 602 2875 ut
626 2810 667 2873 sit
692 2828 815 2886 sensus,
833 2809 891 2883 Qut
917 2810 1027 2874 voleus
1053 2831 1110 2875 seu
1131 2832 1171 2875 ex
1227 2822 1277 2876 tur
1298 2823 1469 2895 antequam
1494 2813 1702 2891 vendebatur,
1729 2815 1772 2877 ita
1797 2814 1882 2897 quod
1905 2830 1970 2896 pte

425 2910 590 2995 proposito
606 2908 801 2973 interfecerit
816 2908 956 2991 aliquem
972 2910 1093 2992 injuste
1113 2930 1169 2974 scu
1226 2931 1267 2975 ua
1288 2912 1367 2975 iuris
1388 2921 1464 2975 tunc
1485 2911 1547 2975 luit
1566 2913 1697 2976 reddere
1717 2914 1797 2977 duos
1820 2912 1967 2977 homines

424 3018 534 3075 eontra
550 3016 754 3093 preceptum,
773 3018 872 3070 morte
887 3012 1059 3083 moriatur,
1074 3010 1106 3073 id
1122 3019 1170 3073 est
1187 3009 1209 3073 C
1224 3012 1264 3074 ad
1279 3011 1483 3075 serviendum
1504 3029 1562 3092 pro
1584 3030 1648 3074 uno
1674 3010 1785 3073 furtim
1806 3012 1967 3074 subtracto

422 3110 596 3185 occidatur,
612 3107 688 3190 quia
708 3106 907 3190 propinquus
929 3108 1026 3172 occisi
1044 3119 1168 3192 poterat
1224 3111 1372 3193 quamvis
1393 3110 1525 3173 invento
1542 3131 1549 3174 z
1567 3110 1641 3192 quia
1664 3110 1809 3192 sequenti
1830 3110 1967 3173 babetur
1986 3130 2059 3174 exau
2058 3148 2122 3183 ,,,,,,

422 3228 495 3272 curu
509 3206 667 3291 jugulare,
681 3205 805 3286 judices
820 3225 959 3289 quoquc.
979 3211 1043 3278 Qui
1057 3220 1164 3271 auem
1223 3209 1371 3292 capitulo,
1384 3208 1521 3291 qualiter
1536 3228 1594 3291 pro
1609 3209 1743 3271 aliarum
1758 3228 1864 3272 rerum
1881 3207 1965 3273 lurto
1978 3195 2001 3237 ⁴·

421 3328 486 3370 nors
501 3316 545 3369 est
565 3308 595 3367 ci
610 3306 799 3375 instetutus,
818 3304 849 3367 id
870 3313 928 3383 est,
947 3306 1002 3390 qui
1024 3307 1167 3372 nonfuit
1224 3307 1455 3372 restituendum
1472 3307 1513 3370 sit
1528 3307 1672 3389 duplum.
1689 3307 1796 3389 Aliqui
1810 3326 1886 3372 vero
1908 3309 1966 3371 lle·

422 3405 572 3469 inimicus
587 3402 695 3479 occisi,
715 3421 773 3465 noc
789 3422 826 3467 ex
842 3404 1006 3486 proposito
1027 3426 1099 3470 eum
1117 3426 1167 3471 oc·
1223 3406 1299 3470 braei
1315 3408 1436 3485 dicunt,
1454 3407 1539 3487 quod
1559 3423 1616 3488 pro
1632 3406 1700 3470 solo
1720 3405 1860 3469 hominis
1880 3405 1966 3470 iurto

421 3504 516 3581 cidit;
537 3506 592 3565 scd
612 3506 695 3565 Deus
715 3503 811 3563 illem
830 3506 969 3565 tradidit
990 3506 1027 3567 ie
1049 3528 1167 3569 martes
1222 3524 1308 3569 mors
1323 3504 1541 3585 infligebatur,
1558 3512 1688 3586 propter
1703 3504 1896 3569 homiliisad
1911 3506 1966 3568 Dei

419 3604 500 3681 rpus,
518 3602 623 3677 idest,
643 3600 724 3664 Deus
739 3600 865 3664 occulta
880 3602 1030 3683 equitate
1051 3606 1166 3686 permi-
1224 3606 1394 3685 imaginem
1416 3603 1492 3667 laeti
1513 3602 1724 3666 nobilitatem,

420 3702 549 3765 situum
570 3698 672 3763 occidi
693 3718 845 3763 excausa
866 3700 958 3763 nobis
985 3693 1093 3783 ignota
1118 3724 1166 3767 ce·
1263 3706 1327 3773 Qui
1342 3704 1535 3781 percusserit
1552 3712 1680 3778 patrem
1703 3723 1801 3763 suem
1826 3714 1885 3764 aut
1899 3725 1965 3765 rna·

419 3800 551 3865 usualiter
574 3808 605 3862 et
625 3798 694 3861 sine
713 3796 888 3862 occidentis
914 3798 1102 3865 intentione.
1121 3803 1166 3866 lta
1223 3798 1353 3870 tremus
1370 3805 1418 3861 est
1433 3817 1532 3860 unum
1548 3816 1658 3861 eorum
1673 3808 1728 3861 aut
1742 3798 1967 3873 ambosmerte

419 3898 549 3983 exponit
564 3898 683 3975 Glossa,
702 3916 738 3961 ac
759 3896 867 3961 ceteri.
885 3898 942 3961 Per
957 3901 1042 3981 quod
1064 3910 1162 3984 patet,
1221 3900 1393 3959 meriatur.
1410 3898 1495 3961 Istud
1511 3899 1686 3961 secuudum
1701 3899 1846 3962 doctores
1860 3900 1966 3963 cathe

418 4000 503 4081 quod
520 3997 594 4061 talia
609 3996 748 4060 casualia
763 4004 794 4058 ct
816 3994 989 4079 improvisa
1005 4000 1160 4081 pericula,
1221 3995 1299 4060 licos
1315 4004 1345 4060 et
1361 3996 1507 4059 Hebraeos
1524 3996 1766 4075 intelligendum
1782 4006 1909 4062 estnon
1925 3999 1965 4061 de

419 4118 482 4163 uon
504 4095 587 4159 liunt
607 4094 676 4158 sinc
693 4092 746 4157 ilci
767 4094 988 4177 permissione,
1007 4117 1067 4161 nec
1094 4099 1164 4164 sine
1221 4095 1426 4177 percussione
1442 4095 1515 4171 levi,
1528 4095 1582 4157 sed
1597 4095 1698 4175 gravi,
1712 4114 1750 4158 ex
1764 4115 1827 4177 qua
1842 4096 1965 4160 scilicet

419 4194 601 4261 rationabili
629 4212 734 4271 causa,
759 4210 857 4275 quum
876 4193 955 4257 Deus
980 4197 1163 4263 moderator
1180 4198 1204 4260 D
1220 4194 1364 4275 sequitur
1383 4194 1464 4257 livor
1486 4194 1554 4258 sive
1577 4192 1696 4257 eliusio
1716 4195 1892 4275 sauguinis,
1910 4204 1964 4259 aut

419 4304 515 4379 atquc
545 4292 690 4377 provisor
718 4300 845 4359 actuum
871 4291 1083 4359 bumanorum
1109 4297 1165 4360 illa
1221 4291 1283 4355 tale
1306 4292 1449 4374 aliquid3
1466 4301 1498 4355 ct
1520 4292 1547 4353 si
1569 4310 1607 4355 ex
1629 4293 1791 4375 proposito
1814 4292 1883 4371 liat,
1901 4295 1962 4357 nisi

289 4418 407 4475 unqua
422 4392 588 4480 permittit.
608 4392 807 4455 constituam
828 4392 887 4451 tibi
904 4394 1006 4454 torum
1028 4396 1064 4455 ie
1080 4400 1164 4476 quo*
1221 4391 1303 4456 forte
1317 4390 1390 4473 quis
1412 4391 1513 4454 levem
1535 4400 1702 4473 parentum
1723 4394 1961 4475 percussionem

420 4496 532 4573 super
556 4492 675 4553 debeat.
693 4490 768 4553 Nam
790 4496 862 4572 post
882 4488 948 4553 bec
970 4491 1066 4555 vcrba
1081 4495 1163 4559 Deus
1221 4491 1254 4552 in
1276 4488 1538 4554 consuetudinem
1563 4490 1667 4552 ducat.
1685 4490 1743 4553 Pro
1768 4490 1831 4555 levi
1856 4500 1961 4556 autem

274 4614 406 4667 numum.
422 4590 582 4659 ordinarit
605 4588 749 4654 civitates
780 4586 906 4669 refugii,
928 4589 967 4651 ad
988 4610 1068 4672 quas
1090 4612 1166 4657 con·
1220 4598 1251 4653 et
1267 4607 1331 4651 nou
1346 4588 1610 4652 cousuetudinata
1625 4588 1767 4671 ipsorum
1784 4592 1961 4673 percussio-

273 4680 358 4787 iffi„
376 4754 396 4785 u
422 4692 572 4775 iugorunt
587 4686 770 4769 hujusmodi
794 4705 857 4750 nou
879 4688 1044 4769 spontanei
1066 4690 1166 4755 homi·
1220 4708 1272 4765 ne,
1289 4687 1394 4751 minor
1416 4693 1517 4750 morte
1541 4686 1717 4767 infligenda
1732 4693 1783 4751 est
1795 4708 1901 4771 poena,
1918 4698 1961 4753 at·

273 4808 355 4857 uu.
399 4774 509 4864 'cide
531 4796 562 4851 ct
587 4795 677 4851 crant
703 4784 735 4849 ln
757 4784 889 4849 urbibus
910 4784 976 4849 illis
997 4806 1099 4870 usquc
1124 4793 1164 4855 ad
1219 4796 1325 4850 tamen
1345 4803 1471 4867 magua,
1493 4804 1591 4867 quum
1613 4785 1892 4851 sceleratissimum
1913 4788 1960 4851 iu-

273 4872 403 4987 *sperum
420 4896 553 4953 mortum
580 4884 695 4949 summi
722 4883 895 4967 pontilicis,
922 4885 970 4948 rel
996 4905 1163 4970 quousque
1217 4885 1498 4967 gratissimumque
1521 4884 1688 4962 consistat,
1716 4903 1769 4948 eos
1794 4895 1959 4968 percutere

420 4984 615 5052 reconciliati
637 4982 765 5047 luerunt
785 4983 974 5066 propinquis
990 4984 1101 5049 occisi.
1120 4987 1163 5051 lle
1217 4980 1373 5065 aquibus
1396 4990 1526 5064 accepta
1547 4992 1596 5045 est
1614 4981 1691 5060 vita,
1708 4991 1741 5046 et
1761 4984 1878 5065 quibus
1894 4994 1961 5049 tau-

419 5083 537 5167 quibus
553 5080 736 5147 civitatibus
751 5080 854 5163 egitur
871 5080 904 5143 iu
920 5080 1164 5159 Numeris,llcu-
1219 5091 1250 5147 ta
1280 5080 1455 5144 reverentia
1480 5080 1613 5143 debetur
1637 5089 1669 5143 et
1692 5081 1863 5162 gratitudo.
1896 5088 1961 5154 Qui

418 5180 875 5262 toronorniouttosuust·que
882 5200 941 5259 prr
951 5183 1163 5256 industriam,
1218 5182 1423 5243 rnelcdioeerit
1439 5183 1533 5259 petri
1557 5201 1614 5241 sue
1639 5192 1697 5242 aut
1721 5184 1834 5255 reatri,
1860 5192 1960 5244 morte

419 5280 450 5347 id
476 5288 524 5347 cst
549 5298 606 5366 por
631 5298 761 5365 pravam
789 5287 820 5343 ct
840 5278 1011 5361 pessimam
1039 5280 1164 5345 callidi·
1217 5281 1390 5343 meriatur.
1406 5278 1486 5361 Lyra
1505 5278 1583 5342 dicit
1598 5279 1658 5344 boc
1674 5298 1739 5343 nou
1754 5298 1824 5344 esse
1844 5281 1960 5344 intelli·
