4309 6259
66 2950 139 2995 Ezeeh.

45 3026 89 3064 rmr,
101 3018 130 3057 ro.

55 3076 101 3119 llid.
110 3082 128 3127 t,
138 3084 158 3122 t.

54 3140 92 3181 lar.
105 3156 158 3193 srnr,

44 3203 70 3243 ld.

45 3442 110 3486 ihren.
117 3448 157 3495 rJ.

58 3640 115 3685 tane
123 3658 155 3694 ru,

44 3706 68 3749 ll,
81 3708 108 3747 li..

72 4132 133 4178 ama

50 4208 106 4246 usn,
120 4201 138 4241 7.

608 478 781 539 annonario
804 491 833 535 m
856 490 924 536 aar.
948 488 990 535 xx
1013 490 1113 535 arom.
1137 512 1176 523 -
1198 492 1269 539 nur.
1293 495 1331 539 ιιι
1718 481 1737 541 3

186 666 339 744 dignatur
354 666 384 729 si
399 676 431 729 et
446 666 527 728 alter
543 684 612 728 eam
629 664 766 738 accedat,
780 662 855 743 quia
872 679 935 724 non
952 660 976 721 Α
992 681 1088 743 poena
1109 682 1167 744 pro
1190 665 1321 745 proprio
1342 675 1471 747 peccato
1492 668 1662 747 infligitur,
1688 670 1737 732 Se-

186 763 282 827 hahet
297 766 339 827 ad
356 764 446 826 illam
462 782 603 826 amorem
620 761 799 843 zelotypum
815 760 871 841 qui
887 778 938 823 so·

185 863 271 925 cium
295 872 327 925 et
349 863 654 927 communicatorem
677 860 825 922 excludit.
849 858 936 921 Unde

184 961 302 1024 zelotes
329 981 387 1024 seu
411 962 530 1025 zelator
555 979 640 1023 nunc
664 958 853 1041 appellatur,
879 956 934 1038 qui

185 1059 230 1122 sic
253 1060 325 1123 vult
347 1060 436 1124 solus
457 1060 578 1135 amari,¹
595 1059 639 1121 ita
662 1067 698 1119 ut
721 1056 801 1119 nihil
827 1074 934 1118 secum

183 1168 319 1237 ametur,
348 1159 382 1221 in
407 1160 646 1239 derogationem
670 1164 725 1220 aut
750 1154 935 1218 minoratio-

184 1276 257 1319 nem
278 1258 330 1319 sui
351 1258 481 1322 amoris.
500 1258 551 1321 Sic
571 1256 669 1337 igitur
689 1253 834 1338 praecipit
850 1253 933 1315 Deus

182 1374 217 1419 se
240 1356 305 1420 coli
331 1365 362 1419 et
385 1356 549 1433 honorari,
573 1363 608 1418 ut
631 1355 660 1417 ei
683 1354 845 1416 dumtaxat
868 1359 933 1414 tota

182 1464 290 1517 mento
310 1456 541 1531 adhaereamus,
560 1453 747 1529 serviamus,
765 1459 860 1532 atque
880 1470 933 1513 va-

180 1572 303 1632 cemus,
317 1562 348 1616 et
364 1553 488 1617 nonsit
502 1553 611 1616 anima
627 1560 734 1615 nostra
750 1552 930 1613 daemonum

179 1660 234 1713 aut
257 1652 428 1729 idolorum,
446 1652 665 1714 alienorumve
688 1650 820 1712 deornm
842 1646 932 1710 adul-

181 1758 259 1827 tera,
277 1751 332 1813 sed
349 1750 403 1813 Dei
420 1749 623 1813 solummodo
639 1767 767 1830 sponsa.

991 762 1110 836 cundo,
1137 763 1357 825 consideratur
1381 783 1490 846 prena,
1518 773 1552 827 ut
1576 767 1736 830 medicina

991 860 1124 941 peceati,
1143 879 1206 923 non
1223 862 1326 925 solum
1342 864 1484 925 curative
1500 865 1661 946 praeteriti,
1679 867 1734 928 sed

990 958 1087 1021 otiam
1112 962 1337 1040 praeservativa
1361 961 1473 1039 luturi,
1500 965 1735 1028 conservativa-

989 1078 1052 1139 quo
1077 1058 1154 1121 boni
1178 1076 1185 1120 :
1213 1067 1244 1121 et
1269 1060 1314 1122 sic
1339 1060 1439 1141 aliqui
1464 1063 1640 1144 puniuntur
1665 1065 1734 1127 siue

989 1156 1120 1239 propria
1145 1157 1249 1240 culpa,
1276 1159 1420 1221 sednon
1449 1160 1519 1223 sine
1544 1181 1648 1224 causa.
1676 1163 1733 1225 Per

987 1254 1179 1318 medicinam
1200 1264 1305 1317 autom
1327 1265 1459 1319 nonest
1480 1258 1731 1323 subtrahendum

987 1354 1092 1434 majus
1118 1354 1249 1429 bonum,
1276 1361 1310 1415 ut
1336 1354 1444 1416 minus
1469 1355 1590 1418 bonum
1609 1357 1754 1420 obtine.

987 1459 1069 1527 atur,
1098 1452 1152 1514 sed
1176 1469 1360 1515 econverso.
1387 1454 1466 1516 Hine
1490 1454 1589 1536 aliqui
1612 1457 1732 1537 absquo

987 1550 1117 1632 propria
1136 1551 1231 1632 eulpa
1250 1551 1284 1612 in
1305 1552 1535 1634 temporalibus
1555 1555 1733 1635 puniuntur

987 1666 1043 1729 per
1068 1649 1184 1711 damna
1211 1658 1266 1712 aut
1291 1650 1509 1729 infirmitates,
1537 1662 1572 1714 ut
1596 1654 1733 1734 proben-

985 1754 1047 1823 tur,
1072 1747 1291 1825 humilientur,
1316 1758 1370 1812 aut
1391 1750 1455 1813 alio
1477 1751 1572 1814 modo
1596 1751 1729 1833 gratiam

228 1852 371 1911 Visitans
391 1851 601 1929 iniquitatem
617 1858 753 1925 patrum
774 1849 810 1907 tn
827 1846 926 1923 filios,
950 1846 1168 1924 Bsortiantur,
1193 1848 1301 1929 sicque
1328 1852 1360 1911 iu
1385 1850 1608 1930 spiritualibus
1632 1849 1728 1913 bouis

179 1950 214 2009 in
240 1951 373 2010 tertiam
391 1958 421 2008 et
440 1957 594 2028 quartam
614 1946 855 2024 generationem
879 1963 927 2002 eo-

176 2066 253 2107 rum
269 2050 329 2127 qui
343 2050 482 2108 oderunt
497 2066 557 2107 nte.
574 2045 643 2108 Non
658 2043 803 2107 absolute
818 2042 874 2119 ait,
893 2041 926 2102 in

177 2145 305 2207 tertiam
322 2153 353 2208 et
369 2153 516 2227 quartam
530 2142 787 2223 generationem3
806 2141 861 2203 sed
877 2140 928 2202 ad-

175 2243 235 2319 dit,
251 2243 370 2307 Eorum
390 2243 447 2325 qui
464 2243 600 2305 oderunt
620 2260 681 2303 me.
700 2240 927 2303 Verumtamen

175 2341 298 2405 additio
314 2341 512 2419 ista‚b'0rum
528 2340 584 2422 qni
600 2341 737 2403 oderunt
753 2357 813 2415 me,
825 2344 928 2420 potest

175 2437 290 2502 referri
310 2441 350 2503 ad
374 2440 406 2502 id
430 2440 514 2521 quod
534 2438 624 2515 dixit,
648 2437 851 2519 Iniquitatom
873 2455 927 2518 pa-

176 2544 272 2616 trum,
285 2547 319 2601 et
333 2538 430 2601 etiam
447 2538 486 2600 ad
504 2526 672 2601 lilios.'Sed
689 2535 775 2597 istud
790 2534 925 2598 bonitati

174 2646 206 2699 ct
227 2637 373 2719 equitati
394 2636 451 2699 Dei
474 2636 627 2717 derogare
650 2634 787 2710 videtur,
808 2641 842 2695 ut
865 2634 927 2696 ini-

172 2736 331 2817 quitatem
342 2743 512 2819 parentum
529 2734 702 2797 ulciscatur
718 2733 751 2793 in
768 2732 923 2809 sobolem,

173 2834 353 2915 prasertim
374 2852 475 2915 quum
497 2851 554 2914 per
576 2830 774 2894 Ezechielem
799 2829 925 2893 loeutus

174 2935 215 2995 sit
240 2951 247 2995 :
271 2933 372 2995 Filius
395 2951 460 2996 nou
480 2931 622 3015 portabit
644 2929 846 3011 iniquitatem
870 2948 925 3011 pa-

983 1953 1138 2023 cresoant,
1154 1954 1208 2008 aut
1229 1947 1337 2027 aliquo
1360 1949 1454 2011 modo
1476 1949 1727 2012 misericordiam

984 2045 1406 2127 consequantur.Nunquam
1422 2056 1527 2110 tamen
1544 2048 1660 2129 aliquis
1672 2068 1729 2131 per

984 2142 1200 2223 spiritualium
1223 2144 1470 2207 subtractionem
1493 2145 1651 2209 bonorum
1675 2166 1731 2228 pu·

984 2240 1082 2316 nitur,
1100 2260 1158 2304 nec
1174 2241 1207 2303 iu
1223 2242 1287 2304 vita
1303 2244 1463 2324 presenti,
1483 2264 1587 2326 neque
1608 2245 1726 2323 lutura,

983 2339 1052 2401 sinc
1074 2340 1204 2421 propria
1227 2340 1332 2422 culpa.
1355 2342 1405 2405 Sic
1430 2360 1504 2422 ergo
1530 2344 1615 2406 servi
1640 2353 1671 2406 et
1693 2344 1729 2407 li-

983 2436 1018 2498 lii
1045 2438 1077 2499 in
1104 2439 1323 2519 corporalibus
1348 2441 1521 2522 aliquando
1547 2443 1725 2524 puniuntur

981 2545 1111 2618 propter
1122 2545 1289 2619 parantum
1304 2546 1359 2599 aut
1374 2538 1578 2602 dominorum
1595 2560 1726 2604 suorum

981 2642 1121 2717 peccata,
1129 2634 1162 2697 in
1173 2644 1329 2716 quantum
1340 2638 1514 2700 seeundum
1524 2658 1640 2721 corpus
1652 2649 1727 2701 sunt

979 2733 1102 2814 aliquid
1117 2752 1173 2796 seu
1189 2752 1239 2796 res
1255 2736 1400 2815 quaedam
1421 2736 1560 2815 illorum,
1579 2738 1623 2800 ita
1638 2739 1724 2820 quod

980 2840 1127 2914 parentes
1151 2852 1188 2895 ae
1211 2832 1334 2895 domini
1359 2834 1537 2915 puniuntur
1561 2836 1595 2898 in
1622 2836 1689 2900 illis
1714 2857 1721 2901 :

980 2932 1064 2993 unde
1086 2930 1120 2992 in
1142 2930 1384 2994 auctoritatibus
1409 2933 1537 3011 dicitur,
1561 2956 1662 3017 usqne
1684 2937 1724 2999 ad

174 3033 243 3095 tris.
266 3032 304 3093 Et
326 3051 384 3114 per
405 3032 554 3095 eumdem
574 3029 762 3111 Prophetam
783 3047 819 3091 ac
841 3029 960 3095 lere-tl
980 3030 1105 3092 tertiam
1134 3038 1166 3091 et
1192 3038 1339 3110 quartam
1365 3033 1618 3111 generationem,
1648 3036 1724 3117 quia

173 3132 273 3193 miam
283 3148 290 3193 :
300 3129 422 3206 Omnis,
436 3130 553 3211 inquit,
567 3130 623 3210 qui
639 3127 813 3191 comederit
829 3146 923 3189 uvam

173 3230 332 3307 acerbam,
350 3229 578 3310 obstupescent
593 3230 704 3291 dentes
720 3228 800 3309 ejus.
817 3226 923 3289 Nihilo

173 3328 281 3391 minus
301 3329 387 3391 idem
407 3328 559 3391 Jeremias
577 3326 693 3389 latetur
710 3326 744 3387 in
760 3324 894 3387 Thronis
913 3343 919 3387 :

172 3429 280 3491 Patres
295 3427 397 3492 nostri
415 3435 638 3509 peccaverunt,
655 3434 686 3488 et
702 3443 765 3488 non
782 3432 873 3501 suut;
891 3433 922 3486 et

173 3546 231 3591 uos
252 3526 441 3607 iniquitates
461 3544 571 3589 eorum
594 3524 802 3605 portavimus.
826 3522 864 3584 Et
887 3524 920 3586 in

170 3628 264 3691 Josue
286 3626 438 3705 leguntur
460 3624 522 3685 lilii
542 3623 637 3686 lsrael
663 3622 774 3702 lugati,
797 3630 827 3685 ot
849 3623 920 3705 qui-

170 3728 244 3789 dam
264 3743 377 3789 eorum
393 3722 492 3787 occisi
512 3730 587 3785 sunt
607 3730 736 3804 propter
753 3732 918 3803 peccatum

170 3826 291 3887 hohan.
309 3823 419 3904 ltaque
434 3822 520 3885 circa
534 3820 699 3883 materiam
717 3820 811 3883 istam
833 3821 921 3885 inve-

170 3925 305 3987 niuntur
321 3923 417 3985 variae
432 3920 635 3984 auctoritates
652 3919 832 4001 Scriptura,
850 3939 920 4001 quae

168 4022 232 4085 sibi
258 4022 399 4084 invicem
429 4019 618 4083 contrariari
647 4018 807 4081 videntur.
840 4020 917 4081 Nam

167 4131 198 4183 ct
214 4119 303 4182 inira
319 4119 447 4199 legitur,
465 4118 550 4200 quod
571 4136 655 4180 nunc
675 4118 708 4179 in
732 4125 817 4180 textu
835 4136 919 4181 asse-

167 4220 261 4283 ritur.

206 4318 270 4381 Sed
292 4315 440 4381 omnium
462 4315 577 4377 horum
599 4313 716 4378 solutio
736 4322 768 4377 et
788 4332 918 4378 concor-

163 4418 277 4480 dantia
299 4436 337 4479 ex
360 4414 454 4477 dietis
477 4420 564 4495 patet
585 4414 761 4476 doctorum.
785 4413 914 4496 Nempe,

163 4525 195 4579 ut
223 4514 339 4579 scribit
363 4513 394 4576 S.
419 4511 556 4576 Thomas
580 4512 614 4574 in
640 4512 780 4575 secunda
805 4531 917 4575 secuu-

159 4617 220 4691 dae,
240 4614 329 4696 quod
347 4620 378 4676 et
398 4632 437 4675 ex
456 4611 552 4674 dietis
571 4611 742 4673 Alexandri
763 4611 802 4673 de
821 4612 913 4675 Hales

159 4714 301 4777 hahetur
322 4730 330 4775 :
352 4712 448 4775 Poena
470 4718 573 4794 potest
592 4709 789 4773 considerari
810 4710 913 4791 dupli-

158 4815 242 4877 citer
260 4831 267 4873 :
286 4812 403 4888 Primo,
423 4810 455 4871 in
475 4818 630 4891 quantum
647 4826 752 4890 poena,
771 4816 803 4871 et
819 4818 912 4891 prout

159 4934 216 4997 per
234 4931 307 4975 eam
323 4918 488 4992 reparatur
501 4908 665 4989 aequalitas
680 4907 823 4989 justitia,
834 4908 909 4971 dum

159 5019 311 5095 paeemor
321 5008 379 5090 qui
390 5008 551 5089 peccando
563 5006 659 5068 nimis
670 5005 831 5087 acquievit
842 5024 912 5088 pro

159 5112 241 5194 prise
264 5106 423 5171 voluntati
450 5106 483 5167 in
505 5104 740 5185 derogationem
766 5104 909 5186 justitiae,

158 5210 286 5292 aliquid
312 5206 434 5289 patitur
454 5212 566 5267 contra
589 5223 678 5267 suam
702 5203 909 5279 voluntatem,

159 5309 192 5373 in
218 5306 327 5393 ipsius
347 5303 481 5386 justitia
506 5321 745 5385 recompensam
770 5319 777 5363 :
802 5301 911 5383 sieque

978 3146 1079 3209 usque
1098 3128 1137 3190 ad
1158 3135 1204 3191 tot
1223 3129 1444 3208 generationes
1466 3131 1575 3195 vivore
1590 3145 1723 3214 possunt

976 3233 1135 3308 parentes
1160 3227 1221 3289 Nec
1243 3227 1328 3289 istud
1355 3238 1509 3311 repugnat
1534 3231 1650 3295 divina
1672 3234 1725 3314 ju-

976 3326 1082 3403 stitiae,
1106 3326 1258 3407 quoniam
1279 3326 1361 3389 Deus
1381 3328 1441 3391 hoc
1464 3327 1569 3411 ipsum
1595 3332 1721 3395 ordinat

976 3424 1009 3487 in
1026 3425 1180 3507 ipsorum,
1189 3426 1235 3488 sic
1251 3426 1451 3507 patientium,
1464 3426 1595 3491 bonum.
1609 3432 1721 3496 Aucto-

975 3524 1084 3587 ritates
1103 3531 1209 3587 autem
1232 3532 1342 3587 contra
1363 3525 1431 3588 haeo
1451 3526 1604 3607 allegatas,
1628 3529 1721 3593 iutel-

974 3622 1117 3704 liguntur
1129 3623 1169 3686 de
1185 3622 1288 3704 poenis
1300 3624 1520 3705 spiritualibus
1533 3636 1564 3689 et
1579 3630 1717 3692 aeternis.

973 3722 1125 3784 Praeterea
1135 3721 1285 3801 Origenes
1299 3722 1395 3785 solvit
1409 3724 1620 3804 questionem
1636 3726 1718 3791 hanc

974 3820 1076 3897 aliter,
1099 3839 1156 3903 per
1178 3828 1282 3902 patres
1304 3821 1515 3901 peccantium,
1534 3824 1717 3905 intelligens

974 3920 1134 3981 daemones
1146 3927 1332 3994 tentatorem
1346 3938 1403 4000 per
1412 3922 1646 4001 generationes,
1655 3927 1717 4008 pri-

973 4038 1069 4095 mam,
1087 4018 1271 4095 secundam‚
1293 4018 1419 4080 tertiam
1439 4027 1471 4082 et
1490 4030 1646 4101 quartam,
1663 4044 1718 4088 cos

973 4118 1029 4197 qui
1045 4116 1189 4199 peccanti
1205 4125 1427 4197 cooperantur,
1438 4120 1718 4200 consentiuut‚aut

932 4218 958 4279 D
972 4214 1036 4278 alio
1052 4215 1146 4278 modo
1161 4214 1408 4278 communicant.

1012 4316 1055 4375 Et
1069 4316 1194 4391 faciens
1214 4315 1472 4376 miscricordiam
1487 4319 1523 4377 ira
1539 4321 1648 4382 millia
1664 4324 1715 4383 his

970 4415 1029 4493 qui
1049 4415 1196 4490 diligunt
1217 4433 1278 4483 mc,
1298 4423 1327 4473 et
1346 4417 1533 4477 custodiunt
1551 4432 1712 4498 precepta

970 4532 1041 4572 mea
1066 4529 1077 4572 :
1106 4510 1139 4572 id
1168 4518 1226 4588 est,
1255 4510 1355 4574 multo
1385 4512 1547 4593 copiosius
1576 4525 1608 4578 et
1639 4538 1712 4600 pro

970 4608 1091 4671 tensius
1116 4608 1268 4672 misereor
1289 4610 1426 4691 posteris
1450 4613 1625 4677 amantium
1649 4636 1711 4696 me,

967 4717 999 4771 et
1018 4707 1235 4771 obedientium
1261 4708 1352 4786 mihi,
1375 4710 1551 4790 praesertim
1576 4716 1713 4795 posteris

967 4806 1211 4888 praedestinatis.
1229 4807 1305 4869 Nam
1322 4816 1358 4869 ut
1377 4807 1422 4870 ait
1436 4809 1570 4874 lacobus
1589 4825 1713 4896 aposto

967 4905 1026 4983 lus,
1034 4905 1252 4987 Superexaltat
1266 4906 1485 4970 misericordia
1498 4909 1665 4991 judicium.
1675 4916 1712 4978 Et
1725 4924 1850 4976 laetatu

965 5003 1131 5067 Psalmista
1147 5022 1154 5066 :
1171 5004 1387 5069 Miserationes
1407 5006 1477 5087 ejus
1493 5015 1711 5090 superomnia
1727 5036 1855 5090 mauge,

965 5122 1062 5185 opera
1081 5104 1162 5184 ejus.
1175 5103 1402 5168 Verumtamen
1424 5106 1458 5168 iu
1478 5107 1537 5171 hac
1558 5129 1592 5173 re
1612 5120 1712 5177 atten-

965 5203 1040 5265 dere
1061 5221 1243 5284 possumus,
1255 5222 1352 5284 quam
1368 5204 1530 5270 mirabilia
1544 5217 1576 5270 et
1591 5210 1711 5275 incom-

966 5301 1197 5382 prehensibilia
1215 5302 1280 5364 sint
1297 5302 1419 5384 judicia
1433 5305 1500 5383 Dei,
1517 5307 1592 5388 quia
1610 5310 1708 5374 inter-
