4309 6259
513 510 688 558 mammo
708 512 740 557 m
761 512 829 558 usa.
851 511 937 558 xxm
957 511 1191 558 uauranonorm.
1212 531 1253 542 -
1273 512 1343 558 aar.
1366 510 1430 558 xxx
1681 492 1741 556 635

42 696 148 788 qam
119 709 173 746 uu·
190 681 253 761 qui
275 699 334 744 suo
349 681 473 745 incestu
478 681 646 765 ,privatus
667 680 755 744 luit
743 701 814 762 Jure
829 680 983 764 primori
1000 699 1072 744 men
1087 681 1153 757 ait,
1173 681 1208 743 ln
1228 682 1425 759 abscondito,
1447 682 1598 764 quoniam
1621 679 1741 762 Moyses

192 780 365 860 genitura,
373 782 490 845 etvilis
506 781 652 858 effeetus,
662 781 801 844 Zabulon
816 799 944 862 quoque
999 781 1093 845 scivit
1104 783 1188 862 quod
1205 780 1267 842 lilii
1280 781 1373 844 lsrael
1389 783 1428 844 ad
1439 791 1563 864 tempus
1574 801 1637 846 non
1651 783 1744 846 audo

193 879 331 942 ultimus
353 880 442 942 tilius
459 881 532 943 biae.
555 881 615 943 Sed
631 881 730 962 queri
754 888 867 962 potest,
888 899 945 942 eur
1000 890 1070 942 rant
1087 880 1298 943 idololatriam
1314 880 1597 962 publieeexercere
1601 891 1746 965 ‚propter

191 977 328 1041 altare'
317 998 443 1060 jussum
469 988 517 1042 est
538 979 640 1042 lieri'
632 998 666 1040 m
691 986 809 1054 monte,
828 979 861 1041 in
880 997 945 1060 quo
1001 980 1086 1060 quud
1109 980 1149 1042 ab
1165 979 1289 1042 occulta
1308 998 1436 1061 quoque
1456 979 1636 1043 idololatria
1657 1001 1746 1046 ravo

193 1078 427 1142 maledicentes
456 1079 537 1160 jussi
567 1087 642 1141 sunt
669 1085 761 1142 stare.
788 1078 880 1141 Forte
906 1079 943 1140 ad
1003 1086 1126 1140 eantur.
1143 1081 1188 1140 Et
1211 1081 1411 1156 respondebit
1427 1081 1532 1139 omnis
1548 1084 1702 1157 populus,
1717 1092 1747 1142 et

194 1179 444 1258 designandum,
466 1178 552 1260 quod
572 1177 759 1240 exsistentes
779 1177 838 1239 sub
864 1176 944 1257 lege,
1002 1179 1086 1237 dicet
1103 1199 1114 1236 .·
1129 1179 1246 1248 Amen,
1271 1177 1384 1252 idest,
1409 1195 1520 1241 verum
1543 1185 1602 1254 est,
1627 1178 1677 1241 vel
1700 1179 1747 1242 sic

78 1301 177 1334 rra-¹1¹.
194 1285 291 1339 orant
310 1277 370 1338 sub
391 1277 571 1354 maledieto,
589 1284 625 1338 ut
644 1276 688 1339 ait
704 1277 894 1358 Apostolus3
914 1284 946 1338 et
1003 1276 1071 1338 liat.

68 1383 72 1392 '
185 1377 286 1456 quod
312 1376 362 1438 lex
389 1375 444 1438 illa
468 1375 531 1437 suit
557 1376 607 1438 lex
631 1374 766 1452 timoris,
792 1375 946 1438 inducens
1042 1376 1143 1450 Quaeri
1160 1383 1339 1457 potest,cur
1354 1375 1475 1438 dictum
1491 1377 1533 1438 sit
1547 1378 1587 1440 de
1601 1397 1655 1442 sex
1671 1399 1748 1461 pro

196 1474 238 1535 ad
265 1473 470 1536 serviendum
497 1475 574 1550 Deo,
601 1473 702 1554 magis
728 1472 947 1536 comminatio
1004 1475 1078 1536 latis
1095 1474 1253 1552 tribubus,
1273 1476 1359 1555 quod
1375 1482 1496 1537 starent
1517 1475 1551 1538 in
1567 1487 1675 1542 monte
1689 1478 1747 1542 Ga-

198 1592 239 1634 ne
259 1581 356 1654 atque
382 1571 554 1634 formidine
580 1571 823 1653 suppliciorum,
851 1589 946 1652 quam
1003 1572 1095 1634 rizim
1118 1572 1157 1635 ad
1180 1572 1445 1650 benedicendum,
1463 1593 1561 1654 quum
1583 1575 1659 1657 ipsas
1682 1593 1746 1639 non

195 1688 306 1734 amore
331 1671 470 1734 coelestis
497 1669 717 1734 retributionis
737 1689 773 1733 ac
793 1671 860 1734 zelo
884 1671 947 1732 vir·
1002 1669 1184 1752 proterrent
1200 1671 1296 1733 verba
1319 1671 1563 1748 benedictionis,
1588 1692 1644 1735 nee
1671 1674 1748 1756 ipsa

198 1778 313 1832 tutum.
1002 1769 1078 1832 solae
1107 1770 1336 1850 responderent
1364 1771 1405 1832 ad
1432 1770 1528 1833 verba
1554 1772 1748 1836 benedictio

236 1871 280 1929 Et
292 1870 556 1945 pronuntiabunt
572 1870 704 1938 Lenitur,
720 1870 888 1947 diceretque
903 1871 946 1928 ad
964 1864 987 1925 B
1003 1866 1068 1944 nia,
1097 1867 1152 1929 sed
1177 1869 1282 1931 omnis
1307 1869 1445 1952 populus
1463 1894 1470 1944 3
1496 1869 1559 1932 imo
1583 1889 1682 1950 quum
1708 1871 1748 1933 de

195 1988 305 2028 omnes
333 1969 418 2027 uiros
444 1969 557 2027 Israel.
585 1965 617 2028 Si
643 1966 761 2030 Levitae
791 1973 946 2028 steterunt
1002 1966 1279 2030 benedictionibus
1305 1987 1368 2030 non
1392 1967 1450 2030 liat
1474 1967 1527 2031 hie
1550 1967 1671 2032 mentio
1693 1969 1748 2031 ali-

195 2086 271 2128 cum
288 2066 433 2146 quinque
450 2065 597 2127 tribubus
614 2064 766 2146 pretiatis,
784 2065 818 2126 in
838 2074 946 2128 monte
1002 2084 1075 2146 qua.
1094 2065 1150 2127 Hic
1171 2066 1231 2128 tria
1246 2075 1443 2148 quaeruntur,
1460 2069 1501 2129 ad
1520 2086 1656 2148 quorum
1678 2067 1748 2130 ulti-

197 2164 294 2227 Hebal
320 2165 361 2226 ad
387 2163 656 2239 benedicendum,
676 2163 835 2244 quomodo
862 2181 947 2226 nunc
1003 2183 1091 2226 mum
1108 2165 1212 2245 primo
1234 2165 1502 2246 respondendum,
1520 2166 1605 2247 quod
1619 2166 1748 2229 benedi-

196 2263 328 2338 dicitur,
346 2261 433 2343 quod
456 2260 713 2343 pronuntiabunt
728 2269 759 2324 et
778 2262 886 2324 dicent
907 2263 946 2324 ad
1003 2261 1125 2324 ctiones
1136 2261 1421 2342 subintelliguntur
1436 2281 1493 2344 per
1507 2262 1747 2326 maledictiones

197 2379 310 2425 omnes
326 2359 413 2422 viros
424 2359 518 2422 lsrael
529 2365 653 2421 excelse
664 2363 947 2429 commutationes
1003 2361 1190 2437 contrarias,
1208 2369 1239 2422 et
1255 2360 1388 2423 forsitan
1408 2361 1679 2443 exprimebantur,
1696 2363 1747 2425 vel

198 2463 291 2520 bomo
307 2461 366 2539 qui
386 2461 469 2536 feeit
488 2461 650 2536 sculptile,
668 2458 753 2539 quud
773 2457 834 2519 luit
856 2458 948 2520 male·
1004 2459 1161 2542 implicite
1186 2459 1341 2521 dabantur
1364 2459 1512 2540 intelligi.
1539 2461 1659 2524 Deinde
1684 2479 1748 2524 res-

189 2558 330 2622 -dicerel
345 2557 392 2619 Ad
416 2557 482 2620 heac
499 2556 626 2619 videtur
649 2555 759 2618 haberi
783 2541 947 2638 responsio
1003 2557 1208 2638 pondendum
1233 2558 1272 2619 ad
1299 2557 1449 2638 primum,
1467 2559 1552 2639 quod
1568 2559 1748 2622 sacerdotes

78 2683 116 2711 ou
137 2683 184 2718 vm.
199 2677 238 2720 ex
253 2657 306 2718 bis
321 2674 393 2737 qua
409 2655 443 2717 in
460 2655 554 2718 losue
570 2655 727 2717 habentur
745 2674 752 2717 :
769 2653 878 2717 Omnis
894 2672 948 2736 po·
1004 2655 1209 2740 proterebant
1234 2656 1475 2719 maledictiones
1498 2676 1534 2719 ac
1555 2657 1748 2722 benedictio

75 2763 80 2774 '
200 2756 298 2839 pulus
318 2763 350 2818 et
372 2754 509 2835 majores
532 2761 618 2829 natu,
636 2753 797 2834 ducesque
816 2761 847 2815 et
865 2753 948 2834 judi·
1004 2774 1071 2832 nes,
1097 2761 1129 2817 et
1153 2754 1256 2815 tribus
1279 2754 1351 2817 alia
1375 2755 1527 2817 dicuntur
1548 2756 1748 2819 benedixisse

199 2873 264 2930 cea,
283 2850 412 2914 stabant
427 2871 465 2914 ex
481 2859 616 2932 utraque
631 2859 720 2932 parte
731 2869 811 2914 arcta
826 2850 860 2912 in
876 2869 948 2914 eon·
1003 2862 1058 2918 aut
1080 2852 1292 2929 maledixisse,
1307 2853 1340 2914 in
1363 2863 1516 2933 quantum
1539 2873 1596 2916 sua
1619 2873 1747 2936 respon-

199 2961 312 3036 spectu
329 2951 539 3026 sacerdotum,
557 2949 612 3030 qui
627 2949 797 3032 portabant
815 2968 920 3012 arcam
938 2970 945 3014 :
1004 2953 1094 3015 sione
1109 2970 1163 3014 eas
1180 2951 1472 3015 confirmaverunt:
1490 2951 1749 3034 arbitranturque

199 3047 760 3131 mediaparseorumjuxtamontem
771 3046 984 3120 GarizimatC
1004 3050 1116 3132 aliqui,
1134 3050 1219 3131 quod
1241 3049 1316 3112 solae
1338 3069 1393 3112 sex
1416 3050 1517 3112 tribus
1539 3050 1679 3133 prelatas
1701 3072 1749 3114 ro

200 3148 307 3213 media
316 3149 406 3230 juxta
421 3154 563 3209 muntem
579 3145 688 3209 Hebal.
706 3145 794 3208 Unde
810 3145 946 3223 elicitur,
1005 3149 1214 3232 sponderunt‚
1232 3148 1343 3223 Amen,
1361 3148 1400 3210 ad
1416 3148 1666 3227 benedictiones,
1679 3168 1749 3231 pro

200 3249 287 3330 quod
310 3247 489 3310 sacerdotes
512 3244 638 3308 stabant
652 3264 725 3307 cum
741 3263 814 3307 area
836 3245 870 3306 in
887 3265 949 3308 mo
1004 3255 1074 3330 pter
1089 3247 1175 3326 quod
1196 3245 1396 3308 benedixisse
1412 3246 1613 3319 scribuntur3
1631 3255 1663 3310 et
1677 3247 1748 3311 alia
1796 3291 1799 3295 «

199 3347 253 3410 dio
276 3344 382 3427 campi
404 3344 457 3406 siti
481 3344 565 3406 inter
586 3342 734 3426 prolatos
755 3351 900 3419 montes3
917 3353 948 3406 et
1004 3364 1058 3408 sex
1083 3344 1326 3426 responderunt,
1354 3344 1466 3421 Amen,
1487 3346 1528 3407 ad
1551 3346 1748 3409 maledictio

199 3445 314 3509 stando
331 3443 463 3519 ibidem,
481 3441 688 3526 proterebant
705 3450 767 3504 tam
784 3442 882 3506 verba
897 3443 949 3504 be·
1005 3463 1060 3506 nes
1078 3460 1085 3505 :
1104 3442 1214 3524 sicque
1229 3461 1287 3524 per
1306 3461 1433 3506 omnem
1456 3444 1608 3526 populum
1630 3444 1749 3508 intelli-

201 3541 394 3608 nedictiunis
415 3560 511 3622 super
526 3540 723 3617 obedientes,
740 3560 836 3622 quam
852 3541 948 3604 verba
1003 3551 1131 3622 geretur
1155 3548 1241 3603 totus
1260 3541 1427 3618 exereitus,
1445 3543 1500 3622 qui
1525 3542 1627 3604 stabat
1651 3543 1747 3605 simul

200 3640 438 3707 maledictionis
466 3658 562 3721 super
588 3639 735 3702 rebelles.
763 3639 948 3703 Sacerdotes
1005 3639 1038 3701 in
1062 3659 1126 3702 uno
1150 3650 1269 3703 munte.
1283 3641 1339 3703 l'el
1363 3639 1389 3701 si
1412 3642 1487 3704 solea
1508 3642 1748 3705 maledictiones

199 3750 307 3805 autem
323 3740 517 3821 quandoque
529 3747 681 3801 vocantur
691 3738 819 3815 Levitae,
827 3757 949 3801 sumen·
1004 3738 1255 3821 explicabantur,
1268 3759 1322 3802 sex
1338 3739 1438 3802 tribus
1454 3741 1605 3803 dicuntur
1619 3741 1749 3803 benedi-

200 3842 241 3904 do
267 3857 385 3902 nomen
411 3837 527 3901 Levita
552 3835 775 3912 communiter,
796 3836 947 3918 quoniam
1005 3835 1143 3912 xisse,in
1156 3846 1312 3917 quantum
1327 3838 1387 3899 sub
1403 3838 1680 3902 maledictionibus
1695 3857 1749 3921 op-

200 3945 293 4000 erant
317 3937 356 3998 de
379 3935 464 3998 tribu
490 3933 566 3997 Levi
589 3933 724 4014 :sicque
750 3933 851 3995 tribus
872 3934 948 3997 Levi
1005 3935 1125 4018 positas
1140 3935 1380 3999 benedictiones
1396 3937 1627 4018 intelligebant.
1640 3937 1747 4019 Aliqui

201 4053 260 4117 pro
277 4033 392 4114 majori
408 4041 496 4114 parte
513 4032 599 4094 stetit
618 4032 651 4093 in
668 4040 776 4095 monte
794 4032 902 4109 Hebal,
914 4041 949 4094 ut
1005 4034 1219 4109 veredicum,
1237 4037 1320 4116 quod
1342 4036 1521 4099 sacerdotes
1544 4035 1748 4118 proferebant

200 4135 235 4197 in
253 4140 340 4196 textu
356 4131 500 4193 habetur.
510 4131 617 4211 ltaque
633 4132 754 4195 dicent:
767 4131 948 4193 Maledictus
1005 4132 1243 4196 benedictiones
1259 4134 1350 4195 vultu
1364 4153 1457 4198 verso
1472 4135 1511 4198 ad
1527 4155 1581 4197 sex
1597 4135 1698 4198 tribus
1714 4133 1747 4196 in

201 4234 298 4295 bomo
314 4230 370 4312 qui
386 4228 463 4292 lacit
479 4229 628 4312 sculptile
643 4241 673 4290 et
689 4232 865 4307 conflatile,
880 4231 949 4290 ebo
964 4232 988 4293 D
1005 4239 1113 4293 monto
1128 4231 1262 4294 Gerizim
1279 4241 1398 4298 stantes
1416 4252 1422 4295 :
1441 4234 1512 4296 idco
1533 4234 1682 4296 dicuntur
1698 4235 1749 4296 bo

201 4331 417 4391 miserationem
436 4331 583 4398 nomint,
604 4349 682 4406 opus
698 4349 855 4389 ananuum
871 4330 950 4388 urti—
1005 4329 1330 4412 nedixisse‚quamvis
1341 4332 1499 4395 universae
1510 4333 1610 4394 tribus
1622 4352 1749 4415 rospon-

199 4435 312 4507 fieum,
327 4427 358 4489 id
375 4435 434 4502 est,
452 4447 508 4509 per
524 4435 632 4504 se,aut
647 4445 704 4508 per
719 4425 818 4489 alium
834 4425 949 4489 lormat
990 4428 1121 4506 derint,
1138 4429 1251 4505 Amen,
1274 4431 1314 4492 ad
1339 4430 1577 4494 maledictiones
1595 4450 1630 4492 ac
1654 4432 1749 4494 beno

202 4527 288 4591 idola
306 4526 440 4608 sculpta,
459 4525 527 4588 sire
544 4525 684 4588 conflata
704 4527 766 4588 lleo
786 4524 950 4587 abomina·
1004 4526 1182 4604 dictiones;
1205 4537 1236 4590 et
1254 4530 1337 4608 quod
1359 4529 1537 4592 sacerdotes
1557 4529 1750 4611 protulerint

201 4626 291 4688 bilia.
316 4625 439 4706 Aliquae
464 4632 570 4686 autem
592 4624 746 4703 imagines
768 4623 872 4705 primo
891 4642 949 4705 per
1004 4625 1245 4688 maledictiones
1267 4625 1348 4690 facie
1365 4647 1454 4691 versa
1474 4628 1513 4690 ad
1529 4647 1582 4690 sex
1598 4627 1677 4690 alias
1693 4628 1749 4690 tri-

201 4716 432 4789 conliationem
444 4722 792 4795 formabanturdeinde
802 4741 859 4804 per
870 4723 949 4784 seul·
1005 4725 1073 4787 bus.
1092 4725 1187 4788 Porro
1209 4725 1354 4788 nonnulli
1371 4725 1528 4802 dixerunt,
1545 4727 1630 4808 quod
1646 4747 1749 4790 sacer-

202 4831 329 4905 pturam
346 4821 597 4895 decorabantur;
614 4821 731 4902 aliquae
748 4821 815 4884 sola
830 4820 949 4884 confla·
1004 4823 1094 4885 dotes
1105 4823 1209 4905 primo
1224 4825 1517 4887 ascenderuntcum
1528 4845 1602 4887 arca
1617 4825 1650 4886 in
1661 4845 1748 4888 mon·

185 4921 299 4996 tione,
317 4929 349 4984 et
365 4921 511 5002 quaedam
533 4921 600 4983 sola
621 4919 799 5001 sculptione
816 4919 946 4983 fiebant.
1005 4929 1067 4983 tem
1078 4921 1213 4983 Garizim
1230 4923 1268 4985 ad
1286 4923 1548 4994 benedicendum
1560 4924 1746 5004 adquorum

200 5021 415 5099 Ponitquer't
417 5021 514 5079 tuct'
501 5040 536 5078 m
561 5021 742 5080 absconditu
747 5019 816 5088 ,id
842 5027 889 5080 est
915 5019 947 5080 in
1004 5019 1242 5084 benedictiones
1254 5022 1495 5103 responderunt
1505 5021 1615 5098 Amen,
1629 5041 1683 5084 sex
1697 5022 1748 5084 trr

202 5117 405 5180 locoseereto
421 5117 460 5179 ad
476 5116 657 5192 colendum,
670 5124 701 5179 et
718 5135 781 5178 non
798 5117 904 5178 minus
921 5117 947 5179 si
1004 5117 1063 5179 bus
1081 5117 1126 5178 ibi
1148 5119 1328 5194 adstantes,
1352 5120 1467 5182 deinde
1486 5139 1558 5183 eum
1581 5139 1654 5182 arca
1676 5139 1748 5203 pro·

200 5222 334 5296 poneret
359 5214 473 5276 illud
466 5233 499 5276 1n
525 5213 742 5290 manifeste,
734 5234 767 5276 m
793 5223 947 5296 quantum
1005 5213 1079 5278 lecti
1097 5216 1219 5278 suntin
1237 5226 1377 5279 montem
1394 5217 1748 5280 llebaladmaledicon-

200 5313 260 5376 buc
274 5321 361 5376 esset
377 5311 478 5392 magis
494 5312 773 5374 scandalizativum
793 5331 800 5375 :
818 5313 889 5376 ideo
905 5322 948 5376 ta·
1003 5313 1128 5390 dumet
1139 5332 1193 5377 sex
1206 5314 1305 5376 tribus
1317 5314 1361 5376 ibi
1372 5315 1746 5398 situatae,responderunt
