4309 6259
542 510 717 556 nuannnrro
739 511 770 555 nv
791 511 860 556 cnr.
884 511 927 556 ιιι
948 509 1144 556 nunanonuu.
1168 527 1207 536 -
1228 509 1299 554 ιιι.
1322 509 1376 554 ιιι
1672 489 1728 552 391

180 679 383 761 aequiparare
406 697 440 742 se
456 679 619 743 sanctiori.
636 684 807 760 fretusque
821 691 932 740 contro
946 680 971 740 Α
989 679 1108 742 tionem
1123 679 1332 760 expetendam
1344 679 1516 761 confugere
1527 687 1575 741 est
1589 680 1732 762 compul-

179 799 247 848 eos,
263 779 340 858 quia
356 780 498 841 nondum
515 797 589 841 vere
605 779 825 861 poenituerint,
838 781 932 846 rediit,
988 797 1052 840 sus.
1072 777 1131 840 Sed
1154 797 1211 839 cur
1225 778 1329 839 Aaron
1353 796 1415 841 non
1439 787 1488 840 est
1503 797 1672 860 percussus
1689 777 1732 840 le-

180 877 292 940 subito
318 877 524 958 disparendo,
549 879 721 941 ostendens
746 896 800 941 eos
822 877 933 940 divino
988 896 1044 958 pra
1066 885 1120 938 aut
1141 876 1204 939 alia
1225 876 1341 959 plagaf
1356 877 1585 958 despondetur,
1603 875 1678 957 quia
1697 876 1731 938 in

180 977 339 1057 adspectu
352 975 514 1055 indignos,
527 995 564 1037 ac
575 976 629 1038 Dei
641 976 742 1057 gratia
752 976 930 1052 destitutos,
988 976 1046 1037 hae
1063 995 1097 1036 re
1111 973 1322 1037 excusabilior
1332 975 1394 1037 fuit
1408 975 1513 1052 Maria,
1522 983 1553 1037 ct
1564 974 1732 1054 instigatus

181 1074 262 1156 quia
292 1074 448 1136 detractio
475 1083 536 1135 tam
569 1074 722 1150 enormis,
750 1073 812 1136 fuit
841 1074 934 1156 culpa
988 1073 1097 1150 abea,
1119 1082 1154 1135 ut
1176 1073 1299 1155 patuit3
1321 1073 1449 1135 etitem
1474 1082 1605 1155 propter
1629 1073 1732 1154 digni-

181 1173 343 1237 mortalis.
355 1177 463 1236 Nubes
472 1195 595 1254 quoque
609 1177 734 1235 recessit
750 1175 844 1237 simul
860 1193 932 1237 cum
989 1181 1086 1234 tatem
1113 1171 1163 1234 sui
1188 1171 1304 1248 officii,
1327 1181 1358 1234 et
1380 1190 1421 1234 ne
1442 1171 1579 1254 populus
1604 1171 1637 1233 in
1662 1173 1732 1253 ejus

181 1271 346 1353 angeloin
358 1272 472 1335 altiora
487 1273 680 1336 scandendo.
693 1276 812 1334 Etecce
824 1274 934 1334 Mam'o
988 1270 1083 1352 culpa
1103 1278 1134 1332 et
1155 1289 1250 1351 poena
1270 1270 1556 1344 scandalizaretur3
1578 1278 1672 1350 atque
1692 1270 1732 1333 ad

182 1373 344 1449 apparuit
369 1374 510 1432 candens
535 1376 626 1448 lepra
650 1374 745 1452 peresi
766 1374 827 1432 πίω
842 1393 853 1430 .’
870 1389 933 1434 non
988 1369 1222 1431 ostendendum
1248 1369 1332 1449 quod
1363 1369 1543 1451 superiores
1573 1380 1648 1432 sunt
1676 1390 1732 1452 po-

183 1471 273 1551 quod
301 1469 355 1532 nix
380 1469 422 1532 sit
445 1469 582 1551 leprosa,
599 1470 653 1532 sed
680 1477 743 1532 tam
769 1487 883 1550 magna
903 1479 934 1532 ct
989 1467 1053 1529 tius
1077 1466 1267 1544 sustinendi,
1286 1486 1342 1529 seu
1363 1467 1472 1530 divino
1493 1467 1614 1549 iudicio
1634 1488 1733 1532 reser-

182 1568 319 1632 horrida
336 1567 398 1630 fuit
421 1568 509 1650 lepra
523 1567 637 1646 Mariae,
650 1569 736 1650 quod
751 1569 870 1631 candor
891 1569 936 1630 ni·
988 1567 1096 1629 vandi.

184 1687 266 1730 vous
284 1667 318 1728 in
334 1666 424 1748 lepra
446 1666 502 1728 illa
516 1667 676 1748 apparuit.
694 1667 782 1730 Unde
797 1667 831 1729 in
846 1667 936 1730 Levi·
1032 1668 1093 1726 Oui
1114 1667 1278 1740 respondit
1293 1666 1451 1726 Dominus
1467 1686 1478 1725 :
1493 1668 1535 1728 Si
1549 1677 1643 1744 pober
1663 1670 1733 1746 ejus

81 1796 161 1824 mnu.
186 1765 252 1828 lieo
268 1765 465 1841 dictumest,
483 1766 569 1846 quod
585 1765 675 1828 albor
691 1783 744 1828 seu
761 1766 880 1828 candor
895 1767 936 1828 sit
989 1766 1124 1842 spuisset
1147 1766 1183 1822 in
1198 1765 1316 1842 faeiem
1338 1765 1441 1835 illius,
1458 1784 1564 1825 nonne
1582 1769 1734 1828 debuerat

185 1865 287 1946 leprae
303 1863 470 1926 indicium.
486 1866 653 1943 Quumque
667 1866 852 1942 respectasset
865 1886 936 1926 eam
953 1862 1102 1923 Bsaltem
1122 1872 1239 1938 septem
1257 1864 1369 1922 diebus
1384 1865 1498 1923 rubore
1512 1868 1661 1940 suffundi
1671 1868 1686 1925 f
1702 1865 1733 1929 id

184 1967 315 2032 Aaron,
330 1973 361 2023 et
378 1963 509 2022 uidisset
527 1963 698 2040 perfusam
713 1967 816 2039 lepra,
830 1966 878 2023 eit
893 1967 936 2024 ad
990 1967 1048 2038 est,
1073 1960 1102 2021 si
1131 1979 1151 2021 a
1180 1968 1269 2040 patre
1298 1979 1355 2023 suo
1385 1961 1505 2023 carnali
1536 1961 1647 2026 fuisset
1677 1983 1734 2047 pro

184 2063 500 2138 moysem-orsam,
515 2063 646 2121 ‹tornfne
662 2063 720 2130 ini,
736 2082 775 2120 ne
791 2063 937 2138 imponas
991 2059 1100 2139 aliquo
1125 2078 1256 2121 excessu
1281 2058 1389 2122 viliter
1413 2067 1555 2137 tractata,
1577 2072 1734 2144 correpta,

183 2162 279 2221 nobis
294 2163 353 2220 boe
364 2168 531 2236 peceatum
542 2158 747 2222 detractionis
762 2162 847 2238 quod
860 2163 937 2219 stat·
991 2156 1116 2240 punita,
1129 2155 1261 2219 deberet
1274 2177 1331 2239 per
1340 2176 1517 2238 congruum
1530 2168 1654 2242 tempus
1664 2179 1736 2224 oon-

185 2269 215 2320 te
231 2259 467 2326 eornmisimus,
478 2277 518 2316 ne
532 2261 592 2333 fiat
607 2260 674 2318 facee
688 2260 782 2336 quasi
797 2267 936 2326 mortuo,
992 2254 1154 2318 fusionem
1171 2275 1260 2316 suam
1276 2264 1414 2337 portare,
1426 2265 1458 2319 et
1471 2256 1673 2320 confusibilis
1684 2278 1736 2341 ap

183 2369 215 2418 et
242 2367 280 2417 ut
306 2358 491 2416 abortivum
515 2359 600 2436 quod
621 2357 752 2434 ejicitur
776 2360 815 2416 de
840 2361 938 2416 vulva
993 2372 1115 2436 parere.
1133 2352 1228 2415 Multo
1250 2354 1346 2434 igitur
1360 2355 1499 2436 amplius
1515 2357 1737 2420 nuncaPatre

186 2457 305 2516 siralais
320 2472 332 2515 :
349 2454 457 2531 idest,
475 2472 538 2516 non
555 2463 645 2535 optes
662 2454 741 2516 illud
762 2455 938 2518 districtius
993 2451 1163 2533 spirituum
1184 2451 1357 2533 increpata,
1375 2452 1469 2517 debet
1483 2454 1522 2516 ad
1545 2463 1737 2538 tempusve

185 2552 359 2629 vindicari,
378 2571 437 2614 neo
453 2561 583 2633 propter
600 2552 751 2633 iujuriam
767 2572 861 2634 quarn
880 2552 937 2614 tibi
995 2550 1221 2613 recundatione
1242 2551 1405 2633 perfundi.
1422 2557 1598 2630 separetur
1621 2565 1737 2632 septem

187 2651 373 2728 intulimus
392 2650 520 2712 desinas
542 2668 633 2714 orare
655 2670 713 2733 pro
737 2651 839 2728 nobiS,
858 2659 892 2713 ut
908 2659 939 2713 et
993 2652 1208 2710 ctteoasearra
1223 2660 1340 2721 cestra,
1357 2660 1387 2710 et
1397 2661 1507 2728 postea
1523 2654 1735 2714 revocabitur.

186 2750 252 2812 ista
274 2770 293 2812 a
316 2749 410 2832 plaga
434 2748 496 2810 sibi
521 2749 645 2810 inflicta
667 2757 806 2825 curetur,
829 2757 860 2812 et
880 2767 938 2830 ego
993 2748 1027 2809 ln
1048 2747 1189 2810 Levitico
1209 2747 1328 2809 dictum
1350 2756 1408 2824 est,
1426 2750 1513 2830 quod
1535 2750 1653 2832 leprosi
1665 2750 1737 2831 ¹Jam

187 2867 255 2912 non
272 2847 400 2931 puniar.
417 2847 525 2928 ltaque
541 2866 578 2909 ex
594 2847 708 2910 timore
718 2847 851 2930 periculi
869 2866 939 2929 pro
994 2845 1151 2914 mundati,
1164 2845 1267 2908 adbuc
1278 2846 1450 2909 manebant
1461 2856 1549 2909 extra
1558 2857 1661 2910 castra
1669 2867 1739 2930 sep

188 2946 264 3029 prii,
278 2955 310 3009 et
326 2965 364 3008 ex
379 2944 601 3028 compassione
612 2944 740 3022 sororis,
753 2945 856 3008 oravit
872 2946 938 3010 haec
995 2954 1057 3007 tem
1080 2944 1204 3020 diebus
1222 2954 1254 3007 et
1278 2952 1399 3026 postea,
1418 2945 1450 3006 id
1472 2954 1521 3008 est
1540 2945 1593 3008 die
1613 2955 1736 3024 octavo,

187 3046 307 3108 Aaron.
326 3048 407 3107 Eece
422 3045 500 3122 jam
521 3047 664 3105 medium
679 3046 787 3104 earm's
802 3045 871 3122 ejus
887 3043 976 3106 cte-C
995 3041 1141 3106 redibant
1169 3043 1209 3105 ad
1239 3061 1287 3106 ea.
1314 3042 1360 3104 Ex
1388 3043 1449 3105 boc
1479 3042 1570 3125 sequi
1600 3044 1737 3122 videtur,

189 3155 341 3205 cor-atum
356 3154 402 3203 est
416 3165 437 3203 a
454 3148 566 3222 lepra:
583 3161 654 3224 quau
669 3151 717 3206 est
731 3144 780 3222 (ut
795 3143 840 3205 ait
853 3143 939 3205 Guil-
994 3141 1079 3222 quod
1100 3140 1195 3203 Maria
1217 3141 1256 3203 ad
1279 3159 1391 3223 preces
1411 3141 1523 3223 Moysis
1549 3140 1610 3203 fuit
1631 3142 1738 3204 statim

188 3243 322 3323 lelmus)
348 3241 453 3304 letalis
482 3241 625 3323 prurigo,
652 3249 684 3304 et
708 3241 799 3322 quasi
825 3261 939 3305 cancer
994 3247 1285 3314 curata3ettamen
1301 3239 1342 3302 ob
1358 3259 1486 3302 causam
1501 3248 1740 3322 praetactam‚et

188 3340 396 3416 universalis,
413 3338 454 3400 ab
478 3338 605 3401 intimis·
626 3338 770 3402 fontibus
795 3359 936 3421 serpenS,
994 3338 1035 3400 ob
1052 3337 1131 3418 legis
1146 3337 1395 3414 observantiam,
1408 3337 1471 3400 fuit
1482 3346 1546 3401 tam
1561 3338 1617 3401 diu
1633 3339 1740 3401 exclu-

187 3449 220 3503 et
236 3438 478 3521 corruptionem
503 3437 536 3499 in
559 3444 658 3500 totum
681 3457 795 3520 corpus
817 3437 940 3500 diffun-
994 3456 1038 3498 sa.
1052 3436 1278 3498 Verumtamen
1289 3436 1439 3516 Origenes
1450 3436 1599 3501 etGlossa
1610 3437 1736 3500 dicunt:

188 3539 281 3602 deus.
300 3537 389 3599 Unde
410 3543 545 3613 constat,
562 3536 647 3616 quod
668 3555 783 3617 magna
802 3535 863 3599 fuit
885 3536 940 3598 illa
994 3533 1099 3611 Maria,
1128 3533 1361 3597 interveniente
1384 3535 1498 3618 Moyse,
1526 3535 1662 3617 septimo
1686 3536 1739 3599 die

189 3636 295 3699 Mariae
310 3632 461 3698 afflictio,
994 3640 1134 3695 curatur.
1161 3633 1226 3695 lloc
1251 3641 1357 3695 tamen
1382 3633 1498 3715 exponi
1524 3642 1639 3715 potest,
1663 3633 1739 3714 quia

232 3734 458 3812 Clarrrauitqae
483 3735 608 3810 Moyses
629 3735 673 3792 act
688 3735 877 3802 Delminum,
891 3735 940 3793 df·
988 3731 1133 3814 septimo
1148 3730 1201 3792 die
1217 3729 1348 3792 finitum
1364 3740 1412 3794 est
1432 3730 1502 3811 ejus
1516 3731 1737 3814 opprobrium.

188 3853 263 3894 cens
279 3851 291 3893 :
307 3831 461 3913 quoniam
481 3830 565 3913 pius,
589 3838 784 3906 mansuetus
802 3830 953 3892 caritati·
995 3835 1140 3893 Eactase
1168 3840 1213 3890 est
1242 3832 1352 3910 itaque
1377 3827 1489 3891 Maria
1517 3841 1611 3892 eastra
1634 3842 1741 3893 castra

190 3951 262 4008 vuS,
282 3929 347 3993 cito
371 3928 502 4010 ignovit,
525 3937 557 3991 et
577 3927 685 3991 forsan
709 3947 773 3992 non
796 3936 863 3991 erat
882 3948 940 4011 pro
995 3940 1113 4006 septem
1127 3931 1239 3988 diebus
1248 3953 1262 4000 ;
1281 3939 1311 3989 et
1331 3933 1469 4006 populus
1488 3940 1617 3990 nonest
1637 3941 1741 3991 motus

190 4026 941 4108 suainjuriationeindignans,reddiditquebo
995 4031 1110 4088 deloco
1121 4030 1641 4098 itto,doneereuoeareturMaria.
1653 4028 1740 4091 Hauc

191 4145 269 4189 num
297 4143 355 4207 pro
378 4125 474 4187 malo.
502 4123 657 4187 Clamavit
681 4133 788 4187 autem
814 4125 940 4188 intenso
996 4125 1207 4188 reverentiam
1230 4125 1368 4207 populus
1391 4125 1421 4188 ci
1442 4125 1590 4188 exhibuit
1611 4135 1741 4209 propter

189 4225 314 4288 affectu
336 4223 439 4304 magis
459 4242 554 4305 quam
572 4222 636 4284 alta
658 4242 735 4286 voce
753 4242 760 4286 :
778 4228 875 4294 Deus,
892 4227 941 4284 ob·
955 4231 980 4292 D
996 4222 1111 4286 fratres
1136 4223 1217 4305 ejus,
1234 4223 1436 4305 potissimum
1452 4232 1582 4305 propter
1604 4224 1737 4305 Moysen,

188 4345 290 4392 secra,
306 4343 483 4383 senecam.
501 4321 546 4382 Mx
565 4320 616 4382 bis
633 4321 734 4402 patuit
754 4321 941 4384 excellentia
995 4328 1026 4384 et
1042 4322 1137 4384 etiam
1160 4330 1289 4404 propter
1305 4322 1406 4403 ipsius
1421 4321 1524 4384 Mariae
1540 4322 1739 4386 sanctitatem

190 4420 373 4484 sanctitatis
388 4419 503 4501 Moysis
524 4438 619 4500 super
634 4420 737 4482 Aaron
753 4429 784 4482 et
799 4419 937 4497 Mariam,
994 4429 1026 4484 ct
1041 4421 1283 4501 prerogativam
1302 4443 1309 4494 ;
1334 4420 1398 4483 imo
1413 4421 1477 4483 Deo
1498 4420 1544 4482 sic
1560 4421 1691 4503 placuit,
1707 4432 1740 4484 et

190 4539 289 4601 quarn
314 4527 347 4581 et
372 4519 454 4580 Deus
480 4516 552 4580 idco
578 4517 624 4580 sic
649 4518 800 4599 plagavit,
825 4527 859 4579 ut
883 4537 940 4598 per
994 4520 1062 4601 ipse
1079 4519 1123 4580 ita
1138 4518 1306 4599 disposuit,
1323 4519 1473 4598 quoniam
1491 4519 1593 4581 nubes
1609 4519 1737 4582 interim

191 4617 424 4700 experientiam
450 4616 597 4693 disceret,
624 4624 778 4697 quantum
806 4615 940 4679 inferior
995 4637 1058 4681 non
1075 4616 1255 4699 processit:
1280 4636 1350 4697 quaa
1372 4617 1397 4678 si
1422 4616 1638 4698 processisset,
1660 4617 1737 4680 fuis-

190 4725 261 4780 crat
284 4717 394 4779 fratre.
413 4715 517 4779 Aaron
538 4733 666 4795 quoque
686 4715 725 4776 ad
740 4713 853 4796 Moysis
873 4732 940 4776 ora·
994 4724 1064 4780 sent
1080 4734 1148 4779 eam
1166 4714 1278 4778 secuti.
