4309 6259
426 495 485 562 296

794 511 967 558 sannatia
988 513 1019 557 ht
1040 510 1108 557 cAP.
1131 509 1194 556 XXV
1215 508 1350 558 tttlrtct.
1373 531 1414 542 -
1434 515 1505 558 ART.
1528 511 1598 559 11111

468 689 508 750 Si
523 697 709 748 attenuatus
727 691 832 764 frater
848 696 933 756 treus,
951 685 983 747 id
1003 694 1051 748 est
1066 683 1171 764 proxi·
1185 681 1209 743 A
1225 701 1304 745 mos.
1317 684 1443 761 lterum,
1457 684 1607 766 quoniam
1625 686 1744 749 dietum
1760 695 1817 762 est,
1832 686 1919 767 qued
1935 687 1965 747 in

428 807 500 848 mus
522 795 596 848 tuus
617 785 800 868 compulsus
821 784 930 865 inopia
951 792 1005 846 aut
1023 782 1171 846 111110110-

429 885 494 961 010,
511 887 695 946 vendiderit
710 885 999 962 possessiunculam
1019 903 1126 952 suom,
1142 891 1172 941 et

429 986 567 1045 voluerit
579 985 784 1062 propinquus
799 983 879 1060 ep'us,
897 990 1000 1058 potest
1014 983 1172 1042 redimere

428 1086 515 1163 quod
530 1084 585 1141 iile
605 1083 795 1140 vendiderat
811 1099 822 1141 .·
838 1079 944 1142 011100
960 1079 1082 1142 ratione
1098 1097 1172 1141 0011-

429 1178 652 1259 sanguinitatis
667 1197 738 1260 quae
758 1177 834 1240 iaeit
852 1186 1002 1258 cognatos
1020 1177 1173 1259 quodam-

428 1279 523 1342 modo
540 1297 649 1354 unum,
660 1278 926 1358 quemadmodum
942 1276 1034 1338 multi
1051 1275 1130 1338 rami
1142 1285 1173 1338 et

426 1378 560 1440 -irondes
581 1384 656 1437 sunt
676 1395 773 1437 unum
796 1375 829 1437 in
849 1375 965 1438 radice.
983 1377 1044 1436 Sin
1063 1385 1172 1435 001001

429 1498 494 1538 000
510 1477 659 1536 habuerit
670 1477 873 1552 pronimum,
888 1474 921 1535 id
942 1482 999 1549 est,
1018 1474 1044 1535 si
1066 1473 1173 1536 vendi·

427 1585 480 1639 tor
505 1573 631 1636 nullum
653 1572 799 1635 habuerit
820 1581 988 1652 cognatum
1013 1574 1172 1634 volentem

429 1683 461 1737 et
476 1681 640 1756 potentem
661 1670 816 1734 redimere
831 1672 916 1752 quod
933 1671 1096 1733 venditum
1112 1679 1170 1746 est,

428 1783 459 1833 et
489 1775 557 1851 ipse
585 1769 743 1846 venditor,
767 1772 911 1847 pretium
940 1773 985 1829 od
1014 1771 1173 1829 redimen-

1224 779 1355 860 jubilao
1371 785 1474 846 omnis
1491 786 1649 865 possessio
1663 804 1718 848 seu
1730 785 1874 848 venditio
1886 785 1967 847 redit

1225 880 1266 942 ad
1290 881 1454 944 dominum
1480 903 1515 945 ae
1542 883 1712 965 pristinum
1741 903 1967 966 possessorem,

1226 988 1347 1058 ergoet
1365 981 1477 1043 domus
1494 982 1526 1043 in
1543 982 1621 1044 urbe
1637 983 1697 1045 sita
1713 992 1744 1046 et
1761 984 1901 1060 vendita,
1912 983 1970 1044 sai-

1228 1085 1290 1139 tem
1317 1078 1349 1140 in
1373 1079 1502 1159 jubilaeo
1526 1090 1631 1162 potest
1656 1081 1782 1158 redimi,
1809 1081 1875 1144 imo
1901 1081 1972 1143 sine

1228 1177 1446 1259 redemptione
1461 1179 1500 1240 ad
1518 1179 1714 1242 venditorem
1732 1179 1860 1242 reverti.
1874 1215 1914 1225 -
1925 1178 1971 1240 Ad

1228 1275 1366 1355 primum
1386 1277 1500 1339 horum
1516 1277 1616 1358 aliqui
1633 1278 1754 1354 dieunt,
1772 1280 1859 1360 quod
1875 1277 1972 1340 urbes

1228 1382 1352 1454 oportet
1368 1395 1437 1438 esse
1452 1375 1552 1455 magis
1568 1377 1759 1458 populosas:
1777 1363 1895 1440 idcireo
1912 1385 1973 1438 sta-

1229 1481 1332 1534 tutum
1353 1483 1411 1549 est,
1430 1483 1465 1535 ut
1484 1476 1596 1538 domus
1616 1494 1723 1538 earum
1741 1475 1887 1550 vendite,
1906 1493 1971 1538 non

1229 1579 1357 1653 possent
1375 1573 1486 1634 redimi
1503 1573 1566 1634 nisi
1582 1573 1686 1654 primo
1700 1590 1796 1650 anno,
1814 1581 1973 1653 quatenus

1229 1687 1426 1751 possessores
1452 1680 1559 1733 essent
1583 1672 1690 1734 minus
1715 1672 1808 1753 proni
1834 1672 1974 1734 vendere

1230 1767 1325 1848 ipsas.
1347 1767 1442 1832 Porro
1465 1769 1599 1832 Thomas
1626 1770 1658 1832 in
1685 1769 1787 1852 prima
1812 1771 1971 1845 secunda,

429 1876 510 1933 tium
523 1871 668 1950 potuerit
683 1870 843 1936 invenire,
859 1867 891 1929 id
909 1876 957 1930 est
974 1867 1119 1929 obtinere
1139 1867 1173 1928 in
1190 1871 1212 1930 B
1229 1867 1405 1946 quaestione
1420 1868 1489 1944 105,
1500 1871 1687 1951 respondet:
1700 1868 1777 1942 Quia
1792 1869 1906 1932 domus
1923 1888 1973 1930 ur-

431 1976 602 2053 01001010,
629 1968 900 2043 computabuntur
923 1968 1052 2043 fruetus
1077 1965 1173 2028 levati

430 2069 470 2132 ab
495 2075 639 2148 emptore
662 2067 703 2128 de
733 2072 815 2126 terra
840 2084 935 2146 quam
961 2064 1049 2140 emit,
1075 2087 1116 2124 ea
1139 2085 1173 2124 eo

432 2182 570 2249 tempere
584 2189 648 2248 quo
665 2165 812 2230 venditor
826 2169 984 2239 vendidit,
997 2166 1029 2228 id
1045 2175 1093 2229 est
1114 2175 1175 2230 ter-

430 2289 498 2331 ram
514 2267 630 2341 taiem3
647 2277 676 2326 et
697 2269 783 2346 quod
803 2268 966 2343 reliquum
985 2275 1041 2337 est,
1059 2265 1090 2327 id
1113 2275 1171 2342 est,

431 2368 463 2430 id
479 2368 565 2448 quod
587 2364 778 2446 computatis
799 2362 957 2426 iruetibus
975 2362 1052 2440 iliis,
1069 2364 1174 2427 adhuc

430 2466 519 2528 deest
528 2463 568 2525 ab
578 2462 759 2543 integritate
775 2460 879 2543 pretii,
898 2460 982 2541 quod
998 2461 1038 2523 ab
1053 2470 1175 2544 empto-

430 2582 464 2626 re
481 2581 537 2644 pro
553 2570 636 2642 terra
651 2579 709 2622 sua
724 2558 857 2639 aceepit,
871 2563 981 2619 reddet
994 2563 1132 2638 emptori
1147 2560 1173 2622 si

430 2668 544 2745 potest,
561 2662 669 2738 sieque
683 2660 815 2735 recipiet
826 2660 1052 2737 possessionem
1066 2680 1172 2720 suam.

431 2759 558 2827 Quodsi
569 2777 634 2815 non
645 2756 806 2815 invenerit
815 2756 1008 2832 monusejus
1016 2766 1051 2815 nt
1059 2759 1174 2815 reddat

425 2857 584 2934 pretium,
600 2852 632 2914 id
648 2859 706 2928 est,
719 2851 745 2913 si
763 2860 902 2933 potestas
919 2871 976 2912 sua
992 2869 1055 2913 non
1070 2861 1174 2914 exten-

423 2954 478 3017 dit
493 2973 526 3015 se
542 2953 582 3014 ad
597 2950 763 3033 hoe,quod
779 2951 911 3013 reddere
926 2949 1027 3030 possit
1037 2952 1172 3032 emptori

1230 1965 1320 2028 banae
1336 1984 1400 2028 non
1416 1974 1507 2028 erant
1523 1975 1606 2030 sorte
1622 1967 1792 2043 distinete,
1804 1968 1887 2030 Deus
1903 1986 1975 2031 eon-

1230 2064 1326 2126 eessit
1341 2073 1376 2126 ut
1391 2064 1423 2125 in
1437 2074 1626 2145 perpetuum
1637 2066 1732 2129 vendi
1745 2074 1883 2148 possent,
1892 2066 1974 2128 sieut

1230 2171 1262 2225 01
1283 2162 1366 2225 bona
1389 2163 1531 2225 mobilia.
1550 2164 1672 2227 Reditio
1693 2183 1831 2246 namque
1850 2165 1972 2227 venditi

1229 2262 1268 2322 ad
1285 2261 1494 2338 venditorem,
1512 2271 1560 2324 est
1575 2262 1720 2324 instituta
1737 2269 1772 2323 ut
1787 2271 1888 2324 sortes
1909 2282 1972 2325 non

1230 2358 1515 2437 eorriunderentur,
1529 2360 1560 2422 id
1576 2370 1624 2422 est
1639 2361 1755 2424 divisio
1771 2370 1862 2423 terra
1878 2362 1975 2424 tribu-

1230 2458 1290 2520 bus
1307 2457 1389 2520 iacta
1403 2478 1460 2540 per
1472 2458 1605 2521 sortium
1621 2459 1824 2532 missionem3
1839 2469 1976 2522 neverat

1231 2565 1366 2618 statutus
1382 2575 1534 2619 numerus
1550 2558 1714 2620 domorum
1731 2557 1976 2634 civitatum,sie-

1230 2663 1265 2716 ut
1294 2663 1362 2717 erat
1391 2663 1477 2717 certa
1507 2674 1655 2718 mensura
1685 2655 1907 2737 possessionis,
1935 2658 1975 2718 ad

1229 2773 1324 2835 quam
1343 2773 1405 2816 nen
1422 2753 1608 2816 addebatur.
1619 2754 1679 2816 Sed
1694 2756 1808 2817 domus
1823 2754 1973 2816 villarum

1230 2871 1293 2915 non
1310 2861 1517 2928 muratarum,
1535 2852 1567 2914 in
1586 2861 1774 2934 perpetuum
1792 2853 1888 2915 vendi
1909 2871 1973 2916 nvn

1230 2959 1386 3033 poterant,
1398 2949 1475 3031 quia
1490 2949 1674 3030 hujusmodi
1691 2951 1803 3014 domus
1819 2968 1883 3013 non
1899 2970 1974 3013 oon-

430 3050 599 3136 praeiatum
614 3048 794 3123 residuum3
811 3051 938 3110 habebit
951 3059 1075 3125 emptor
1089 3054 1174 3128 0001
1191 3044 1213 3106 C
1229 3057 1405 3125 struuntur,
1415 3048 1476 3110 nisi
1493 3049 1533 3110 ad
1549 3048 1670 3111 vultum
1686 3058 1781 3129 atque
1795 3049 1972 3111 custodiam

421 3160 550 3212 emerat
572 3169 671 3228 usque
696 3151 739 3208 od
768 3168 894 3208 annum
916 3149 1105 3224 jubitu’um.
1132 3151 1173 3208 In

431 3253 499 3326 ipso
510 3251 598 3308 enim
614 3248 720 3308 omnis
732 3248 875 3306 venditio
886 3247 1004 3306 redibit
1016 3249 1060 3306 ad
1073 3247 1174 3306 domi-

430 3369 511 3408 num
530 3367 638 3416 suum,
653 3355 683 3405 et
698 3348 742 3404 od
757 3364 963 3420 possessorem
980 3346 1171 3421 pristimum.

472 3448 536 3516 Qui
551 3445 733 3504 vendiderit
748 3446 880 3503 domum
894 3465 989 3503 suom
1001 3446 1093 3503 intro
1109 3463 1175 3504 mu·

430 3566 482 3606 ros
504 3544 593 3604 urbis
614 3541 774 3617 situatam,
792 3542 917 3601 babebit
940 3543 1105 3601 licentiam
1128 3563 1175 3601 re-

430 3645 589 3713 dimendi,
602 3645 700 3702 donec
718 3660 801 3700 unus
817 3641 993 3718 impleatur
1008 3661 1126 3700 onnus.
1136 3644 1175 3702 Si

432 3763 496 3804 noa
518 3740 688 3800 redemerit
710 3757 779 3801 eam
802 3738 906 3819 primo
926 3756 1022 3812 anno,
1041 3748 1070 3798 et
1092 3741 1175 3798 anni

430 3843 572 3900 circulus
597 3840 700 3915 suerit
724 3841 870 3896 evolutus
880 3854 892 3896 .·
906 3855 946 3898 an
971 3844 1078 3898 autem
1104 3856 1176 3917 pro-

432 3939 572 4022 pinquus
588 3943 711 4019 poterat
726 3953 795 3997 eam
813 3934 979 4011 redimere,
993 3953 1057 3996 non
1073 3935 1176 4016 expri-

431 4037 528 4100 mitur
549 4035 602 4098 hie
616 4058 623 4108 3
639 4043 763 4110 emptor
777 4034 951 4110 possidebit
973 4053 1058 4102 eom,
1072 4042 1102 4093 et
1121 4053 1175 4110 po·

429 4137 508 4197 steri
531 4135 601 4211 ejus
627 4134 663 4192 10
684 4141 891 4209 perpetuum,
912 4140 942 4190 et
967 4134 1086 4191 redimi
1110 4154 1174 4194 non

1229 3146 1477 3228 possessionum.
1495 3183 1535 3191 -
1551 3146 1597 3207 hd
1614 3147 1788 3209 seeundum
1806 3148 1976 3229 responde·

1230 3254 1288 3320 tur,
1299 3245 1473 3306 seeundum
1484 3244 1664 3324 Magistrum
1681 3245 1714 3306 iu
1730 3244 1881 3320 historiis,
1889 3247 1974 3326 quod

1230 3362 1248 3404 a
1273 3342 1412 3423 generali
1440 3343 1547 3422 regula
1575 3343 1631 3405 ilia
1656 3343 1896 3424 excipiebantur
1920 3345 1974 3406 do-

1231 3460 1301 3502 mus
1322 3440 1460 3502 urbium.
1480 3441 1707 3503 Verumtamen
1724 3441 1837 3504 domus
1853 3441 1975 3504 Levita-

1231 3559 1300 3601 rum
1313 3539 1460 3614 vendita,
1471 3559 1596 3622 semper
1613 3539 1726 3602 redimi
1743 3549 1899 3621 poterant.
1912 3540 1975 3602 Un-

1231 3638 1269 3700 de
1285 3656 1357 3700 mox
1373 3637 1521 3699 subditur
1538 3655 1544 3699 :

1270 3739 1369 3798 AEdes
1384 3739 1573 3796 Ltmitorum
1591 3737 1714 3815 001010
1735 3739 1867 3796 rer-bibus
1885 3749 1975 3808 stent,

1230 3853 1352 3910 semper
1367 3835 1487 3893 redimi
1503 3843 1644 3910 possunt.
1664 3836 1703 3894 Si
1724 3837 1894 3912 redempter
1911 3857 1975 3896 non

1231 3935 1357 4011 srterint
1367 3940 1439 3994 ante
1452 3931 1667 4011 11111)11101110,10
1677 3933 1814 4010 jubilaeo
1825 3945 1977 3994 reverten-

1233 4041 1285 4090 tur·
1299 4033 1343 4090 od
1357 4033 1503 4091 dominos
1516 4048 1597 4092 suos.
1607 4031 1704 4111 Cujus
1722 4030 1800 4093 ratio
1816 4032 1974 4108 subditur,

1230 4130 1308 4208 quin
1326 4131 1441 4188 doinus
1457 4131 1589 4189 turbium
1603 4131 1805 4200 Leeitorum,
1822 4140 1898 4190 sant
1912 4151 1975 4207 pro

426 4235 546 4313 poterit
569 4233 668 4291 etium
693 4231 729 4288 in
746 4230 892 4306 jubilum.
918 4231 980 4289 Sin
1006 4240 1115 4290 autem
1139 4234 1174 4292 in
1191 4235 1216 4297 D
1226 4228 1475 4304 possessionibus
1500 4228 1585 4286 inter
1608 4228 1694 4302 filios
1716 4231 1819 4288 [11001
1833 4249 1845 4286 .·
1860 4228 1891 4289 id
1913 4239 1973 4305 est,

431 4335 513 4392 viiio
534 4330 637 4407 suerit
655 4332 780 4398 domus,
797 4347 869 4405 qum
886 4325 962 4388 viila
982 4348 1091 4388 muros
1111 4350 1172 4389 non

430 4431 533 4499 habet,
551 4446 705 4504 oqromtm
713 4426 795 4502 jure
815 4428 980 4495 vendetur,
998 4424 1030 4485 id
1051 4434 1100 4487 est.
1120 4427 1174 4488 tali

431 4525 583 4601 manerio,
601 4524 686 4606 quod
706 4522 820 4585 redimi
842 4522 957 4603 poterit
978 4542 1104 4604 semper
1125 4545 1176 4586 us-

430 4645 494 4708 que
509 4625 549 4686 ad
563 4622 740 4706 jubiiaeum,
754 4639 791 4684 eo
807 4621 901 4683 modo
917 4639 981 4700 quo
998 4621 1037 4683 de
1053 4623 1176 4684 redem-

432 4723 540 4807 ptione
565 4739 714 4802 agrorum
739 4718 941 4781 venditorum
969 4727 1017 4780 est
1041 4719 1173 4783 dietum.

302 4843 404 4886 ‘atam
431 4824 495 4885 Sin
511 4821 642 4881 ouum*
656 4821 821 4895 redempta
837 4837 901 4876 non
919 4818 1022 4893 fuerit
1037 4827 1111 4880 ante
1125 4819 1175 4899 ju-

431 4919 566 4993 biiaeum,
574 4919 611 4976 in
619 4918 756 4994 jubilaeo
766 4924 943 4974 revertetur
952 4918 997 4974 od
1006 4918 1173 4979 dominnm

428 5039 537 5091 suum,
555 5016 587 5077 id
605 5022 652 5077 est
672 5013 711 5074 ad
728 5012 936 5087 venditorem,
955 5029 1010 5073 seu
1030 5012 1100 5092 ejus
1121 5013 1173 5077 he

430 5117 550 5180 redem.

469 5214 529 5278 Sed
551 5211 636 5274 eirea
659 5210 726 5272 haeo
748 5208 849 5272 oritur
870 5208 1015 5290 questio,
1037 5229 1108 5290 qua
1131 5211 1172 5274 sit

428 5331 524 5377 eausa
539 5308 733 5374 diversitatis
748 5304 840 5370 istius
855 5306 940 5370 eirea
955 5307 1100 5370 venditas
1116 5309 1172 5374 do·

1230 4325 1344 4387 domus
1360 4323 1551 4398 heritarum,
1562 4343 1642 4404 quas
1657 4324 1775 4388 habent
1791 4325 1823 4386 in
1840 4325 1975 4388 urbibus

1230 4441 1285 4485 seu
1302 4422 1396 4484 etiam
1414 4421 1560 4498 insiliis,
1579 4431 1653 4484 sunt
1671 4423 1762 4504 quasi
1784 4423 1975 4486 hereditaria

1230 4520 1313 4583 hona
1333 4539 1509 4595 eoru1n,eo
1531 4521 1625 4583 modo
1648 4539 1712 4602 quo
1733 4520 1799 4601 agri
1823 4529 1854 4583 et
1873 4521 1975 4584 vineae

1231 4628 1305 4681 sunt
1321 4619 1512 4682 hereditates
1528 4619 1669 4680 tribuum
1685 4619 1819 4680 aliarum
1832 4645 1838 4694 ;
1852 4619 1976 4682 110010-

1230 4717 1303 4780 vitea
1314 4736 1404 4797 agros
1421 4718 1453 4778 in
1470 4717 1675 4779 hereditatem
1693 4716 1796 4778 sortiti
1811 4718 1974 4781 suntldeo

1231 4817 1344 4878 domus
1361 4815 1552 4890 Levitarum,
1570 4814 1716 4896 quamvis
1740 4814 1808 4877 sita
1830 4815 1862 4877 in
1890 4816 1975 4878 urbi-

1229 4916 1300 4990 bus,
1323 4913 1436 4977 redimi
1459 4921 1603 4995 possunt,
1621 4920 1652 4974 et
1675 4914 1808 4976 redeunt
1832 4914 1871 4975 ad
1898 4933 1972 4978 suos

1229 5031 1436 5097 possessores,
1455 5011 1721 5092 quemadmodum
1741 5011 1808 5092 agri
1828 5011 1970 5075 tribuum

1227 5113 1372 5176 aliarum.
1385 5113 1579 5172 8011011000
1595 5119 1702 5170 autem
1717 5131 1826 5170 eorum
1843 5131 1904 5170 non
1922 5133 1971 5170 ve·

1226 5212 1345 5285 neent*,
1355 5210 1386 5272 id
1397 5218 1456 5283 ost,
1467 5208 1581 5270 Levita
1593 5227 1656 5271 non
1668 5216 1818 5288 poterunt
1834 5228 1971 5272 suaven·
2000 5231 2009 5249 ·
2088 5249 2098 5273 1.

1225 5311 1299 5373 (1010
1315 5307 1596 5385 suburbana‚qut'o
1607 5307 1758 5384 possessio
1774 5309 1970 5386 sempiterno
