4309 6259
454 476 514 538 572
795 496 967 543 manuario
989 498 1020 543 ιιι
1041 498 1110 543 cnr.
1134 497 1187 542 mr
1207 496 1441 543 namanonouu.
1464 516 1505 528 -
1525 498 1597 544 aar.
1619 498 1659 544 xv

309 682 441 733 ιιιιῃιο,
456 662 602 727 sissimus
622 665 772 750 princeps
787 668 1010 751 Apostolorum
1031 686 1038 731 ι
1054 668 1117 731 Gur
1131 666 1239 730 ten-A
1254 667 1404 744 tualibus,
1422 668 1543 732 diffuse
1559 678 1725 733 tractatum
1735 677 1784 731 est
1798 669 1831 730 in
1842 668 1992 742 Levitico,

455 762 529 823 tatis
544 762 709 844 imponere
724 784 805 829 onus
821 786 916 849 super
935 766 1200 847 cervicemjdisei·
1253 766 1309 828 nbi
1327 768 1367 829 de
1386 768 1438 829 his
1455 786 1494 830 er
1510 768 1636 849 scriptis
1652 768 1821 830 Alexandri
1836 768 1877 830 de
1892 766 1990 832 Halos.

456 860 616 942 pulcrum,
635 864 720 944 quod
747 884 849 947 neque
875 884 944 943 nos,
968 885 1071 949 neque
1094 874 1199 947 patres
1254 866 1284 929 S.
1299 865 1476 942 Thomae,et
1490 866 1649 929 Guillelmi
1662 866 1905 942 Parisiensis,ae
1920 864 1993 927 alie

456 960 556 1021 nostri
581 970 708 1043 portare
733 964 925 1045 potuimust
950 966 1020 1027 Haec
1046 964 1196 1046 praemisi,
1253 985 1336 1042 rum,
1353 964 1453 1026 multa
1468 974 1542 1027 sunt
1558 965 1991 1029 introducta:ideouonsunt

455 1057 530 1138 quia
546 1077 583 1121 ex
598 1059 658 1122 hoc
679 1060 748 1125 loco
771 1062 885 1144 incipit
900 1063 1019 1146 Moyses
1041 1072 1199 1145 praecepta
1253 1064 1436 1146 repetenda,
1454 1064 1509 1127 sed
1531 1064 1663 1126 nomina
1681 1064 1826 1144 quaedam
1850 1070 1927 1123 sunt
1944 1062 1992 1123 hie

455 1154 534 1235 legis
549 1157 776 1222 caerimonialia
786 1168 818 1223 et
832 1161 996 1241 judicialia
1012 1161 1113 1241 magis
1129 1180 1200 1242 par·
1253 1162 1529 1243 exponenda‚quae
1541 1180 1605 1226 non
1621 1171 1694 1224 sunt
1704 1180 1852 1243 expressa
1867 1161 1992 1223 ibidem.

455 1253 631 1318 ticulariter
645 1260 807 1340 prosequi.
1253 1264 1322 1322 Hoc
1335 1271 1380 1320 est
1395 1262 1522 1322 animat
1537 1265 1622 1341 quod
1631 1264 1792 1321 comedere
1804 1262 1934 1321 debetis.
1942 1261 1995 1324 llic

495 1357 579 1415 Filii
599 1366 692 1417 estote
714 1360 849 1418 Domini
871 1360 932 1419 Dei
957 1361 1064 1430 vestri,
1083 1359 1114 1420 id
1137 1366 1196 1434 est,
1253 1359 1383 1441 ponitur
1406 1359 1567 1440 singulare
1586 1378 1644 1441 pro
1665 1359 1793 1442 plurali,
1811 1369 1846 1421 ut
1866 1358 1910 1420 sit
1930 1379 1995 1421 sen

457 1452 639 1517 nouaclum
661 1455 755 1531 servi,
774 1457 828 1519 sed
852 1457 948 1519 etiam
972 1457 1033 1519 filii
1056 1457 1198 1540 adoptivi
1253 1476 1308 1519 sus
1325 1476 1332 1520 :
1350 1459 1420 1521 llee
1436 1466 1511 1520 sunt
1525 1458 1832 1539 animalia,quornm
1847 1458 1995 1519 carnibus

455 1570 525 1614 esse
547 1552 679 1634 satagite
695 1553 761 1616 veri
783 1554 849 1631 Dei,
866 1574 924 1637 per
945 1555 1078 1619 filialem
1100 1557 1139 1618 ad
1155 1556 1200 1638 ip·
1253 1558 1339 1619 vesei
1355 1557 1445 1621 vobis
1467 1566 1516 1620 est
1536 1557 1670 1621 licitum.
1688 1562 1806 1619 Bonam
1820 1568 1851 1617 et
1864 1578 1955 1617 ecem
1967 1570 1995 1617 et

457 1668 526 1711 sum
538 1651 701 1714 caritatem
714 1652 921 1730 sinceram,ct
936 1673 992 1736 per
1003 1654 1121 1717 divinae
1131 1674 1200 1737 per·
1253 1676 1398 1733 capram,
1414 1666 1444 1716 et
1459 1677 1601 1717 cereum.
1620 1655 1928 1741 Depreprietatibus
1943 1656 1994 1719 be

457 1746 605 1812 fectionis
631 1750 853 1829 imitationem,
871 1754 1140 1834 quemadmodum
1165 1754 1198 1815 in
1255 1755 1350 1819 viset
1371 1755 1441 1819 ovis
1463 1764 1494 1817 et
1510 1774 1624 1837 eaprae,
1643 1775 1738 1838 super
1753 1754 1930 1819 Leviticum
1950 1758 1995 1818 di-

309 1860 441 1912 emvaas.
456 1847 627 1928 Evangelio
650 1848 694 1910 ait
716 1848 884 1914 Salvator:
905 1851 1031 1930 Diligite
1052 1850 1199 1915 inimicos
1216 1853 1994 1930 Betumest.Ccrvusestanimalvelex,cornibus

457 1955 590 2024 vestros,
613 1956 645 2009 et
667 1956 811 2010 mutuum
834 1950 906 2013 date
929 1949 1009 2011 nihil
1030 1951 1105 2012 inde
1130 1970 1200 2033 spe
1254 1962 1421 2029 armatum,
1440 1953 1543 2015 lutum
1558 1961 1591 2015 et
1604 1953 1728 2034 spineta
1742 1952 1928 2015 transiliens
1942 1954 1996 2015 sal·

457 2054 571 2119 rantes,
590 2054 622 2109 et
646 2044 735 2109 eritis
761 2046 823 2109 filii
845 2048 1010 2125 Altissimi‚
1035 2049 1111 2129 quia
1130 2049 1199 2131 ipse
1254 2060 1365 2128 tu,eta
1381 2051 1510 2113 laesione
1520 2051 1672 2113 cornibus
1688 2070 1722 2113 se
1736 2049 1994 2124 defendit.0uurn

456 2142 614 2223 benignus
630 2152 678 2207 est
694 2163 789 2226 super
805 2145 945 2226 ingratos
956 2156 987 2209 et
1003 2147 1114 2209 malos.
1126 2151 1200 2209 Non
1254 2149 1407 2225 senuerit,
1419 2149 1451 2212 vi
1469 2150 1593 2211 narium
1613 2157 1790 2231 serpentem
1807 2149 1945 2211 extrahit
1959 2151 1996 2212 de

459 2264 510 2303 nes
535 2246 699 2314 incidetis,
724 2243 784 2306 hee
814 2252 873 2319 est,
901 2262 963 2307 non
989 2244 1200 2310 vulnerabilis
1254 2268 1400 2324 caverna,
1418 2267 1513 2329 quern
1533 2248 1641 2309 vivum
1669 2247 1812 2327 deglutit,
1830 2249 1925 2329 eujus
1946 2269 1995 2310 ve

456 2342 721 2424 vosmetipsos,ut
737 2362 793 2425 per
809 2343 868 2406 hoe
879 2342 1122 2406 exaudiaminia
1137 2365 1199 2421 me,
1256 2366 1339 2411 neno
1363 2355 1512 2421 estuans,
1529 2346 1569 2409 ad
1591 2345 1713 2409 fontem
1738 2347 1893 2409 accelerat
1910 2368 1917 2411 :
1934 2367 1995 2428 que

459 2449 553 2524 prout
573 2442 665 2504 tertio
687 2441 807 2522 Regum
829 2443 869 2505 dc
888 2443 1107 2506 sacerdotibus
1128 2443 1200 2506 Baal
1254 2447 1379 2521 hausto,
1398 2463 1556 2507 venenum
1573 2444 1672 2524 ejicit,
1689 2453 1721 2507 et
1742 2444 1816 2526 pilis
1832 2445 1995 2509 vetustatis

339 2550 365 2595 ιιι
384 2552 439 2606 nea.
457 2540 592 2602 habetur
608 2558 615 2602 ε
633 2539 817 2603 Clamabant
831 2558 909 2603 voee
929 2558 1053 2621 magna,
1071 2551 1104 2604 et
1123 2542 1202 2605 inci·
1255 2543 1400 2625 abjectis,
1419 2542 1640 2623 rejuvenescit.
1659 2544 1716 2605 Per
1730 2562 1825 2625 quem
1847 2544 1929 2607 hene
1943 2545 1995 2607 ho

311 2630 367 2667 ‘'¹¹''
380 2618 413 2658 ²⁸¹
456 2638 575 2701 debant
591 2657 624 2701 se
639 2639 728 2720 juxta
744 2639 840 2701 ritum
859 2659 952 2701 suum
963 2640 1073 2703 cultris
1089 2649 1122 2703 et
1137 2642 1201 2703 lan·
1256 2661 1308 2705 mo
1324 2642 1499 2724 spiritualis
1515 2649 1546 2704 et
1560 2642 1827 2723 contemplativus
1841 2643 1993 2723 signatur,

455 2737 554 2800 ceolis
570 2737 670 2800 donec
687 2736 955 2819 perfunderentur
970 2739 1200 2817 sangu·ine.Vcl
1255 2742 1310 2823 qni
1328 2740 1453 2803 fervore
1464 2739 1639 2802 affectuum
1656 2738 1785 2802 festinat
1794 2741 1833 2803 ad
1848 2742 1993 2822 patriam,

455 2837 540 2918 quod
563 2836 618 2913 ait,
646 2835 712 2899 Non
738 2855 793 2900 vos
814 2837 974 2913 incidetis,
1000 2838 1137 2901 refertur
1161 2840 1200 2901 ad
1255 2839 1472 2920 cornibusque
1495 2846 1646 2916 armatur,
1673 2839 1789 2919 quibus
1814 2839 1996 2903 laesionibus

456 2934 633 3018 sequentia,
662 2956 719 2995 nec
747 2937 875 3012 facietis
905 2939 1076 2997 calvitium
1104 2958 1201 3015 super
1256 2937 1423 3002 tentatoris
1454 2937 1583 3013 resistit,
1611 2938 1651 2999 de
1675 2937 1792 3019 quibus
1816 2946 1962 3000 cantatur
1986 2958 1993 2999 :

455 3046 592 3107 evermo,
614 3035 674 3097 hee
696 3042 755 3110 est,
772 3052 809 3096 ex
836 3034 1044 3098 immoderato
1064 3054 1201 3097 moerore
1218 3040 1240 3103 C
1256 3036 1486 3099 Eraltabuntur
1501 3054 1620 3098 cornua
1634 3036 1711 3117 justi
1729 3056 1736 3100 :
1753 3055 1825 3117 que
1846 3046 1922 3099 sunt
1936 3038 1996 3099 vir·
2021 3051 2112 3092 remu·

456 3136 496 3197 dc
514 3142 783 3209 monocerotem,
802 3151 865 3196 non
884 3133 1004 3196 ledetis
1021 3152 1077 3197 vos
1095 3134 1218 3215 aliqua·
1256 3144 1340 3198 tutes
1368 3135 1452 3215 ejus.
1484 3134 1659 3197 Praesertim
1690 3135 1874 3197 diseretio*
1903 3118 2113 3218 atquei'ffl,

455 3233 687 3309 vulneratione,
706 3252 763 3295 nee
779 3232 950 3295 extrahetis
965 3232 1202 3314 capilloszquia
1257 3233 1436 3299 constantia
1465 3233 1662 3295 transcendit
1693 3252 1828 3315 quaeque
1862 3243 2033 3297 terrena·t

456 3332 595 3394 cultores
606 3332 673 3393 veri
685 3331 814 3411 Dei,qui
827 3329 924 3394 fidem
941 3330 1059 3393 habeut
1070 3339 1101 3393 et
1112 3350 1201 3413 spem
1256 3334 1423 3414 Quumque
1447 3332 1588 3394 senuerit
1610 3350 1754 3413 corpore,
1775 3342 1945 3395 renovatur
1965 3334 1995 3394 in

458 3429 531 3491 vitae
547 3428 700 3503 melioris,
718 3429 818 3491 beate
834 3448 870 3491 ae
886 3428 1055 3505 aeternalis,
1069 3446 1133 3491 nen
1150 3429 1203 3491 de-
1257 3432 1375 3507 anima,
1403 3429 1604 3511 extrahitque
1622 3430 1766 3511 aspidem
1790 3430 1829 3493 de
1851 3450 1995 3502 caverna,

459 3536 508 3592 eet
524 3526 570 3589 sie
593 3524 672 3589 flere
688 3536 817 3610 propter
840 3527 1047 3609 temporalem
1072 3546 1203 3589 suorum
1259 3532 1334 3592 dum
1351 3528 1609 3611 peecatorem-ad
1623 3528 1843 3591 confitendum
1867 3529 1995 3601 inducit,

460 3626 582 3689 obitum
608 3625 872 3708 propinquorum.
898 3626 1027 3707 Propter
1051 3626 1137 3706 quod
1158 3626 1204 3688 ait
1258 3627 1351 3708 cujus
1372 3644 1471 3707 quum
1498 3632 1626 3705 peecata
1648 3624 1795 3701 audierit,
1817 3626 1857 3687 ad
1881 3625 1997 3689 fontem

461 3726 631 3807 Apostolus
657 3743 663 3785 :
690 3724 843 3788 Nolumus
869 3743 925 3787 vos
954 3725 1135 3787 contristari
1165 3726 1204 3787 de
1259 3723 1486 3787 misericordiae
1501 3732 1701 3804 properat,et
1711 3722 1837 3785 veniam
1854 3724 1999 3805 impetrat

343 3836 348 3847 '
461 3824 704 3899 dormientibus,
717 3824 799 3886 sicut
814 3830 844 3885 et
854 3823 951 3886 ceteri
966 3824 1022 3905 qui
1039 3842 1129 3905 spem
1140 3842 1204 3886 non
1258 3822 1439 3907 poenitenti.

461 3924 590 3987 habent.
613 3923 729 3985 Taliter
751 3930 855 3983 autem
879 3922 997 4002 lugere,
1022 3940 1132 3985 eorum
1157 3930 1204 3984 est
1300 3926 1342 3984 m
1357 3941 1518 3998 capream,
1536 3923 1700 3981 bubalum.
1719 3919 1855 3982 Bubalus
1873 3928 1922 4010 est
1936 3921 1998 3983 ani-

461 4023 517 4106 qui
540 4023 579 4085 de
602 4021 832 4085 resurrectione
853 4020 981 4102 vitaque
1004 4020 1136 4083 meliore
1155 4021 1205 4083 de
1259 4020 1323 4083 mal
1339 4020 1428 4083 feror
1443 4019 1577 4081 etvalde
1594 4017 1866 4100 robustum,quod
1882 4019 1999 4083 domari

463 4130 602 4205 sperant.
629 4120 708 4183 Hinc
738 4120 782 4181 ait
806 4118 916 4181 Glossa
943 4138 949 4183 :
977 4119 1082 4200 Usque
1111 4119 1207 4181 hodie
1261 4138 1325 4183 non
1342 4126 1456 4201 petest,
1466 4117 1529 4179 nisi
1545 4116 1649 4179 ferreo
1659 4117 1770 4179 aculeo
1787 4118 1919 4180 naribus
1934 4121 1999 4200 ejus

462 4220 571 4282 multe
595 4227 706 4298 gentes
736 4216 883 4279 incidunt
912 4236 945 4278 se
972 4216 1005 4277 in
1038 4216 1206 4280 funeribus
1221 4218 1246 4280 D
1261 4218 1374 4293 infixo,
1391 4235 1455 4297 quo
1476 4214 1717 4290 circumfertur,
1735 4214 1895 4297 habetque
1918 4216 2000 4279 freu-

462 4326 670 4381 mortuorum.
688 4315 831 4379 Haeretici
846 4334 974 4397 quoque
989 4316 1123 4398 capillos
1137 4324 1207 4380 ten-
1261 4328 1324 4381 tem
1346 4314 1553 4380 validissimis
1576 4313 1726 4377 cornibus
1746 4314 1996 4397 circumseptam.

463 4419 550 4493 dent,
577 4424 609 4477 et
632 4414 766 4478 mortuis
791 4422 989 4477 consecrant.
1016 4414 1101 4476 lstud
1131 4432 1206 4495 ergo
1260 4416 1348 4496 Nigri
1372 4423 1427 4476 aut
1449 4413 1529 4475 fulvi
1552 4412 1667 4476 eoloris
1690 4422 1749 4489 est,
1772 4423 1804 4476 et
1824 4433 1943 4495 paucos
1965 4434 1998 4475 ae

463 4515 615 4579 Dominus
629 4514 734 4595 jussit,
754 4532 794 4574 ne
810 4510 947 4594 populus
963 4531 1039 4573 suus
1055 4512 1208 4574 assimila·
1262 4533 1348 4578 raros
1364 4512 1460 4575 habet
1474 4512 1568 4593 pilos.
1581 4512 1638 4574 Per
1652 4530 1747 4592 quem
1762 4512 1938 4594 spiritualis
1947 4532 1999 4595 pu-

464 4622 550 4677 retur
572 4612 760 4675 idololatris.
778 4611 820 4673 De
844 4609 904 4673 isto
924 4610 1045 4672 dictum
1069 4618 1116 4672 est
1139 4610 1206 4691 ple·
1260 4621 1373 4695 gnator
1387 4611 1554 4692 accipitur,
1564 4611 1619 4691 qui
1635 4611 1793 4674 animatus
1809 4611 1842 4673 in
1858 4612 1996 4687 Domino,

346 4720 351 4732 '
464 4713 537 4774 nius
553 4730 649 4792 super
664 4710 851 4773 Levitienm.
1263 4717 1455 4794 protestatur
1473 4730 1479 4773 :
1500 4708 1673 4789 Persequar
1695 4708 1843 4772 inimicos
1866 4728 1950 4773 meos
1970 4718 2112 4771 filhan-³¹·

504 4810 653 4892 Sequitur
669 4810 708 4872 de
724 4808 929 4871 distinctione
945 4816 977 4871 et
992 4808 1150 4871 munditia
1165 4808 1209 4870 ei·
1262 4808 1530 4891 eomprehendam
1546 4806 1630 4883 illes,
1646 4814 1677 4869 et
1693 4825 1757 4870 non
1773 4816 1938 4871 convertar
1950 4808 2000 4869 de
2120 4827 2121 4880 ι

464 4910 577 4973 horum
594 4908 768 4971 seeundum
790 4907 893 4988 legem
907 4926 913 4970 :
926 4906 1044 4987 quibus
1060 4906 1209 4969 videlieet
1263 4926 1322 4970 nee
1344 4904 1509 4969 deficiant.
1530 4908 1779 4983 Tragetaphem.
1793 4906 2000 4988 Tragelaphus
2120 4903 2121 4910 ’

463 5008 656 5072 animalibus
666 5004 1024 5086 gressibilibus,qnibus
1039 5004 1136 5067 etiam
1147 5006 1210 5068 avi·
1263 5006 1326 5069 alio
1343 5005 1473 5067 nomine
1487 5003 1604 5066 dieitur
1620 5003 1833 5078 hircocervus,
1846 5004 1921 5086 quia
1935 5024 2001 5085 par-

465 5109 536 5185 bus,
559 5116 590 5170 et
611 5106 729 5187 quibus
753 5105 894 5187 piscibus
916 5104 1002 5169 vesei
1019 5104 1146 5167 licuerit
1165 5105 1211 5187 ip
1264 5105 1321 5166 tim
1337 5111 1385 5165 est
1400 5102 1516 5164 similis
1531 5101 1633 5179 hirco,
1642 5102 1821 5184 partimque
1836 5120 1938 5165 cervo.
1947 5102 2001 5163 Per

332 5223 392 5268 uu.
403 5206 509 5275 masis
524 5205 651 5281 iudeis,
662 5212 693 5268 et
708 5203 825 5285 quibus
842 5221 917 5267 non.
934 5203 977 5267 De
993 5222 1056 5283 qua
1079 5203 1211 5265 materia
1264 5220 1360 5284 quem
1391 5202 1487 5264 horno
1518 5199 1694 5282 proficiens
1726 5200 1922 5280 designatur,
1946 5199 1999 5281 qui

319 5294 395 5344 ‘ml'
466 5314 498 5371 et
518 5303 695 5369 rationibus
710 5303 825 5366 horum
847 5302 1038 5366 litteralibus
1060 5321 1098 5365 ae
1120 5301 1212 5384 spiri·
1266 5301 1372 5364 adhue
1396 5298 1599 5381 passionibus
1620 5299 1838 5382 impugnatur,
1856 5307 1887 5363 et
1901 5307 1999 5361 tamen
