4309 6259
380 503 450 568 268·
730 517 903 563 manuario
924 517 955 562 nv
976 516 1045 563 can.
1067 516 1122 562 xnr
1137 517 1280 562 nannet.
1301 535 1342 546 -
1362 515 1433 562 nur.
1457 515 1575 561 xxxvrn

379 697 536 774 praecepta
553 689 619 768 illa,
637 690 812 754 secundum
826 688 910 769 quod
931 689 1035 770 primo
1051 695 1125 749 sunt
1140 686 1165 748 Α
1183 705 1273 769 puos,
1290 687 1516 764 Alexandrum,
1535 687 1699 759 Thomam,
1717 686 1878 749 lllbertum
1895 695 1928 748 et

380 789 505 865 tradita,
518 798 593 850 sunt
614 797 771 871 precepta
792 786 924 868 justitiae
948 786 1124 849 secundnm

378 889 523 952 doctores
540 887 763 950 communiter.
783 885 919 949 lntentio
934 889 1061 966 quoque
1083 885 1126 947 lc-

377 986 537 1066 gislatoris
560 993 618 1061 est,
642 985 795 1067 populum
820 1003 911 1046 suum
934 982 1040 1046 lacere
1060 983 1124 1044 vir·

378 1093 516 1148 tuosum.
528 1083 674 1165 Denique
685 1091 843 1165 precepta
853 1082 999 1163 Decalogi
1015 1101 1126 1145 secun-

378 1185 453 1245 dum
469 1183 555 1264 quod
572 1181 675 1264 primo
686 1190 761 1244 sunt
777 1181 991 1258 data,duabus
1008 1181 1124 1243 tabulis

377 1289 452 1344 sunt
468 1281 633 1362 inscripta,
650 1290 681 1343 et
697 1281 730 1342 in
748 1279 851 1343 lorma
865 1280 920 1343 illa
936 1288 1125 1362 permanent

378 1398 479 1461 usque
496 1380 529 1442 in
546 1398 697 1461 presens,
710 1388 743 1441 et
757 1377 960 1442 sullicientcr
975 1386 1050 1441 sunt
1066 1387 1125 1440 tra·

377 1479 454 1555 dita,
473 1480 648 1541 secundum
664 1480 749 1561 quod
769 1497 949 1560 percorum
966 1478 1125 1560 impletio-

378 1597 449 1640 nem
467 1579 530 1640 Deo
546 1578 737 1659 placeretur;
750 1587 780 1640 et
796 1567 970 1640 secu‘ndum
989 1576 1124 1640 lormam

378 1675 467 1737 illam
483 1677 601 1738 cadunt
617 1674 676 1736 sub
692 1675 760 1753 lege
778 1675 898 1751 divina,
916 1684 947 1737 et
964 1675 1125 1756 pertinent

377 1775 416 1836 ad
441 1775 584 1837 eamdem
609 1782 759 1854 tanquam
784 1773 887 1854 prima
911 1783 942 1836 ct
965 1773 1125 1855 principa-

1182 794 1315 862 ccteros,
1334 785 1377 848 ita
1393 795 1441 849 est
1457 804 1588 849 sensus:
1608 786 1671 864 Ego
1687 786 1772 848 enim
1790 805 1857 847 sum
1870 786 1928 848 Do

1181 885 1289 947 minus
1303 886 1386 948 Deus
1402 893 1485 960 tuus,
1495 884 1732 962 lortis‚zeloteS,
1742 884 1772 945 id
1784 894 1841 960 est,
1851 885 1927 947 ideo

1182 984 1240 1047 tibi
1266 985 1444 1048 alienorum
1466 985 1597 1047 deorum
1620 983 1739 1046 cultum
1765 993 1796 1046 et
1817 985 1928 1046 adora-

1183 1084 1301 1147 tionem
1322 1083 1489 1166 prohibeo,
1507 1083 1657 1163 quoniam
1678 1099 1736 1163 ego
1752 1083 1837 1146 solus
1852 1103 1926 1144 sum

1180 1202 1274 1245 verus
1302 1184 1380 1245 Deus
1406 1191 1437 1245 et
1460 1181 1613 1245 Dominus
1639 1191 1722 1258 tuus,
1748 1182 1803 1262 qni
1823 1181 1927 1244 instar

1182 1282 1290 1362 sponsi
1316 1290 1347 1345 et
1377 1281 1480 1343 mariti
1512 1299 1568 1344 seu
1598 1280 1924 1362 amatoris'zelotypi,

1181 1381 1253 1444 volo
1279 1401 1297 1442 a
1323 1379 1474 1444 lidelibus
1497 1379 1665 1442 animabus
1695 1380 1781 1442 solus
1809 1380 1925 1456 amari,

1180 1479 1316 1556 adorari,
1335 1478 1496 1560 amplecti,
1515 1487 1546 1540 et
1561 1477 1622 1540 coli
1639 1486 1674 1539 ut
1688 1478 1769 1541 Deus
1784 1487 1816 1540 et
1831 1495 1928 1559 spon-

1181 1575 1927 1656 sus,itautinderogatiOnemetminorationem

1182 1677 1243 1739 mei
1260 1677 1389 1753 amoris,
1403 1675 1447 1737 nil
1465 1695 1588 1738 mecum
1606 1684 1728 1738 ametur
1739 1693 1745 1736 :
1756 1684 1928 1757 propterea

1181 1774 1267 1856 plebi
1291 1784 1322 1837 et
1344 1793 1470 1857 sponsae
1492 1793 1570 1836 meae
1590 1773 1744 1856 prohibeo
1760 1793 1830 1836 cum
1851 1773 1928 1836 aliis

379 1872 459 1935 liora
481 1873 551 1952 ejus
576 1880 743 1952 precepta,
770 1891 825 1952 per
849 1890 985 1952 quorum
1012 1871 1125 1953 imple·
1144 1875 1166 1936 Β
1182 1872 1244 1935 diis
1261 1873 1662 1954 lornicari‚sicutsponsus
1673 1891 1820 1953 sponsam
1833 1892 1926 1934 snam

379 1971 498 2033 tionem
521 1970 602 2032 Deus
625 1969 726 2031 voluit
750 1978 781 2032 et
807 1969 945 2032 intendit
973 1970 1125 2033 interiora

378 2068 489 2150 populi
513 2068 563 2130 sui
586 2087 721 2150 purgare
744 2076 776 2130 ct
798 2067 983 2144 reformare,
1006 2077 1038 2131 et
1060 2087 1125 2130 sue

378 2167 537 2249 maiestati
564 2167 676 2229 serviri
698 2166 737 2228 ab
762 2167 835 2229 eis:
857 2168 942 2248 quod
966 2185 1036 2230 esse
1060 2185 1124 2229 non

378 2264 565 2346 potuit,nisi
582 2266 757 2327 secundum
772 2259 859 2346 quod
874 2265 1126 2329 observabantur

378 2383 417 2426 cx
444 2362 588 2426 interiori
615 2363 720 2426 cordis
745 2363 928 2440 allectione,
955 2373 987 2426 et
1009 2364 1125 2426 mentis

378 2461 609 2525 deliberatione
623 2471 718 2543 atque
733 2463 908 2545 proposito.

419 2560 576 2643 Amplius,
595 2560 627 2622 in
654 2561 757 2642 prima
779 2570 1009 2644 preceptorum
1031 2563 1126 2625 tradi-

379 2659 467 2722 tione
482 2659 563 2722 Deus
580 2659 767 2723 intendebat
778 2660 839 2723 sibi
856 2661 1052 2743 synagogam
1069 2679 1126 2743 per

379 2757 541 2821 caritatem
565 2758 667 2834 unire,
685 2757 749 2821 imo
767 2766 799 2821 et
819 2760 1022 2840 desponsare,
1040 2778 1126 2821 acce-

380 2860 532 2937 ptamque
553 2855 657 2919 lacere
677 2876 734 2938 per
753 2856 988 2919 observantiam
1010 2877 1126 2939 prece-

380 2961 507 3036 ptorum
522 2955 699 3017 secundum
721 2975 849 3018 sensum
865 2964 897 3016 et
918 2956 1053 3018 formam
1069 2975 1125 3019 seu

1182 1991 1244 2036 non
1272 1973 1391 2054 patitur
1415 1972 1506 2035 alteri
1531 1969 1742 2034 commisceri.
1760 1972 1840 2034 Ecce
1863 1969 1927 2034 elass

1181 2070 1307 2134 rissime
1318 2071 1350 2132 in
1367 2071 1471 2154 prima
1481 2069 1577 2151 hujus
1593 2069 1763 2133 traditione
1775 2069 1926 2151 precepti

1181 2169 1345 2233 evidenter
1365 2168 1552 2251 exprimitur
1573 2169 1686 2230 modus
1707 2167 1852 2230 servandi
1877 2169 1927 2250 ip-

1181 2288 1263 2344 sum,
1283 2276 1317 2330 ut
1338 2268 1460 2330 scilicet
1475 2286 1511 2330 ex
1533 2266 1677 2330 interiori
1697 2267 1801 2330 cordis
1822 2267 1927 2329 inten-

1181 2365 1268 2427 tione
1293 2373 1324 2426 ct
1354 2363 1485 2440 ellectu,
1512 2363 1592 2426 Deus
1618 2383 1710 2425 verus
1740 2364 1862 2426 colatur
1893 2374 1927 2426 et

1181 2465 1341 2526 adoretur.
1359 2463 1478 2526 ldcirco
1492 2481 1620 2544 quoque
1635 2462 1668 2523 in
1685 2463 1746 2526 isto
1767 2471 1926 2545 praecepto

1182 2570 1305 2626 vetatur
1320 2560 1487 2624 conversio
1502 2560 1618 2623 mentis
1634 2560 1672 2622 ad
1689 2560 1783 2624 idola.

1220 2659 1375 2741 Denique,
1387 2679 1487 2741 quum
1503 2659 1536 2720 in
1552 2668 1625 2722 actu
1640 2659 1787 2722 exteriori
1805 2677 1867 2722 non
1885 2659 1928 2720 sit

1181 2758 1275 2840 culpa
1289 2767 1343 2820 aut
1359 2757 1584 2834 meritum‚seu
1600 2757 1721 2839 aliquid
1733 2757 1858 2820 virtutis
1869 2765 1928 2819 aut

1181 2856 1263 2934 vitii,
1277 2856 1338 2918 nisi
1355 2877 1393 2919 ex
1410 2856 1553 2919 interiori
1571 2856 1686 2920 mentis
1701 2855 1924 2938 dispositione,

1181 2956 1355 3018 secundum
1372 2955 1528 3031 doctores,
1546 2964 1669 3017 constat
1688 2955 1772 3037 quod
1789 2955 1869 3016 Deus
1890 2955 1925 3016 in

379 3051 509 3114 modum
524 3070 588 3132 quo
600 3052 741 3130 tradidit,
754 3063 847 3135 prout
863 3053 968 3116 Sancti
984 3073 1125 3117 commu·
1141 3054 1163 3118 C
1182 3055 1285 3135 prima
1301 3053 1445 3135 Decalogi
1468 3053 1597 3116 datione
1617 3071 1654 3116 eo
1671 3053 1766 3116 modo
1780 3053 1870 3134 jubet
1890 3071 1926 3116 se

380 3150 463 3212 niter
478 3149 784 3233 dicunt,prresertim
801 3152 1125 3234 Hieronymus,atquc

258 3276 344 3320 amn
380 3248 413 3310 in
430 3248 594 3311 Ezechiele
609 3249 686 3310 satis
702 3250 903 3312 describitur.
917 3251 1001 3314 lstud
1017 3260 1122 3314 aulem

230 3343 363 3394 ”blm
380 3365 582 3428 nequaquam
600 3366 709 3410 verum
725 3349 888 3424 esset,nisi
901 3349 933 3410 ln
950 3350 1053 3431 prima
1069 3349 1124 3412 illa

380 3443 551 3506 traditione
566 3463 733 3526 expressus
749 3455 831 3508 esset
847 3449 959 3510 modus
976 3449 1123 3511 servandi

381 3542 582 3623 Decalogum.
606 3542 646 3604 At
668 3561 743 3605 vero
765 3544 824 3607 hoc
847 3545 951 3626 ipsum
973 3565 1011 3608 ex
1036 3554 1122 3608 textu

381 3648 587 3717 monstratur,
613 3642 765 3722 qnoniam
796 3642 829 3703 in
858 3643 965 3706 Exodo
994 3644 1121 3725 legitur,

381 3739 519 3820 qualiter
544 3739 694 3803 Dominus
719 3742 827 3805 decem
854 3753 1011 3825 praecepta
1037 3744 1124 3806 datu-

382 3856 447 3915 rus,
466 3825 509 3900 ita
531 3856 661 3901 exorsus
684 3849 732 3902 est
755 3840 841 3922 loqui
864 3843 903 3902 ad
922 3841 1122 3923 synagogam

246 3957 363 4010 stoan,
381 3954 437 3997 seu
453 3925 655 3999 israeliticam
678 3937 802 4018 plebem
822 3958 829 4002 :
847 3939 912 4019 Ego
928 3959 998 4000 sum
1018 3940 1123 4002 Domi-

231 4021 251 4068 2,
263 4023 283 4062 3.

381 4053 442 4095 nus
456 4035 538 4096 Deus
554 4043 636 4109 tuus,
653 4035 709 4115 qui
725 4036 820 4097 eduxi
836 4045 866 4098 te
882 4038 920 4099 dc
937 4048 1019 4100 terra
1034 4039 1123 4120 AEgy-

381 4131 439 4212 pti.
461 4131 528 4194 Non
549 4131 680 4194 babebis
700 4133 775 4196 deos
795 4133 916 4196 alienos
935 4154 1042 4198 coram
1058 4156 1119 4199 me.

1181 3151 1305 3215 adorari
1325 3160 1357 3214 et
1372 3151 1445 3228 coli,
1463 3170 1527 3232 quo
1542 3151 1684 3215 adoratio
1703 3151 1752 3213 sui
1768 3161 1799 3213 et
1819 3151 1925 3214 cultus

1180 3251 1356 3334 procedunt
1371 3269 1408 3313 ex
1426 3249 1567 3313 interiori
1586 3249 1700 3312 mentis
1716 3250 1925 3314 conversione

1180 3352 1219 3413 ad
1246 3350 1349 3432 ipsum
1376 3358 1407 3412 et
1432 3369 1469 3412 ex
1494 3349 1623 3412 virtute.
1640 3349 1684 3412 Eo
1709 3349 1804 3412 etiam
1829 3350 1925 3412 modo

1180 3449 1329 3532 prohibet
1350 3449 1473 3512 alienos
1494 3449 1570 3511 deos
1590 3448 1651 3512 ooli
1674 3456 1704 3510 et
1726 3448 1860 3524 adorari,
1878 3467 1926 3510 se

1179 3549 1318 3612 cundum
1344 3547 1429 3628 quod
1455 3547 1514 3610 hcc
1540 3545 1634 3609 lieret
1659 3565 1696 3609 ex
1721 3547 1826 3610 cordis
1850 3565 1925 3610 con-

1180 3646 1326 3709 versione
1348 3646 1387 3708 ad
1411 3645 1633 3727 illoslnsupcr
1656 3645 1739 3707 istud
1760 3645 1925 3707 evidenter

1179 3744 1331 3826 probatur
1345 3763 1383 3806 ex
1404 3745 1507 3825 prima
1528 3743 1700 3806 traditione
1720 3743 1867 3825 praecepti
1883 3744 1924 3806 de

1179 3842 1392 3906 celebratione
1407 3841 1541 3918 sabbati,
1560 3861 1658 3922 quum
1679 3841 1713 3903 in
1734 3841 1836 3923 prima
1852 3843 1924 3923 ejus

1180 3939 1349 4004 traditione
1364 3940 1516 4004 Dominus
1530 3940 1575 4002 ait
1593 3960 1599 4005 :
1617 3941 1771 4004 Memento
1787 3949 1821 4000 ut
1835 3939 1922 4001 diem

1179 4038 1301 4102 sabbati
1333 4038 1526 4102 sanctifices
1555 4037 1724 4102 Reminisci
1757 4038 1843 4100 enim
1873 4046 1924 4099 est

1177 4145 1267 4200 actus
1283 4137 1425 4213 interior,
1444 4146 1475 4200 et
1489 4156 1583 4200 verus
1599 4137 1694 4219 hujus
1709 4135 1857 4218 precepti
1874 4135 1925 4196 in-

379 4227 473 4302 Ouasl
494 4228 602 4293 dicat:
624 4231 670 4293 lllc
689 4231 792 4293 solum
813 4232 956 4310 habebis,
977 4235 1073 4313 coles,
1091 4233 1121 4298 el
1140 4232 1163 4294 l)
1179 4236 1323 4299 tellectus
1348 4237 1449 4299 aDeo
1474 4236 1615 4299 intentus
1639 4244 1697 4311 est,
1721 4241 1757 4297 ut
1777 4234 1845 4297 dies
1865 4233 1923 4298 ille

379 4327 529 4390 adorabis
554 4347 611 4410 pro
636 4347 720 4392 vero¹
735 4329 827 4402 Deo3'
845 4340 966 4394 ceteros
995 4332 1050 4415 qui
1076 4334 1120 4395 dii

379 4434 543 4501 vocantur,
567 4427 721 4489 relu'tabis
741 4429 872 4491 adorare
893 4439 924 4492 et
949 4431 1052 4494 colere
1078 4432 1122 4494 la-

379 4523 447 4585 uie
462 4523 560 4585 cultu.
577 4524 663 4587 Hinc
672 4527 877 4607 subjungitur
892 4528 938 4590 ibi
958 4528 990 4590 in
1008 4537 1093 4592 textu
1112 4547 1119 4592 :

246 4636 361 4679 ratane.
379 4620 446 4683 Non
472 4621 570 4684 facies
595 4623 653 4685 tibi
679 4624 837 4705 sculptile,
867 4645 969 4707 neque
993 4645 1120 4690 ornnem

377 4718 633 4798 similitudinem,
654 4731 716 4783 etc.
739 4722 805 4785 Non
831 4723 978 4786 adorabis
1000 4745 1037 4788 ca
1062 4745 1121 4789 nec

377 4818 473 4881 coles.
495 4818 593 4899 Cujus
619 4820 768 4902 praicepti
793 4821 948 4884 rationem
973 4824 1120 4906 protinus

378 4917 486 4979 subdit
506 4916 623 4980 ibidem
643 4917 735 4999 :Ego
760 4919 846 4981 enim
872 4940 942 4981 sum
966 4921 1119 4984 Dominus

378 5015 460 5077 Deus
478 5019 561 5093 tuus,
580 5015 684 5093 fortis,
701 5018 829 5094 zelotes,
847 5018 981 5081 visitans
1002 5020 1120 5102 iniqui-

378 5121 473 5174 tatem
497 5117 630 5195 patrum.
645 5116 678 5177 in
700 5114 797 5190 tilios,
815 5125 875 5178 etc.
893 5116 988 5179 Porro
1003 5117 1119 5182 zelotes

377 5211 507 5294 proprie
530 5223 741 5294 nuncupatur,
758 5223 881 5276 amator
900 5215 1011 5277 volens
1033 5216 1119 5280 solus

375 5310 475 5374 amari
494 5328 500 5372 :
519 5310 638 5373 idcirco
654 5312 831 5373 seeundum·
845 5314 989 5377 doctores
1010 5316 1120 5397 praeci-

1178 4335 1320 4397 solennis
1345 4335 1377 4397 ln
1402 4334 1552 4398 virtuosis
1574 4343 1605 4396 et
1626 4334 1744 4396 sanctis
1769 4332 1921 4416 operibus

1177 4435 1383 4515 expendatur.
1409 4429 1563 4495 Similiter
1588 4434 1668 4494 Deus
1693 4431 1844 4514 precepit
1865 4431 1923 4494 lro-

1178 4531 1636 4614 norari·parentes,secundum
1652 4532 1736 4612 quod
1753 4529 1921 4593 honoratio

1176 4631 1231 4692 illa
1247 4640 1295 4693 est
1309 4640 1399 4693 actus
1410 4629 1612 4706 virtutis,nec
1628 4629 1720 4692 aliter
1731 4629 1834 4710 placet
1847 4629 1921 4690 Deo.

1175 4730 1306 4792 Posscnt
1328 4739 1433 4791 autem
1456 4737 1486 4791 et
1509 4728 1580 4791 alia'
1594 4728 1684 4809 quasi
1705 4726 1923 4790 innumerabi-

1177 4827 1344 4904 lia‚verbis
1356 4827 1453 4890 Rabbi
1471 4827 1558 4888 Pauli
1573 4826 1681 4907 objici,
1694 4843 1766 4908 quae
1781 4825 1919 4887 dimitto.

1215 4927 1369 5007 Denique,
1387 4925 1471 5007 quod
1493 4924 1719 4986 nonobstante
1739 4923 1850 5006 populi
1872 4937 1922 4984 ru-

1176 5025 1284 5100 ditate,
1310 5025 1392 5087 Deus
1422 5024 1455 5084 ln
1486 5023 1591 5104 prima
1617 5022 1762 5103 Decalogi
1791 5021 1920 5084 datione

1175 5122 1349 5184 intenderit
1366 5121 1520 5204 populum
1537 5121 1627 5183 illum
1646 5121 1876 5196 inducere,imo
1887 5128 1921 5181 et

1175 5219 1317 5300 obligare
1331 5221 1370 5282 ad
1385 5219 1621 5283 observantiam
1638 5228 1867 5300 praceptorum
1884 5218 1920 5278 il-

1175 5317 1278 5380 lorum
1301 5316 1485 5392 cordialem‚
1507 5335 1545 5378 ex
1566 5314 1709 5378 interiori
1733 5313 1921 5396 promptitas
