4309 6259
41 3056 91 3096 ralis.

529 542 705 588 ausnmrro
726 543 757 588 nr
778 543 846 588 car.
869 542 924 589 xrx
944 542 1081 588 nnrrrrcr.
1104 563 1144 572 -
1165 544 1235 590 aar.
1259 543 1367 590 xxxvii
1658 524 1718 586 255

169 710 281 787 cubio,
299 711 377 793 quia
397 730 436 774 ex
458 710 518 774 hoc
540 730 604 773 uon
625 718 830 790 consurgeret
844 711 920 773 ami·
934 710 959 772 Α
974 713 1259 789 nale,mundanum
1269 721 1324 776 aut
1334 713 1522 794 sacrilegum
1533 711 1721 794 gereravio-

168 809 245 871 citia
262 829 366 873 nora:
384 810 456 872 ideo
471 810 647 871 secundum
665 809 749 890 leges
765 809 921 871 humanas
976 812 1069 876 lando
1082 832 1146 875 suaa
1157 812 1366 894 professionis
1381 821 1498 875 statuta
1513 820 1567 875 aut
1577 811 1722 875 votaPer

169 917 200 971 ct
216 916 335 970 statuta
346 907 502 983 Ecclesiae,
512 907 619 990 plures
634 908 921 988 consanguinitatis
977 910 1226 990 prohibitionem
1242 917 1347 973 autem
1365 909 1569 973 revelationis
1586 909 1722 992 turpitu-

167 1007 287 1086 gradus
303 1015 380 1068 suut
393 1027 412 1069 a
426 1007 632 1069 matrimonio
648 1007 796 1088 separati.
807 1006 921 1089 Sicquc
977 1010 1061 1072 dinis
1078 1010 1330 1092 propinquarum
1346 1027 1565 1091 personarum,
1579 1009 1722 1072 insinua-

168 1105 434 1186 consanguinitas
454 1114 610 1187 quantum
625 1106 665 1167 ad
682 1106 836 1186 quasdam
853 1125 922 1186 per·
977 1117 1028 1170 tur
1042 1109 1136 1172 vitari
1157 1109 1262 1172 omnis
1281 1108 1460 1171 inordinata
1481 1108 1642 1181 revelatio,
1661 1127 1717 1170 seu

169 1223 277 1281 sonas,
296 1205 432 1286 impedit
453 1204 691 1267 matrimonium
713 1205 753 1267 de
774 1205 845 1285 jure
869 1223 922 1266 na·
977 1209 1113 1271 detectio
1144 1207 1264 1290 pcccati
1294 1215 1349 1270 aut
1373 1205 1627 1270 defectuositatis
1653 1206 1721 1271 sivo

169 1303 267 1365 turali
284 1323 291 1366 :
310 1312 466 1385 quantum
486 1304 525 1366 ad
546 1303 680 1385 aliquas,
699 1304 738 1366 de
755 1304 826 1384 jure
840 1303 921 1366 divi·
977 1307 1090 1369 secreti
1106 1306 1335 1389 proximorum,
1352 1305 1418 1368 sive
1435 1306 1494 1368 hoc
1512 1304 1570 1366 fiat
1586 1305 1718 1382 directe,

170 1420 234 1474 no,
252 1410 409 1484 quantum
430 1403 469 1463 ad
488 1401 623 1482 aliquas,
642 1402 767 1482 dejure
782 1401 921 1483 positivo
977 1406 1043 1468 sive
1059 1405 1233 1468 indirecte:
1252 1413 1346 1486 atquc
1361 1405 1410 1482 (nt
1425 1403 1469 1466 ait
1484 1403 1608 1483 Glossa)
1624 1403 1722 1466 male-

170 1501 327 1563 human0.
344 1501 416 1563 llmc
432 1500 579 1563 Thomas.
977 1505 1148 1567 dictionem
1169 1504 1266 1566 Cham
1283 1503 1461 1580 incurrunt,
1478 1503 1534 1584 qui
1555 1509 1721 1584 parentum
1746 1522 1867 1573 (relaxas.

215 1598 276 1672 Qui
302 1599 418 1660 iterum
443 1599 488 1661 ait
515 1617 522 1660 :
549 1597 701 1660 Affinitas
726 1600 919 1681 praecedens,
976 1612 1031 1665 aut
1046 1602 1260 1684 spiritualium
1279 1611 1405 1683 patrum
1426 1621 1481 1664 scu
1502 1601 1676 1664 amicorum
1692 1609 1724 1663 et
1738 1588 1772 1630 ²⁵·

170 1697 415 1760 matrimonium
438 1698 574 1780 impedit
595 1699 860 1774 contrahendum,
878 1699 923 1759 di·
977 1701 1209 1765 confidentium
1229 1701 1290 1763 sihi
1312 1707 1440 1782 peccata
1461 1719 1498 1762 ex
1520 1699 1602 1762 mala
1619 1699 1724 1762 radice

171 1797 327 1878 rimitque
347 1806 557 1873 contractum,
581 1799 692 1860 eadem
715 1799 838 1861 ratione
860 1817 922 1877 qua
977 1801 1136 1884 aperiunt,
1164 1801 1393 1882 improperant,
1420 1799 1471 1863 val
1501 1807 1662 1862 accusant.
1690 1799 1723 1860 ln

170 1895 454 1975 consanguinitas:
473 1915 546 1958 narn
563 1896 646 1959 sicut
660 1895 919 1977 consanguineis,
936 1896 958 1956 B
977 1920 1040 1981 qua
1055 1919 1089 1962 rc
1109 1899 1286 1981 culpabiles
1302 1907 1376 1960 sunt
1394 1915 1400 1959 :
1419 1899 1587 1974 detractor,
1605 1897 1660 1979 qui
1676 1916 1725 1960 oc-

170 1995 216 2056 ita
245 1993 407 2056 affinibus
437 1994 521 2057 inest
544 1997 689 2076 quedam
717 1993 921 2058 cohabitandi
977 1999 1062 2061 culte
1077 1998 1208 2060 alterius
1225 1996 1340 2059 famam
1358 1996 1721 2077 denigrat;malevolus,

171 2094 360 2157 necessitas.
378 2093 416 2155 Et
430 2094 513 2156 sicut
528 2103 576 2157 est
590 2095 740 2158 amicitia
756 2094 921 2158 vinculum
978 2097 1034 2180 qui
1060 2097 1192 2160 tacendo
1218 2096 1334 2170 innuit,
1357 2104 1391 2157 ut
1416 2095 1497 2157 alius
1522 2095 1607 2179 quod
1635 2095 1726 2178 pejus

171 2193 258 2254 inter
279 2192 548 2273 consanguineos,
566 2193 611 2255 ita
632 2202 663 2256 et
685 2193 769 2256 inter
790 2193 919 2256 affines.
979 2206 1027 2260 est
1051 2194 1249 2277 suspicetur3
1275 2194 1484 2275 reprehensor
1509 2212 1648 2277 quoque,
1669 2194 1726 2276 qui

172 2291 206 2354 Si
231 2300 340 2353 autem
365 2290 511 2354 affinitas
539 2292 743 2355 matrimonio
773 2311 922 2374 superve
980 2294 1076 2357 nimis
1098 2302 1265 2375 exaggerat
1289 2293 1415 2374 culpam
1441 2293 1572 2356 alterius
1598 2301 1633 2354 ut
1656 2311 1726 2373 gra-

173 2391 255 2467 niat,
273 2409 337 2453 non
361 2399 466 2472 potest
487 2391 593 2473 ipsum
617 2391 777 2455 dirimere.
796 2392 835 2453 m
849 2411 924 2455 vero
980 2395 1049 2457 vior
1071 2393 1237 2467 videatur;
1256 2393 1331 2455 item
1355 2410 1485 2454 susurro
1505 2399 1536 2454 et
1555 2391 1721 2472 bilinguis,

173 2489 208 2551 in
234 2507 319 2552 nova
345 2489 416 2570 lege
444 2508 482 2552 er
511 2497 629 2552 statuto
655 2490 804 2553 Ecclesiae
828 2491 923 2554 etiam
979 2493 1125 2556 adulator
1144 2501 1176 2554 et
1196 2491 1335 2560 invidus,
1355 2489 1520 2553 simulator
1540 2497 1570 2553 et
1592 2490 1727 2552 mendax

173 2589 354 2670 spiritualis
369 2589 527 2668 cognatio,
546 2589 630 2652 sicut
643 2587 801 2666 affinitas,
820 2590 926 2652 matri·
980 2601 1075 2673 atque
1096 2590 1280 2654 maledicus.
1299 2590 1342 2651 lle
1358 2588 1480 2652 semina
1500 2589 1596 2652 etiam
1618 2597 1726 2652 nostro

173 2687 323 2750 monium
353 2686 500 2768 impedit,
527 2696 622 2768 prout
652 2707 747 2769 super
776 2697 925 2770 quartum
982 2710 1046 2754 nou
1061 2689 1215 2752 dehemus
1231 2690 1305 2751 dare
1322 2697 1356 2750 ut
1376 2697 1580 2752 consecretur
1594 2687 1725 2765 beloch,

174 2785 427 2862 Sententiarum,
463 2786 670 2849 distinctione
700 2787 749 2862 ta,
781 2787 927 2850 doctores
983 2792 1014 2853 id
1037 2798 1085 2853 est
1106 2787 1244 2852 diabolo.
1262 2787 1338 2850 Nam
1359 2787 1479 2850 llleloch
1501 2787 1728 2870 interpretatur

175 2885 399 2948 conscribunt.
983 2889 1133 2971 princeps
1148 2895 1179 2950 et
1199 2905 1264 2960 rex,
1283 2905 1339 2967 per
1358 2905 1453 2967 quem
1475 2885 1624 2969 princeps
1644 2893 1728 2950 tene·

45 2993 162 3036 musmo
218 2984 382 3048 Postremo
401 2985 490 3066 juxta
510 2985 733 3061 moralitatem,
751 3004 814 3048 non
836 2985 930 3048 debe-
984 2988 1124 3064 hrarum,
1146 3005 1200 3049 rex
1225 2984 1368 3047 filiorum
1388 2985 1555 3066 superbia,
1578 2985 1871 3063 designa-ramas.

177 3101 250 3144 mus
279 3083 370 3164 juxta
399 3083 662 3146 consuetudinem
689 3092 780 3146 terrae
805 3083 965 3166 AEgyptit}
985 3094 1060 3147 tur:
1078 3084 1290 3148 cuidonatet
1310 3091 1474 3145 consecrat
1494 3101 1602 3146 semen
1620 3101 1724 3160 suurn,

176 3181 294 3258 faeere,
309 3181 342 3244 id
358 3191 418 3258 est,
431 3181 613 3244 infidelium
631 3201 719 3245 mora
734 3183 926 3261 conversari,
983 3185 1040 3266 qui
1070 3183 1120 3246 vel
1152 3183 1185 3244 in
1215 3177 1338 3245 actibus
1368 3183 1434 3244 suis
1463 3181 1577 3264 querit
1601 3181 1727 3262 plaeere

175 3299 282 3362 neque
308 3280 434 3343 vitiosis
456 3281 568 3342 mundi
590 3280 785 3343 amatoribus
807 3280 930 3344 confor-
983 3281 1239 3358 hominibus,rel
1255 3300 1293 3344 ax
1308 3282 1472 3364 proposito
1487 3282 1569 3344 malo
1585 3281 1661 3359 agit,
1673 3288 1728 3342 aut

175 3379 269 3441 mari.
287 3379 327 3440 Et
342 3379 524 3460 specialiter
539 3379 707 3459 religiosus
727 3399 928 3461 nequaquam
984 3380 1183 3463 spiritualem
1200 3378 1303 3442 filium
1321 3399 1412 3442 suum
1429 3388 1482 3442 aut
1497 3380 1660 3442 subditum
1677 3398 1728 3441 ex-

175 3478 273 3540 debet
288 3478 392 3540 instar
407 3477 607 3541 saecularium
623 3478 741 3554 vivere,
756 3478 930 3559 nequesub
984 3479 1090 3561 cmplo
1110 3487 1163 3540 aut
1180 3479 1285 3540 verbis
1302 3479 1398 3540 trahit
1412 3479 1451 3540 ad
1468 3477 1555 3555 vitia,
1573 3497 1630 3559 per
1649 3496 1721 3558 quae

176 3576 289 3639 habitu
305 3595 409 3652 sacro,
426 3577 523 3640 ovino
542 3595 579 3639 ac
599 3576 770 3658 spirituali,
788 3595 843 3640 cor
863 3596 931 3639 car·
984 3577 1081 3640 trahit
1096 3586 1191 3658 atque
1207 3577 1389 3659 incorporat
1409 3595 1482 3639 cum
1503 3576 1643 3638 diaholo.

674 4005 998 4095 ARTIGULUS
1036 4008 1243 4093 XXXVII

195 4281 389 4330 extenuatio
410 4281 585 4326 tmdnntts
606 4281 743 4326 carnuti
763 4282 939 4328 nonlonctnl
961 4282 968 4326 :
992 4282 1122 4328 locotus
1145 4283 1199 4328 nst
1224 4282 1355 4329 D0lleUS
1377 4285 1418 4328 ΑΒ
1440 4283 1570 4345 stolsntt,
1595 4285 1715 4330 utentis,

253 4561 505 4625 EPETUNTUR
526 4562 559 4622 in
578 4561 639 4625 isto
656 4561 796 4643 capitulo
811 4561 930 4643 aliqua,
947 4563 972 4624 b
986 4561 1046 4624 ista
1062 4571 1229 4644 praccepta.
1247 4565 1380 4624 lftdiees
1391 4567 1515 4626 adeas:
1527 4569 1643 4628 Sancti
1655 4578 1733 4628 estc-

262 4662 313 4725 vel
332 4661 365 4722 in
381 4661 489 4722 Exodo
505 4660 554 4722 vol
571 4659 605 4722 in
622 4661 683 4723 isto
699 4660 861 4723 volumine
877 4660 932 4722 ha·
987 4673 1026 4734 tc,
1042 4664 1121 4742 quia
1140 4684 1195 4740 ego
1214 4673 1344 4724 sanctus
1365 4685 1449 4732 scrire,
1466 4668 1625 4726 Dominus
1645 4671 1732 4729 Deus

179 4759 932 4841 hita.llultaquoqucpraeceptaaddunturhst-
986 4771 1097 4821 vester.
1128 4761 1199 4823 llaec
1229 4768 1277 4824 est
1305 4761 1448 4841 dignatio
1475 4763 1529 4825 ilai
1560 4764 1728 4843 immensa,

180 4880 245 4942 que
260 4877 404 4942 psaesens
419 4858 596 4939 capitulum
612 4857 853 4932 sententiosum,
867 4858 932 4920 imo
986 4859 1070 4940 quod
1088 4859 1230 4922 servulos
1250 4878 1324 4922 suos
1344 4861 1383 4923 ad
1401 4861 1451 4922 sui
1466 4862 1729 4927 assimilationem

179 4961 230 5037 (ut
244 4957 347 5020 Rabhi
359 4955 476 5018 Paulus
493 4959 638 5036 testatur)
653 4956 736 5038 apud
752 4955 931 5036 antiquissi·
986 4957 1123 5020 invitare
1144 4958 1303 5038 dignatur.
1320 4951 1408 5022 Unde
1433 4960 1515 5022 hanc
1538 4960 1731 5026 benevolen-

179 5077 252 5120 mos
274 5056 479 5118 Hehraeorum
510 5053 779 5118 notabilissimum
807 5063 931 5136 reputa·
987 5055 1485 5136 tissimamacdignantissimam
1506 5078 1570 5123 suae
1586 5061 1733 5142 majesta-

183 5167 245 5218 tur.
265 5160 406 5216 Locutus·
421 5163 467 5213 est
482 5155 641 5214 Dominus
659 5157 703 5213 ad
720 5156 864 5230 Moysen,
882 5155 932 5214 di·
988 5153 1027 5214 tis
1043 5154 1294 5217 exhortationem
1310 5155 1485 5236 praemittit,
1504 5165 1538 5218 nt
1555 5158 1729 5240 peripsam

181 5275 277 5314 cens:
292 5257 440 5332 Loqttcre
455 5255 500 5311 ad
514 5271 639 5311 omnem
654 5261 770 5312 coeturn
784 5255 931 5329 filiorum
987 5253 1141 5334 populum
1167 5272 1260 5314 suum
1285 5254 1324 5314 ad
1350 5273 1480 5316 suorum
1511 5255 1730 5338 impletionem

180 5357 296 5416 Israel.
314 5350 584 5414 communitatem
602 5368 739 5432 namque
755 5350 932 5433 respiciunt
986 5352 1207 5414 mandatorum
1217 5350 1344 5413 alliciat.
1354 5353 1390 5414 Et
1404 5353 1557 5433 quoniam
1573 5355 1643 5418 sina
1658 5374 1733 5438 prae
