4309 6259
515 485 687 532 manuario
710 485 740 530 IN
761 485 830 532 GAP.
852 485 929 532 xxm
950 486 1183 533 ouurnnououu.
1207 507 1246 516 -
1266 489 1337 535 nur.
1360 489 1423 536 XXV

727 891 1050 980 ARTIGULUS
1088 895 1204 980 XXV

277 1168 467 1214 uuutnnurto
490 1167 664 1213 tirrannus
687 1168 824 1213 oarrtutl
846 1166 976 1212 vtousmt
997 1167 1098 1213 'IIIIITII
1120 1169 1126 1213 :
1150 1169 1210 1213 Nou
1231 1170 1373 1216 INTMABIT
1395 1173 1561 1234 EUMUGIIUS,
1587 1176 1650 1219 utu.

271 1547 412 1609 dacorum
438 1545 637 1623 civilitatem,
665 1547 859 1622 societatem,
885 1555 938 1608 aut
995 1546 1071 1624 rius,
1090 1548 1141 1609 vel
1158 1550 1285 1627 nothus,
1303 1549 1334 1612 id
1350 1559 1398 1613 est
1417 1552 1456 1614 de
1471 1552 1615 1614 adultera
1631 1563 1735 1631 natus,

204 1645 378 1725 algionem
396 1645 601 1721 admittendi,
619 1644 670 1707 vel
687 1663 749 1707 non
769 1645 938 1707 admittcn-
992 1664 1091 1726 quum
1112 1654 1217 1709 ιιιιιιειι
1234 1657 1363 1729 putetur
1378 1668 1447 1712 esse
1469 1649 1641 1732 legitimus.
1654 1652 1737 1714 Man-

186 1744 232 1820 di,
252 1763 338 1806 nuuc
354 1744 515 1806 edocetur.
529 1745 602 1808 Non
619 1746 755 1804 intrabit
770 1747 937 1804 eunicebus
992 1763 1043 1805 zer
1053 1763 1117 1806 non
1128 1746 1337 1827 copulabatur
1352 1746 1493 1826 liliabus,
1506 1768 1564 1812 nec
1575 1751 1736 1831 legitimus

186 1845 313 1904 attritis
326 1846 375 1902 vel
385 1845 564 1920 amputatis
580 1845 745 1919 testiculis,
758 1853 787 1903 et
803 1845 937 1903 abscisso
992 1840 1082 1905 iilius
1098 1845 1179 1925 ejus,
1197 1864 1255 1907 nco
1278 1865 1378 1928 nepos
1400 1850 1555 1928 usquead
1577 1849 1734 1912 decimum

187 1952 323 2014 veretro,
347 1941 379 2004 id
404 1950 452 2004 εει
484 1939 628 2003 membro
653 1941 751 2017 virili,
772 1944 936 2001 ecclesiam
992 1961 1218 2020 successorem,
1232 1945 1286 2026 qui
1303 1947 1554 2027 poteratintrarc
1569 1948 1735 2011 ecelesiam

185 2042 335 2102 Domini.
361 2023 427 2103 Per'
448 2039 615 2102 eeclesiam
645 2039 781 2115 Domini,
804 2038 935 2121 quidam
991 2039 1057 2117 Dei,
1082 2042 1233 2122 quoniam
1260 2043 1388 2124 penitus
1412 2052 1479 2106 erat
1502 2045 1657 2109 exstincta
1681 2065 1737 2129 op-

187 2137 376 2218 intelligunt
391 2139 508 2200 atrium
524 2137 635 2219 templi
651 2146 706 2200 aut
728 2136 933 2213 tabernaculi,
992 2138 1113 2220 probrii
1136 2141 1261 2221 antiqui
1284 2143 1450 2205 memoria.
1468 2143 1556 2207 Nunc
1572 2153 1678 2208 autem
1703 2147 1736 2207 in

186 2237 221 2297 iu
248 2236 336 2318 quod
359 2236 522 2298 intrabant
547 2236 671 2312 mundi,
693 2245 723 2298 ει
747 2234 880 2298 orabant
900 2257 936 2299 ac
991 2237 1133 2299 Ecclesia
1147 2239 1274 2315 Christi,
1292 2259 1357 2302 non
1373 2241 1476 2303 solum
1494 2261 1668 2320 manzeres,
1681 2245 1736 2306 sed

186 2333 373 2398 offerebant
391 2335 423 2397 in
443 2354 491 2397 eo.
511 2334 585 2411 Alii,
603 2335 780 2417 prasertim
800 2334 933 2412 chraei,
992 2343 1023 2398 et
1039 2336 1141 2417 spurii
1156 2356 1175 2399 a
1189 2338 1287 2399 sacris
1301 2339 1514 2401 excluduntur
1529 2339 1710 2404 Ordinibus

187 2452 246 2515 per
263 2433 430 2496 ecclesiam
446 2432 584 2509 Domini,
599 2432 784 2512 intelligunt
799 2451 937 2496 commu·
1032 2437 1233 2496 Ammonitas
1247 2447 1277 2496 ct
1302 2439 1466 2509 Moabitas,
1491 2439 1585 2501 idest
1611 2441 1675 2502 nati
1698 2460 1736 2503 ex

186 2531 319 2594 nionem
335 2530 497 2608 connubii,
508 2549 564 2594 seu
580 2531 760 2594 societatem
778 2532 937 2595 matrimo·
992 2532 1128 2596 Ammon
1144 2542 1175 2595 ct
1190 2533 1279 2596 Moab
1301 2534 1380 2596 iiliis
1394 2534 1460 2609 bot,
1477 2558 1542 2598 non
1565 2541 1737 2600 intrabant

186 2630 309 2692 nialem
332 2650 404 2694 cum
427 2630 506 2692 liliis
529 2629 724 2711 lillabusque
747 2631 852 2706 lsrael,
878 2630 938 2694 sio·
954 2637 977 2697 Β
993 2633 1027 2691 in
1044 2633 1209 2692 ecetesiam
1219 2636 1355 2693 Domini
1370 2636 1406 2694 t'rt
1421 2645 1591 2706 (aternum,
1606 2637 1666 2698 nisi
1684 2637 1738 2699 ali·

185 2729 301 2810 quein
319 2749 353 2792 εε
369 2737 401 2792 ει
416 2729 450 2790 ιιι
465 2729 575 2792 sobole
596 2748 653 2790 sua
674 2727 745 2791 lieri
761 2730 800 2792 de
819 2729 937 2811 populo
993 2747 1055 2810 quo
1071 2729 1201 2810 speciali
1224 2730 1351 2794 virtutis
1373 2731 1542 2813 privilegio
1556 2744 1738 2797 mereantur

186 2828 267 2903 θεὶς
288 2828 343 2890 sed
361 2828 420 2890 hoo
442 2846 507 2890 non
526 2828 652 2890 videtur
669 2829 849 2910 oportuisse
869 2848 938 2912 pro·
993 2828 1186 2909 oppositum,
1200 2831 1280 2908 quia
1294 2834 1469 2891 notuerunt
1480 2831 1738 2894 oodisoc'currcre

186 2925 295 2988 hiberi
319 2924 492 3002 eunuchiS,
514 2925 570 3006 qui
593 2945 665 2988 oum
692 2927 780 2988 nulla
803 2937 938 3008 possunt
992 2947 1065 2987 cam
1076 2947 1164 3004 pane
1178 2937 1208 2987 et
1222 2949 1309 3007 aquo
1325 2932 1362 2988 in
1385 2931 1452 2999 oia,
1464 2929 1496 2990 id
1512 2939 1560 2992 est
1576 2930 1608 2993 in
1631 2931 1738 2994 solitu·

185 3042 327 3106 persona
342 3024 543 3088 contrahere.
556 3023 688 3098 Quidam
704 3044 761 3108 per
770 3026 936 3089 ecclesiam
992 3025 1066 3087 dine
1096 3025 1184 3106 juxta
1215 3034 1329 3088 terram
1359 3027 1512 3109 ipsorum.
1537 3029 1653 3092 Contra
1676 3031 1737 3094 boc

185 3122 329 3200 Domini,
357 3122 541 3202 intelligunt
565 3123 752 3187 civilitatem
774 3125 937 3188 Israelitici
992 3123 1091 3205 objici
1115 3133 1229 3206 potest,
1252 3125 1327 3205 quia
1350 3134 1386 3186 ut
1406 3126 1593 3207 jamdudum
1616 3136 1735 3191 tactum

185 3219 304 3303 populi
321 3221 420 3283 Deum
443 3220 577 3284 colentis
597 3239 604 3284 :
624 3241 694 3302 quat
710 3221 848 3285 civilitas
866 3223 938 3305 qui·
993 3230 1050 3298 est,
1068 3222 1210 3286 Moabitae
1225 3232 1431 3304 portaverunt
1441 3225 1560 3308 populo
1575 3227 1667 3289 lsrael
1679 3229 1735 3290 ali·
1770 3252 1835 3296 near.
1853 3265 1874 3303 ιι,

187 3319 326 3381 busdam
352 3327 506 3401 perpetua
531 3321 716 3400 negabatur,
744 3322 935 3402 quibusdam
994 3330 1100 3384 menta
1119 3322 1244 3385 venalia
1260 3322 1292 3383 in
1314 3321 1458 3386 conlinio
1481 3333 1572 3388 terrae
1596 3346 1669 3389 suae.
1688 3327 1734 3390 Ad
1750 3318 1827 3367 ²⁸³⁹·

185 3421 230 3482 ad
247 3427 384 3501 tempus.
397 3419 492 3482 Porro
503 3419 623 3482 bonum
640 3421 685 3482 rei
702 3421 848 3501 publicae,
861 3429 938 3484 tem·
994 3419 1053 3482 hoc
1069 3421 1244 3482 secundum
1260 3421 1372 3502 Lyram
1393 3423 1587 3504 respondent
1601 3424 1735 3503 Hebraei,

186 3536 270 3600 pore
289 3516 532 3598 tranquillitatis
553 3517 586 3579 in
611 3519 712 3580 tribus
735 3520 881 3582 consistit
902 3541 938 3584 ao
993 3518 1078 3598 quod
1093 3519 1155 3582 viri
1177 3537 1216 3580 ex
1230 3517 1318 3581 Moab
1341 3538 1405 3582 non
1426 3518 1570 3584 lecerunt
1594 3522 1665 3600 boc,
1682 3526 1736 3587 sed

186 3615 380 3680 custoditur.
399 3616 514 3693 Primo,
532 3635 589 3698 per
610 3616 744 3680 honesta
763 3619 936 3697 connubia,
995 3617 1027 3678 in
1044 3615 1177 3679 urbibus
1199 3617 1265 3678 suis
1290 3628 1476 3681 manserunt
1496 3621 1609 3683 armati
1631 3623 1670 3685 ad
1686 3642 1739 3685 ou·

186 3734 228 3778 cx
245 3713 364 3794 quibus
379 3714 493 3777 melior
515 3713 640 3777 soboles
662 3717 874 3780 communiter
890 3736 938 3798 ge·
994 3715 1130 3779 stodiam
1152 3717 1201 3778 sui
1224 3716 1322 3797 regni.
1340 3716 1483 3780 Mulieres
1499 3737 1574 3782 vero
1597 3739 1635 3783 ex
1650 3721 1739 3784 Moab

187 3820 350 3876 neratur:
375 3821 407 3876 et
430 3813 520 3895 juxta
544 3813 604 3878 hoc
629 3814 772 3896 procedit
802 3817 940 3878 secunda
955 3825 977 3888 c
995 3815 1164 3897 portabant
1186 3813 1306 3878 cibaria
1322 3814 1397 3877 illa:
1416 3826 1546 3899 propter
1567 3821 1652 3900 quod
1676 3821 1737 3884 viri

260 1445 447 1508 UALITER
467 1446 655 1528 allenigente
677 1446 800 1512 luerint
824 1448 863 1510 ad
886 1447 939 1508 lu·
954 1448 978 1509 A
995 1466 1052 1529 pro
1078 1449 1232 1530 spurcitia
1257 1450 1496 1516 incontinentia
1524 1453 1641 1516 dicitur
1666 1475 1738 1538 spu-

186 1443 256 1706 ,Q

187 3911 349 3993 expositio
367 3911 431 3991 jam
456 3919 615 3993 praetacta.
634 3911 790 3989 Secundo,
808 3932 864 3994 per
880 3915 940 3978 hoa
994 3914 1136 3976 Moabitas
1148 3913 1266 3996 repulsi
1278 3914 1595 3980 suntamatrimonio
1605 3919 1736 3995 Israelis

186 4009 280 4091 quod
296 4027 440 4090 personat
456 4000 623 4088 indignas
638 4008 755 4072 divinis
771 4011 941 4074 excludun-
994 4031 1058 4075 non
1078 4011 1229 4074 mulieres
1247 4029 1254 4072 ε
1278 4012 1363 4074 ιιιιιιε
1378 4013 1461 4074 Rutb
1476 4023 1576 4096 nupta
1596 4025 1645 4078 est
1658 4018 1737 4081 Booz
1751 4039 1885 4090 nativas.

187 4117 245 4170 tur
265 4124 271 4167 :
289 4115 320 4170 ει
338 4109 427 4188 juxta
450 4106 510 4170 hoc
536 4107 678 4188 procedit
698 4108 853 4190 expositio
879 4110 941 4191 pri·
994 4111 1135 4174 Hebraeo.
1159 4111 1192 4172 ln
1217 4110 1410 4173 Scholastica
1432 4131 1507 4175 vero
1532 4113 1665 4178 historia
1689 4116 1737 4178 di·

186 4226 257 4270 ma.
282 4205 398 4282 Tertio,
419 4225 476 4288 per
501 4206 561 4270 hoo
585 4207 670 4286 quod
696 4207 757 4268 viri
782 4207 878 4270 alieni
903 4228 941 4272 ac
994 4211 1088 4286 citur,
1105 4210 1189 4292 quod
1214 4218 1420 4273 occurrerunt
1444 4208 1524 4273 liliis
1548 4213 1642 4276 lsrael
1666 4235 1740 4277 cum

185 4304 311 4389 perfidi
335 4322 398 4367 non
421 4305 634 4367 admittuntur
656 4306 695 4367 ad
713 4306 854 4386 regimen
876 4308 941 4389 ple·
995 4328 1077 4391 pane
1093 4317 1227 4384 tantum,
1241 4316 1272 4370 et
1294 4325 1358 4370 non
1383 4328 1456 4372 cum
1471 4329 1564 4391 aqua,
1577 4332 1675 4394 quum
1699 4323 1741 4377 ta·

186 4404 255 4480 bis,
270 4403 462 4485 plenamque
473 4402 750 4485 participationem
761 4405 938 4469 civilitatis:
995 4427 1069 4470 mon
1090 4407 1209 4470 scirent
1224 4404 1311 4468 lilios
1327 4407 1422 4468 lsrael
1438 4407 1491 4469 siti
1514 4408 1547 4470 in
1570 4429 1677 4476 eremo
1699 4413 1741 4475 la-

184 4504 283 4585 juxta
297 4503 384 4582 quod
400 4500 556 4583 expositio
577 4502 669 4564 tertia
690 4510 738 4564 est
753 4505 939 4585 procedens.
996 4507 1119 4569 borare.
1130 4505 1187 4568 Cui
1203 4506 1375 4568 concordat
1389 4505 1499 4568 Glossa
1511 4525 1518 4569 ε
1531 4509 1681 4588 Tradunt,
1693 4512 1741 4574 in-

186 4604 271 4666 Non
287 4601 490 4677 inpredietor
513 4621 655 4672 manzer,
672 4604 730 4662 boc
744 4612 788 4662 est
808 4606 847 4662 cte
862 4625 942 4664 scor-
996 4605 1122 4687 quiens,
1134 4603 1268 4681 Hebraei,
1287 4604 1372 4685 quod
1394 4604 1443 4666 hae
1465 4614 1575 4686 gentes
1599 4608 1737 4673 invicem

186 4711 232 4772 to,
263 4699 295 4761 id
317 4707 366 4762 est
387 4697 565 4775 meretrice,
588 4709 697 4769 natas,
718 4701 755 4760 in
776 4706 941 4763 ecetesiam
997 4704 1197 4787 propinquae,
1210 4702 1399 4765 exeuntibus
1415 4702 1477 4765 sibi
1492 4704 1675 4788 dedlgypto
1690 4728 1742 4772 oo-

185 4799 342 4867 Domt'ni,
355 4797 529 4860 secundum
540 4797 699 4879 triplicem
711 4800 941 4882 expositionem
997 4803 1167 4866 currebant
1182 4821 1254 4864 cum
1271 4819 1353 4883 pane
1370 4809 1503 4879 tantum,
1517 4811 1577 4866 etc.
1589 4805 1660 4869 Ilaec
1671 4826 1743 4871 con-

185 4899 369 4974 inductam,
396 4917 495 4976 usque
519 4900 563 4956 act
587 4900 745 4960 dec-tinam
766 4905 944 4976 pancratio-
997 4902 1168 4977 cordando,
1181 4899 1245 4963 dici
1257 4906 1371 4982 potest,
1381 4901 1607 4982 quodquidam
1619 4905 1742 4971 Hebraei

183 5017 269 5058 nem
287 4993 460 5057 exclusive.
477 4993 566 5057 Circa
589 4995 649 5058 hoc
673 4995 817 5075 Magister
840 4999 872 5061 in
895 5000 944 5062 bi·
960 5004 984 5066 I)
998 5003 1110 5065 dicunt
1130 5000 1221 5077 illud,
1239 4998 1294 5060 alii
1318 4998 1414 5060 istud.
1432 5001 1475 5060 Et
1490 5003 1570 5080 qnia
1584 5008 1742 5067 condoce·

185 5092 303 5159 storiis
327 5093 394 5156 ait:
415 5091 519 5169 Forte,
535 5091 611 5175 quia
635 5094 739 5156 solum
765 5115 943 5162 manzerem
998 5110 1076 5161 runt
1101 5108 1213 5158 contra
1239 5107 1267 5158 te
1290 5099 1431 5157 Balacro
1456 5099 1564 5173 filiu-m
1589 5105 1683 5175 Beor,
1708 5114 1743 5167 ιιι

186 5191 387 5264 nominavit,
413 5209 477 5253 nou
500 5190 727 5254 excludebatur
747 5195 787 5257 ab
810 5199 944 5262 ecclesia
999 5199 1208 5262 Numerorum
1235 5195 1316 5256 liber
1345 5193 1453 5270 babet,
1479 5206 1516 5255 ut
1540 5203 1743 5264 malediceret
1769 5223 1889 5278 numm,

135 5351 138 5356 ,
185 5291 248 5356 Dei
268 5288 450 5372 spurius,id
466 5297 514 5352 est
529 5298 621 5352 natus
637 5291 676 5354 de
686 5294 874 5374 concubina,
888 5300 942 5379 qui
1001 5301 1069 5369 tibi,
1088 5297 1193 5358 dando
1208 5292 1379 5357 consilium
1397 5301 1507 5355 contra
1523 5304 1563 5372 te,
1578 5307 1611 5358 et
1627 5298 1743 5383 imprc-
1757 5291 1777 5339 ⁵¹
1788 5291 1809 5331 ⁰·

322 5423 355 5478 T.
370 5422 396 5473 2.
1589 5433 1621 5484 39
