4309 6259
444 455 484 520 46
834 474 1006 521 autumno
1027 475 1058 520 m
1079 474 1147 521 aar.
1170 474 1233 521 xxv
1253 474 1355 523 axoni.
1377 496 1418 506 -
1438 478 1509 524 aar.
1532 479 1604 526 xcix

445 664 582 727 namque
596 654 646 709 ost
659 646 849 729 compositio
864 648 1011 729 quadam
1026 666 1065 711 ex
1084 648 1189 711 diver·
1202 643 1229 706 A
1243 650 1415 712 secundum
1426 651 1570 715 ordinem
1581 653 1985 735 compositionis‚quoniam

443 743 487 807 sis
508 743 665 807 mixturis.
682 745 757 808 lnde
772 745 889 809 dieitur
903 746 1072 823 concinno,
1091 745 1124 808 id
1140 755 1189 810 θεῖ
1244 747 1348 829 primo
1364 748 1483 812 lactum
1500 759 1548 813 est
1567 750 1696 827 atrium,
1713 752 1829 815 deinde
1844 752 1987 816 taberna·

443 860 611 924 compono,
619 844 794 907 secundum
810 843 1135 907 Strabum.Aromata
1151 848 1188 905 io
1243 846 1463 923 culum,tertio
1474 868 1546 930 quae
1560 859 1651 912 erant
1667 849 1699 911 in
1710 850 1986 914 eo.Verumtamen

444 953 657 1018 unquentum,
674 942 706 1004 id
722 950 780 1018 est,
798 942 837 1005 ad
858 942 918 1007 hoo
935 952 970 1005 ut
985 962 1023 1007 ex
1038 942 1086 1006 eis
1107 942 1189 1006 liant
1243 944 1343 1027 aliqui
1358 946 1656 1030 dicunt‚losephum
1673 949 1761 1031 sequi
1772 949 1916 1013 ordinem
1925 951 1988 1014 col·

444 1050 605 1121 unguenta
619 1042 659 1104 ad
676 1042 843 1105 unctiones
864 1043 1063 1105 sacerdotum
1086 1062 1123 1105 ac
1141 1063 1189 1104 sa·
1244 1042 1421 1122 locationis,
1439 1046 1564 1128 Moysen
1581 1065 1656 1112 vero
1672 1048 1816 1111 ordinem
1832 1049 1988 1132 composi·

319 1158 432 1215 *coyata
444 1158 570 1203 crorum
587 1158 750 1215 vasorum3
766 1152 795 1202 et
812 1143 1017 1219 thyoniama*
1033 1144 1109 1202 boui
1119 1146 1189 1202 odo
1244 1140 1456 1221 tionisCujus
1466 1148 1633 1223 turpitudo
1643 1149 1987 1209 habeatduosetsemis

298 1228 360 1267 ’'m“
443 1241 501 1311 ris,
518 1240 604 1321 quod
620 1239 679 1301 fiet
693 1258 730 1301 ex
746 1239 942 1303 aromatibus
960 1240 1035 1302 illis.
1048 1244 1190 1318 Lapides
1243 1244 1375 1314 cobios,
1395 1242 1426 1305 id
1445 1253 1494 1307 est
1515 1244 1595 1308 duos
1615 1244 1739 1309 cubitos
1761 1266 1797 1309 ac
1818 1246 1957 1309 medium
1976 1273 1983 1323 ;

443 1340 628 1415 onychinos.
646 1338 733 1419 Onyx
755 1338 876 1421 quippe
898 1338 1055 1421 pretiosus
1078 1347 1127 1402 est
1147 1339 1190 1401 la·
1243 1343 1382 1402 lotitmto
1396 1346 1542 1404 matritum
1559 1363 1659 1406 unum
1678 1354 1708 1405 et
1721 1347 1920 1417 dmidium,-
1939 1350 1986 1405 al-

443 1436 503 1519 pis.
530 1437 605 1499 lude
629 1436 780 1499 dicuntur
805 1437 927 1520 lapides
952 1438 1118 1520 onychini.
1145 1441 1189 1500 Et
1244 1441 1348 1501 titudo
1370 1444 1514 1503 cubitum
1533 1444 1687 1504 similiter
1708 1465 1746 1504 aa
1766 1446 1937 1513 semissem,
1952 1445 1984 1506 id

439 1556 583 1613 gemmas
596 1539 836 1598 adornandum
846 1540 957 1614 mund,
970 1538 1003 1599 in
1019 1546 1190 1619 quoerant
1242 1547 1290 1601 est
1306 1559 1405 1602 unum
1421 1541 1566 1604 cubitum
1581 1562 1653 1605 cum
1674 1542 1818 1620 dimidio,
1841 1544 1884 1605 ita
1897 1545 1983 1624 quod

444 1634 507 1697 duo
527 1634 690 1716 onychini,
708 1657 745 1696 ae
766 1638 939 1708 rationale,
957 1636 991 1698 in
1013 1655 1077 1718 quo
1097 1646 1188 1701 erant
1241 1657 1261 1701 a
1276 1637 1375 1703 iundo
1390 1658 1472 1702 arca
1486 1641 1642 1722 usquead
1658 1660 1818 1703 summum
1833 1640 1984 1722 ejus,luit

444 1733 612 1797 duodecim
640 1752 785 1815 gemma,
811 1754 947 1816 quarum
978 1755 1041 1798 una
1066 1737 1187 1799 exstitit
1242 1737 1379 1819 spatium
1396 1738 1492 1801 unius
1506 1737 1608 1801 cubiti
1627 1748 1723 1821 atque
1739 1739 1875 1802 dimidii.
1892 1739 1982 1803 Circa

443 1850 525 1915 onyx
541 1832 608 1896 sive
626 1833 797 1914 onychina.
812 1834 872 1895 ista
888 1833 973 1896 inira
991 1835 1117 1917 plenius
1137 1854 1188 1899 ex·
1205 1833 1308 1899 Bhaec
1332 1836 1443 1899 scribit
1467 1838 1661 1902 venerabilis
1685 1838 1766 1902 Beda
1784 1856 1791 1901 :
1813 1839 1979 1916 Quaeritur,

444 1941 618 2013 ponentur3
631 1932 703 1995 ideo
719 1951 783 1996 non
799 1941 923 2015 oportet
938 1932 990 1996 hic
1006 1934 1183 2013 immorari,
1240 1936 1333 2016 cujus
1356 1936 1544 2017 quantitatis
1569 1936 1610 1999 sit
1634 1937 1763 2000 cubitus
1785 1938 1854 2001 iste.
1874 1938 1912 1999 Et
1937 1958 1985 2001 ro-

444 2050 761 2114 nequepraecurrere.
1024 2024 1026 2029 ’
1240 2035 1375 2115 spondet
1398 2054 1436 2099 ex
1459 2035 1607 2118 losepho,
1632 2037 1718 2119 quod
1745 2038 1824 2101 duos
1853 2038 1978 2120 palmos

488 2133 683 2211 Faciamque
707 2133 791 2192 milu'
821 2130 883 2192 lilii
911 2131 1005 2195 lsrael
1035 2143 1186 2195 saoctua·
1239 2132 1411 2197 contineat.
1428 2133 1518 2197 Unde
1542 2135 1576 2197 in
1598 2134 1791 2199 Scholastica
1813 2134 1915 2199 iertur
1938 2136 1984 2197 bi-

442 2229 544 2300 rium,
569 2228 601 2292 id
626 2236 674 2292 est
700 2228 962 2294 tabernaculum:
986 2231 1072 2312 quod
1099 2240 1185 2294 recte
1239 2232 1347 2308 storia,
1365 2234 1450 2314 quod
1466 2233 1585 2316 Moyses
1605 2252 1690 2296 nunc
1710 2234 1857 2316 loquatur
1872 2236 1912 2297 de
1930 2254 1984 2297 cu-

442 2327 657 2390 sanctuarium
681 2326 870 2409 appellatur,
898 2328 973 2409 quia
1005 2338 1051 2392 tot
1075 2338 1184 2393 saneta
1240 2330 1307 2395 bito
1336 2331 1487 2408 humano,
1513 2332 1571 2415 qui
1595 2333 1739 2397 continet
1768 2334 1881 2416 pedem
1908 2353 1981 2398 cum

442 2426 687 2489 continebantur
702 2446 738 2489 ac
755 2423 876 2489 fiebant
892 2427 924 2488 in
936 2446 984 2503 eo,
994 2427 1119 2510 luitque
1134 2429 1184 2493 do
1240 2430 1356 2507 medio,
1374 2450 1438 2494 non
1453 2432 1493 2495 dc
1506 2432 1615 2495 cubito
1630 2432 1833 2511 geometrico,
1845 2433 1902 2514 qui
1917 2453 1982 2496 ma-

443 2546 513 2589 mus
528 2546 564 2589 ac
579 2525 704 2589 mansio
720 2525 826 2589 Sancti
839 2525 1186 2610 SanctorumPropter-
1239 2528 1290 2610 jor
1309 2538 1358 2591 est
1380 2530 1528 2591 multum.
1551 2533 1594 2593 Et
1615 2533 1787 2592 maaratis
1806 2552 1877 2593 eam
1898 2553 1980 2593 auro

441 2645 479 2689 oa
493 2624 639 2689 subditur
657 2641 664 2687 τ
681 2634 710 2685 et
724 2626 871 2685 habitabo
888 2628 924 2685 iu
941 2628 1044 2686 medio
1060 2647 1185 2697 eorum,
1239 2630 1452 2689 mundissimo
1474 2630 1564 2689 iuius
1585 2639 1615 2689 et
1636 2631 1728 2709 soris,
1746 2629 1779 2691 id
1800 2636 1858 2705 θεῖ,
1874 2630 1980 2693 aureis

443 2724 474 2787 id
499 2732 547 2788 est
572 2723 604 2785 in
635 2723 847 2787 tabernaculo.
864 2723 936 2801 isto,
964 2725 1050 2805 quod
1075 2745 1183 2790 secum
1239 2724 1368 2788 laminis
1383 2746 1453 2789 eam
1468 2728 1640 2809 operiesac
1654 2727 1783 2791 ornabis
1798 2748 1855 2811 per
1871 2737 1982 2807 totum,

441 2821 623 2903 portabunt,
640 2831 672 2885 et
687 2821 769 2884 inter
784 2839 839 2885 eos
855 2821 1007 2885 manebit.
1020 2823 1182 2889 Habitavit
1240 2824 1431 2889 intrinsecus
1445 2834 1541 2909 atque
1552 2825 1741 2891 lorinsecus.

441 2940 568 3004 quoque
582 2922 664 2985 Deus
679 2922 712 2983 in
728 2920 833 2984 medio
849 2932 1052 3005 eorum,puta
1068 2924 1101 2986 in
1118 2944 1185 2989 cor·
1278 2926 1452 3003 Maciesque
1460 2946 1572 3003 supra,
1580 2924 1613 2992 id
1628 2934 1676 2988 est
1691 2926 1725 2988 in
1740 2926 1897 3008 superiori
1913 2947 1981 3010 par-

439 3019 535 3083 dibus
556 3020 618 3083 sibi
643 3020 848 3102 placentium.
872 3023 975 3083 lucta
994 3044 1121 3085 oruuem
1142 3023 1219 3085 si-C
1239 3031 1269 3085 ῖθ
1289 3041 1380 3099 arcae,
1397 3044 1548 3085 coronam
1569 3045 1703 3085 auream
1720 3045 1781 3103 per
1802 3028 1977 3087 circuitum

438 3122 661 3182 militudinem
684 3122 885 3181 taberoacuti
906 3124 992 3201 quod
1013 3126 1179 3185 ostendam
1236 3120 1369 3198 aracaio
1385 3130 1475 3203 parte
1489 3122 1559 3204 ejus
1579 3121 1740 3203 praedicta.
1752 3123 1906 3206 Denique,
1920 3124 1980 3187 sie-

441 3220 511 3289 tibi,
527 3228 557 3279 et
570 3221 718 3279 omnium
733 3239 883 3279 uasorum
898 3221 934 3279 iu
950 3224 1074 3283 cultum
1089 3224 1182 3298 ejus:
1236 3226 1273 3281 ut
1294 3240 1367 3283 arca
1389 3239 1453 3284 non
1475 3229 1543 3284 erat
1565 3221 1710 3298 rotunda,
1734 3222 1788 3285 sed
1813 3224 1976 3304 quadrata,

440 3317 556 3394 idest,
583 3317 823 3380 tabernaculum
846 3318 931 3381 istud
957 3328 989 3381 et
1012 3340 1088 3384 vasa
1113 3322 1182 3403 ejus
1237 3319 1321 3382 facta
1340 3319 1441 3382 instar
1463 3318 1573 3382 scrinii
1594 3320 1664 3382 sine
1689 3320 1850 3401 podibus:
1877 3322 1921 3386 ita
1948 3331 1979 3385 et

441 3416 522 3479 lient
535 3417 624 3497 juxta
645 3415 779 3479 lormam
800 3434 855 3478 seu
872 3417 1115 3482 similitudinem
1131 3440 1183 3485 eo
1237 3418 1298 3481 ista
1318 3437 1446 3496 corona,
1463 3419 1617 3500 quadrata
1637 3418 1767 3496 exstitit,
1787 3438 1849 3483 non
1872 3430 1978 3484 rotua-

440 3516 596 3591 rnmdem,
619 3534 714 3597 quam
741 3514 800 3578 tibi
823 3515 855 3577 in
879 3516 939 3578 hoc
961 3525 1069 3581 monte
1091 3538 1181 3583 mon·
1236 3517 1287 3595 da,
1300 3515 1383 3580 iacta
1397 3518 1437 3579 ad
1453 3518 1583 3581 modum
1597 3516 1661 3579 oris
1677 3535 1732 3579 seu
1749 3518 1836 3593 labii,
1846 3518 1929 3581 sicut
1945 3520 1978 3582 in

439 3613 556 3690 strabo,
573 3613 640 3677 sive
656 3633 712 3696 per
728 3613 947 3695 imaginariam
965 3614 1134 3695 visionem,
1146 3627 1181 3681 ut
1237 3615 1356 3679 mensis
1372 3624 1403 3679 et
1418 3616 1565 3680 scacariis
1588 3614 1662 3678 lieri
1683 3616 1784 3693 solet;
1809 3625 1841 3680 θῖ
1855 3618 1978 3683 elevata

439 3712 539 3795 aliqui
555 3712 676 3789 dicunt,
694 3712 762 3775 sive
782 3713 820 3776 ad
836 3712 964 3777 oculum
986 3733 1043 3796 per
1058 3717 1182 3779 deseri·
1237 3714 1298 3777 luit
1322 3734 1419 3798 super
1442 3734 1574 3779 aureum
1594 3714 1780 3796 operculum
1804 3735 1896 3794 arca,
1922 3737 1978 3800 per

440 3812 582 3895 ptionem
599 3811 632 3873 in
649 3812 780 3875 materia
789 3812 937 3893 quadam,
945 3811 1027 3876 sicut
1036 3815 1181 3880 Ezechiel
1236 3815 1375 3897 spatium
1397 3814 1523 3877 circiter
1546 3813 1641 3875 trium
1663 3802 1847 3893 digitorum.
1864 3816 1902 3877 Et
1925 3836 1977 3881 vo

292 3917 427 3971 asotos.
441 3908 609 3991 descripsit
630 3917 662 3971 et
683 3908 786 3991 pinxit
804 3909 989 3973 Jerusalem.
1013 3910 1099 3975 istud
1125 3913 1181 3977 [io
1234 3922 1324 3977 catur
1338 3932 1467 3989 corona,
1485 3912 1560 3994 quia
1574 3930 1631 3993 per
1647 3920 1749 3976 totum
1771 3933 1850 3977 arcae
1864 3932 1978 3997 gymm

440 4007 547 4070 minus
566 4007 724 4089 exprimit,
742 4008 846 4089 primo
869 4008 902 4071 in
923 4010 1076 4089 generali,
1095 4011 1181 4075 inira
1234 4014 1424 4094 quadratum
1445 4011 1684 4089 extendebatur,
1708 4013 1978 4092 quemadmodum

437 4114 542 4169 autem
566 4105 599 4168 in
619 4105 761 4188 speciali,
778 4106 834 4188 qui
855 4114 887 4170 et
905 4108 1041 4189 qualiter
1061 4109 1181 4174 facient
1233 4130 1351 4175 corona
1372 4112 1506 4174 rotunda
1527 4110 1627 4173 ambit
1649 4119 1755 4192 caput.
1773 4114 1816 4173 Et
1831 4124 1976 4191 quatuor

438 4204 509 4268 isla.
1194 4214 1380 4282 Dcirculos,
1397 4209 1430 4272 id
1452 4218 1500 4273 est
1521 4209 1667 4286 annulos
1685 4231 1808 4287 aureos,
1825 4232 1903 4291 quos
1920 4234 1979 4291 po·

475 4306 592 4384 Sisque
606 4306 733 4384 facietis
748 4308 845 4377 illud,
863 4314 972 4387 utpote
992 4308 1179 4373 tabernaou-
1232 4330 1286 4371 nes
1296 4331 1357 4388 per
1366 4319 1507 4390 quatuor
1520 4330 1604 4371 arete
1614 4314 1749 4387 angulos
1759 4330 1770 4371 .·
1780 4314 1973 4372 duoeirauti

435 4401 513 4479 lum,
537 4410 569 4465 et
582 4422 652 4485 quae
670 4404 858 4485 spectabunt
881 4405 921 4466 ad
942 4404 1032 4469 iilud.
1051 4410 1172 4471 Arcam
1230 4412 1297 4470 siut
1312 4411 1349 4470 iu
1365 4414 1463 4469 latere
1478 4429 1554 4480 uua,
1571 4418 1600 4469 et
1614 4411 1679 4469 duo
1697 4412 1733 4470 iu
1749 4414 1859 4471 altero.
1878 4410 1976 4472 Erant

433 4503 474 4562 de
488 4504 586 4578 liguis
603 4504 699 4569 setila
721 4504 924 4581 eompiapite,
940 4503 971 4566 id
994 4513 1042 4567 est
1063 4506 1178 4570 forma·
1231 4507 1265 4569 in
1286 4526 1358 4571 arca
1380 4506 1448 4569 bini
1471 4505 1594 4582 circuli,
1620 4524 1676 4588 per
1698 4516 1871 4589 utrumque
1893 4508 1976 4571 latus

435 4606 476 4664 te.
490 4599 604 4682 incipit
619 4609 724 4664 autem
739 4602 858 4685 Moyses
873 4602 1122 4686 descriptionem
1143 4606 1176 4668 in
1231 4604 1440 4687 longitudinis
1461 4604 1542 4686 ejus,
1561 4612 1662 4669 totum
1683 4604 1805 4685 liguum
1824 4625 1905 4670 arom
1923 4627 1974 4690 pe

435 4699 566 4783 speciali
583 4700 623 4765 ab
640 4700 690 4764 his
705 4720 775 4783 qua·
796 4700 927 4764 inerunt
943 4701 977 4764 in
993 4703 1177 4768 tabernacu·
1231 4713 1401 4769 netrantes.
1424 4704 1585 4786 Erantque
1610 4705 1673 4767 duo
1694 4703 1805 4768 circuli
1827 4705 1862 4767 in
1884 4715 1973 4788 parte

434 4799 476 4877 lo,
495 4818 631 4881 quorum
654 4820 751 4862 unum
768 4799 888 4862 exstitit
904 4819 988 4878 arca,
1006 4802 1122 4866 deinde
1136 4805 1176 4868 de
1229 4824 1310 4869 arom
1325 4803 1488 4881 anteriori,
1506 4812 1538 4867 ct
1554 4804 1616 4867 duo
1632 4803 1666 4866 in
1687 4812 1775 4887 parte
1790 4805 1970 4887 posteriori,

434 4897 639 4964 tabernaculo
664 4898 744 4981 ipso,
771 4896 864 4962 tertio
893 4906 999 4962 autem
1029 4900 1069 4963 de
1094 4903 1176 4967 atrio
1229 4904 1284 4987 qui
1299 4911 1436 4986 quatuor
1449 4901 1573 4978 annuli,
1590 4910 1680 4965 erant
1694 4902 1785 4984 quasi
1802 4902 1972 4967 immobili-

433 5000 502 5081 ejus
526 5019 532 5064 :
559 5000 647 5081 juxta
671 4997 817 5061 ordinem
842 4996 1070 5062 collocationis.
1098 5001 1175 5064 Nam
1230 5001 1492 5067 terarcaeinlixi.

433 5106 506 5182 post
520 5096 782 5180 deportationem,
796 5096 899 5178 primo
915 5097 1115 5161 collocabant
1130 5120 1177 5164 ar·
1269 5104 1442 5182 Famesque
1458 5111 1554 5162 vectes
1569 5104 1608 5161 de
1623 5103 1723 5179 liquis
1738 5103 1840 5173 setim,
1859 5112 1889 5163 et
1904 5122 1974 5181 ope

433 5216 514 5273 cam,
532 5194 588 5258 ubi
604 5194 842 5260 tabernaculum
862 5205 930 5259 erat
945 5195 1120 5277 figendum.
1129 5199 1177 5263 lo
1229 5204 1292 5263 rias
1305 5221 1356 5262 eos
1370 5220 1462 5272 auro,
1481 5199 1514 5261 id
1529 5208 1577 5263 est
1591 5198 1697 5262 aureis
1713 5198 1852 5261 laminis.
1871 5204 1974 5262 ludu-

435 5296 553 5380 sephus
577 5314 653 5361 vero
677 5296 788 5363 recitat
812 5314 995 5373 econverso,
1022 5297 1177 5364 videlicet
1228 5321 1337 5382 cesqm
1352 5299 1438 5383 ipsos
1461 5307 1568 5363 vectes
1585 5319 1645 5378 per
1668 5300 1805 5360 circutos
1824 5302 1971 5380 quisunt
