4309 6259
50 1884 92 1925 Pr.
100 1897 166 1926 xxxv

41 1951 62 1988 9.

564 526 746 573 sunnam-
759 528 790 573 ΙΝ
811 528 879 574 CAP.
903 528 1001 601 xxlxttl
1022 530 1218 577 bononorum.
1241 552 1281 561 -
1302 533 1372 578 ΑΜ.
1395 534 1434 579 Lll

1707 518 1766 582 503

217 694 325 775 jussit,
350 713 436 757 nunc
460 697 515 759 uni
535 698 659 775 virtuti,
677 718 763 762 nune
785 700 968 763 alteri-esse
983 700 1008 761 A
1025 702 1098 763 tatis
1114 702 1343 780 dilatationem,
1361 706 1591 788 quodpropter
1610 708 1769 788 proximo

220 791 391 854 intentum.
485 870 488 876 Ι

261 893 407 969 Profecti
425 895 527 969 r'pttrtr
541 899 581 954 (lc
595 899 753 967 Bornesse,
771 897 855 978 quod
877 896 970 959 intor-

219 997 364 1070 pretatur
386 991 582 1054 commotio:
605 994 681 1074 quia
702 994 816 1057 salvari
836 995 970 1058 volenti-

219 1086 292 1162 bus,
311 1087 416 1170 primo
436 1109 567 1153 necesse
581 1100 628 1153 est
643 1092 813 1155 salubriter
835 1113 971 1157 commo

220 1186 287 1247 veri
314 1195 347 1248 ct
367 1188 553 1250 conturbari
577 1210 614 1252 cx
636 1192 789 1254 memoria
811 1201 842 1254 ct
862 1193 970 1255 dolore

218 1285 470 1365 procedentium
485 1286 648 1350 vitiorum.
661 1292 886 1351 Costrametett
895 1302 970 1351 soret

219 1384 256 1441 in
271 1386 398 1445 Socotlz.
410 1384 524 1447 Socoth
542 1386 769 1469 interpretatur
784 1388 970 1452 tabernacu-

218 1479 271 1541 la:
290 1499 348 1561 per
363 1483 449 1563 quod
463 1482 686 1565 intelliguntur
697 1486 904 1567 particulares
915 1488 972 1549 Ec-

216 1578 971 1662 clesiae,congregationosdevotae,elaustra‚col·

217 1676 313 1757 legia,
332 1696 486 1761 sacraque
502 1680 582 1757 loca,
599 1682 638 1743 ad
654 1700 725 1763 quae
741 1684 903 1764 pertingit,
915 1684 971 1765 qui

217 1786 351 1858 propter
367 1797 424 1839 sua
439 1787 568 1860 peccata
587 1780 707 1843 salubri
727 1782 972 1863 compunctione

216 1973 330 2036 flletus
351 1994 422 2037 sum
446 1984 478 2039 ct
499 1976 687 2040 humiliatus
708 1998 777 2039 sum
795 1979 903 2055 nimiS,
921 2000 972 2042 ru-

214 2072 348 2152 giebam
367 2092 388 2135 a
409 2076 530 2155 gemitu
555 2076 659 2139 cordis
680 2076 761 2151 mei;
783 2086 880 2159 atquc
899 2099 971 2142 oum

55 2189 195 2237 rasuras.
216 2180 331 2234 saneto
345 2171 403 2234 Job
422 2190 429 2234 ε
446 2174 625 2256 Antequam
642 2177 817 2252 comedam,
832 2177 969 2258 suspiro,

215 2278 251 2333 et
277 2277 430 2351 tanquam
457 2270 643 2335 inundantis
667 2292 758 2355 aquae
781 2274 826 2337 sie
850 2276 971 2355 rugitus

215 2370 295 2431 mei.
311 2368 396 2431 Talis
412 2370 528 2450 dignus
544 2379 592 2433 est
608 2372 804 2454 incorporari
822 2373 970 2437 Ecclesiis

215 2466 351 2545 Christi,
359 2477 391 2530 et
407 2468 441 2530 in
457 2468 527 2550 ejus
544 2469 756 2533 tabernaculis
768 2473 969 2535 commorari.

215 2569 267 2627 De
289 2569 405 2628 Socoth
429 2579 586 2629 venerunt
608 2571 644 2629 ira
667 2571 798 2641 Ethom,
816 2571 902 2651 quod
926 2570 971 2632 in-

216 2672 414 2746 terpretatur
443 2664 598 2729 tortitudo
626 2685 632 2729 :
661 2667 737 2749 quia
767 2687 823 2750 per
849 2688 970 2731 sacram

214 2762 446 2826 contritionem
459 2772 489 2825 et
501 2764 788 2847 incorporationem
805 2768 970 2849 mysticam

214 2861 283 2943 jam
301 2860 478 2943 prefatam,
497 2862 694 2927 confortatur
710 2865 805 2929 bomo
822 2866 855 2927 in
871 2866 972 2928 Domi-

75 2974 106 3047 ]
144 3020 159 3045 v
217 2979 263 3023 no
282 2969 314 3022 et
335 2960 368 3022 in
391 2962 534 3041 potentia
554 2962 682 3026 virtutis
702 2965 783 3045 ejus,
803 2964 972 3047 particeps-

1025 819 1096 861 rum
1120 810 1249 883 peccata
1271 811 1302 865 et
1326 803 1421 865 totius
1442 804 1553 865 mundi
1574 804 1718 867 miserias
1738 814 1769 869 et

1024 918 1159 976 errores,
1177 902 1351 981 praesertim
1372 912 1502 985 propter
1522 903 1769 966 innumerabiles

1025 1006 1056 1060 ct
1072 1016 1219 1061 enormes
1236 1000 1363 1061 Deitatis
1379 1000 1577 1070 offensiones
1592 1009 1624 1063 ct
1638 1002 1771 1065 inhouo

1026 1096 1175 1173 rationes,
1193 1098 1320 1160 assidue
1336 1098 1527 1177 ingemiscit,
1545 1108 1721 1181 torquetur,
1739 1109 1770 1162 et

1026 1195 1173 1258 lacrimas
1200 1195 1316 1272 fundit,
1344 1198 1454 1260 dicens
1480 1198 1560 1260 illud
1586 1199 1619 1260 in
1645 1199 1767 1261 Esdra:

1026 1295 1108 1357 Dens
1126 1314 1227 1371 meua,
1245 1295 1424 1359 conlundor
1443 1306 1474 1359 et
1494 1297 1646 1361 erubesco
1668 1298 1770 1361 lcvarc
1798 1320 1916 1369 taren.

1027 1393 1141 1455 l'aciem
1166 1414 1269 1456 meam
1288 1396 1327 1457 ad
1349 1405 1389 1471 te,
1413 1396 1565 1476 quoniam
1586 1396 1771 1477 iniquitates
1785 1386 1805 1428 ⁶·

1028 1499 1143 1553 nostrae
1158 1492 1378 1574 multiplicatae
1398 1501 1472 1556 sunt
1491 1512 1587 1575 super
1607 1503 1702 1576 caput
1717 1513 1773 1557 uo-

1027 1599 1140 1666 strum,
1158 1599 1189 1653 et
1210 1600 1339 1672 peccata
1359 1600 1467 1655 nostra
1486 1602 1656 1656 creverunt
1672 1613 1771 1674 usque

1027 1688 1066 1751 ad
1083 1689 1209 1751 coelum.
1228 1689 1369 1770 Itemque
1387 1708 1394 1752 ε
1412 1691 1503 1753 Zelus
1519 1692 1631 1755 domus
1648 1700 1710 1754 tura
1725 1710 1773 1754 co
1799 1720 1839 1763 p„
1850 1733 1918 1770 mm,

1028 1788 1128 1850 modit
1142 1807 1205 1850 me.
1218 1791 1423 1870 Profectiqrre
1436 1795 1476 1851 cte
1492 1794 1600 1861 Maro,
1617 1802 1773 1853 verterunt
1787 1785 1820 1825 ¹⁰·

168 1898 196 1935 n,
217 1874 414 1954 concutitur,
433 1877 544 1959 sicque
565 1878 721 1955 turbatur,
740 1888 774 1941 ut
792 1880 876 1943 dicat
894 1898 900 1941 :
918 1874 972 1942 Al·
991 1885 1064 1946 ili-n
1081 1890 1184 1957 Etim,
1199 1888 1285 1968 quod
1307 1887 1533 1969 interpretatur
1552 1889 1693 1951 arietes:
1716 1910 1773 1972 per
1843 1966 1845 1970 ι

1028 1986 1114 2067 quod
1145 1993 1244 2047 status
1274 1986 1469 2067 praelationis
1498 1987 1653 2067 signatur.
1684 1988 1774 2051 Arics

1028 2084 1114 2146 enim
1130 2093 1281 2146 cornutus
1297 2093 1354 2160 est,
1368 2094 1400 2147 et
1415 2085 1479 2146 dux
1493 2087 1622 2151 ovium:
1640 2086 1674 2148 in
1690 2095 1773 2150 statu

1027 2190 1133 2244 autem
1155 2181 1360 2263 praelationis
1378 2191 1453 2245 sunt
1473 2183 1655 2247 eminentiae
1675 2184 1774 2248 ecclc-

1028 2280 1164 2343 siasticae
1189 2281 1386 2343 auctoritatis
1409 2301 1445 2343 ac
1472 2283 1648 2363 potcstatis.
1665 2283 1771 2360 Porro,

1027 2379 1083 2461 qui
1095 2379 1133 2441 ad
1146 2379 1374 2461 praeinductam
1386 2379 1525 2442 caritatis
1536 2388 1632 2461 atque
1643 2381 1774 2462 justitia

1026 2477 1284 2555 amaritudinem,
1311 2478 1556 2560 generalemque
1587 2479 1640 2542 [lei
1670 2480 1773 2542 zelum

1027 2584 1091 2637 tam
1123 2576 1282 2638 lervidum
1312 2576 1427 2654 attigit,
1455 2577 1640 2658 prelatione
1664 2578 1774 2641 condi-

1026 2692 1108 2753 gnus
1130 2682 1189 2750 est,
1207 2683 1238 2736 ct
1264 2674 1397 2737 idoneus
1418 2693 1528 2755 regere
1549 2676 1640 2752 alios,
1664 2685 1773 2758 utpote

1027 2773 1083 2855 qui
1099 2791 1171 2834 cum
1187 2772 1417 2852 gloriosissimo
1431 2773 1523 2836 Petro
1544 2775 1617 2856 plus
1633 2774 1705 2836 aliis
1725 2774 1773 2836 di·
1793 2798 1919 2848 amu,

1026 2871 1098 2951 ligit
1112 2871 1271 2934 Christum
1287 2871 1393 2947 corde,
1411 2890 1465 2934 ore
1479 2881 1511 2934 et
1526 2891 1632 2953 opere,
1650 2881 1682 2935 et
1702 2891 1772 2954 pro·
1787 2871 1855 2913 ¹³¹⁷·

1026 2970 1128 3031 ximos
1153 2987 1238 3031 suos.
1265 2969 1297 3030 ln
1323 2969 1383 3031 hoc
1408 2969 1478 3032 loco
1503 2977 1578 3031 sunt
1601 2974 1771 3032 duodecim

215 3078 283 3140 que
313 3057 459 3122 eflicitur
485 3060 629 3123 omnium
661 3062 840 3124 timentium
868 3064 971 3127 llomi-
987 3069 1009 3132 c
1024 3070 1128 3146 fontes
1143 3090 1154 3127 :
1174 3087 1232 3149 per
1254 3086 1334 3149 quos
1360 3067 1582 3149 exprimuntur
1602 3068 1769 3131 duodecim

215 3177 311 3233 num,
338 3158 492 3239 quoniam
522 3160 636 3222 merita
665 3160 800 3223 aliorum
827 3161 888 3224 sibi
914 3182 970 3244 per

214 3256 386 3319 caritatem
417 3259 704 3322 communicantur.
731 3264 813 3322 Inde
841 3264 968 3338 epresst,

214 3366 379 3417 veneant
394 3367 507 3417 contro
521 3360 754 3429 phihahiroth,
771 3360 855 3441 quod
876 3361 971 3423 inter-

214 3463 365 3537 pretatur
391 3473 426 3518 os
453 3455 621 3518 nobilium.
648 3458 727 3520 llum
753 3459 869 3522 etenim
897 3459 969 3541 quis

213 3554 395 3617 virtutibus
412 3562 460 3618 est
476 3554 636 3634 firmatus,
653 3566 684 3619 et
699 3558 836 3637 gratiose
851 3559 970 3621 conlir-

214 3661 325 3716 matus
348 3654 381 3715 in
404 3655 479 3731 Deo,
497 3654 651 3718 discernit
666 3657 840 3738 pretiosum
860 3678 878 3720 a
898 3657 966 3734 vili,

212 3771 332 3815 verum
356 3772 376 3815 a
401 3751 493 3829 lalso,
517 3754 668 3817 virtutem
694 3774 712 3816 a
736 3756 816 3818 vitio
834 3774 841 3817 :
859 3756 968 3838 sieque

210 3849 365 3914 eflicitur
385 3852 476 3933 quasi
499 3870 534 3914 os
555 3852 691 3931 Domini,
710 3862 741 3916 et
763 3874 819 3936 per
841 3873 875 3916 os
898 3855 967 3937 ejus

212 3949 362 4031 loquitur
379 3950 515 4032 Spiritus
533 3950 665 4014 Sanctm
680 3961 710 4014 et
726 3954 831 4032 angeli
851 3954 967 4033 glorio

210 4049 253 4111 si.
274 4049 345 4130 lpse
360 4066 490 4131 quoque
505 4069 580 4112 vere
596 4050 783 4113 nobilitatur
799 4052 831 4113 in
846 4052 967 4115 Creato-

210 4167 260 4225 re,
292 4147 384 4229 cujus
410 4148 528 4210 intuitu
553 4156 585 4211 at
608 4168 715 4213 amore
740 4150 847 4225 omnia
871 4169 962 4227 vana,

1025 3165 1179 3247 Apostoli,
1193 3164 1248 3247 qui
1265 3164 1395 3228 luerunt
1411 3173 1483 3246 post
1497 3165 1655 3228 Christum
1673 3166 1769 3248 primi

1024 3273 1055 3327 et
1080 3264 1198 3327 summi
1223 3263 1436 3328 Ecclesiarum
1462 3263 1595 3346 praelati,
1622 3265 1769 3346 quamvis

1024 3382 1088 3425 non
1123 3362 1293 3426 omnifarie
1326 3382 1417 3443 aeque
1451 3362 1582 3441 summi,
1617 3363 1769 3443 quoniam

1023 3462 1132 3524 Petrus
1156 3468 1332 3523 ceterorum
1359 3460 1422 3522 fuit
1447 3462 1595 3543 praelatus
1623 3470 1655 3523 et
1679 3462 1769 3543 prin·

1023 3580 1105 3642 ceps.
1119 3560 1171 3622 lsti
1188 3558 1317 3622 luerunt
1332 3560 1436 3622 iontes
1452 3560 1642 3641 evangelice
1656 3560 1769 3643 praedi-

1022 3657 1157 3722 cationis
1178 3666 1209 3720 et
1228 3658 1518 3739 supernaturalium
1538 3659 1765 3722 doctrinarum.

1022 3757 1162 3819 Fuerunt
1183 3775 1310 3838 quoque
1332 3756 1450 3819 ibidem
1470 3759 1675 3835 septuopinto
1691 3762 1766 3836 pot-

1021 3876 1082 3915 moe
1092 3872 1103 3913 .·
1119 3873 1176 3935 per
1190 3873 1269 3935 quas
1286 3854 1486 3936 septuaginta
1501 3853 1632 3917 secundi
1644 3855 1766 3917 ordinis
1794 3878 1878 3931 euax,
1890 3883 1909 3923 r.

1020 3952 1170 4033 discipuli
1190 3952 1308 4016 Christi
1327 3951 1560 4031 significantur,
1578 3952 1633 4034 qui
1649 3952 1767 4016 llorue-
1787 3977 1911 4028 resana

1021 4058 1096 4112 runt
1111 4059 1146 4111 ut
1161 4050 1287 4132 palmae,
1297 4050 1489 4131 fueruntque
1504 4051 1633 4113 arbores
1643 4050 1766 4114 decorae

1019 4169 1057 4214 ae
1073 4148 1211 4230 fulgida,
1221 4156 1252 4211 et
1268 4148 1457 4211 fidelissime
1472 4148 1591 4212 sanctis
1606 4148 1766 4231 Apostolis

209 4266 318 4332 prava
332 4267 368 4310 ac
385 4247 463 4311 vilia
473 4257 671 4330 aspernatur.
681 4249 754 4311 lnde
766 4253 965 4311 transierunt
981 4251 1006 4313 D
1020 4248 1181 4331 cooperati
1197 4255 1382 4310 noscuntur.

205 4368 276 4427 per·
294 4349 435 4407 medium
452 4368 541 4407 mare
556 4369 567 4407 .·
587 4348 740 4429 quoniam
759 4349 901 4429 gurgites
921 4350 966 4411 vi-

210 4446 351 4521 tiorum,
385 4443 521 4506 ilumina
552 4444 777 4521 tentationum,
810 4454 841 4509 et
870 4466 965 4529 opera

209 4543 411 4623 sanguinum
433 4544 550 4606 cedunt
570 4543 630 4621 bis,
650 4543 842 4626 fugiuntque
861 4545 902 4608 ab
925 4546 966 4607 is-

210 4644 269 4719 tis,
282 4642 337 4723 qui
354 4643 393 4704 ad
409 4650 573 4723 praetactas
590 4642 743 4707 virtutum
759 4644 965 4706 celsitudines

209 4748 295 4805 sunt
319 4740 474 4821 perducti,
499 4739 543 4801 ita
566 4741 653 4821 quod
678 4741 758 4821 pede
783 4741 878 4817 sicco,
907 4742 964 4805 hoc

209 4848 263 4903 est
288 4837 492 4901 immaculato
510 4838 644 4912 allecta,
663 4839 851 4901 tentationes
868 4848 898 4901 et
913 4841 966 4902 ad·

208 4935 385 5001 versitates
400 4944 634 5018 pertranseunt,
646 4937 678 4997 in
694 4937 811 5017 quibus
828 4937 967 5000 submer-

208 5042 340 5117 guntur
356 5034 459 5116 iniqui
475 5044 506 5098 ct
522 5043 741 5117 persecutores
757 5036 924 5116 justorum.

257 5133 335 5195 lndc
357 5144 514 5195 venerunt
535 5140 571 5193 tra
593 5137 690 5195 Mure
706 5156 717 5194 .·
738 5134 890 5216 quoniam
910 5154 967 5216 per

213 5240 479 5316 praememoratas
495 5233 649 5295 virtutum
666 5233 878 5311 ascensiones
898 5254 968 5316 per-

211 5328 352 5393 ducitur
367 5328 463 5391 homo
478 5330 517 5391 ad
534 5336 651 5392 tantam
672 5331 812 5393 caritatis
827 5340 858 5394 ot
873 5332 969 5414 aequi-

1070 4351 1152 4408 Inde
1176 4349 1305 4423 opressi,
1329 4351 1474 4422 fixerunt
1504 4349 1643 4408 tentoria
1670 4367 1767 4424 super

1020 4468 1109 4506 more
1124 4448 1272 4508 Rubrum
1288 4465 1299 4503 .·
1315 4463 1372 4525 per
1387 4445 1474 4525 quod
1487 4445 1577 4524 juxta
1592 4445 1767 4526 prehabito

1021 4545 1189 4606 denotatur
1210 4542 1413 4624 Baptismatis
1434 4542 1546 4620 gratia.
1572 4543 1631 4617 Oui
1659 4551 1765 4606 autem

1021 4643 1054 4704 in
1070 4642 1255 4725 praelatione
1271 4648 1345 4702 sunt
1360 4640 1537 4716 constituti,
1554 4641 1674 4703 habent
1689 4642 1766 4705 alio

1021 4761 1091 4803 rum
1106 4739 1307 4804 conversioni
1318 4759 1355 4803 ac
1366 4739 1570 4821 baptizationi
1587 4739 1764 4817 intendere,

1021 4847 1354 4920 sacramentorumque
1365 4857 1499 4920 pensare
1512 4838 1654 4900 virtutes
1662 4838 1766 4901 Potest

1021 4940 1098 5001 item
1129 4958 1186 5022 per
1215 4956 1302 5001 mare
1326 4938 1466 5000 Rubrum
1497 4937 1633 5018 intelligi
1658 4937 1765 5019 passio

1022 5038 1205 5114 Salvatoris,
1233 5038 1272 5099 de
1296 5038 1390 5117 cujus
1417 5038 1513 5098 latere
1542 5035 1766 5118 profluxerunt
1787 5055 1859 5098 roam
1862 5068 1911 5096 .....

1021 5155 1103 5216 aqua
1117 5144 1149 5197 et
1163 5135 1304 5214 sanguis.
1321 5134 1558 5208 Quantumlibet
1573 5134 1766 5216 autemquis
1781 5120 1813 5159 ³⁵·

1024 5232 1184 5315 perlectus
1209 5233 1348 5308 exsistat,
1376 5241 1408 5294 et
1431 5233 1567 5295 aliorum
1590 5232 1686 5294 saluti
1711 5252 1766 5295 sau

1023 5329 1286 5411 contemplationi
1303 5328 1459 5410 invigilet,
1477 5330 1572 5392 certis
1592 5338 1698 5391 tamen
1714 5330 1768 5392 ho
