4309 6259
449 450 507 517 ili
784 470 957 518 mancino
980 469 1010 517 m
1032 469 1100 517 ctu.
1124 467 1166 515 xx
1187 466 1383 515 nuvcaonuv.
1406 488 1447 499 -
1467 470 1538 516 rur.
1561 469 1656 516 xxxiv

302 666 434 715 intexta.
448 642 542 705 lsrael
563 644 602 705 ad
627 645 844 727 pugnandum,
872 652 907 706 ut
930 644 963 706 in
988 642 1082 705 losue
1104 640 1187 703 libro
1204 640 1623 713 Aeameo,eldaeeseosin
1633 652 1771 702 meatem
1782 642 1982 707 Honorum-

449 742 574 823 legitur.
1248 760 1309 816 qne
1333 742 1510 799 nudaveris
1529 750 1654 817 patrem
1683 749 1764 799 ueste
1786 759 1859 809 stra,
1885 737 1981 798 idest

489 844 698 910 Quamobrem
710 844 845 902 divertit
860 844 899 901 ab
908 862 942 901 eo
955 839 1193 902 Israelssontra
1248 838 1435 900 sacerdotali
1457 847 1596 902 ornatu:
1613 847 1645 901 et
1667 836 1774 901 forsan
1796 856 1854 919 per
1869 844 1980 897 vestem

448 939 507 1002 hoc
526 940 624 1021 objici
648 948 762 1022 potest,
785 940 869 1021 quod
892 940 924 1001 in
946 937 1191 1001 Deuteronomio
1249 935 1471 1015 intelliguntur
1496 937 1661 1018 pluraliter
1686 946 1789 999 vestes
1819 935 1984 997 sacerdota·

448 1038 563 1117 legitur
572 1039 725 1101 Dominus
736 1039 774 1101 ad
788 1037 875 1101 filios
887 1038 979 1100 lsrael
997 1037 1189 1119 protulisse:
1249 1034 1305 1111 fes,
1322 1034 1440 1116 quibus
1456 1036 1558 1098 Aaron
1574 1044 1642 1098 erat
1657 1035 1797 1110 indutus,
1816 1033 1982 1116 praesertim

309 1150 432 1201 notent
448 1136 636 1199 Transibitis
651 1140 708 1219 per
725 1146 841 1200 terram
862 1136 995 1199 fratrum
1012 1145 1190 1198 vestrorum
1247 1152 1320 1214 quae
1341 1134 1489 1216 pontifici
1515 1135 1652 1217 propriae
1676 1143 1786 1207 erant3
1814 1137 1930 1194 indues
1952 1153 1983 1192 ea

448 1234 589 1299 filiorum
606 1236 699 1313 Esau,
716 1238 748 1299 et
767 1235 926 1299 timebunt
941 1254 1007 1299 vos.
1026 1235 1062 1296 Et
1083 1254 1192 1296 rursus
1247 1235 1445 1294 Eleazarum
1467 1236 1576 1311 filiam
1597 1236 1691 1311 ejzzs,·
1709 1245 1739 1295 el
1759 1238 1871 1295 Aaron
1895 1234 1984 1291 mori-

449 1332 565 1411 legitur
588 1333 707 1415 Moyses
732 1334 849 1397 dixisse
879 1352 935 1416 per
965 1332 1094 1395 nuntios
1125 1332 1190 1411 regi
1247 1342 1330 1403 etur,
1352 1344 1382 1393 et
1406 1335 1453 1391 iol
1476 1335 1643 1410 eall-laetae
1662 1356 1674 1393 .·
1696 1334 1737 1396 ad
1763 1332 1983 1395 insinuandum

303 1444 432 1496 tlte-leue.
448 1430 552 1495 Sehon
571 1450 578 1492 :
596 1432 777 1495 Transitum
799 1432 892 1495 nobis
915 1432 1082 1507 concedas,
1110 1432 1191 1493 sicut
1246 1431 1332 1510 quod
1347 1431 1431 1512 patri
1452 1449 1510 1494 suo
1525 1430 1558 1491 in
1581 1429 1773 1512 pontificatu
1795 1429 1982 1492 succederet.

447 1528 593 1591 fecerunt
609 1529 670 1592 titii
686 1531 834 1593 Esau.Ad
851 1530 918 1593 haec
935 1530 1190 1611 respondendum
1248 1531 1336 1590 Fecit
1352 1534 1475 1607 Moyses
1496 1541 1532 1591 ul
1549 1540 1745 1607 praeeperat
1760 1531 1931 1590 Dominus.
1947 1530 2002 1588 tn.

447 1628 678 1709 videtur,qu0d
694 1627 861 1692 referenda
876 1637 950 1690 sunl
965 1628 1024 1690 isla
1039 1628 1192 1691 addiver-
1247 1632 1459 1689 aseenderunl
1479 1631 1513 1688 z'n
1538 1638 1676 1690 montem
1695 1627 1985 1689 Horeoramomni

446 1744 481 1787 sa
495 1726 564 1789 loca
579 1734 610 1789 et
627 1735 780 1809 tempora.
799 1727 902 1789 Potuit
917 1726 1004 1789 enim
1020 1726 1190 1807 essequod
1247 1730 1469 1789 mullitmline.
1486 1727 1686 1791 Credendum
1703 1726 1852 1807 estquod
1870 1724 1983 1805 Moyses

446 1843 499 1885 rex
518 1825 617 1888 Edom
642 1825 746 1906 primo
767 1825 895 1906 negavit
921 1825 980 1887 iter
1007 1823 1187 1906 praefatum,
1206 1830 1228 1890 B
1246 1825 1399 1889 revelavit
1418 1825 1521 1887 Aaron
1541 1823 1632 1888 fratri
1650 1842 1718 1900 suo,
1735 1824 1820 1905 quod
1843 1822 1983 1886 voluntas

446 1923 622 2003 praesertim
636 1942 693 2005 per
708 1924 848 1987 medium
864 1922 1015 1986 territorii
1032 1923 1098 1996 sui3
1110 1931 1191 2004 post·
1247 1924 1300 1986 Dei
1315 1933 1399 1993 essct
1414 1932 1449 1985 ut
1464 1931 1639 1986 moreretur
1656 1923 1689 1985 in
1705 1923 1823 1985 montis
1838 1921 1927 1982 illius
1941 1938 1985 1983 ea·

446 2040 482 2082 ea
496 2029 602 2085 autem
619 2022 698 2084 illud
717 2022 884 2097 concessit,
903 2022 1014 2083 saltem
1035 2021 1121 2084 circa
1140 2040 1189 2084 ex·
1245 2022 1385 2098 cumine,
1400 2030 1432 2083 et
1448 2020 1537 2083 filius
1552 2021 1622 2102 ejus
1637 2021 1703 2082 suis
1720 2019 1862 2083 vestibus
1878 2018 1985 2080 indue

445 2129 545 2182 trema
558 2120 713 2201 ejusdem.
724 2120 760 2181 Et
770 2120 809 2182 ad
821 2119 973 2182 intuitum
984 2120 1188 2182 Hebraeorum
1245 2128 1342 2182 retur.
1352 2120 1390 2181 Et
1406 2128 1481 2182 tunc
1496 2120 1599 2181 Aaron
1614 2118 1777 2200 acquievit
1791 2119 1984 2185 devotatur

445 2219 546 2301 potuit
563 2219 644 2281 Deus
661 2218 807 2282 timorem
824 2219 967 2281 idumaeis
984 2217 1138 2294 incutere,
1149 2237 1190 2281 ne
1245 2228 1370 2279 mortuo
1392 2222 1428 2279 in
1451 2221 1568 2278 montis
1587 2219 1770 2295 supercilio,
1793 2216 1913 2298 Moyses
1934 2220 1985 2275 cle

445 2316 599 2380 sciliceta
617 2317 677 2380 Deo
694 2315 836 2379 filiorum
855 2317 948 2379 lsrael
966 2316 1027 2379 tale
1042 2317 1121 2398 quid
1137 2337 1189 2400 pa·
1244 2319 1366 2378 scandit
1380 2339 1454 2378 anam
1469 2320 1639 2379 Eleamo.

444 2424 596 2492 ferentur,
609 2415 715 2497 qualia
731 2414 951 2476 sustinuerunt
966 2415 1114 2497 AEgyptii.
1127 2415 1187 2477 Sed
1284 2414 1450 2490 Quaeritur,
1475 2416 1549 2495 quis
1574 2414 1722 2496 sepelivit
1742 2415 1845 2477 Aaron
1872 2432 1986 2495 prasu-

444 2514 548 2576 denuo
563 2513 664 2575 oritur
674 2512 807 2593 quaestio
819 2530 825 2574 :
838 2514 899 2575 Cur
912 2514 1074 2594 petierunt
1088 2522 1188 2576 trans·
1245 2511 1318 2573 lem.
1331 2511 1482 2585 Quocirca
1497 2512 1609 2575 recitat
1618 2510 1986 2593 Lyra,quemadmodum

445 2610 524 2672 itum
544 2630 600 2692 per
618 2612 796 2688 idumaeam,
816 2630 913 2692 quum
938 2619 1121 2673 tenerentur
1141 2632 1189 2674 se·
1244 2610 1345 2673 Rabbi
1367 2611 1514 2674 Salomon
1536 2611 1632 2687 dicat,
1648 2611 1733 2692 quod
1758 2629 1858 2691 quum
1879 2627 1986 2671 asceu-

443 2710 499 2790 qui
520 2709 613 2772 nubis
632 2710 795 2787 ducatum,
812 2728 883 2791 quae
900 2710 926 2771 si
944 2728 999 2791 per
1015 2710 1184 2773 idumaeam
1243 2710 1365 2772 dissent
1379 2710 1498 2791 Moyses
1520 2719 1551 2773 et
1570 2711 1673 2773 Aaron
1696 2718 1792 2789 atque
1807 2708 1935 2771 Eleazar
1955 2708 1985 2768 iu

444 2808 585 2872 duxisset
600 2808 757 2885 Hebraeos,
775 2828 838 2871 non
860 2809 1038 2890 potuissent
1055 2809 1184 2872 Idumaei
1243 2808 1553 2885 montem,videcunt
1564 2808 1608 2870 ibi
1625 2808 1809 2889 speluncam
1820 2816 1852 2869 et
1866 2806 1983 2869 fectum

444 2907 504 2969 hoc
524 2906 701 2989 impediret
718 2907 861 2969 Forsitan
882 2906 947 2968 diei
963 2915 1077 2988 potest,
1100 2908 1185 2989 quod
1244 2906 1276 2968 in
1301 2926 1350 2983 ee,
1377 2907 1620 2989 lampademque
1648 2908 1811 2969 ardentem
1841 2913 1916 2968 ante
1947 2905 1987 2966 le·

443 3005 562 3088 Moyses
573 3006 765 3088 opinabatur
775 3005 892 3068 nubem
905 3024 1130 3087 praecessuram
1147 3005 1187 3067 fi·
1205 3003 1227 3065 C
1243 3013 1345 3080 ctum3
1364 3014 1396 3069 et
1410 3008 1513 3069 Aaron
1536 3014 1658 3082 exutus,
1667 3005 1773 3087 posuit
1793 3024 1828 3067 se
1850 3004 1883 3065 in
1906 3003 1987 3066 fecto

444 3103 503 3166 fios
526 3105 618 3168 lsrael
640 3123 696 3186 per
717 3113 831 3167 terram
854 3104 972 3181 Ed0m3
996 3113 1184 3168 nontamen
1244 3103 1679 3186 illo;extentisquemenibus
1693 3123 1731 3167 ac
1746 3102 1988 3185 pedibusclau·

443 3202 545 3267 voluit
568 3203 687 3285 Moyses
712 3222 768 3284 per
794 3211 908 3265 terram
935 3201 1023 3265 illam
1050 3204 1185 3266 transire
1244 3202 1285 3265 sit
1306 3203 1415 3265 oculos
1431 3212 1523 3278 elea,
1541 3211 1572 3265 el
1590 3204 1673 3265 Deus
1694 3202 1816 3283 accepit
1837 3200 1986 3283 spiritum

443 3299 512 3363 sine
528 3300 610 3379 regis
625 3319 782 3363 consensu
798 3308 927 3382 propter
942 3301 1026 3363 bella
1039 3302 1179 3378 vitanda,
1243 3301 1312 3382 ejus
1333 3301 1366 3363 in
1383 3321 1471 3383 pace.
1489 3301 1576 3375 Quod
1592 3302 1705 3366 videns
1719 3301 1850 3382 Moyses,
1863 3298 1988 3381 optarit

442 3398 594 3480 quoniam
605 3392 757 3462 Dominus
770 3400 866 3480 jussit
877 3409 911 3461 ut
928 3397 990 3461 filii
1005 3400 1098 3463 lsrael
1112 3420 1186 3463 con·
1243 3400 1381 3462 similem
1398 3408 1531 3463 mortem
1549 3417 1556 3461 τ
1573 3402 1659 3481 quod
1674 3418 1861 3463 concessum
1876 3407 1926 3461 est
1943 3397 1985 3474 ci,

444 3505 491 3559 tra
510 3498 661 3561 Idumaeos
682 3516 745 3560 non
766 3497 996 3579 praefiarentur.
1244 3507 1338 3579 prout
1366 3499 1400 3560 in
1424 3498 1668 3561 Deuteronomio
1693 3497 1846 3560 Dominus
1875 3498 1921 3558 ait
1945 3497 1986 3557 ad

492 3600 660 3676 Quumque
684 3606 789 3657 eastra
815 3598 985 3657 crevissent
1009 3601 1049 3657 ele
1075 3602 1184 3672 (taeter,
1242 3606 1314 3659 'eum
1333 3614 1340 3657 ε
1357 3597 1502 3677 iungeris
1517 3595 1646 3678 populis
1661 3595 1987 3672 lui8,siculm0rluus
2083 3652 2089 3660 .

442 3698 656 3755 venerantia
679 3704 815 3755 montem
832 3698 913 3764 Hor,
930 3694 961 3756 id
984 3704 1032 3758 est
1054 3696 1093 3758 ad
1117 3697 1186 3759 loca
1242 3703 1290 3756 est
1309 3694 1412 3757 Aaron
1433 3693 1532 3757 frater
1548 3703 1630 3757 tuus.
1647 3694 1686 3755 Et
1701 3694 1849 3776 sepelivit
1864 3693 1985 3774 Moyses
2001 3695 2063 3725 ¹¹³*
2078 3687 2105 3721 Ἰ·

442 3793 542 3855 monti
567 3792 615 3854 itti
637 3792 752 3855 vicina.
774 3793 869 3855 Porro
894 3794 1068 3855 secundum
1094 3795 1186 3873 Magi·
1242 3793 1357 3855 Aaron.
1374 3792 1453 3866 Quid
1471 3792 1611 3856 veritatis
1627 3792 1712 3854 istud
1728 3793 1900 3869 contineat,
1922 3793 1987 3855 Deo

442 3900 541 3953 strum
562 3891 594 3953 in
611 3889 765 3967 historiis
783 3898 814 3953 et
829 3910 867 3953 ex
882 3890 1073 3973 Hieronymo
1095 3901 1126 3955 et
1138 3893 1186 3955 lo
1242 3891 1462 3954 committitur.
1480 3891 1674 3971 Augustinus
1696 3909 1771 3955 vcro
1793 3890 1883 3967 dicit,
1899 3892 1986 3971 quod

441 3992 540 4072 sephu
556 3998 717 4071 sumptum
734 3990 861 4052 videtur
878 4009 884 4053 :
902 3990 1074 4068 Egredieus
1091 3991 1184 4054 lsrael
1242 3989 1407 4052 Eleazarus
1418 3990 1567 4071 sepelivit
1580 3991 1685 4054 Aaron
1696 3999 1818 4072 patrem
1835 3999 1988 4065 suum,ut

441 4089 480 4149 de
490 4089 599 4165 Gades,
612 4088 759 4151 circuivit
769 4088 949 4162 idumaeam,
961 4088 1113 4151 inccdens
1128 4109 1185 4171 per
1240 4087 1387 4169 pontifex
1406 4108 1508 4151 novus
1527 4088 1682 4170 praeberet
1705 4087 1854 4151 officium
1879 4090 1987 4170 sepul-

441 4186 600 4249 desertum
626 4185 759 4263 Arabiae,
787 4194 818 4247 ει
843 4187 1106 4267 praetergrediens
1132 4189 1224 4250 Ar·D
1242 4196 1319 4249 turea
1348 4187 1511 4250 defuncto.
1538 4187 1599 4251 Sed
1627 4187 1793 4268 quaritur,
1823 4188 1987 4269 quomodo

440 4286 526 4347 chim
543 4286 745 4367 metropolim
756 4284 985 4365 Arabumque
1001 4287 1186 4349 nuncPetra
1240 4285 1325 4347 istud
1345 4285 1481 4361 licuerit,
1499 4305 1598 4367 quum
1618 4286 1770 4348 Dominus
1790 4288 1824 4349 in
1839 4286 1984 4351 Levitico
2001 4302 2118 4344 tantu.

440 4391 581 4459 vocatur,
599 4383 687 4446 venit
708 4384 746 4445 ad
770 4391 909 4446 montem
930 4384 1003 4445 Mor.
1027 4387 1086 4447 Ubi
1101 4390 1186 4446 loea-
1238 4385 1378 4465 jusserit,
1406 4383 1593 4466 pontificem
1619 4403 1681 4448 non
1707 4384 1861 4448 interesse
1888 4384 1985 4450 morti

441 4492 492 4543 tus
506 4492 550 4541 est
570 4484 729 4543 Dominus
750 4485 794 4542 ael
810 4484 940 4559 Moysen
957 4503 969 4541 .·
984 4486 1115 4559 Perpal,
1134 4487 1185 4543 ln·
1238 4491 1293 4544 aut
1307 4483 1477 4565 sepulture
1493 4483 1692 4564 cujusquam,
1704 4483 1769 4545 imo
1785 4503 1844 4546 nec
1859 4484 1985 4566 proprii

440 4582 521 4659 quil,
544 4583 656 4641 Aaron
682 4584 725 4641 aa
745 4584 881 4657 populos
905 4601 989 4653 suos,
1015 4580 1046 4643 id
1071 4590 1120 4643 est
1144 4582 1185 4643 ad
1239 4582 1675 4663 patris.Resp0ndetur‚quod
1692 4581 1845 4645 Dominus
1861 4584 1895 4645 in
1913 4584 1985 4665 lege

440 4678 574 4740 limbum
589 4678 645 4740 ubi
661 4678 767 4740 Sancti
786 4686 887 4755 erant,
905 4679 960 4759 qui
984 4698 1002 4741 a
1023 4680 1183 4762 principio
1238 4699 1295 4741 sua
1310 4680 1414 4761 potuit
1428 4679 1624 4761 dispensare.

440 4776 551 4838 mundi
572 4786 771 4839 recesserunt
793 4777 832 4838 dc
855 4776 969 4839 saeculo
992 4778 1063 4853 isto,
1081 4787 1112 4840 ει
1133 4778 1182 4840 νει
1277 4778 1445 4841 Dubitatur
1465 4797 1603 4859 quoque,
1621 4779 1781 4859 quomodo
1800 4781 1905 4844 Aaron
1928 4782 1982 4845 bic

440 4874 474 4935 in
497 4874 561 4937 vita
582 4874 641 4936 hac
663 4883 717 4937 eut
739 4883 848 4956 postea
870 4883 959 4937 erant
981 4878 1118 4957 purgati,
1142 4878 1182 4939 ad
1238 4876 1361 4938 dicatur
1375 4885 1569 4953 mortuus,et
1585 4877 1727 4957 sepultus
1743 4877 1898 4941 inmonte
1908 4880 1981 4958 Mor,

439 4991 575 5053 quorum
591 4982 708 5035 sortem
729 4972 883 5054 pertinuit
897 4973 1011 5035 Aaron.
1030 4974 1132 5055 Atque
1149 4975 1182 5037 in
1238 4993 1334 5055 quum
1352 4974 1504 5055 scriptum
1521 4974 1563 5035 sit
1579 4975 1612 5035 in
1626 4975 1891 5041 Deuteronomio:
1910 4978 1984 5040 Filii
2007 4997 2116 5039 nacte

439 5070 545 5133 verbis
562 5070 611 5131 his
628 5070 808 5132 insinuatur
819 5070 1039 5133 immortalitas
1055 5072 1181 5150 animat,
1238 5072 1332 5134 lsrael
1347 5081 1450 5134 castra
1469 5082 1638 5136 moverunt
1653 5092 1691 5135 ex
1705 5073 1819 5139 Berotb
1839 5074 1984 5139 filiorum

438 5176 469 5231 ct
485 5168 652 5231 retributio
667 5187 816 5249 sequens.
837 5172 932 5240 Tolle,
951 5168 982 5231 id
999 5178 1057 5246 est,
1076 5179 1181 5233 tecum
1237 5172 1331 5233 lacau
1356 5171 1389 5232 in
1411 5171 1541 5248 Mosera,
1568 5172 1622 5234 ubi
1645 5173 1749 5236 Aaron
1774 5183 1918 5238 mortuus
1941 5196 1981 5240 ac

437 5286 574 5343 assume,
592 5269 703 5329 Aaron
725 5276 754 5327 el
773 5269 883 5344 filiam
904 5268 974 5344 ejtn
998 5267 1182 5331 Eleazarum
1238 5269 1381 5351 sepultus
1396 5278 1455 5332 est.
1473 5270 1519 5332 Ad
1535 5270 1619 5333 istud
1636 5272 1807 5352 respondet
1821 5272 1931 5337 Glossa
1946 5276 1983 5338 in
