4309 6259
598 518 776 565 nrttooarto
796 514 828 563 IN
849 516 1099 563 emarcuerint.
1122 536 1163 546 -
1183 518 1254 563 ΛΚΤ.
1278 518 1308 563 lV

1661 502 1716 567 tot

214 683 359 765 Denique
379 686 606 749 cerimonialia
628 688 744 752 veteris
766 688 859 769 legis,
875 687 922 750 di·
936 686 961 749 Α
977 694 1127 770 tanquam
1145 690 1177 751 in
1193 689 1340 752 ultimum
1362 690 1467 753 omnis
1483 698 1599 754 nostre
1613 708 1722 773 opera-

172 780 331 843 vidnntur
352 782 385 843 in
407 783 578 862 sacrificia,
597 786 763 867 inquibus
785 785 922 849 exterior

172 879 229 941 Dei
251 879 358 942 cultus
381 883 556 963 praesertim
580 884 746 959 consistit3
767 885 799 946 in
820 902 920 960 sacra,

171 997 246 1059 quaa
271 989 347 1042 sunt
373 980 587 1046 instrumenta
614 984 715 1047 divini
741 985 859 1060 cultus,
888 990 922 1044 ut

172 1088 280 1141 vestes
303 1087 430 1157 sanctae,
448 1100 523 1143 vasa
539 1099 667 1163 quoque
687 1090 806 1145 sacrata
823 1089 853 1145 et
874 1091 921 1144 ta·

33 1174 96 1206 ‘¹¹¹¹’
127 1174 147 1201 '··
172 1175 383 1240 bernaculum
408 1205 416 1256 ;
443 1178 476 1241 in
507 1189 720 1257 sacramenta,
747 1199 818 1262 qua
847 1190 922 1243 sunt

172 1276 432 1340 consecrationes
448 1278 668 1342 ministrorum
684 1280 756 1353 Dei3
775 1288 806 1342 et
821 1278 854 1341 in
870 1278 923 1342 ob

173 1374 439 1456 servandosque
449 1377 613 1459 pertinent
621 1378 659 1439 ad
672 1378 842 1459 specialem
854 1396 924 1442 con-

173 1474 389 1538 versationem
404 1475 626 1538 ministrornm
642 1476 923 1558 templilluemad-

173 1573 306 1635 modum
329 1583 435 1637 autem
452 1593 509 1656 per
531 1574 692 1638 sacrificia
708 1576 823 1640 veteris
841 1576 922 1658 legis

174 1669 376 1751 figurabatur
400 1692 510 1736 rerum
537 1673 746 1752 sacrificium,
770 1676 853 1756 quod
874 1684 922 1739 est

44 1780 146 1828 tauro?-
171 1770 319 1832 Christus
334 1772 498 1848 Dominus,
510 1772 566 1853 qui
582 1772 708 1835 oblatus
724 1782 772 1836 est
782 1774 858 1856 quia
871 1793 922 1838 vo

977 786 1074 850 tionis
1090 786 1273 850 beatificum
1291 786 1400 851 finem.
1418 788 1482 851 lloc
1505 796 1610 852 autem
1625 789 1720 853 bomo

978 883 1011 945 in
1021 885 1191 948 sacrificiis
1207 895 1238 949 et
1248 886 1465 950 oblationibus
1482 887 1546 950 illis
1565 888 1722 969 legalibus

977 983 1189 1064 profitebatur
1203 993 1235 1047 et
1250 984 1444 1064 insinuabat,
1454 987 1720 1068 quemadmodum

977 1080 1010 1142 in
1035 1081 1118 1146 libro
1142 1082 1405 1165 Paralipomenon
1430 1084 1529 1147 David
1557 1085 1601 1148 ait
1626 1103 1633 1148 :
1656 1086 1722 1149 Tua
1743 1104 1865 1155 trenna

977 1189 1051 1241 sunt
1065 1182 1324 1259 omnia,l)omine
1340 1183 1472 1259 llous‚et
1488 1204 1558 1265 quae
1574 1185 1613 1247 de
1624 1204 1720 1248 manu
1738 1169 1769 1209 ¹⁴·

977 1285 1032 1340 tua
1046 1280 1238 1360 accepimus,
1256 1280 1401 1344 dedimus
1422 1281 1492 1343 tibi.
1509 1282 1579 1345 Alia
1594 1302 1722 1364 quoque

979 1377 1057 1439 ratio
1073 1377 1220 1441 litteralis
1243 1379 1475 1443 sacrificiorum
1498 1380 1647 1462 legalium
1669 1383 1723 1444 da-

978 1483 1039 1553 tur,
1056 1485 1213 1557 quatenus
1236 1478 1373 1560 populus
1396 1498 1415 1541 a
1437 1479 1607 1541 sacrificiis
1623 1480 1722 1543 idolo

979 1593 1048 1635 rum
1069 1576 1294 1639 retraberetur.
1317 1576 1394 1638 Nam
1420 1586 1577 1659 precepta
1600 1577 1722 1641 sacrifi·

977 1672 1099 1735 ciorum
1116 1692 1180 1737 non
1201 1674 1404 1737 tradebantur
1419 1676 1459 1753 ei,
1473 1676 1535 1738 nisi
1552 1685 1722 1758 postquam

976 1771 1014 1833 ad
1030 1770 1243 1835 idololatriam
1260 1772 1484 1849 declinaverat,
1495 1774 1631 1839 vitulum
1649 1778 1722 1840 ado

35 1881 156 1933 tnta-vc
174 1870 252 1931 luit:
271 1870 387 1933 obtulit
401 1872 487 1934 enim
504 1871 710 1954 semetipsum
725 1873 920 1938 oblationem
939 1871 962 1932 B
977 1871 1075 1933 raudo
1090 1870 1299 1934 conflatilem.
1319 1872 1436 1936 ldcirco
1451 1874 1535 1955 apud
1550 1873 1718 1937 ieremiam

45 1944 76 1984 Μ
91 1947 156 1987 ¹¹'¹“
172 1978 205 2031 et
226 1970 364 2033 hostiam
385 1970 447 2034 lleo
470 1970 503 2033 in
526 1972 655 2034 odorcm
678 1972 844 2035 suavitatis
863 1993 921 2056 pro

173 2067 290 2143 nobis;
307 2069 354 2134 sic
374 2078 571 2132 sacramenta
593 2070 674 2151 legis
694 2070 782 2133 illius
804 2070 922 2153 figura-

171 2166 252 2229 bant
266 2176 463 2230 sacramenta
474 2168 553 2247 legis
564 2177 702 2244 novtaet
711 2168 921 2233 observantia

172 2264 538 2341 dinumerationem
553 2266 663 2348 populi
679 2266 857 2330 christiani.
870 2269 921 2331 Sa-

171 2364 335 2427 crificium
352 2383 428 2429 vero
443 2383 534 2427 novae
553 2365 644 2445 legis,
661 2365 784 2429 scilicet
800 2366 921 2431 Eucha-

173 2462 438 2544 ristia,quoniam
453 2461 613 2525 Christum
629 2463 782 2541 continet,
792 2465 848 2545 qui
864 2484 921 2547 per

43 2564 158 2657 felt-¹¹¹¹·
173 2562 364 2642 sanguinem
376 2580 468 2623 suum
479 2561 694 2625 sanctificavit
705 2564 921 2645 populum,se

37 2630 64 2673 ¹*
173 2662 315 2724 cundum
326 2660 521 2742 Apostolum,
532 2668 764 2724 sacramentum
776 2656 917 2725 vocatur.

172 2758 406 2823 Sedsacrificia
416 2758 495 2840 legis
506 2759 652 2840 antiquae
660 2760 736 2840 quia
747 2779 811 2823 non
822 2762 921 2825 conti-

171 2858 293 2921 nebant
308 2857 454 2938 gratiam,
464 2876 528 2921 non
544 2857 694 2921 dicuntur
710 2869 917 2924 sacramenta.

210 2956 308 3019 Porro
325 2963 483 3037 precepta
497 2955 724 3018 cerimonialia
747 2956 825 3036 legis
845 2958 919 3021 scri-

975 1969 1111 2033 dicitur:
1125 1970 1192 2032 Non
1209 1989 1277 2032 sum
1295 1970 1418 2034 locutus
1434 1972 1579 2053 patribus
1591 1974 1716 2052 vestris,
1738 1998 1865 2051 renuas.

976 2086 1034 2131 nec
1049 2069 1186 2150 praecepi
1202 2070 1249 2131 eis
1264 2069 1303 2131 de
1314 2069 1410 2133 verbo
1426 2070 1718 2135 holocautomatum

976 2165 1009 2227 in
1024 2167 1076 2230 die
1091 2187 1155 2249 qua
1169 2166 1249 2249 ejeci
1265 2186 1319 2231 eos
1334 2169 1374 2231 de
1389 2177 1472 2231 terra
1482 2169 1619 2252 AEgypti.
1630 2171 1720 2236 Ratio

974 2266 1104 2328 demum
1127 2265 1272 2347 figuralis
1293 2286 1330 2329 ac
1351 2267 1484 2349 mystica
1505 2269 1650 2333 omnium
1674 2290 1720 2334 sa-

974 2363 1173 2428 crificiorum
1189 2365 1305 2429 veteris
1326 2365 1415 2447 legis,
1433 2375 1501 2429 erat
1523 2366 1663 2447 figurare
1683 2369 1718 2431 il-

976 2462 1029 2525 lud
1045 2482 1155 2526 verum
1179 2464 1459 2547 sacrificiumque
1482 2485 1516 2529 se
1530 2466 1718 2547 Unigenitus

975 2562 1029 2624 llei
1045 2580 1104 2644 pro
1119 2561 1212 2625 nobis
1228 2561 1344 2625 obtulit
1358 2562 1452 2625 Patri.
1469 2564 1618 2627 Omnium
1634 2566 1718 2629 enim

974 2660 1219 2737 beneficiorum,
1246 2680 1317 2742 quaa
1342 2661 1423 2724 Deus
1447 2663 1587 2727 humano
1610 2664 1720 2745 generi

975 2777 1031 2840 per
1046 2766 1211 2841 peccatum
1225 2759 1291 2839 jam
1308 2759 1397 2840 lapso
1414 2760 1555 2837 donavit,
1573 2770 1640 2825 erat
1657 2782 1720 2827 ma-

974 2857 1106 2934 ximum,
1124 2857 1209 2938 quod
1225 2856 1356 2939 proprio
1378 2856 1458 2921 Filio
1481 2878 1545 2922 non
1562 2862 1716 2942 pepercit,
1747 2882 1809 2925 nom.
1822 2896 1864 2933 ent

974 2956 1029 3018 sod
1045 2975 1104 3038 pro
1119 2955 1268 3019 omnibus
1290 2956 1383 3019 nobis
1404 2956 1533 3019 tradidit
1553 2958 1656 3021 illum.
1733 2946 1766 2987 ³²·

168 3055 292 3137 ptaa,ad
307 3053 371 3117 duo
385 3053 628 3130 ordinabantur,
640 3054 790 3117 videlicet
805 3057 845 3119 ad
855 3056 920 3119 cul·
936 3060 958 3123 C
1013 3054 1097 3117 lnter
1117 3052 1269 3117 animalia
1290 3061 1396 3117 autem
1411 3056 1630 3139 quadrupedia
1654 3076 1717 3121 non

169 3162 239 3215 tum
253 3152 401 3216 divinum
416 3151 465 3214 illi
480 3152 615 3234 tempori
626 3153 877 3229 convenientem,
887 3164 919 3218 et

165 3254 207 3315 ad
224 3250 431 3333 figurandum
446 3250 607 3314 Christum
623 3270 680 3314 seu
696 3270 732 3314 ea
747 3270 821 3334 quae
831 3254 918 3317 Chri·

168 3359 254 3412 stum
276 3357 485 3412 concernunt.
503 3349 536 3410 ln
559 3356 716 3429 quantum
739 3368 815 3431 ergo
836 3351 918 3414 ordi·

169 3448 330 3511 nabantur
344 3448 384 3509 ad
401 3447 523 3511 cultum
541 3447 607 3523 Dei,
625 3465 683 3528 pro
704 3456 845 3529 tempore
860 3450 917 3513 illo

168 3545 332 3609 habebant
345 3564 474 3609 causam
491 3544 672 3622 litteralem,
682 3545 805 3609 scilicet
821 3555 856 3609 ut
871 3566 919 3610 re

169 3644 333 3707 traherent
349 3662 406 3707 suo
421 3661 518 3706 onere
538 3643 578 3706 ab
594 3644 803 3725 occupatione
818 3645 919 3709 idolo-

169 3743 282 3820 latriae,
299 3744 450 3825 adquam
473 3743 610 3825 populus
635 3742 691 3806 ille
715 3743 822 3806 labilis
837 3753 915 3824 erat,

171 3842 221 3905 rel
237 3851 273 3904 ut
283 3841 465 3906 divinorum
482 3840 667 3904 memoriam
684 3841 917 3906 beneficiorum

169 3942 369 4017 inducerent,
393 3949 448 4003 aut
472 3940 591 4003 divinae
615 3940 794 4021 maJestatis
819 3942 918 4005 excel-

168 4038 301 4102 lentiam
325 4039 542 4118 designarent.
569 4039 603 4101 ln
627 4048 785 4120 quantum
811 4049 917 4103 autem

168 4138 400 4201 ordinabantur
410 4137 587 4218 figuraliter
597 4139 636 4199 ad
644 4138 918 4215 Christum,habe

972 3152 1194 3216 offerebantur
1209 3153 1283 3229 Deo,
1299 3152 1359 3215 nisi
1376 3153 1437 3215 tria
1454 3172 1583 3235 genera,
1595 3156 1717 3219 scilicet

972 3270 1058 3327 oves,
1083 3250 1192 3327 boves,
1215 3258 1246 3313 et
1270 3269 1383 3333 caprae.
1401 3251 1464 3313 Lex
1484 3252 1570 3314 enirn
1593 3254 1718 3317 volebat

972 3350 1126 3432 populum
1136 3350 1315 3413 iudeorum
1331 3368 1350 3412 a
1365 3349 1496 3431 paganis
1511 3351 1717 3431 distinguere.

972 3447 1147 3511 idololatrae
1159 3466 1234 3512 vero
1249 3447 1357 3510 omnia
1372 3448 1525 3510 animalia
1542 3448 1637 3512 idolis
1653 3451 1719 3514 suis

973 3546 1188 3621 immolabant,
1196 3546 1247 3607 bis
1259 3546 1360 3609 trihus
1371 3547 1512 3628 exceptis
1523 3565 1530 3608 :
1541 3556 1572 3611 et
1582 3549 1719 3613 maxime

972 3645 1056 3726 apud
1082 3645 1254 3727 AEgyptioS,
1274 3646 1357 3707 inter
1381 3664 1462 3726 quos
1487 3646 1609 3709 Hebraei
1634 3666 1720 3711 com·

972 3742 1087 3806 morati
1112 3743 1289 3825 nutritique
1315 3742 1451 3821 fuerant,
1481 3744 1632 3826 praedicta
1659 3746 1719 3809 tria

972 3841 1125 3903 animalia
1148 3840 1377 3905 abominabilia
1401 3850 1491 3905 erant
1510 3844 1550 3906 ad
1574 3844 1719 3907 occiden-

973 3940 1061 4002 dum.
1078 3940 1156 4002 Nam
1178 3958 1270 4004 ovem
1290 3940 1446 4017 colebant,
1464 3941 1570 4005 hircos
1590 3960 1718 4025 quoque

974 4038 1216 4115 venerabantur,
1242 4038 1318 4119 quia
1341 4038 1374 4101 in
1394 4058 1502 4103 eorum
1526 4040 1632 4122 specie
1654 4042 1713 4105 dae

974 4154 1084 4199 mones
1100 4136 1179 4217 ipsis
1189 4136 1642 4218 apparuerunt.Bobusautem
1654 4148 1719 4203 ute-

168 4236 396 4299 bantrationes
408 4235 559 4316 figurales
573 4255 610 4299 ac
623 4237 780 4318 mysticas.
794 4236 831 4297 Et
842 4256 918 4318 quo
933 4244 958 4305 Ι)
973 4235 1089 4297 bantur
1105 4234 1137 4296 in
1152 4234 1357 4315 agricultura,
1374 4255 1472 4318 quam
1495 4237 1578 4300 inter
1602 4256 1651 4301 res
1672 4258 1718 4302 sa·

168 4335 257 4397 niam
267 4333 459 4398 carimoniae
467 4334 582 4397 veteris
591 4334 783 4397 Testamenti
795 4336 919 4399 ordina·

168 4433 286 4496 bantur
306 4434 346 4495 ad
365 4432 486 4497 cultum
502 4431 557 4495 llei
579 4442 674 4513 atque
689 4434 728 4495 ad
746 4432 916 4511 Christum,

169 4532 250 4594 ratio
273 4540 375 4613 potest
398 4530 553 4611 assignari
579 4528 812 4595 sacrificiorum
838 4532 917 4611 legis

170 4640 235 4693 tam
251 4630 399 4693 litteralis
413 4649 509 4712 quam
527 4628 661 4710 mystica
683 4648 740 4692 seu
756 4629 914 4711 figuralis.

170 4728 483 4792 Sacrificiumenim
507 4727 608 4809 legale
628 4728 778 4804 exterius,
804 4748 917 4810 reprav-

170 4837 274 4892 sentat
299 4827 532 4891 ordinationem
558 4826 674 4889 mentis
700 4827 733 4890 in
756 4828 864 4905 Deum,
883 4828 916 4891 in

170 4936 326 5009 quantum
342 4926 549 4989 ordinabatur
563 4926 603 4989 ad
618 4925 739 4988 cultum
755 4926 914 4990 divinum.

170 5028 257 5089 Bona
280 5044 354 5089 vero
374 5024 533 5089 ordinatio
558 5024 674 5087 mentis
698 5024 730 5086 in
751 5025 824 5101 lleo,
849 5027 917 5091 nec

170 5134 230 5202 est,
244 5134 278 5187 ut
293 5144 327 5187 se
341 5122 451 5188 omnia
465 5125 557 5188 afleo
573 5123 731 5205 recepisse
747 5134 918 5203 cognoscat

170 5232 324 5305 tanquam
346 5242 366 5285 a
386 5222 649 5305 primoomnium
672 5241 777 5284 rernm
798 5222 919 5305 princi-

172 5322 238 5405 pio,
261 5330 293 5385 et
313 5320 423 5385 omnia
446 5322 486 5383 ad
511 5321 609 5384 ileum
632 5318 775 5383 finaliter
801 5320 918 5385 referat

972 4353 1042 4397 cras
1052 4333 1337 4416 computabant.Et
1351 4334 1423 4399 ideo
1433 4336 1552 4419 Moyses
1563 4336 1717 4401 Pharaoni

972 4432 1560 4516 dixit:AbominationesAEgyptiorum
1574 4436 1718 4501 immola·
1739 4462 1863 4515 amun,

973 4531 1078 4595 bimus
1094 4530 1228 4595 llomino
1244 4532 1306 4595 Deo
1329 4540 1446 4596 nostro.
1465 4534 1540 4597 ltem
1565 4535 1717 4617 prodicta
1732 4530 1765 4572 ²⁶·

972 4630 1032 4693 tria
1041 4629 1192 4693 animalia
1203 4631 1450 4693 mundissimum
1460 4632 1579 4695 babent
1589 4633 1717 4697 alimen

973 4737 1090 4806 tum,et
1105 4729 1278 4792 humanam
1289 4729 1387 4792 vitam
1403 4731 1578 4811 presertim
1595 4740 1718 4795 susten-

973 4827 1178 4904 tant,idcirco
1188 4828 1227 4890 ad
1244 4827 1474 4891 immolandum
1485 4838 1576 4891 erant
1590 4831 1719 4913 aptissi-

972 4945 1033 4989 ma.
1042 4924 1193 4990 Praedictc
1207 4944 1335 5008 quoque
1344 4926 1495 4990 animalia
1506 4928 1717 5010 spiritualiter

973 5024 1141 5107 puritatem
1166 5024 1344 5105 designant.
1361 5024 1412 5087 hit
1434 5025 1520 5088 enim
1541 5027 1653 5091 Glossa
1682 5029 1715 5091 in

972 5123 1146 5187 Leviticum
1160 5140 1167 5184 :
1181 5119 1323 5187 Vitulum
1334 5122 1514 5201 offerimus,
1532 5145 1630 5207 quum
1650 5146 1716 5191 car-

974 5224 1024 5286 nis
1048 5220 1229 5302 superbiam
1252 5222 1430 5297 vincimus;
1455 5224 1592 5301 haedum,
1617 5244 1714 5307 quum

973 5319 1135 5384 lasciviam
1157 5338 1359 5401 superamus;
1376 5339 1505 5402 agnum,
1523 5341 1622 5404 quum
1639 5322 1716 5389 irra-
