4309 6259
616 532 793 579 eartoanrro
815 532 846 577 m
866 531 1117 577 rsuraraucauu.
1142 550 1181 559 —
1202 532 1272 577 aar.
1296 532 1315 577 v
1675 516 1734 581 703

187 706 239 767 cia
254 704 504 767 babuitDeinde
520 704 624 767 hostia
640 723 697 786 pro
714 702 972 786 peccataquaert
1028 703 1169 785 Insuper,
1187 704 1332 766 deterre
1352 703 1557 767 nascentibus
1572 723 1644 785 que
1658 712 1735 767 sunt
1852 769 1859 781 ,

46 820 170 870 ten-nn,
188 803 415 867 comedebatur
438 803 542 866 solum
566 802 599 864 in
620 803 701 865 atrio
726 822 744 865 a
766 802 934 866 sacerdoti·
990 801 1062 862 usui
1078 801 1217 863 humano
1230 801 1261 861 in
1277 801 1395 879 cibum,
1414 801 1612 866 oflerebatur
1628 802 1731 885 panis.
1760 815 1871 867 amun.

40 887 67 923 ¹²
187 902 309 979 bus,'et
325 902 359 964 in
375 902 427 965 die
443 901 607 965 sacrificii.
629 902 745 978 Tertio,
756 902 868 965 hostire
883 921 936 983 pa·
989 899 1062 973 Qua
1079 907 1185 961 autern
1202 900 1324 962 suntin
1342 908 1464 981 potum,
1477 899 1673 963 oll'erebatur
1689 902 1734 965 vi-

180 1000 294 1063 ·ciiieae
318 1021 356 1063 cx
383 1009 468 1064 voto.
496 1000 623 1075 Quarto,
649 1000 761 1065 hostiae
789 1000 934 1082 pacilieae
990 996 1164 1071 num.0uae
1180 997 1298 1059 suntin
1313 998 1564 1075 condimentum,
1577 997 1736 1063 oflereba-

186 1108 383 1181 spontaneae.
404 1101 501 1182 Cujus
524 1099 647 1163 ordinis
669 1100 749 1163 ratio
765 1108 813 1163 est
835 1120 841 1163 :
860 1118 933 1161 nam
992 1103 1042 1157 tur
1056 1096 1162 1157 oleum
1183 1102 1214 1157 et
1229 1095 1372 1169 salQuae
1385 1104 1460 1158 sunt
1476 1096 1508 1158 in
1524 1097 1734 1160 medicamen·
1768 1118 1827 1161 rara.
1839 1121 1871 1161 n.

187 1199 326 1261 maxime
347 1200 443 1263 bomo
464 1198 624 1279 obligatur
639 1200 713 1275 Deo,
731 1206 861 1281 propter
883 1217 935 1261 eu·
990 1204 1067 1271 tum,
1085 1193 1281 1257 oflerebatur
1309 1195 1391 1257 thus.
1409 1195 1466 1258 Per
1489 1214 1604 1277 panem
1627 1205 1734 1259 autem
1770 1217 1858 1261 inda.

187 1297 368 1360 cellentiam
378 1298 553 1380 majestatis
564 1297 696 1374 divinra3
706 1299 852 1370 secundo,
864 1315 934 1378 pro
991 1293 1129 1374 figurata
1143 1300 1191 1355 est
1207 1312 1279 1357 caro
1295 1294 1411 1357 Christi
1425 1321 1432 1368 ;
1451 1295 1644 1375 parvinum,
1663 1314 1735 1357 san-

187 1404 259 1477 pter
283 1395 444 1459 oliensam
469 1397 498 1459 ei
521 1396 664 1473 illatam;
682 1397 785 1473 tertio,
805 1405 934 1479 propter
989 1392 1084 1472 guis;
1105 1392 1292 1474 pereleum,
1309 1392 1731 1475 gratia3persal,scieutia;

188 1493 349 1557 beneficia
373 1496 439 1576 jam
464 1504 630 1577 susecpta3
652 1504 777 1576 quarto,
804 1504 933 1578 propter
990 1511 1047 1573 per
1062 1492 1135 1554 thus
1155 1500 1272 1569 autern,
1290 1493 1400 1556 oratio.
1417 1492 1476 1556 idel
1492 1511 1567 1556 vero
1583 1493 1615 1555 in
1639 1493 1734 1557 sacri·
1770 1514 1828 1557 nra
1841 1518 1873 1557 n.

186 1591 348 1655 beneficia
364 1602 499 1674 sperata.
518 1592 599 1655 Dicit
613 1601 720 1655 autem
735 1592 835 1656 Rabbi
851 1593 933 1676 lloy-
991 1590 1075 1653 liciis
1091 1591 1146 1653 Dei
1163 1610 1226 1655 non
1242 1589 1449 1668 oflerebatur,
1466 1592 1618 1674 quoniam
1636 1592 1732 1656 idolis

186 1708 249 1768 ses,
266 1691 352 1773 quod
377 1700 497 1773 quanto
520 1699 684 1773 peccatum
709 1691 771 1753 luit
790 1692 930 1772 gravius,
989 1688 1102 1753 oilerri
1124 1690 1256 1767 solebat,
1273 1699 1304 1753 ct
1324 1691 1420 1754 etiam
1440 1692 1478 1754 ad
1501 1691 1733 1771 designandum

189 1798 275 1853 tanto
296 1789 493 1853 oflerebatur
516 1808 574 1872 pro
596 1790 666 1872 ipso
689 1788 784 1853 vilior
809 1790 931 1872 species
989 1788 1074 1869 quod
1090 1788 1193 1850 omnis
1216 1788 1352 1851 carnalis
1372 1789 1519 1872 voluptas
1542 1790 1671 1852 vitanda
1694 1790 1735 1851 sit

186 1886 431 1950 animalisNam
442 1906 501 1970 pro
515 1888 636 1951 scelere
648 1888 835 1951 idololatria
846 1890 931 1970 quod
952 1892 975 1953 B
990 1888 1109 1969 populo
1127 1888 1193 1965 Dei,
1211 1888 1266 1969 qui
1286 1888 1348 1951 Deo
1363 1888 1458 1969 digne
1480 1888 1662 1953 sacrificare
1686 1908 1735 1953 co

180 1986 362 2048 maximnm
372 1994 431 2063 cst,
449 1986 673 2049 immolabatur
688 2006 783 2069 capra
797 2005 869 2067 que
884 1996 933 2050 est
990 1994 1093 2047 natur.
1111 1986 1334 2050 Verumtamen
1350 1988 1426 2069 quia
1441 1986 1637 2051 sacrificium
1652 1987 1734 2051 zelo·

187 2082 380 2147 vilissimum
396 2084 535 2158 animal;
557 2102 615 2167 pro
635 2084 807 2147 sacerdotis
823 2094 930 2148 autem
990 2085 1085 2167 typiae
1110 2104 1172 2149 non
1197 2104 1235 2149 ex
1258 2086 1436 2163 devotione,
1463 2087 1518 2149 sed
1548 2076 1733 2169 suspicione

37 2195 174 2247 laureata.
188 2191 319 2263 peccato
333 2193 366 2245 et
386 2182 576 2261 ignorantia,
594 2183 734 2258 vitulus3
754 2202 812 2266 pro
834 2184 932 2263 negli-
989 2184 1154 2266 processit,
1180 2183 1298 2249 idcirco
1324 2204 1387 2248 non
1412 2184 1611 2249 oflerebatur
1636 2186 1669 2247 in
1695 2205 1732 2250 eo

54 2296 111 2338 rea.
122 2298 157 2340 n.
187 2280 295 2359 gentia
310 2280 478 2363 principis,
496 2280 615 2343 hircus.
988 2282 1072 2359 thus,
1088 2284 1175 2365 quod
1191 2284 1307 2347 mentis
1323 2284 1524 2350 devotionem
1544 2282 1672 2365 figurat.
1749 2302 1880 2357 uomens.

760 2713 1085 2799 ARTICULUS
1127 2715 1160 2798 V

474 2986 514 3031 DE
536 2987 641 3033 saenis
663 2988 699 3032 ΕΤ
720 2988 900 3034 sustentetis
921 2988 1081 3035 secabatur
1102 2989 1227 3035 VETEDIS
1249 2990 1449 3038 rastedensi.

180 3288 184 3295 ·
248 3268 542 3328 ABIAsccerdotis
552 3267 930 3337 citswdiuntsca'entiam,
949 3264 972 3329 G
988 3265 1113 3348 lloysen
1130 3264 1285 3329 famulum
1302 3286 1394 3330 suum
1415 3269 1566 3350 specialia
1588 3278 1731 3354 tempora

227 3406 230 3409 ·
257 3376 287 3427 et
311 3370 408 3442 legem
430 3386 471 3424 ec
492 3384 545 3425 ore
563 3366 634 3443 ejus
654 3367 833 3444 requirent,
854 3365 933 3444 quia
988 3384 1059 3446 quae
1074 3365 1280 3429 solennitates
1300 3367 1465 3442 dicuntur;
1479 3368 1629 3450 specialia
1646 3390 1730 3448 vasa,

185 3469 321 3541 angelus
345 3466 480 3525 Domini
501 3466 702 3525 exercituum
723 3475 778 3526 est.
801 3463 931 3526 Malaeh.
988 3463 1126 3545 speciale
1150 3463 1378 3542 habitaculum,
1402 3475 1434 3529 el
1459 3468 1614 3550 speciales
1638 3470 1732 3532 mini-

187 3578 221 3637 u,
238 3560 268 3625 7.
987 3571 1069 3627 stros
1081 3564 1121 3626 ad
1131 3564 1253 3627 cultum
1265 3565 1641 3631 divinumllationabilis
1657 3588 1732 3650 ergo

161 3700 164 3705 -
227 3660 646 3725 lutereaerimoniasveteris
662 3661 752 3742 legis,
762 3670 798 3724 ut
812 3661 933 3725 dictum
988 3670 1036 3725 est
1050 3682 1146 3725 causa
1161 3664 1416 3727 cerimoniarum
1431 3667 1470 3729 ad
1487 3685 1576 3730 sacra
1591 3678 1734 3750 spectan-

187 3761 394 3840 estquaedam
406 3760 609 3841 pertinebant
622 3761 661 3823 ad
673 3780 771 3838 sacra,
782 3760 816 3822 id
831 3770 879 3824 est
889 3760 934 3824 di·
989 3762 1080 3824 tium.

187 3852 256 3915 vini
272 3854 377 3916 cultus
392 3854 548 3917 exteriora
563 3856 785 3932 instrumenta,
805 3863 839 3917 ut
859 3864 934 3917 sunt
1028 3861 1135 3925 Voluit
1151 3862 1337 3941 igiturDeus
1352 3864 1505 3946 templum
1522 3865 1583 3929 sibi
1601 3866 1634 3928 in
1649 3875 1732 3931 terra

189 3951 357 4033 templum,
379 3952 489 4029 altare,
513 3961 545 4015 et
569 3971 653 4030 vasa,
681 3962 777 4035 atque
802 3954 931 4047 similia.
987 3961 1150 4038 constitui,
1170 3980 1233 4024 non
1248 3962 1334 4043 quod
1351 3963 1419 4043 ipse
1435 3963 1578 4027 localiter
1597 3975 1652 4028 aut
1673 3966 1733 4029 cir-

187 4048 298 4112 Cultus
322 4050 409 4113 enim
435 4051 489 4113 Dei
515 4052 661 4128 exterior,
684 4053 724 4114 ad
750 4052 933 4115 interiorem
987 4058 1281 4141 cumscriptibiliter
1296 4069 1380 4122 esset
1400 4060 1433 4122 in
1452 4061 1532 4146 loco,
1551 4064 1607 4125 sed
1629 4071 1663 4127 ut
1680 4065 1733 4129 ho·

187 4150 243 4212 Dei
254 4187 257 4191 ι
268 4150 480 4213 reverentiam
505 4151 682 4213 ordinatur.
699 4151 744 4213 Ea
765 4170 840 4215 vero
863 4170 934 4232 que
987 4157 1091 4219 mines
1107 4156 1139 4218 in
1156 4157 1225 4220 loco
1240 4157 1343 4222 divini
1359 4158 1499 4222 nominis
1514 4161 1630 4225 honori
1646 4163 1731 4228 dica-

187 4248 313 4311 cunetis
335 4249 518 4312 communia
539 4259 624 4326 sunt,
642 4259 674 4313 et
695 4247 866 4312 discretam
885 4249 933 4312 di·
989 4255 1688 4340 to‚devotiusreverentialiusqueadorarent;
1701 4272 1733 4326 et

186 4347 353 4426 gnitatem,
371 4347 609 4430 notabilemque
626 4348 846 4413 excellentiam
869 4368 933 4412 uon
987 4352 1075 4430 item,
1093 4362 1249 4435 quatenus
1275 4374 1331 4437 per
1354 4357 1465 4439 templi
1488 4358 1730 4441 dispositionem

188 4444 378 4521 sortiuntur,
390 4444 496 4507 minus
511 4454 663 4508 curantur
678 4455 709 4508 et
724 4447 931 4523 honorantur,
948 4446 972 4507 D
987 4452 1095 4533 aliqua
1119 4453 1158 4515 ad
1180 4453 1298 4517 divine
1323 4455 1497 4536 majestatis
1523 4458 1729 4523 eminentiam

187 4562 247 4606 nec
258 4544 291 4604 in
303 4543 514 4606 admiratione
529 4544 697 4607 habentur.
709 4546 768 4607 Sed
778 4564 851 4627 quae
866 4564 935 4627 spe·
988 4551 1180 4632 pertinentia
1195 4552 1445 4633 designarentur.
1464 4554 1612 4629 Quamvis
1626 4567 1732 4622 autem

185 4642 261 4704 ciali
278 4642 401 4723 pollent
416 4643 540 4719 decore,
557 4662 594 4706 ac
609 4642 764 4724 singulari
780 4644 934 4707 excellen·
987 4649 1140 4712 Dominus
1156 4651 1380 4733 praeordinavit
1396 4652 1428 4714 in
1445 4672 1509 4717 uno
1524 4655 1594 4719 loeo
1604 4675 1673 4721 esse
1685 4677 1732 4720 sa-

188 4739 232 4801 tia
254 4749 351 4821 atque
375 4749 500 4816 ornatu,
521 4741 659 4822 amplius
682 4750 877 4805 venerantur
901 4751 933 4807 et
986 4748 1111 4812 crificia
1131 4748 1310 4827 oilerenda,
1327 4751 1416 4832 juxta
1436 4751 1516 4815 illud
1539 4754 1729 4821 Deuterono-

185 4839 406 4901 attenduntur.
424 4838 503 4901 llinc
523 4840 608 4902 enim
625 4840 746 4923 praelati
762 4861 798 4904 ac
815 4842 933 4923 princi·
986 4845 1106 4922 miirld
1118 4847 1328 4929 locumquem
1339 4848 1470 4929 elegerit
1482 4850 1631 4916 Dominus
1643 4854 1726 4919 Deus
1764 4874 1872 4929 niutau,

185 4955 244 5017 pes
265 4936 483 5016 singularibus
503 4938 646 5001 vestibus
662 4938 752 5001 indui
769 4940 883 5019 solent,
901 4952 933 5005 et
987 4954 1102 5023 vester,
1121 4946 1255 5010 venietis
1276 4956 1308 5010 et
1329 4947 1474 5011 olleretis
1497 4950 1681 5017 holocausta
1698 4965 1729 5019 et
1744 4938 1764 4988 ⁵·
1775 4940 1796 4983 ⁰·

187 5035 301 5098 latiora
316 5035 434 5098 habere
449 5036 576 5118 palatia,
594 5046 751 5118 quatenus
768 5039 869 5120 magis
886 5060 933 5103 re
981 5044 1133 5107 victimas
1155 5054 1296 5121 vestras;
1313 5065 1377 5110 non
1398 5054 1504 5111 tamen
1522 5049 1607 5115 hune
1623 5052 1728 5117 locum

186 5144 358 5197 vereantur
382 5154 400 5197 a
425 5136 571 5198 subditis.
593 5137 712 5217 ltaque,
735 5146 769 5199 ut
794 5140 932 5220 populus
986 5143 1604 5226 apertedesignavitperaedificationem
1618 5154 1749 5235 templi

187 5234 243 5297 ille
258 5254 371 5316 parum
387 5234 608 5298 vehementius
624 5236 663 5297 ad
680 5236 863 5299 interiorem
876 5238 931 5301 Dei
986 5249 1059 5302 ante
1075 5248 1217 5322 tempora
1233 5241 1421 5322 Salomonis,
1440 5245 1514 5309 licet
1533 5257 1607 5311 ante
1626 5258 1730 5314 osten·

186 5332 399 5411 reverentiam
415 5332 611 5411 incitaretur,
621 5334 760 5397 instituit
775 5335 857 5398 Deus
874 5356 931 5419 per
986 5339 1069 5401 derit
1083 5358 1156 5401 eum
1171 5339 1305 5405 abrahe
1320 5345 1448 5423 quando
1464 5344 1562 5408 dixit:
1581 5347 1668 5412 Tolle
1690 5349 1731 5413 li·
1744 5370 1873 5423 omarus.
