4309 6259
436 493 496 556 ccc
742 500 916 558 meamne
937 512 968 557 nt
990 512 1057 557 car.
1082 510 1159 557 xxm
1179 510 1375 557 nouanoaun.
1397 531 1438 541 —
1458 512 1529 558 aar.
1553 511 1671 558 xxxrrn

437 680 482 744 tio
497 680 701 763 Septuaginta
717 680 763 743 sic
779 681 892 745 habet:
910 681 1058 744 Moriatur
1073 681 1180 743 anima
1194 681 1219 741 Α
1234 681 1363 762 quidam
1393 689 1556 764 exponunt
1584 683 1624 745 de
1649 680 1712 743 alio
1742 688 1860 755 monte,
1886 679 1979 759 juxta

436 800 507 843 mea
527 780 611 843 inter
626 780 749 842 animas
763 780 932 861 justorum,
950 790 981 843 et
998 779 1055 843 liat
1070 799 1179 843 semen
1234 779 1408 861 prehabito
1425 781 1456 842 in
1474 779 1663 862 precedenti
1679 778 1823 841 articulo.
1842 777 1904 839 Alii
1921 796 1979 839 au-

436 896 541 941 meum
558 886 593 941 ut
610 897 718 941 semen
733 879 803 942 hoc.
814 878 929 962 Sicque
944 879 1065 961 optavit
1078 886 1180 961 poste
1234 886 1297 940 tem
1313 888 1477 960 exponunt
1487 880 1527 941 de
1541 878 1605 941 alio
1620 878 1689 942 loco
1705 876 1829 959 prelati
1844 876 1974 950 montis,

437 995 545 1039 rorum
571 996 699 1040 suorum
725 978 878 1041 salutem:
896 978 981 1059 quod
1003 978 1178 1039 secundum
1234 977 1384 1039 videlicet
1408 978 1538 1057 Phasga.
1555 980 1599 1039 Et
1623 980 1701 1036 inde
1725 976 1908 1036 maledicito
1930 976 1972 1034 ei.

436 1073 578 1137 Glossam
599 1074 766 1157 impletum
783 1083 831 1138 est
846 1075 879 1137 iu
895 1075 1002 1157 Magis,
1020 1075 1075 1157 qui
1091 1075 1180 1137 Chri·
1232 1075 1323 1137 Juxta
1338 1075 1544 1157 expositores,
1554 1075 1646 1138 Balac
1658 1076 1717 1137 iste
1729 1072 1854 1155 putavit
1869 1073 1974 1155 ipsum

317 1173 322 1185 '
436 1182 519 1235 stum
547 1175 771 1251 adoraverunt,
798 1174 852 1255 qui
882 1176 1116 1237 descenderunt
1139 1176 1179 1237 de
1233 1173 1357 1235 Balaam
1379 1175 1582 1256 perterritum
1602 1193 1641 1236 ex
1661 1172 1859 1255 inspectione
1879 1172 1975 1235 totius

402 1304 405 1309 ·
435 1272 560 1335 Balaam
576 1292 633 1355 per
648 1273 774 1353 generis
790 1274 1023 1336 successionem
1039 1282 1071 1336 ct
1087 1273 1180 1336 disci-
1233 1272 1397 1335 israelitici
1413 1272 1534 1355 populi,
1552 1281 1584 1335 et
1598 1272 1670 1335 ideo
1684 1289 1798 1333 ausum
1813 1289 1878 1334 non
1899 1270 1976 1331 iuis

436 1371 532 1451 pline
549 1371 763 1448 traditionem,
780 1390 861 1452 quos
876 1380 1001 1435 constat
1015 1372 1180 1452 cognovis—
1234 1390 1268 1433 se
1283 1370 1473 1433 maledicere
1492 1371 1533 1448 ei,
1551 1372 1606 1433 sed
1626 1368 1827 1433 beatificasse
1851 1376 1973 1431 tanturn

436 1488 470 1531 se
492 1470 618 1532 stellam
643 1488 738 1551 quam
764 1470 887 1532 Balaam
911 1470 1100 1552 predixerat
1119 1470 1180 1534 ori·
1233 1469 1428 1532 exercitum:
1446 1469 1517 1532 ideo
1533 1469 1635 1532 voluit
1649 1487 1722 1532 eum
1743 1469 1859 1531 ducere
1877 1468 1910 1529 in
1930 1467 1976 1529 lo

436 1576 550 1629 turam.
1233 1587 1318 1643 cum,
1336 1567 1369 1629 in
1385 1586 1449 1649 quc
1465 1586 1529 1630 non
1545 1568 1677 1643 videret,
1697 1567 1758 1628 nisi
1779 1574 1900 1648 partem
1920 1585 1976 1647 pc

475 1668 632 1746 Dicitque
647 1670 748 1728 Balce
763 1670 806 1729 aa
821 1670 971 1729 Balaam.
989 1667 1104 1730 Audita
1119 1668 1179 1730 hac
1234 1666 1301 1748 puli
1327 1666 1435 1747 hujus.
1454 1666 1598 1728 Forsitan
1623 1684 1751 1747 quoque
1775 1665 1900 1747 putarit
1924 1664 1975 1727 hic

436 1764 660 1828 benedictione
676 1764 797 1846 populi,
815 1765 906 1845 cujus
922 1765 1179 1829 maledictionem
1233 1765 1335 1842 Baiae,
1353 1765 1438 1846 quud
1458 1766 1583 1827 Balaam
1604 1784 1668 1827 non
1691 1764 1826 1827 audebat
1847 1764 1977 1827 maledi-

436 1862 577 1944 aperavit
592 1862 713 1939 audire,
732 1882 784 1924 rex
800 1862 891 1927 Balac
907 1863 1112 1926 contristatus
1133 1874 1180 1928 est
1195 1863 1217 1924 B
1234 1882 1304 1927 cere
1318 1864 1436 1946 populo
1449 1863 1517 1940 toti,
1527 1872 1658 1946 propter
1668 1864 1801 1926 virtutes
1816 1872 1848 1925 et
1863 1863 1976 1925 merita

435 1960 539 2037 valde,
558 1968 589 2023 et
607 1962 781 2023 secundum
797 1960 939 2024 Glossam
955 1961 1039 2024 ultra
1054 1982 1119 2027 non
1135 1963 1149 2024 l
1167 2000 1181 2009 -
1233 1969 1329 2024 tante
1353 1961 1590 2025 communitatis
1615 1962 1713 2024 Beum
1740 1980 1901 2023 summum
1925 1980 1976 2024 cc

436 2076 521 2135 rens,
532 2058 631 2121 verba
646 2059 866 2141 prophetantis
882 2059 1062 2142 interrupit,
1073 2062 1181 2124 dicen·
1234 2059 1350 2137 lentis;
1367 2060 1423 2123 sed
1437 2061 1524 2141 quod
1540 2060 1621 2142 parti
1638 2059 1760 2142 populi,
1776 2080 1848 2141 que
1870 2060 1974 2122 minus

435 2156 495 2221 do:
515 2160 602 2227 cata
615 2168 661 2219 est
681 2161 739 2219 lmc
753 2162 837 2238 quod
856 2162 953 2237 apis?
968 2160 1059 2240 quasi
1082 2161 1177 2238 dicat,
1233 2158 1345 2221 habuit
1359 2158 1468 2237 gratie
1483 2177 1519 2221 ac
1535 2158 1674 2234 virtutis,
1691 2157 1880 2221 maledicere
1895 2158 1976 2221 bene

435 2256 583 2319 Perverse
594 2264 624 2319 te
640 2256 748 2319 habes.
759 2256 834 2318 Nam
847 2267 883 2317 ut
898 2261 1104 2318 malediceres
1118 2262 1181 2319 iai·
1233 2258 1374 2321 auderet.
1392 2258 1507 2320 lterum
1523 2256 1722 2319 estimabant
1737 2257 1883 2337 gentiles,
1901 2276 1977 2339 pre

435 2356 529 2415 micis
553 2356 644 2426 meis,
671 2355 876 2437 imprecando
903 2356 949 2419 eis
978 2358 1122 2435 adversa,
1149 2368 1181 2421 et
1234 2356 1344 2418 sertim
1360 2371 1495 2435 augures
1511 2365 1542 2417 ct
1558 2354 1672 2432 divini,
1693 2355 1800 2418 omnia
1822 2355 1977 2418 interesse

435 2454 637 2536 predicando
654 2454 755 2517 decis
771 2454 914 2531 mala,ac
930 2474 1059 2537 operam
1075 2457 1180 2519 dando
1235 2454 1312 2517 loeis
1332 2462 1429 2535 atque
1447 2454 1656 2535 temporibus,
1674 2463 1706 2516 et
1725 2454 1758 2516 in
1779 2454 1923 2534 auguriis
1941 2473 1977 2515 ac

435 2552 521 2633 quod
539 2550 614 2613 talia
630 2570 715 2614 nnnc
731 2552 777 2614 eis
793 2552 992 2635 contingant,
1007 2558 1118 2614 uocaui
1133 2566 1181 2628 te,·
1235 2551 1368 2630 magicis
1392 2551 1515 2613 actibus
1540 2552 1609 2614 loca
1631 2571 1701 2615 esse
1722 2551 1921 2614 observanda
1941 2571 1978 2615 ac

434 2660 464 2710 el
485 2660 519 2709 lu
539 2652 718 2711 econtrario
741 2653 899 2711 benedicis
920 2654 976 2724 cis,
995 2650 1027 2713 id
1049 2661 1109 2729 cst,
1127 2672 1180 2717 cos
1235 2653 1806 2731 tempora.Quumquedueiaseteum
1821 2653 1977 2711 inlocum

436 2748 650 2828 commendas,
660 2756 692 2811 cl
705 2748 789 2811 buna
799 2749 984 2812 vaticinaris
1001 2752 1040 2813 de
1055 2751 1110 2813 cis
1121 2755 1181 2813 Cui
1234 2749 1520 2823 subliuwm,super
1536 2749 1685 2808 verticem
1700 2749 1818 2808 montis
1827 2749 1977 2825 Pltaspa:

436 2848 492 2905 ille
506 2849 671 2923 respondit
683 2864 694 2907 :
711 2848 801 2910 Num
822 2850 917 2908 allud
933 2868 1063 2925 mesum
1079 2852 1179 2930 loqui,
1235 2846 1290 2928 qui
1314 2845 1401 2908 locus
1422 2845 1571 2926 quamvis
1590 2854 1674 2908 esset
1693 2846 1867 2928 plurimum
1882 2846 1975 2921 altus,

436 2946 503 3005 uisi
526 2948 611 3024 puori
625 2946 764 3021 jusserit
785 2948 971 3007 Dominus?
985 2947 1111 3010 Certum
1134 2956 1182 3011 est
1237 2952 1342 3007 tamen
1362 2952 1430 3005 erat
1446 2944 1493 3006 sic
1509 2944 1655 3020 situatas,
1672 2945 1758 3026 quod
1777 2963 1816 3007 ex
1835 2962 1874 3007 eo
1893 2953 1977 3007 totus

435 3042 520 3124 quod
537 3042 662 3105 Balaam
680 3062 743 3106 non
759 3052 883 3126 poterat
898 3044 986 3108 licite
1000 3045 1123 3126 aliquid
1139 3046 1216 3114 loc
1236 3042 1374 3125 populus
1397 3041 1492 3105 lsrael
1514 3042 1609 3104 simul
1633 3042 1733 3104 videri
1757 3061 1821 3105 nun
1843 3051 1975 3125 poterat,

435 3140 492 3222 qui
508 3149 617 3204 contra
633 3149 826 3223 preceptum
848 3141 913 3219 Dei,
931 3150 962 3205 et
982 3151 1089 3205 tamen
1110 3154 1182 3225 post
1235 3139 1389 3222 quamdiu
1414 3148 1482 3202 orat
1507 3139 1540 3201 in
1565 3140 1645 3217 loco,
1670 3140 1702 3202 in
1721 3160 1786 3221 quo
1806 3149 1882 3204 tunc
1907 3140 1977 3203 lixit

436 3240 503 3302 heo
519 3239 607 3301 dedit
623 3238 793 3302 consilium
813 3240 1008 3303 malitiosum
1030 3244 1181 3306 adversus
1237 3237 1393 3313 tentoria3
1410 3240 1588 3316 edificavit
1602 3242 1743 3300 Balaam
1757 3250 1875 3316 septem
1890 3262 1974 3311 aras,

436 3337 522 3398 hunc
538 3336 704 3418 populum,
715 3345 825 3401 contra
840 3338 894 3401 Dei
911 3341 1182 3421 preceptumile
1236 3337 1268 3399 id
1290 3345 1350 3413 est,
1366 3355 1420 3399 eas
1442 3336 1522 3418 erigi
1548 3336 1634 3413 iecit,
1650 3347 1679 3397 et
1701 3339 1861 3417 impositis
1877 3360 1975 3417 cupra

437 3441 615 3498 rumtamen
637 3435 699 3497 Boo
722 3436 944 3518 omnipotenti,
964 3446 1115 3519 tanquam
1136 3440 1183 3501 in·
1236 3437 1350 3497 vitulis
1371 3447 1401 3495 et
1423 3437 1580 3497 arietibus
1590 3458 1602 3495 .·
1619 3434 1695 3499 lecit
1716 3436 1814 3513 enim,
1833 3446 1868 3497 ut
1891 3446 1973 3509 ante,

438 3531 540 3594 finite
555 3533 706 3614 potentie
722 3534 1182 3615 supergloricsissimoCreato-
1237 3532 1341 3615 parari
1363 3541 1484 3615 septem
1505 3534 1634 3609 vitulos,
1652 3534 1850 3615 totidemque
1864 3536 1975 3597 arietes

437 3628 531 3706 ri,est
542 3630 707 3712 proprium
719 3632 838 3695 directe
851 3640 882 3695 et
895 3633 1076 3698 immediate
1088 3654 1181 3716 agere
1235 3631 1277 3694 ob
1301 3652 1429 3695 causam
1456 3633 1659 3713 predictam3
1681 3636 1770 3695 dixit
1790 3637 1835 3694 ad
1853 3638 1976 3695 Baiae:

437 3728 470 3789 in
494 3746 621 3791 omnem
647 3729 843 3793 voluntatem
869 3739 1018 3807 creatam,
1036 3740 1067 3796 et
1093 3734 1179 3796 illam
1236 3734 1295 3792 Sta
1318 3734 1372 3791 lu'a
1385 3734 1490 3809 jueta
1511 3734 1731 3793 holocaustam
1756 3743 1862 3802 tuaac,
1881 3738 1977 3793 donec

436 3827 475 3889 ad
499 3826 625 3889 libitum
648 3828 827 3904 immutare,
846 3828 987 3907 flectere,
1005 3839 1037 3893 et
1058 3841 1181 3896 vertere
1234 3850 1290 3906 eea
1303 3852 1438 3908 peream
1454 3832 1565 3890 obvius
1585 3831 1624 3892 ad
1645 3829 1751 3893 locum
1772 3850 1926 3909 seorsum,
1943 3833 1975 3894 in

436 3941 639 4006 quocumque
655 3924 812 4001 voluerit3
831 3945 889 3989 nec
911 3935 1014 4007 potest
1030 3928 1105 4009 quis
1124 3930 1182 3991 hu·
1235 3946 1299 4009 quo
1315 3930 1491 3992 demonem
1508 3928 1587 3990 mihi
1603 3947 1769 3992 occurrere
1784 3939 1870 4012 opto,
1883 3941 1917 3993 ut
1934 3932 1977 3994 in-

435 4022 611 4103 juscemodi
633 4022 834 4087 inclinationi
850 4025 1049 4107 motionique
1064 4028 1119 4091 Dei
1136 4048 1182 4091 re
1236 4034 1339 4090 strnar
1353 4028 1393 4090 ab
1408 4028 1532 4091 eodem.

436 4120 558 4196 sistere,
581 4139 640 4183 nec
667 4129 773 4184 tamen
804 4123 949 4186 absolute
978 4125 1182 4207 compellitur
1276 4124 1908 4207 (uiqttumllcmiuuaseilicetangelus
1924 4130 1977 4193 Bo

435 4218 533 4299 (sicut
555 4238 613 4283 nec
637 4218 742 4283 Sancti
764 4221 796 4283 in
816 4222 930 4303 patria,
947 4224 1093 4303 quamvis
1116 4244 1180 4288 non
1196 4227 1220 4291 D
1235 4224 1327 4300 mini,
1350 4227 1549 4295 ocertrrissct,
1572 4224 1613 4287 ob
1638 4244 1749 4288 causas
1774 4227 1974 4307 praehabitas,

437 4317 561 4398 possint
583 4317 616 4379 in
638 4320 832 4380 contrarium
857 4319 945 4396 boni,
964 4320 997 4383 in
1019 4340 1084 4403 quo
1106 4332 1181 4385 sunt
1230 4325 1448 4402 posuissetque
1468 4325 1597 4384 vectem
1615 4326 1652 4384 ie
1666 4344 1720 4383 ore
1733 4326 1813 4401 ejue
1830 4328 1880 4386 ait
1895 4345 1907 4387 .·
1921 4330 1977 4389 Re

436 4414 641 4495 confirmati),
652 4435 725 4478 narn
739 4425 770 4479 et
780 4417 907 4480 Creator
918 4420 1060 4482 excelsus
1073 4431 1181 4485 movet
1235 4425 1412 4481 veteremi
1427 4425 1540 4493 Baiae,
1557 4432 1587 4482 et
1610 4425 1677 4483 tac
1698 4426 1837 4503 loqueris
1856 4427 1899 4486 ei.
1917 4426 1976 4487 ista

436 4513 633 4577 voluntatem
649 4514 761 4596 ipsius.
772 4516 915 4598 Denique
930 4538 987 4600 per
1002 4519 1068 4582 hec
1083 4520 1180 4583 vcha
1237 4516 1297 4580 luit
1311 4538 1417 4595 causa,
1431 4539 1488 4582 cur
1503 4520 1607 4583 honus
1620 4527 1655 4582 ‘et
1670 4520 1796 4602 sapiens
1812 4522 1895 4585 Beus
1910 4543 1976 4607 per-

436 4612 540 4675 iassus
555 4621 604 4675 est
618 4612 756 4691 Balaam,
774 4614 912 4695 magicas
928 4636 1000 4678 suas
1016 4625 1109 4693 artes,
1128 4638 1180 4680 su·
1235 4617 1321 4678 misit
1337 4617 1471 4699 impium
1482 4618 1606 4680 Balaam
1624 4618 1670 4681 ire
1685 4619 1724 4681 ad
1735 4618 1837 4697 Balac,
1848 4623 1975 4703 etquod

435 4709 696 4793 perstitiosasque
717 4712 872 4793 practicas
892 4712 1126 4777 divinationum
1146 4725 1179 4779 et
1234 4716 1323 4779 eunti
1338 4718 1378 4778 ad
1394 4716 1624 4779 consulendum
1641 4716 1815 4795 diabolum,
1824 4719 1975 4783 Dominus

434 4808 638 4888 auguriorum
664 4818 776 4873 contra
800 4810 898 4873 Beum
925 4811 968 4873 nil
995 4830 1100 4893 posse,
1120 4834 1179 4878 nec
1234 4814 1655 4895 dignabaturoccurrere:ut
1665 4815 1787 4879 scilicet
1797 4836 1836 4879 ex
1846 4818 1976 4881 malitiis

434 4906 556 4987 aliquid
574 4906 636 4968 nisi
652 4907 715 4971 ileo
732 4908 934 4990 permittente
950 4910 1066 4974 valere.
1233 4913 1369 4989 Balaam,
1388 4914 1471 4976 bona
1496 4932 1610 4994 magna
1635 4914 1774 4991 eliceret,
1796 4924 1832 4977 ut
1855 4916 1976 4980 scilicet

420 5024 422 5029 ·
475 5006 570 5065 Dicit
584 5026 658 5082 erpo
673 5010 776 5067 Balce
795 5007 834 5068 ad
855 5006 999 5069 Balaam:
1022 5012 1100 5070 Veni
1117 5033 1179 5073 me-
1233 5012 1262 5074 ri
1279 5012 1484 5074 annuntiaret
1499 5013 1643 5093 quedam
1665 5021 1796 5089 secreta,
1812 5023 1844 5076 et
1863 5034 1902 5078 ea
1922 5036 1976 5098 per

433 5123 508 5163 cum
530 5106 566 5163 ia
588 5107 728 5165 alterum
751 5108 866 5177 laeum,
883 5109 969 5165 unde
986 5113 1179 5184 partemio·
1233 5110 1382 5193 spiritum
1398 5110 1573 5192 prophetie
1593 5112 1878 5193 pronuntiarentur
1892 5134 1910 5176 a
1925 5116 1976 5176 Ba-

434 5204 503 5261 rael
527 5202 647 5274 videas,
668 5211 698 5262 et
723 5212 821 5263 tolum
848 5204 956 5263 cidere
978 5225 1043 5266 uon
1063 5211 1176 5283 possis.
1233 5209 1326 5284 laam,
1336 5208 1376 5270 ad
1390 5207 1535 5270 omnium
1545 5209 1691 5289 gentium
1707 5209 1888 5273 utilitatem.
1897 5212 1975 5275 Hinc

433 5296 521 5373 Quod
541 5298 596 5377 ait,
614 5298 693 5361 Veni
715 5318 839 5362 mecum
856 5300 889 5362 in
906 5300 1041 5365 alterum
1059 5304 1175 5381 locum,
1232 5307 1374 5388 loquitur
1388 5306 1558 5386 Origenes:
1576 5308 1658 5370 Deus
1674 5306 1805 5371 verbum
1821 5328 1915 5371 suum
1931 5311 1975 5372 in-
