4309 6259
426 478 486 541 478
762 492 935 539 anunmrro
955 493 986 538 ur
1007 492 1076 538 cae.
1099 490 1174 537 xxrr
1194 491 1390 537 nusunoanu.
1413 508 1454 521 —
1472 491 1545 537 aar.
1566 490 1640 536 mn

426 666 459 728 id
474 666 560 747 quod
580 666 613 727 in
633 664 747 728 Genesi
767 672 895 726 sanctus
911 662 1006 726 Jacob
1023 663 1056 724 in
1073 663 1169 725 bene
1183 660 1210 723 A
1223 662 1307 742 juste
1323 660 1449 724 lectam.
1467 661 1606 736 Qualiter
1621 678 1696 725 vero
1715 660 1810 722 liceat
1828 658 1972 720 sortibus

424 764 564 828 dictione
584 764 732 825 Manassae
753 770 784 825 et
809 761 959 843 Ephraim
991 760 1082 823 dixit.
1110 761 1170 822 lste
1224 760 1282 835 uti,
1298 768 1329 822 et
1344 760 1482 841 qualiter
1497 779 1573 835 non,
1590 760 1712 821 dictum
1727 766 1776 821 est
1791 776 1887 839 saepe.

307 862 311 872 '
424 863 567 943 quidem,
585 862 733 927 videlicet
755 861 921 935 Manasses,
944 860 1005 923 erit
1025 859 1058 921 in
1078 877 1171 939 gene·
1264 858 1489 920 Verumtamen
1506 858 1625 939 Moyses
1641 858 1729 919 dedit
1745 855 1891 917 tribubus
1909 855 1973 917 llu-

426 961 574 1037 rationes,
603 969 634 1023 et
664 959 957 1041 multiplicabitur;
987 959 1041 1020 scd
1073 957 1171 1018 lrater
1224 957 1286 1019 ben
1312 965 1344 1019 et
1367 957 1443 1033 Gad,
1471 977 1508 1021 ac
1532 956 1674 1019 dimidiae
1703 955 1802 1017 tribui
1830 955 1973 1016 Manasse

425 1060 494 1141 ejus
518 1059 636 1140 junior,
665 1066 773 1140 utpote
799 1057 960 1139 Ephraim,
988 1056 1091 1137 major
1114 1055 1171 1117 illo
1226 1064 1324 1118 terras
1339 1057 1474 1118 duorum
1491 1074 1601 1136 regum
1618 1055 1887 1117 transtordenem
1901 1053 1974 1113 ahs-

424 1160 495 1235 erit,
513 1166 545 1221 et
565 1177 672 1220 semen
695 1157 781 1219 illius
802 1164 921 1218 crescet
942 1155 975 1216 in
994 1162 1116 1234 gentes.
1133 1154 1172 1213 Et
1224 1173 1288 1234 quc
1309 1154 1460 1216 sortibus.
1484 1154 1598 1215 liieunt
1622 1172 1749 1235 quoque
1773 1152 1971 1234 expositores

425 1257 693 1339 respondendum,
725 1256 809 1336 quod
842 1254 980 1337 populus
1010 1260 1104 1314 natus
1132 1270 1171 1314 ex
1225 1270 1320 1333 super
1334 1252 1438 1327 losue,
1450 1253 1535 1332 quod
1548 1252 1718 1333 ipselosue
1732 1251 1820 1313 dedit
1836 1250 1869 1311 in
1887 1260 1972 1311 terra

424 1355 587 1438 Ephraim,
604 1354 817 1417 communiter
833 1362 864 1417 et
882 1372 938 1435 pro
955 1352 1075 1433 majore
1098 1361 1171 1413 tem·
1225 1350 1446 1432 promissionis
1468 1350 1564 1412 tribui
1579 1352 1670 1427 luda,
1688 1350 1786 1411 tribui
1804 1348 1969 1431 Ephraim,

425 1454 511 1536 poris
535 1463 634 1536 parte,
657 1452 797 1516 creditur
821 1451 920 1514 luisse
944 1452 1055 1531 major,
1073 1468 1169 1531 quarn
1224 1458 1255 1511 et
1271 1448 1412 1511 dimidiae
1428 1448 1524 1510 tribui
1536 1448 1686 1525 Manasse,
1696 1456 1811 1511 terram
1822 1456 1855 1509 et
1864 1456 1971 1529 partes

424 1553 562 1635 populus
582 1552 708 1633 genitus
724 1570 761 1614 ex
777 1551 926 1615 Manasse.
945 1550 1105 1613 interdum
1126 1557 1171 1609 ta·
1224 1547 1345 1629 absque
1369 1546 1503 1610 sortium
1528 1548 1691 1610 missione.
1718 1546 1806 1621 Quod
1832 1546 1971 1627 qualiter

425 1672 497 1715 men
520 1652 624 1735 potuit
647 1651 738 1714 aliter
761 1670 841 1713 esse.
858 1649 934 1712 Nam
958 1658 990 1711 et
1012 1648 1044 1709 in
1066 1647 1170 1729 prima
1224 1646 1467 1727 intelligendum
1488 1645 1539 1722 sit,
1563 1646 1680 1709 ibidem
1703 1646 1846 1729 exposui.
1869 1645 1972 1726 Siqui-

425 1751 534 1833 populi
547 1747 941 1831 numeratione,Ephrataei
955 1745 1170 1809 lueruntmul·
1224 1746 1295 1808 dem
1313 1745 1459 1807 tribubus
1470 1746 1535 1807 illis
1545 1747 1617 1808 data
1628 1755 1676 1808 est
1687 1755 1768 1808 terra
1784 1745 1968 1827 dupliciter,

285 1867 409 1914 nantas·
424 1858 456 1911 to
471 1850 578 1932 plures
595 1867 689 1930 quam
708 1847 772 1911 nati
789 1866 825 1909 ex
842 1846 941 1927 stirpe
957 1846 1116 1920 Manassae,
1133 1851 1169 1905 ut
1186 1841 1210 1902 Β
1224 1853 1332 1927 utpote
1347 1845 1552 1908 concessione
1571 1854 1603 1908 et
1623 1854 1708 1908 sorte
1725 1862 1732 1905 :
1749 1844 1968 1919 concessione,

276 1933 309 1973 ³⁵·
424 1948 557 2010 habetur
582 1966 688 2029 supra.
707 1947 739 2007 ln
764 1945 910 2007 ludieum
936 1943 1018 2006 libro
1039 1960 1168 2023 quoque
1223 1954 1258 2006 ut
1272 1944 1430 2026 quidquid
1445 1945 1971 2026 expugnarencessercaramen-

275 2058 408 2107 rarasne.
423 2044 572 2122 leguntur
601 2040 810 2123 quadraginta
838 2040 902 2102 duo
929 2038 1030 2101 millia
1053 2057 1092 2100 ex
1121 2057 1169 2101 se-
1222 2044 1262 2106 de
1277 2052 1309 2105 et
1322 2038 1472 2123 Origenes
1488 2044 1540 2105 hic
1559 2044 1603 2106 ait
1622 2062 1628 2105 :
1647 2044 1745 2106 Video
1761 2044 1884 2125 Moysen
1902 2062 1968 2106 non

424 2142 511 2204 mine
526 2139 676 2222 Ephraim
696 2156 761 2200 uno
777 2146 919 2220 ternpore
934 2137 1092 2200 corruisse
1107 2136 1167 2199 sub
1223 2152 1307 2205 sorte
1325 2142 1469 2206 dividere
1489 2144 1695 2206 hereditatem
1716 2144 1825 2207 huben
1847 2152 1878 2205 et
1900 2142 1968 2204 Ged

421 2240 544 2322 lephte.
1222 2251 1253 2303 et
1272 2242 1413 2303 dimidias
1433 2242 1531 2305 tribui
1551 2242 1701 2307 Manasse.
1716 2243 1807 2305 lesus
1824 2262 1967 2323 quoque,

462 2342 662 2417 Luceresque
676 2346 719 2397 est
735 2338 894 2397 Dominus
909 2338 953 2395 ad
964 2338 1107 2411 Moysen,
1119 2335 1167 2393 di·
1223 2339 1254 2402 id
1270 2348 1318 2403 est
1332 2340 1436 2417 losue,
1453 2349 1540 2403 extra
1555 2350 1673 2403 sortem
1687 2343 1741 2403 dat
1756 2341 1968 2403 hereditatem

421 2459 492 2498 cens
513 2458 523 2496 .·
540 2438 615 2499 Istis
636 2437 806 2495 dividetur
830 2444 916 2493 terre
930 2435 1034 2510 jueta
1057 2452 1168 2492 nume-
1222 2438 1319 2501 tribui
1335 2439 1424 2515 luda,
1437 2446 1468 2501 et
1483 2438 1588 2516 Caleb,
1600 2448 1631 2501 et
1648 2439 1745 2502 tribui
1757 2440 1920 2521 Ephraim,
1933 2450 1968 2501 et

420 2558 495 2597 rem
514 2537 749 2605 uocabulorum,
768 2533 827 2595 hoe
847 2540 896 2595 est
915 2530 1164 2613 suppositorum,
1222 2536 1362 2599 dimidiae
1393 2537 1490 2599 tribui
1515 2536 1665 2600 Manasse,
1692 2539 1726 2599 ln
1755 2538 1870 2600 ceteris
1894 2556 1968 2600 sors

421 2639 457 2696 in
480 2636 689 2715 possessiones
713 2654 798 2703 siros,
826 2631 857 2694 id
888 2640 935 2693 est
963 2631 1002 2694 ad
1033 2630 1105 2706 hoc,
1132 2638 1168 2691 ul
1222 2635 1369 2697 mittitur.

421 2732 614 2797 hereditarie
638 2750 707 2794 eam
733 2730 927 2813 possideant.
955 2730 1034 2791 Hinc
1059 2729 1169 2791 subdi·
1261 2734 1498 2815 Consequenter
1517 2733 1709 2797 describitur
1728 2735 1905 2797 numeratio
1928 2734 1970 2796 fi-

420 2842 496 2896 tur:
515 2833 672 2894 Pluribus
693 2816 877 2893 hominibus
901 2830 1053 2906 ›trajorem
1076 2836 1167 2889 terras
1223 2832 1338 2895 liorum
1364 2832 1439 2895 Levi
1465 2832 1505 2895 ab
1530 2850 1595 2894 uno
1619 2852 1728 2895 mense
1753 2842 1785 2895 et
1809 2852 1916 2914 supra,
1934 2842 1969 2895 et

416 2942 544 3009 partem
554 2932 658 2999 (lodis,
668 2940 697 2989 et
704 2930 913 3007 paucioribus
930 2925 1168 2988 minorem.Cir-
1223 2931 1317 3011 plana
1342 2938 1389 2993 est
1413 2929 1529 2994 littera.
1547 2930 1635 3004 Quod
1657 2950 1731 2994 vero
1757 2932 1788 2993 in
1811 2940 1898 2994 textu
1919 2932 1971 2993 Jo-

420 3050 457 3093 ea
472 3031 557 3110 quod
573 3028 616 3090 ait
631 3028 752 3103 Glossa,
769 3026 807 3088 Ut
824 3026 946 3089 scilieet
968 3025 1167 3087 numerosior
1181 3030 1204 3094 G
1221 3029 1342 3091 chabed
1368 3038 1469 3091 mater
1492 3029 1615 3111 Moysis,
1641 3038 1770 3092 vocatur
1788 3029 1861 3092 lilia
1875 3029 1966 3107 Levi,

421 3128 522 3191 tribus
539 3127 659 3208 maJora
675 3135 766 3189 terrae
787 3125 889 3206 spatia
908 3123 1078 3197 sortiatur;
1096 3143 1167 3204 quae
1221 3127 1411 3208 intelligitur
1420 3127 1505 3209 quod
1522 3126 1581 3189 tuit
1598 3127 1667 3190 lilia
1678 3128 1738 3190 lilii
1750 3130 1875 3209 ejus,ut
1887 3138 1968 3191 ante

420 3236 524 3291 eutem
541 3227 646 3289 minor
662 3225 759 3287 luerit
774 3224 941 3287 hominum
958 3242 1099 3298 numero,
1110 3222 1168 3283 mi·
1220 3228 1399 3310 expositum
1419 3235 1477 3289 est.
1497 3227 1561 3290 Hoc
1581 3228 1701 3290 interea
1719 3229 1963 3303 advertendum,

421 3346 498 3391 nora
512 3325 659 3407 accipiat.
676 3323 765 3386 Circa
781 3322 840 3385 hoe
856 3321 1000 3401 Magister
1021 3320 1054 3383 in
1071 3321 1168 3383 histo
1220 3328 1305 3408 quod
1328 3345 1424 3408 supra
1445 3326 1594 3406 leguntur
1608 3326 1724 3389 Levitae
1746 3326 1901 3389 numerati
1921 3326 1967 3388 ab

421 3426 476 3489 riis
500 3424 611 3487 scribit
633 3442 640 3484 :
662 3423 746 3485 lstud
770 3440 833 3483 non
855 3429 903 3483 est
922 3420 1166 3499 intelligendum
1221 3442 1285 3486 uno
1307 3444 1416 3488 mense
1438 3433 1469 3487 et
1495 3444 1601 3507 supra.
1619 3424 1737 3487 Deinde
1758 3425 1877 3487 ibidem
1896 3426 1967 3489 alio
2016 3454 2135 3497 svm...

420 3526 460 3588 de
485 3523 631 3586 tribubus
653 3530 685 3583 et
708 3519 850 3596 familiis,
868 3521 922 3583 sed
943 3520 983 3582 de
1005 3518 1164 3582 domibus.
1220 3523 1360 3605 capitulo
1376 3524 1525 3605 leguntur
1540 3523 1697 3585 numerati
1717 3523 1757 3584 ab
1773 3542 1857 3585 anno
1871 3525 1967 3587 trice-

421 3624 516 3687 Terra
530 3622 615 3686 enim
631 3638 721 3702 aeque
735 3619 849 3695 divisa,
871 3619 1045 3681 secundum
1066 3625 1168 3680 sortes
1215 3620 1302 3683 simo
1321 3640 1422 3701 usque
1442 3622 1481 3683 ad
1501 3620 1800 3701 quinquagesimum
1820 3641 1963 3685 annum:

421 3723 494 3785 data
508 3731 557 3785 est
572 3718 736 3791 tribubus;
751 3727 782 3781 et
797 3717 949 3799 quelibet
965 3716 1066 3778 tribus
1082 3724 1167 3779 sorte
1220 3719 1260 3781 de
1279 3738 1342 3800 qua
1362 3719 1582 3781 numeratione
1602 3737 1666 3781 non
1686 3718 1790 3799 agitur
1807 3719 1869 3795 hic,
1885 3740 1967 3801 quo-

1987 3520 2029 3559 13.

1995 3578 2069 3621 Itur.
2079 3584 2137 3623 issi.

422 3830 527 3904 partes
542 3818 679 3900 aequales
696 3816 784 3879 dedit
799 3814 942 3879 familiis.
961 3815 1102 3879 Familia
1118 3835 1168 3879 re·
1222 3818 1306 3879 niam
1324 3817 1378 3880 illa
1394 3815 1477 3879 lacta
1492 3826 1541 3880 est
1555 3818 1595 3880 ad
1610 3818 1840 3900 deportandum
1862 3818 1967 3881 taber-

422 3939 468 3995 ro,
485 3920 575 4001 juxta
598 3936 765 3979 numerum
787 3915 938 3997 capitum,
956 3915 1105 3977 domibus
1120 3915 1168 3976 di·
1222 3917 1371 3979 naculum
1396 3916 1429 3977 in
1455 3914 1653 3998 proiectione
1676 3924 1871 3991 castrorum;
1895 3920 1965 3999 J'am

423 4019 567 4082 viserunt
596 4018 665 4079 sine
695 4025 779 4079 sorte
809 4015 948 4077 minores
974 4023 1005 4077 et
1030 4016 1167 4096 majores
1221 4024 1326 4077 autem
1343 4013 1405 4076 lilii
1421 4014 1514 4077 lsrael
1529 4024 1687 4077 venerunt
1701 4034 1803 4097 usque
1821 4016 1966 4079 conlinia

422 4128 539 4202 partes,
557 4117 617 4179 titi
639 4134 766 4197 quoque
786 4114 907 4189 dieunt,
928 4114 1012 4195 quod
1033 4113 1065 4174 in
1088 4114 1168 4174 divi·
1223 4122 1313 4175 terrae
1334 4112 1565 4195 promissionis.
1583 4113 1650 4190 Vel,
1667 4116 1751 4195 quod
1775 4116 1871 4178 semel
1894 4114 1970 4178 lue-

422 4218 512 4281 sione
523 4225 613 4280 terrae
625 4234 688 4278 non
704 4214 806 4276 solum
823 4212 1021 4277 considerata
1036 4220 1084 4274 est
1099 4232 1165 4293 spa·
1181 4216 1206 4277 [l
1222 4220 1270 4273 rat
1283 4212 1419 4293 jussum,
1437 4212 1658 4274 insinuabatur
1672 4212 1822 4295 deinceps
1837 4234 1969 4276 servan-

422 4317 459 4379 tii
471 4314 730 4396 magnitudo,sed
741 4321 772 4375 et
784 4322 873 4374 terrae
886 4310 1168 4392 lertilitas3sicque
1221 4311 1308 4372 dum.
1319 4310 1378 4373 Sed
1394 4330 1432 4373 ex
1447 4311 1637 4392 supradictis
1653 4320 1739 4393 patet
1753 4312 1967 4392 intelligentia

421 4417 506 4498 quod
523 4412 819 4493 dieitur,Maj0rem‚
832 4409 1021 4488 intelligitur
1036 4409 1086 4491 ¹vel
1103 4429 1169 4472 mo·
1222 4407 1334 4471 litteras
1350 4408 1457 4490 hujus.

421 4515 463 4592 le,
480 4513 528 4576 vel
546 4512 662 4575 valore.
680 4510 724 4571 Ex
740 4508 856 4590 quibus
877 4515 964 4589 patet
984 4508 1166 4570 intellectus
1261 4507 1300 4567 Ut
1316 4515 1421 4569 tamen
1436 4525 1507 4587 quae
1521 4506 1606 4568 diota
1621 4516 1706 4584 sunt,
1717 4516 1749 4569 et
1764 4508 1866 4570 adhuc
1880 4528 1969 4589 quae·

421 4612 591 4676 verborum
613 4608 815 4691 sequentium
834 4624 840 4667 :
859 4610 912 4667 Ito
925 4610 1112 4678 dutrztoeat,
1128 4618 1164 4668 ut
1222 4607 1294 4667 dam
1305 4605 1449 4680 dicenda,
1462 4603 1580 4667 elarius
1591 4604 1819 4685 intelligantur,
1831 4626 1969 4687 pensan·

422 4730 489 4769 sors
506 4720 623 4769 terram
639 4703 861 4789 promissionis
879 4705 1023 4763 tribubus
1038 4706 1168 4765 dividat
1223 4706 1310 4779 dum,
1327 4704 1412 4786 quod
1436 4703 1468 4765 in
1492 4702 1594 4784 prima
1615 4704 1771 4779 secundia,
1790 4706 1968 4785 quaestione

422 4819 451 4868 et
461 4806 706 4886 seruitiislllam
724 4802 842 4866 etenim
854 4801 986 4865 sortium
1004 4802 1169 4883 projectio
1224 4803 1292 4880 tou,
1310 4804 1353 4865 ait
1369 4802 1505 4864 Thomas
1523 4801 1636 4864 :Circa
1653 4821 1703 4863 res
1723 4820 1893 4884 possessas,
1910 4824 1970 4888 op

424 4926 497 4969 nem
523 4907 602 4967 Deus
628 4901 861 4979 moderabatur,
881 4902 1055 4963 seeundum
1082 4904 1167 4983 quod
1224 4902 1335 4964 timum
1346 4909 1405 4975 est,
1415 4908 1450 4961 ut
1460 4898 1757 4981 dieitPhilosophus
1773 4900 1806 4961 in
1822 4904 1965 4968 secundo

310 5038 322 5065 r
351 5038 406 5075 nt,
424 5004 571 5067 Salomon
597 5001 738 5083 loquitur
765 5016 771 5059 :
799 4999 904 5062 Sortes
934 4999 1105 5061 mittuntur
1134 5000 1166 5061 in
1222 4998 1530 5078 Politicorum,quod
1541 4997 1757 5078 possessiones
1773 4999 1837 5060 sint
1851 4999 1968 5064 distin-

303 5120 308 5130 ·
422 5103 540 5176 sinum,
558 5100 612 5162 sed
635 5118 653 5160 a
675 5098 808 5161 Domino
832 5106 1059 5179 temperantur.
1077 5097 1169 5161 ldcir·
1222 5105 1292 5172 ctae,
1308 5104 1340 5158 et
1355 5115 1430 5158 usus
1445 5114 1554 5157 earum
1574 5094 1617 5156 sit
1636 5096 1750 5177 partim
1772 5100 1966 5173 eommunis,

422 5222 460 5266 eo
481 5218 544 5264 non
564 5206 686 5282 poterat
704 5195 748 5259 ibi
768 5196 937 5279 quisquam
953 5216 1163 5273 murmurare,
1222 5204 1254 5257 et
1277 5194 1393 5277 partim
1412 5194 1500 5275 juxta
1525 5192 1719 5256 voluntatem
1745 5213 1966 5276 possessorum

422 5308 552 5385 propter
573 5306 664 5359 terre
688 5294 975 5379 participationem,
1000 5294 1091 5375 quasi
1117 5294 1166 5356 in·
1221 5292 1473 5357 communicetur
1490 5310 1497 5355 :
1514 5308 1587 5373 quae
1607 5291 1667 5353 tria
1686 5290 1817 5355 luerunt
1835 5294 1869 5356 iu
1889 5296 1964 5379 lege
