4309 6259
425 452 485 516 270

792 469 966 516 manuario
987 469 1018 514 ΙΝ
1040 468 1109 514 CAP-
1133 467 1176 514 XX
1198 469 1334 514 tttvtrtct.
1356 489 1397 499 -
1418 472 1489 518 Ant.
1512 475 1610 521 xxxtx

426 647 561 706 Motocb.
584 641 724 718 Qualiter
743 649 849 703 autern
871 639 1044 721 dupliciter
1069 637 1170 720 possit
1186 637 1210 698 ll
1226 639 1338 702 scribit
1360 641 1432 703 :Ex
1454 662 1516 724 quo
1540 653 1637 726 patet,
1654 646 1740 726 quod
1766 644 1813 706 illi
1838 647 1894 727 qui
1919 649 1977 710 de-

425 742 562 823 intelligi
588 741 675 805 datio
700 741 760 802 ista
782 739 913 801 seminis
936 737 1058 820 proprii
1084 736 1170 800 idolo

293 839 560 915 mantuelem,
589 839 620 901 in
652 838 781 900 litterali
811 835 1009 918 expositione
1037 834 1170 916 capituli

278 919 313 958 ²¹·
424 937 644 1000 octavidecimi
669 945 715 999 est
738 935 915 997 inductum.
934 937 1038 994 Morte
1052 936 1171 994 naaria-

425 1046 481 1096 tar
502 1057 513 1095 .·
537 1037 711 1098 secundnm
738 1035 824 1115 quod
850 1032 1008 1108 subditur,
1024 1035 1170 1109 Populus

424 1145 517 1195 terrae
537 1136 698 1213 lapidabit
712 1155 798 1203 eum,
816 1132 847 1193 id
870 1139 919 1194 est
942 1130 1005 1191 lilii
1021 1130 1116 1192 lsrael
1138 1129 1171 1190 in

425 1241 506 1294 terra
531 1232 577 1295 eis
603 1232 759 1313 promissa
785 1239 955 1306 morantes
974 1227 1091 1310 quibus
1114 1227 1172 1291 cri-

422 1349 496 1392 men
528 1330 588 1392 boc
618 1330 811 1404 innotuerit,
838 1347 936 1410 quum
969 1327 1066 1389 luerit
1096 1326 1172 1387 satis

423 1428 592 1509 probatum
616 1437 646 1489 ct
668 1428 889 1508 dijudicatum.
912 1430 954 1487 Et
976 1447 1031 1503 epo
1050 1447 1171 1502 ponam

421 1528 541 1603 faeiem
553 1548 655 1587 ineam
669 1537 781 1587 corttra
792 1529 901 1596 illam,
912 1526 943 1587 id
959 1534 1019 1602 est,
1030 1525 1172 1606 rigorose

423 1633 455 1685 et
477 1623 680 1704 indignanter
703 1643 776 1686 eum
799 1623 996 1705 adspiciam,
1019 1634 1049 1682 et
1069 1624 1173 1682 sarci-

423 1725 596 1783 dameam
620 1725 784 1782 demedio
802 1724 921 1800 pepedi
936 1723 1001 1792 sui,
1025 1720 1171 1782 auferen-

1227 735 1302 798 bent
1318 738 1477 821 corripere
1499 743 1645 819 crimina,
1659 743 1686 805 si
1707 743 1879 825 negligant,
1896 765 1976 807 con-

1228 835 1400 898 sentientes
1419 848 1618 920 reputantur,
1635 849 1665 903 et
1682 843 1825 904 eamdem
1844 863 1973 924 poenam

1228 931 1406 997 incurrunt.
1433 936 1493 1000 Sed
1518 948 1628 1002 contra
1652 941 1711 1003 boc
1737 941 1846 1002 scribit
1871 942 1975 1017 Rabbi

1226 1029 1341 1093 Paulus
1359 1051 1366 1094 :
1387 1034 1429 1095 Ex
1445 1035 1551 1099 littera
1567 1055 1632 1099 non
1652 1039 1797 1116 habetur,
1816 1041 1899 1120 quod
1917 1060 1975 1103 ne-

1227 1127 1384 1208 gligentes
1405 1133 1564 1214 corrigere
1584 1136 1730 1213 crimina,
1747 1139 1889 1200 eamdem
1907 1158 1975 1220 pm

1227 1245 1300 1288 narn
1316 1227 1494 1306 incurrunt,
1513 1234 1568 1294 sed
1585 1233 1687 1296 solum
1709 1233 1735 1295 si
1756 1235 1820 1297 sint
1840 1255 1975 1298 consen·

1229 1324 1352 1388 tientes.
1370 1327 1490 1390 Dicitur
1506 1331 1592 1392 enim
1609 1332 1642 1392 in
1658 1332 1763 1395 littera
1782 1351 1788 1394 :
1807 1333 1972 1396 Succidam

1226 1442 1299 1484 eum
1321 1433 1352 1485 et
1373 1444 1484 1488 omnes
1506 1429 1562 1509 qui
1582 1431 1821 1503 consenserint;
1841 1450 1903 1494 non
1924 1432 1975 1494 di·

1226 1521 1282 1597 xit,
1310 1521 1347 1582 Et
1377 1543 1488 1586 omnes
1519 1527 1574 1606 qui
1600 1528 1808 1606 neglexerint.
1837 1529 1972 1610 Exque

1227 1629 1323 1700 patet,
1348 1624 1433 1702 quod
1459 1624 1668 1706 negligentes,
1695 1627 1768 1689 licet
1794 1628 1858 1689 sint
1882 1628 1973 1706 digni

1227 1736 1332 1800 poena,
1350 1739 1414 1782 non
1436 1729 1540 1784 tamen
1557 1715 1700 1787 eamdem
1721 1745 1847 1807 poenam
1870 1727 1976 1789 incur-

424 1820 466 1883 do
488 1840 560 1883 eum
584 1840 641 1902 per
664 1829 809 1894 mortem,
828 1820 871 1881 ita
893 1821 979 1902 quod
1000 1820 1084 1881 ultra
1106 1837 1170 1880 non
1190 1815 1301 1877 Rrunt
1323 1836 1416 1897 quam
1446 1828 1705 1901 transgressores,
1732 1823 1794 1884 nisi
1816 1843 1888 1886 cum
1912 1824 1974 1886 hoc

425 1919 559 2000 gignel;
584 1940 618 1978 co
643 1923 730 1999 quod
754 1921 880 1979 dederit
906 1923 945 1978 de
968 1921 1090 1978 sentiae
1113 1937 1171 1978 stto

426 2020 565 2088 Moloclz,
591 2028 621 2078 et
645 2018 917 2078 contaminauerit
943 2018 1171 2077 sanctuarium

425 2136 543 2186 meula,
562 2116 593 2178 id
610 2124 670 2191 est,
687 2115 842 2196 templum
858 2133 913 2176 seu
929 2113 1170 2176 tabernaculum

426 2213 480 2275 llei
496 2213 745 2288 inhonoraverit,
763 2212 931 2276 oilerendo
951 2211 1172 2293 superstitiose

424 2311 516 2374 alteri
540 2331 636 2394 quam
660 2331 736 2375 vero
762 2312 836 2387 Deo,
853 2312 906 2374 cni
932 2311 964 2373 in
991 2311 1172 2374 sanctuario

425 2428 483 2472 sno
505 2419 553 2473 est
577 2410 892 2484 immolandumtlui
915 2419 1021 2472 autern
1044 2409 1078 2471 in
1103 2409 1172 2473 loco

424 2518 610 2572 consecrato
629 2528 704 2572 rero
719 2510 783 2571 Deo
800 2509 862 2571 tale
877 2509 955 2589 quid
973 2509 1083 2587 egerit,
1095 2528 1173 2590 pra-

426 2607 520 2688 cipue
542 2606 647 2670 locum
674 2616 819 2669 sanetum
844 2607 1041 2670 contaminat
1060 2625 1067 2668 :
1087 2607 1171 2687 quod

428 2703 490 2766 lilii
506 2705 598 2766 lsrael
622 2725 706 2786 saepe
726 2704 871 2767 lecerunt
893 2704 926 2766 in
948 2705 1067 2786 templo
1083 2725 1101 2766 a
1118 2704 1172 2766 Sa·

286 2801 554 2874 rvna.1=·=,lomone
570 2812 763 2879 constructo,
781 2812 875 2884 prout
891 2804 924 2864 in
941 2803 1033 2866 libris
1053 2803 1172 2881 Regum

283 2889 307 2927 ¹⁰
319 2891 340 2926 ‘¹
351 2897 411 2938 “l’‘
427 2910 459 2962 et
473 2900 734 2983 Paralipomenon
750 2900 1009 2964 recitatur.Circa
1023 2902 1083 2964 hoe
1100 2901 1173 2963 scri-

281 2963 322 2997 ιιι,
335 2952 355 2994 5.
367 2949 386 2988 7.

1227 1914 1291 1975 sint
1306 1917 1553 1981 consentientes

1265 2011 1417 2086 Quocirca
1432 2015 1602 2079 dicendum
1621 2019 1758 2095 videtur,
1775 2020 1860 2100 quod
1877 2019 1974 2082 verba

1227 2110 1314 2192 Lyrae
1335 2112 1411 2174 satis
1432 2123 1524 2178 caute
1541 2117 1663 2197 prolata
1683 2127 1768 2179 sunt.
1786 2118 1833 2180 llli
1849 2119 1903 2200 qui
1921 2119 1975 2180 de

1227 2208 1305 2271 bent
1321 2212 1483 2292 corripere
1502 2214 1649 2290 crimina,
1669 2225 1777 2298 utpote
1797 2217 1914 2298 quibus
1936 2237 1975 2280 ex

1227 2307 1339 2371 ellicio
1356 2309 1405 2371 vel
1427 2321 1584 2393 praecepto
1606 2314 1775 2390 incumbit,
1795 2324 1829 2376 ut
1849 2315 1882 2377 in
1904 2335 1975 2396 pro

1227 2406 1343 2488 posito,
1370 2409 1396 2469 si
1423 2409 1595 2488 negligant,
1618 2413 1855 2476 eonsentientes
1881 2432 1976 2494 repu-

1229 2513 1345 2582 tantur,
1358 2505 1389 2568 id
1405 2516 1463 2584 est,
1474 2508 1701 2589 aequivalenter
1713 2511 1910 2573 tantumdem
1926 2521 1975 2574 est

1228 2621 1264 2665 ac
1290 2603 1316 2664 si
1341 2606 1554 2683 consentiant,
1581 2609 1728 2688 quamvis
1760 2627 1823 2672 non
1849 2629 1976 2690 semper

1228 2703 1430 2764 consentiant
1447 2702 1623 2768 formaliter
1639 2715 1669 2768 et
1680 2707 1798 2770 directe
1816 2727 1823 2771 :
1842 2717 1874 2770 et
1890 2727 1975 2769 eam-

1229 2798 1300 2860 dem
1331 2818 1457 2881 poenam
1488 2802 1667 2881 incurrunt,
1693 2805 1772 2886 quia
1799 2805 1976 2868 mortaliter

1229 2907 1362 2978 peceant
1386 2898 1576 2980 negligendo
1607 2921 1661 2964 seu
1688 2903 1863 2967 omittendo
1888 2903 1974 2984 quod

427 2999 474 3062 bit
489 3000 630 3081 quidam,
643 3001 728 3080 qnod
741 2999 904 3080 Scriptura
919 3019 1008 3061 sacra
1025 2999 1172 3080 lrequen-
1191 3003 1212 3067 c
1228 2994 1274 3057 eis
1290 3007 1483 3079 preceptum
1504 3008 1552 3060 est
1570 3024 1577 3073 ;
1603 2999 1666 3062 imo
1688 3001 1847 3064 interdum
1868 3001 1976 3082 culpa-

428 3097 490 3160 tius
507 3098 648 3179 loquitur
663 3100 702 3160 de
717 3098 836 3160 blolocb
853 3117 950 3180 quam
966 3098 1038 3160 alii's
1055 3097 1170 3172 idolis;

427 3206 645 3258 verumtamen
657 3205 733 3278 puto
745 3197 830 3277 quod
841 3196 957 3277 sapius
974 3197 1173 3277 loquaturde

426 3295 510 3357 Baal.
522 3299 571 3355 ale
581 3297 739 3372 polluerit
757 3315 871 3355 rtorrten
888 3305 1037 3355 sanetum
1053 3317 1171 3366 medin,

427 3393 459 3454 id
482 3402 541 3469 cst,
559 3413 611 3456 me
633 3394 749 3476 ipsum,
766 3402 922 3475 quantum
946 3393 978 3455 in
1000 3415 1034 3456 se
1056 3402 1114 3470 est,
1128 3393 1173 3456 vi-

427 3493 656 3574 lipendendum
687 3492 921 3567 monstraverit,
948 3491 1040 3554 alteri
1071 3491 1172 3572 magis

425 3610 521 3672 quam
538 3591 618 3652 mihi
634 3589 857 3667 sacrilieando,
875 3599 907 3653 et
922 3591 1002 3653 alios
1018 3591 1173 3653 scandali-

426 3692 543 3767 zando,
570 3709 625 3752 seu
656 3708 714 3752 suo
744 3690 889 3770 exemplo
920 3689 1102 3752 inducendo
1133 3691 1172 3752 ad

426 3786 744 3862 idem.Vel,Pollucrit
761 3807 876 3850 nomen
893 3797 1036 3851 sanctum
1053 3807 1171 3864 meum,

427 3893 491 3945 tarn
507 3884 570 3946 vile
582 3884 714 3959 idolum,
724 3882 905 3966 falsumque
919 3885 1173 3960 deum‚vooando

427 3982 525 4044 Deum
548 3980 718 4044 sacrificiis
734 3982 878 4060 dignum,
896 4001 995 4063 quum
1018 3981 1077 4044 soli
1097 4001 1171 4045 vero

427 4080 490 4143 Deo
506 4081 548 4141 sit
563 4079 823 4142 sacrificandum.

1229 3093 1359 3156 biliores
1390 3106 1577 3174 censentur,
1604 3118 1699 3179 quam
1733 3099 1788 3181 qui
1821 3118 1975 3181 peccave-

1227 3196 1487 3264 runtsecundum
1499 3196 1585 3276 quod
1597 3198 1709 3260 asserit
1720 3198 1932 3277 Augustinus:
1942 3197 1974 3258 Si

1227 3289 1391 3372 increpare
1413 3293 1602 3374 neglexeris,
1621 3296 1711 3376 pejor
1730 3305 1882 3378 peccante
1899 3294 1975 3358 clli-

1227 3389 1319 3450 ceris.
1337 3390 1500 3468 Praeterea,
1518 3393 1604 3473 quod
1620 3393 1817 3475 negligentes
1833 3393 1975 3474 corripe-

1228 3505 1271 3562 re,
1290 3489 1433 3551 eamdem
1455 3509 1582 3572 poenam
1603 3490 1777 3568 incurrent,
1796 3491 1973 3573 presertim

1228 3585 1255 3645 si
1273 3587 1414 3666 praesint,
1439 3589 1564 3651 videtur
1585 3608 1623 3652 ex
1647 3608 1685 3652 eo
1709 3591 1794 3671 quod
1818 3609 1874 3671 per
1899 3589 1974 3651 Eze

1227 3683 1362 3746 chielem
1378 3686 1529 3749 Dominus
1552 3687 1601 3750 bis
1626 3697 1757 3751 testatur
1772 3689 1811 3750 de
1831 3686 1973 3770 specula·
2003 3707 2119 3750 amin.

1229 3789 1295 3844 tore
1315 3783 1440 3847 ridente
1459 3785 1601 3863 gladium
1622 3786 1802 3850 venientem
1818 3794 1848 3848 et
1865 3796 1971 3848 tacen-
1989 3772 2049 3811 ’Μ
2061 3783 2104 3822 ⁸²⁹·

1229 3888 1267 3956 te,
1278 3883 1361 3961 quod
1378 3883 1565 3962 sanguinem
1581 3885 1743 3966 pereuntis
1759 3884 1971 3966 requisiturus

1228 3979 1356 4041 exsistat
1380 3983 1418 4043 de
1440 4001 1488 4044 eo.
1506 3982 1570 4044 lmo
1595 3982 1652 4064 qui
1672 3982 1817 4064 pluribus
1845 3991 1970 4063 praeest,

1229 4076 1389 4140 interdum
1404 4079 1533 4160 gravius
1550 4089 1669 4162 peccat,
1682 4082 1759 4143 dum
1774 4080 1882 4162 plures
1899 4079 1975 4142 sub-

464 4180 594 4248 Quodsi
604 4181 914 4256 acqtt'peaspopatus
927 4183 1174 4258 terrcaetquasi
1188 4174 1214 4236 D
1229 4173 1368 4237 ditorum
1385 4195 1514 4239 suorum
1527 4177 1585 4240 seit
1601 4196 1671 4240 reos
1683 4197 1763 4254 esse,
1774 4195 1831 4239 nee
1842 4177 1976 4259 corripit

426 4278 668 4356 parvipendens
683 4278 859 4354 imperitum
875 4298 992 4348 cacum,
1010 4279 1173 4337 diremerit

319 4396 404 4437 were
429 4377 592 4435 doctrinam
607 4377 665 4454 qui
681 4377 806 4434 dederit
822 4376 833 4399 *
847 4379 887 4434 de
901 4378 1022 4436 semine
1035 4397 1093 4434 sao
1109 4379 1175 4436 Mo·

430 4476 512 4542 loeb,
529 4494 585 4533 aec
609 4475 746 4534 voluerit
770 4494 845 4533 eura
870 4476 1034 4544 oecidere;
1050 4493 1173 4551 ponam

430 4571 548 4648 faeiem
564 4593 667 4633 meam
686 4592 783 4649 artper
803 4575 965 4632 homiaem
986 4574 1083 4632 illunc
1097 4572 1175 4633 dan-

431 4679 495 4732 tem
510 4671 683 4733 desemine
699 4689 756 4733 suo
770 4670 955 4746 idolocb,ita
969 4672 1054 4751 quod
1070 4689 1175 4732 meam

431 4787 495 4831 non
516 4770 627 4831 evadet
644 4769 816 4832 vindictam
830 4793 838 4842 3
854 4778 884 4828 et
900 4787 995 4849 super
1015 4772 1176 4846 capitatio-

431 4888 505 4927 nem
519 4869 601 4945 ejca,
618 4887 688 4950 quaa
713 4868 743 4930 oi
768 4867 801 4928 in
825 4866 960 4929 crimine
985 4875 1071 4929 tanto
1093 4886 1177 4929 com-

313 4987 334 5026 er
347 4986 417 5040 ipsum
431 4965 590 5040 municat3
607 4969 833 5046 succidamque
847 4986 921 5024 eunt
930 4966 941 4989 '
951 4976 981 5026 et
996 4986 1103 5025 orvtaes
1118 4968 1177 5045 qai

431 5074 657 5124 conseruerant
671 5068 702 5123 ei
723 5065 755 5126 in
777 5071 864 5126 tanto
887 5062 1028 5125 laeinore
1047 5081 1054 5124 :
1072 5071 1104 5126 ct
1120 5083 1176 5145 per

432 5161 505 5224 illos
519 5162 765 5237 consentientes,
777 5163 907 5242 quidam
926 5162 1109 5241 intelligunt
1125 5181 1176 5224 ne-

429 5260 586 5340 gligentes
616 5279 690 5322 eum
718 5259 872 5322 occidere.
900 5260 989 5322 Unde
1013 5260 1094 5342 Lyra
1123 5261 1176 5323 hic

1230 4291 1295 4349 eos,
1320 4293 1413 4354 quam
1441 4274 1558 4356 aliquis
1580 4276 1776 4338 corumdem.
1793 4275 1975 4356 Aliquando

1229 4371 1323 4434 ctiam
1335 4373 1462 4453 gravius
1474 4383 1582 4455 peccat
1594 4392 1656 4436 non
1668 4374 1974 4457 corripiendo,quam

1230 4469 1311 4531 alius
1328 4471 1432 4533 solum
1447 4471 1917 4534 consentiendol'erumtamen
1935 4474 1977 4536 lo

1230 4572 1357 4651 quondo
1374 4572 1407 4633 in
1421 4572 1574 4652 generali,
1588 4572 1733 4637 vitiosius
1750 4581 1825 4654 putn
1843 4592 1976 4636 eonsen-

1231 4669 1290 4730 tirc
1307 4679 1435 4750 peccato
1451 4671 1592 4746 alterius,
1610 4690 1705 4753 quam
1729 4689 1791 4734 non
1811 4671 1973 4754 corripere

1231 4767 1321 4830 illud.

1270 4870 1392 4928 Anima
1415 4890 1486 4946 qrtce
1510 4871 1722 4929 (declinaverit
1744 4873 1789 4929 ad
1814 4889 1922 4944 ariagne
1945 4881 1975 4930 el

1231 4969 1349 5026 ariolos
1363 4967 1403 5028 ad
1419 4967 1644 5029 sciscitandum
1665 4967 1794 5047 aliquod
1816 4976 1974 5029 secretum

1230 5064 1270 5126 ab
1281 5065 1380 5141 eisut
1397 5084 1453 5146 per
1463 5066 1617 5144 magicam
1634 5073 1733 5127 artem
1751 5074 1804 5126 aut
1820 5065 1976 5128 ariolatio

1232 5164 1281 5225 nis
1297 5163 1479 5244 practicam,
1489 5163 1624 5244 accipiat
1640 5163 1890 5244 responsionem.
1904 5164 1974 5226 ldeo

1232 5261 1379 5324 subditur
1397 5279 1404 5323 :
1420 5273 1449 5322 et
1469 5263 1631 5340 fornicata
1649 5263 1753 5338 suerit
1772 5282 1846 5322 crim
1862 5264 1921 5332 eis,
1938 5262 1970 5323 id
