4309 6259
573 486 748 533 ENAIIIIA'I'IO
770 486 800 531 IN
822 485 889 531 CAI'.
912 484 991 531 xxm
1010 485 1112 532 axoni.
1133 504 1174 519 ·-
1193 490 1264 537 aar.
1288 491 1358 538 atvt
1696 478 1736 543 33

186 662 351 721 comedent
373 662 477 721 bestiae
497 661 584 737 apri.
600 661 653 721 Ita
668 659 769 734 faties
785 659 821 717 in
842 653 978 717 oineaA
1031 661 1098 720 See
1112 661 1224 721 diebus
1238 666 1425 739 operaberis,
1433 667 1565 743 septimo
1574 668 1627 725 die
1642 686 1738 729 cessa·

186 766 216 817 et
231 760 269 817 in
285 760 401 818 oliveto
423 768 487 819 tuo.
505 758 618 819 Beatus
638 754 835 836 Augustinus
854 754 939 816 eirea
992 757 1049 817 bis.
1066 757 1151 819 Istud
1168 768 1361 841 praereptum
1377 781 1442 843 prae
1461 763 1576 825 oeteris
1591 762 1738 845 frequen-

186 854 254 917 baeo
269 856 396 937 querit,
415 855 492 938 quid
513 873 670 938 pauperos
684 852 807 915 Iudaici
825 851 937 934 populi
990 863 1039 917 ter
1055 856 1223 937 repetitur:
1236 858 1328 939 eujus
1340 879 1463 937 sensus,
1474 861 1737 944 repetitionisque

185 953 399 1017 comedebant
429 972 467 1017 ex
493 952 638 1034 frugibus
666 959 756 1014 terre
785 950 936 1012 ditiorum
992 952 1084 1031 ratio,
1094 954 1126 1015 in
1138 954 1336 1036 expositione
1346 958 1478 1041 capituli
1493 959 1736 1037 vioesimi‚alibi

186 1052 324 1133 septimo
347 1071 444 1129 auno,
462 1052 489 1115 si
510 1060 593 1114 terra
609 1050 679 1133 ipsa
693 1068 777 1112 auno
800 1048 937 1130 septimo
990 1069 1119 1134 quoque
1141 1052 1218 1116 bine
1241 1054 1316 1117 inde
1331 1056 1499 1137 praehabiti
1515 1066 1600 1120 sunt.
1618 1058 1736 1122 Tamen

186 1167 249 1213 nou
266 1150 497 1228 seminabatur,
515 1150 647 1232 quiade
663 1157 827 1212 terranea
843 1146 937 1209 semi·
990 1151 1076 1231 quod
1092 1151 1211 1215 dieitur
1230 1153 1294 1230 hio,
1312 1164 1348 1215 ut
1368 1158 1543 1236 requiescat
1562 1160 1614 1219 bos
1629 1168 1659 1219 et
1674 1160 1737 1219 asi-

185 1256 260 1311 nata
274 1248 322 1311 uil
337 1257 462 1332 poterat
471 1247 628 1331 aecipi,in
639 1266 704 1329 qua
714 1253 836 1327 segetes
847 1244 934 1308 nasei
990 1268 1052 1309 nus
1078 1260 1163 1323 tuus,
1191 1263 1227 1313 ut
1250 1256 1463 1333 refrigeretur
1486 1258 1578 1333 filiius
1606 1260 1736 1318 ancillae

185 1366 249 1411 non
265 1348 515 1430 poterantflino
524 1346 721 1427 Augustinus
732 1344 841 1421 sensit,
849 1345 935 1425 quod
991 1357 1054 1409 tuce
1068 1359 1098 1409 et
1113 1353 1239 1411 advena
1254 1370 1266 1412 .·
1282 1369 1346 1413 uon
1367 1361 1416 1415 est
1434 1352 1622 1436 principalis
1640 1373 1736 1417 eausa

185 1454 269 1509 terra
284 1447 383 1510 etiam
400 1446 537 1530 septimo
547 1463 632 1509 anuo
642 1444 869 1519 semInabatur,
879 1442 934 1505 sed
990 1445 1086 1527 hujus
1106 1448 1268 1530 precept-i,
1290 1449 1578 1533 celebrationisque
1598 1453 1733 1533 sabbati,

183 1564 255 1627 qua
272 1546 497 1622 nascebantur,
516 1563 580 1608 nou
599 1542 834 1625 colligebantur
848 1560 867 1603 a
882 1543 935 1604 do
990 1544 1044 1606 sed
1060 1545 1257 1623 secundaria,
1275 1548 1451 1611 accessoria
1466 1557 1498 1612 et
1512 1569 1646 1614 annexa.

183 1644 281 1706 minis
303 1646 447 1727 ipsorum
475 1662 634 1723 agrorum,
654 1641 718 1705 imo
739 1640 933 1723 pauperibus
1031 1645 1149 1704 Omnia
1163 1666 1236 1725 quie
1250 1647 1326 1705 diat
1340 1648 1438 1719 vobis,
1453 1652 1608 1710 custodite
1620 1650 1653 1712 in
1670 1670 1735 1714 me-

182 1743 368 1824 colligenda
388 1751 420 1807 et
445 1743 569 1807 edenda
589 1740 843 1805 dimittebantur.
861 1740 933 1801 Ideo
989 1741 1091 1804 moria
1111 1750 1144 1805 et
1164 1741 1297 1821 effectu,
1314 1744 1392 1826 quia
1411 1763 1475 1809 nou
1493 1746 1619 1811 suffieit
1634 1769 1733 1812 unum

182 1841 305 1905 dictum
327 1851 387 1919 est,
406 1841 548 1923 Septimo
571 1858 655 1903 anno
681 1837 823 1901 dimittes
848 1856 930 1913 eam,
950 1841 973 1903 B
989 1840 1058 1903 sine
1071 1841 1136 1906 alio
1151 1843 1311 1906 custodire
1326 1852 1469 1926 tempore
1485 1852 1734 1929 opportunoEt

181 1940 214 2003 id
230 1950 279 2003 est
294 1960 367 2023 quae
383 1948 558 2003 naseuntur
573 1939 606 2001 in
623 1958 670 2014 ea,
684 1946 715 2000 et
730 1937 931 2018 requiescere
983 1960 1043 2017 per
1054 1942 1404 2005 nominaaetereorum
1413 1948 1558 2017 deorum,
1573 1946 1664 2010 idest
1676 1966 1734 2031 per

183 2039 281 2103 facies
303 2047 461 2121 quantum
482 2039 521 2101 ad
541 2038 614 2114 hoo,
631 2038 716 2119 quod
734 2036 815 2098 nibil
836 2036 932 2117 depo-
989 2037 1087 2102 falsos
1103 2040 1179 2103 deos
1195 2059 1250 2103 seu
1266 2040 1362 2121 idola,
1375 2064 1440 2104 non
1447 2045 1619 2123 jurabitis,
1634 2067 1735 2127 ireque

183 2158 239 2202 nas
258 2148 316 2201 aut
334 2138 427 2202 tollas
446 2138 486 2201 de
505 2156 553 2201 ea.
571 2137 660 2200 Hune
681 2153 810 2199 sensum
827 2134 932 2216 sequi·
988 2140 1143 2199 audietur
1166 2161 1206 2200 aa
1229 2160 1283 2200 ore
1308 2152 1408 2202 oestro
1434 2143 1496 2206 tale
1516 2145 1734 2226 juramentum

182 2248 232 2301 tur
246 2238 370 2314 Glossa,
387 2256 459 2319 quaa
473 2236 552 2300 dicit
567 2254 663 2317 super
679 2234 771 2311 illud,
790 2233 932 2315 Septimo
988 2254 1044 2298 seu
1068 2236 1213 2314 verbum,
1237 2256 1294 2320 per
1319 2239 1404 2321 quod
1430 2240 1548 2304 directe
1573 2243 1733 2307 inducatis

180 2357 266 2401 anno
282 2337 426 2401 dimittes
440 2355 522 2413 eam,
539 2334 647 2411 idest,
670 2333 855 2409 seminabis,
875 2333 929 2395 sed
987 2334 1067 2398 alios
1078 2336 1119 2397 ad
1132 2335 1303 2417 jurandum
1320 2356 1378 2419 per
1392 2348 1516 2403 exteros
1531 2342 1733 2406 deuslurare

180 2456 245 2501 non
270 2435 415 2517 colliges.
440 2434 536 2499 Porro
559 2432 682 2496 Hebrei
711 2450 749 2495 ae
772 2431 929 2513 Iosephus
988 2451 1126 2515 namque
1142 2443 1191 2497 est
1211 2434 1415 2499 infallibilem
1436 2440 1603 2503 veritatem
1624 2442 1733 2505 omnia

180 2536 304 2613 dieunt,
317 2534 404 2617 quod
419 2532 557 2615 septimo
573 2550 668 2609 anno,
679 2531 735 2613 qui
752 2530 813 2593 fuit
828 2548 931 2592 annus
988 2531 1176 2609 intuentem,
1194 2533 1343 2597 videlieet
1365 2535 1475 2615 Deum
1494 2537 1527 2599 in
1551 2547 1660 2603 testem
1683 2561 1733 2603 as-

180 2634 405 2717 requietionis,
422 2650 487 2697 nou
502 2631 595 2694 licuit
611 2630 779 2705 seminare,
797 2639 830 2692 et
844 2628 931 2710 quod
987 2650 1123 2694 sumere.
1147 2633 1219 2696 ldeo
1244 2651 1301 2714 per
1325 2634 1422 2698 falsos
1447 2636 1523 2700 deos
1542 2638 1661 2719 jurare,
1684 2649 1732 2702 est

179 2754 216 2797 oa
229 2753 304 2817 quaa
319 2740 433 2815 sponte
450 2730 673 2805 nascebantur,
684 2727 930 2791 dimittebantur
987 2730 1032 2791 eis
1061 2730 1242 2794 adscribere
1271 2740 1303 2794 et
1327 2735 1536 2798 reverentiam
1566 2738 1729 2815 exhibere,

179 2831 389 2915 pauperibus,
402 2838 498 2912 atque
513 2828 600 2910 quod
615 2826 681 2889 illis
697 2824 868 2909 superfuit,
881 2826 930 2888 di·
986 2848 1057 2909 que
1078 2829 1142 2893 Deo
1164 2849 1240 2894 vero
1258 2830 1424 2894 debentur.
1446 2834 1512 2898 lmo
1527 2836 1611 2898 sieut
1622 2838 1731 2918 jurare

179 2932 369 2995 mittebatur
399 2928 511 2992 bestiis
540 2927 656 3009 campi.
683 2926 739 2987 His
768 2925 929 2991 consentit
987 2928 1125 2991 inaniter
1146 2937 1195 2991 est
1218 2938 1329 2993 eontra
1352 2940 1547 3014 praeseptum
1569 2935 1727 3013 divinum,

180 3032 328 3113 Magister
348 3030 383 3091 in
403 3027 557 3105 historiis,
580 3026 716 3090 diceus:
739 3026 771 3089 Si
795 3026 874 3107 quid
895 3027 966 3093 inC
987 3028 1030 3089 ita
1053 3026 1199 3091 ordinate
1222 3028 1329 3108 jurare
1357 3030 1442 3093 eadit
1471 3031 1531 3094 sub
1557 3042 1726 3117 prerepto,

181 3130 320 3213 septimo
335 3146 421 3191 anuo
442 3146 479 3189 ex
502 3125 672 3209 preteritis
693 3124 839 3206 frugibus
859 3144 929 3188 suc·
986 3134 1017 3188 et
1040 3133 1130 3188 aetus
1154 3133 1203 3189 est
1226 3127 1326 3189 latriae
1352 3128 1452 3192 :ideo
1477 3128 1538 3193 soli
1563 3132 1626 3195 Deo
1653 3152 1728 3197 vero

181 3230 331 3307 creverit,
355 3227 523 3291 comedent
547 3244 703 3308 pauperes
728 3224 849 3307 populi,
867 3233 928 3288 ete.
985 3232 1033 3287 est
1054 3224 1298 3306 impendendus,
1322 3226 1366 3288 ita
1381 3235 1417 3289 ut
1432 3246 1489 3309 per
1504 3247 1578 3292 eum
1597 3232 1638 3293 ad
1657 3232 1728 3313 ejus

99 3362 165 3399 nu.
181 3330 235 3393 His
251 3328 363 3392 favere
378 3325 505 3389 videtur
525 3324 605 3387 illud
621 3323 754 3389 Levitioi
773 3340 780 3385 :
797 3323 928 3397 Quando
985 3324 1196 3387 reverentiam
1212 3324 1280 3387 fiat.
1297 3323 1437 3398 Qualiter
1452 3336 1559 3391 autem
1577 3329 1672 3393 lioeat
1687 3332 1728 3395 ab

51 3432 74 3451 ''
182 3427 320 3511 ingressi
347 3424 473 3489 fueritis
500 3432 614 3487 terram
644 3442 741 3504 quam
765 3440 823 3503 ego
847 3423 930 3486 dabo
985 3422 1163 3485 idololatris
1181 3442 1308 3487 sumere
1321 3424 1538 3505 juramentum
1557 3448 1615 3511 per
1629 3428 1728 3493 falsos

180 3527 284 3607 vobis,
303 3524 519 3589 sabbatizatur
533 3522 700 3587 sabbatum
716 3522 930 3586 Dominosex
984 3524 1061 3585 deos
1078 3530 1110 3585 et
1130 3522 1225 3599 idola,
1243 3523 1335 3586 dooet
1350 3524 1547 3607 Augustinus
1567 3530 1607 3591 ad
1622 3529 1730 3592 Publi-

176 3627 273 3692 annis
289 3644 377 3689 seres
392 3640 504 3703 agrum
520 3630 622 3696 tuum,
639 3628 671 3683 et
686 3639 741 3683 sex
760 3620 854 3682 annis
871 3639 929 3702 pu·
984 3621 1087 3685 oolam
1102 3620 1257 3698 scribens,
1273 3631 1305 3684 et
1321 3622 1458 3686 Thomas
1475 3625 1508 3687 in
1525 3627 1665 3690 secunda
1680 3648 1729 3692 se-

91 3734 94 3739 “
179 3728 262 3791 tabis
277 3726 408 3788 vineam
429 3731 536 3795 tuam}
554 3719 691 3802 septimo
711 3738 795 3783 anuo
820 3719 930 3782 sabba·
984 3720 1293 3801 tundamentum
1307 3721 1357 3799 98,
1367 3722 1495 3804 plenius
1509 3723 1570 3788 boe
1585 3728 1725 3809 exponit.

178 3836 246 3888 tum
262 3824 326 3889 erit
341 3832 434 3887 terra
449 3820 594 3884 Domino.
612 3818 731 3901 Agrum
747 3836 812 3882 non
828 3837 925 3897 seres,
985 3818 1035 3881 Sic
1051 3818 1200 3900 equidem
1216 3818 1290 3883 lieet
1307 3820 1379 3897 boe,
1396 3820 1479 3884 siout
1498 3822 1574 3887 Ileet
1593 3824 1633 3887 ab
1654 3846 1728 3889 usu-

175 3934 209 3989 st
224 3925 355 3988 vineam
371 3940 436 3985 uon
452 3918 596 4003 putabis;
609 3936 680 3999 qua
696 3926 809 3999 sponte
823 3917 928 3998 gignit
985 3916 1077 3979 rariis
1093 3917 1262 3999 pecuniam
1282 3918 1342 3981 sub
1361 3939 1458 3982 usura
1477 3922 1632 4003 accipere.
1649 3924 1727 3987 Nam

177 4026 310 4101 humus,
337 4039 403 4084 nou
428 4025 539 4083 metes.
557 4016 637 4079 liufo
661 4034 789 4099 quoque
816 4016 924 4078 sensui
984 4035 1067 4077 unus
1087 4023 1192 4097 potest
1209 4017 1294 4080 malo
1316 4018 1446 4081 alterius
1467 4021 1515 4082 uti
1537 4022 1571 4083 In
1592 4024 1724 4101 bouum,

176 4115 707 4197 eonsentitAndreas.Augustinus
723 4133 799 4178 vero
814 4123 929 4178 eteum
984 4115 1254 4196 quemadmodum
1275 4116 1371 4179 etiam
1393 4118 1474 4181 Deus
1496 4138 1535 4182 ex
1556 4122 1649 4185 malis
1671 4124 1729 4187 bo-

177 4228 363 4303 sequeutes‚
390 4224 555 4299 exponunt
579 4214 625 4277 sio
647 4230 654 4275 :
678 4214 819 4296 SeptImo
844 4232 929 4277 anno
947 4213 1108 4282 liminum
1127 4213 1215 4277 elisit
1239 4217 1340 4277 multa
1359 4216 1463 4293 boua;
1490 4220 1546 4282 sed
1566 4229 1631 4284 nori
1651 4222 1727 4286 lieet

177 4340 245 4385 nou
272 4338 370 4395 seres,
387 4316 538 4381 videlidet
561 4313 633 4377 tibi.
651 4312 805 4375 Similiter
831 4312 929 4377 facies
984 4310 1169 4376 idololatras
1186 4314 1226 4376 ad
1246 4314 1308 4377 tale
1330 4314 1480 4380 inducere
1494 4318 1722 4399 juramentum.

177 4420 213 4481 in
230 4419 327 4482 viuea
344 4424 375 4480 et
389 4415 519 4491 oliveto,
537 4421 572 4475 ut
588 4412 711 4475 seilicet
727 4412 865 4494 septimo
876 4431 930 4475 an·
1027 4414 1142 4473 Prilius
1157 4415 1280 4474 simbus
1291 4433 1351 4491 per
1364 4417 1509 4493 singulos
1524 4439 1626 4481 annos
1642 4423 1728 4482 milri

176 4537 222 4582 no
237 4535 304 4581 uon
320 4522 472 4597 putentur
488 4530 592 4593 neque
611 4511 767 4587 solantur,
788 4530 845 4574 neo
862 4510 929 4574 fru·
983 4513 1065 4590 festa
1079 4513 1286 4586 celebrabitis,
1303 4512 1335 4575 id
1351 4521 1410 4590 est,
1423 4515 1567 4596 quolibet
1581 4537 1666 4584 anno
1680 4539 1728 4583 oe·

175 4628 250 4682 ctus
275 4633 388 4680 eorum
412 4611 544 4676 domino
563 4612 666 4674 vineat
686 4619 717 4673 et
742 4609 852 4673 oliveti
877 4630 930 4693 ap
983 4607 1115 4671 lebriter
1128 4610 1230 4691 agetis
1249 4618 1312 4673 tres
1333 4610 1539 4677 solennitates
1557 4618 1725 4698 notabiles,

175 4714 399 4800 proprientur,
422 4711 477 4774 sed
503 4708 698 4792 pauperibus
723 4707 929 4771 dimittantur
983 4726 1242 4790 unamquamque
1257 4716 1399 4791 tempore
1415 4730 1482 4787 suo,
1495 4713 1537 4775 ad
1551 4716 1727 4797 maiestatis

175 4824 235 4878 aut
249 4810 540 4877 eommunieentur.
552 4808 610 4871 Per
624 4806 743 4871 bestias
759 4824 834 4870 vero
845 4808 927 4888 agri,
984 4826 1062 4871 meae
1080 4806 1216 4887 gloriam
1231 4817 1263 4869 et
1277 4806 1442 4871 bonorem.
1459 4810 1503 4873 lle
1521 4831 1657 4894 quarum
1677 4835 1727 4881 so-

175 4924 245 4977 tam
271 4908 447 4975 domestIoa
471 4926 568 4989 quam
588 4906 748 4970 silvestria
767 4904 861 4969 bruta
882 4906 930 4969 iu·
983 4905 1173 4970 lenuitatum
1195 4905 1298 4987 prima
1318 4907 1523 4988 subjungitur
1547 4930 1554 4973 :
1577 4917 1729 4979 Solensi-

178 5011 383 5091 teIliguntur.
400 5005 508 5070 Refert
520 5005 687 5087 Iosephus,
699 5004 784 5088 quod
801 5006 930 5085 quando
985 5016 1083 5067 tatem
1104 5009 1306 5084 Azymorum
1326 5010 1500 5081 melodias,
1521 5010 1553 5073 id
1576 5022 1635 5092 est,
1651 5035 1731 5098 prat-

175 5111 281 5176 ludaei
307 5109 394 5173 istud
414 5104 593 5180 servabant,
612 5102 720 5186 fruges
746 5104 826 5167 sexti
852 5104 930 5166 anui
984 5104 1069 5186 sipio
1090 5103 1148 5165 tibi
1170 5112 1206 5167 ut
1229 5105 1318 5168 omni
1342 5125 1427 5170 auno
1452 5110 1585 5173 servetis
1610 5112 1727 5179 festum

176 5210 391 5275 abundabant
404 5214 467 5269 mm
478 5203 614 5287 copiose,
623 5204 709 5284 quod
720 5202 928 5266 sufficiebant
984 5203 1144 5286 paschale,
1171 5204 1204 5265 iu
1234 5222 1298 5286 quo
1326 5206 1445 5287 azymis
1473 5210 1611 5291 panibus
1639 5216 1725 5279 vesei

178 5330 240 5395 pro
256 5306 489 5373 sustentatione
503 5303 580 5367 anni
596 5302 726 5385 septimi
741 5310 773 5365 et
788 5302 905 5366 octavi.
985 5302 1120 5366 debetis.
1131 5303 1221 5366 Unde
1235 5302 1441 5387 subjungitur
1458 5310 1606 5386 :Septem
1619 5315 1730 5374 dietae

308 5442 343 5494 Τ.
360 5440 385 5492 2.
1591 5445 1606 5495 3
