4309 6259
578 479 752 525 abachum
774 480 804 525 ΙΝ
826 480 893 526 Chl‘.
917 479 1005 527 xxxu
1026 479 1129 527 axoni.
1151 500 1191 511 —
1211 482 1282 529 aar.
1306 482 1379 528 thll

1691 466 1749 529 107

196 650 312 713 crediti
329 650 393 713 sibi
416 652 568 730 thesauri,
586 652 736 715 videlicet
759 652 946 715 animalium
963 650 1103 734 hquum
1127 654 1315 733 transgressi
1338 654 1458 718 luerint
1483 653 1614 732 subditi,
1642 654 1750 735 presi-

196 750 407 814 rationalium
436 752 553 815 Christi
584 752 738 833 sanguine
770 753 947 835 redempto·

196 870 280 912 rum.
292 850 381 925 Quod
398 852 424 913 si
442 852 603 915 interdum
620 853 796 935 oportuerit
813 872 885 915 eum
896 853 947 915 ab

196 968 278 1027 esse,
297 949 429 1014 festinet
446 970 504 1033 pro
521 970 615 1033 posse
630 950 757 1028 reverti,
770 960 801 1014 ot
818 951 946 1014 interim

196 1049 237 1111 de
248 1050 365 1113 idoneo
382 1050 547 1132 provideat
558 1050 753 1132 viceri0,qui
764 1050 947 1127 vitascien-

196 1147 241 1211 tia
256 1156 288 1211 et
303 1158 396 1212 aetate
417 1158 510 1232 aptus
531 1169 568 1213 ae
589 1158 701 1231 potens
717 1150 758 1212 sit
773 1150 944 1226 custodire,

195 1248 389 1329 gubernare,
407 1268 444 1312 ae
467 1268 597 1331 pascere
619 1267 693 1312 oves
716 1249 843 1313 Christi.

237 1350 354 1425 Serpa,
364 1350 420 1425 sac
430 1350 521 1409 nodis
530 1352 604 1409 deos
615 1351 673 1428 qui
684 1370 740 1409 eos
747 1352 943 1427 praecederet.

194 1444 252 1507 Per
283 1446 401 1527 impios
427 1446 501 1509 illos
526 1446 709 1510 idololatras
739 1447 946 1528 designantur

195 1562 307 1607 omncs
325 1545 428 1626 iniqui
439 1547 479 1608 ed
491 1546 568 1609 vitia
578 1546 743 1629 proni,qui
755 1564 844 1628 spem
856 1566 945 1609 suam

194 1652 346 1706 avertunt
366 1664 384 1707 a
401 1645 474 1723 Deo,
492 1653 523 1708 et
544 1644 632 1708 lacili
654 1645 820 1709 occasione
837 1646 868 1709 in
891 1646 946 1709 ho-

195 1742 341 1805 minibus
368 1763 424 1807 scu
454 1745 549 1807 rebus
574 1745 703 1809 caducis
723 1745 824 1825 magis
848 1765 944 1827 quam

1004 752 1083 815 dens
1100 771 1171 815 mox
1186 752 1317 815 lestinet
1333 754 1372 816 ad
1388 752 1638 836 corripiendum,
1654 753 1749 816 corri-

1002 852 1206 934 gendumque
1222 871 1276 915 cos
1294 870 1301 913 :
1319 852 1395 934 quia
1411 852 1438 913 si
1454 851 1591 913 dormiat
1607 851 1748 933 discipli-

1003 969 1053 1027 na,
1068 950 1167 1025 saevit,
1181 959 1412 1031 augmentatur,
1425 950 1580 1033 putrescit
1592 950 1749 1033 impunita

1003 1048 1157 1130 nequitia.
1168 1053 1317 1112 Peccavit
1322 1055 1465 1129 popolus
1477 1060 1561 1111 teus.
1572 1049 1652 1112 Ecce
1661 1050 1747 1131 quod

1003 1149 1164 1231 peccando
1179 1148 1356 1211 desinimus
1372 1168 1441 1211 csse
1457 1148 1594 1232 populus
1610 1148 1676 1212 Dei.
1689 1151 1748 1211 Ait
1777 1223 1781 1230 .

1002 1250 1161 1309 Dominus
1176 1252 1220 1307 ed
1231 1252 1362 1326 llsoyscrc
1375 1270 1385 1308 .·
1398 1251 1497 1309 Cerno
1508 1252 1594 1328 quod
1604 1252 1747 1326 populea

1002 1349 1060 1407 istc
1073 1350 1167 1407 (turm
1181 1350 1314 1407 cervicis
1328 1350 1381 1409 sit.
1399 1348 1569 1409 l'ideamus
1586 1366 1626 1410 ne
1641 1355 1672 1410 et
1688 1366 1746 1411 nos

1001 1444 1081 1508 tales
1101 1455 1285 1527 reputemur
1301 1466 1318 1507 a
1333 1447 1477 1510 lJomino.
1495 1446 1562 1508 Non
1584 1446 1683 1507 simus
1699 1446 1747 1507 in-

1001 1544 1132 1620 dociles,
1160 1544 1349 1626 pertinaces,
1374 1544 1604 1607 inobedientes.
1627 1544 1745 1627 Nempe

1001 1642 1056 1723 qui
1077 1642 1193 1705 mentis
1216 1652 1264 1705 ost
1284 1644 1380 1719 durae,
1398 1651 1524 1706 corruet
1541 1644 1573 1705 in
1596 1643 1689 1705 mala.
1707 1644 1745 1705 Et
1786 1661 1867 1767 creas⁴

1760 1738 1829 1775 xxrrn,
1869 1756 1874 1767 .

1001 1741 1093 1823 quasi
1119 1742 1223 1805 scelus
1249 1741 1435 1805 idololatriac
1459 1750 1517 1818 est,
1544 1742 1745 1825 acquiescere

196 1840 230 1903 in
246 1842 311 1905 llco
334 1842 524 1919 conlidunt;
542 1844 653 1925 sicque
669 1844 822 1907 creaturis
844 1845 944 1925 magis
964 1839 1098 1907 Bnollc.
1110 1842 1245 1902 Dimitte
1257 1862 1317 1913 me,
1328 1851 1364 1901 et
1381 1842 1542 1902 irascetur
1550 1844 1646 1918 saror
1657 1863 1745 1903 meus
1760 1853 1793 1895 ²³.

195 1958 292 2020 quam
313 1940 454 2004 Creatori
475 1942 632 2005 altissimo
651 1942 855 2019 inherentes,
872 1943 946 2006 alic-

195 2057 254 2100 nos
279 2039 344 2101 sibi
365 2039 487 2103 faciunt
508 2042 595 2118 deos,
613 2041 731 2123 quibus
756 2050 788 2105 ct
809 2042 945 2106 inaniter

195 2136 390 2200 innituntur.
408 2138 526 2201 Eorum
545 2158 673 2221 quoque
693 2150 871 2223 sequuntur
888 2142 946 2203 du-

193 2245 312 2313 catum,
331 2238 409 2299 dum
430 2258 495 2319 quc
520 2238 659 2301 carnalia
675 2248 706 2301 et
731 2249 855 2303 terrena
876 2240 946 2303 alli-

125 2328 131 2337 '
194 2334 294 2412 ciunt,
325 2337 508 2401 mentaliter
532 2347 587 2399 aut
617 2338 712 2401 etiam
738 2339 944 2421 corporaliter

192 2434 392 2512 gradiuntur.
418 2435 518 2500 Omne
540 2436 658 2501 etenim
681 2438 813 2501 mortale
833 2458 945 2520 pecca-

192 2540 273 2609 tum,
291 2542 340 2596 est
364 2534 545 2597 idololatria
562 2537 707 2617 quadam
723 2545 753 2599 ct
775 2534 944 2601 fornicatio

193 2632 397 2713 spiritualis:
417 2634 493 2716 quia
513 2654 570 2717 per
589 2634 667 2696 illud
690 2654 780 2697 mens
806 2645 944 2699 creatae

192 2750 269 2795 vero
290 2732 354 2795 Deo
380 2734 546 2810 avertitur,
568 2734 705 2797 demoni
730 2734 885 2815 jungitur,
913 2745 944 2799 et

192 2832 389 2895 transitoriis
410 2853 445 2896 ae
461 2833 589 2896 caducis
613 2833 724 2913 magis,
742 2853 838 2914 quam
860 2854 944 2897 sum-

190 2950 244 2994 mo
261 2940 291 2994 et
309 2932 567 2995 incommutabili
583 2932 680 3011 bono,
693 2933 841 2996 coheret.
852 2936 943 2996 Sedit

1000 1949 1112 2000 contro
1123 1940 1226 2001 cosin
1242 1939 1301 2002 hoc
1314 1939 1410 2002 verbo
1425 1948 1512 2021 patet
1528 1939 1613 2021 rigor
1628 1940 1745 2003 divinat

999 2038 1141 2119 justitiae,
1166 2038 1222 2120 qui
1244 2058 1300 2121 per
1320 2037 1461 2101 lurorcm
1481 2038 1680 2121 exprimitur,
1705 2041 1744 2102 ad

1000 2136 1228 2199 insinuandum
1240 2137 1552 2200 vehementissimam
1563 2158 1628 2201 sure
1643 2137 1748 2199 distri-

1000 2235 1117 2298 ctionis
1142 2237 1384 2318 punitionisque
1410 2235 1622 2311 severitatem,
1649 2237 1745 2319 potis

1000 2334 1129 2397 simoin
1151 2334 1270 2398 luturo.
1288 2334 1321 2397 ln
1337 2335 1449 2397 codem
1470 2334 1565 2397 ctiam
1582 2335 1679 2398 verbo
1700 2336 1746 2397 in-

1000 2434 1145 2495 sinuatur
1165 2434 1362 2497 immonsitas
1381 2434 1507 2516 pietatis
1528 2434 1651 2511 divinar,
1668 2436 1745 2517 quia

1000 2552 1099 2614 quum
1117 2534 1197 2595 llcus
1213 2533 1415 2615 omnipotens
1432 2533 1482 2610 sit,
1501 2542 1607 2595 tamen
1628 2533 1745 2596 latetur

999 2631 1166 2693 hominem
1183 2632 1245 2694 sibi
1261 2650 1354 2713 posse
1375 2632 1534 2708 rcsistcrr,
1552 2652 1650 2714 seque
1665 2633 1744 2695 cari-

1000 2739 1062 2793 tate
1079 2739 1111 2792 ct
1126 2731 1275 2813 precibus
1290 2731 1526 2812 quodammodo
1542 2750 1635 2812 posse
1649 2732 1744 2813 ligari

998 2850 1035 2893 ac
1060 2830 1157 2893 vinci.
1184 2830 1302 2892 Eodem
1333 2829 1430 2893 verbo
1455 2830 1623 2905 docemur,
1647 2850 1745 2912 qnan-

999 2937 1065 2991 tum
1083 2928 1277 2991 brnelieium
1293 2928 1348 2989 boi
1365 2928 1416 3004 sit,
1435 2927 1611 2991 virtuosum
1627 2929 1744 2992 habere

185 3034 331 3107 populos
356 3036 557 3092 rnonrlocare
571 3043 600 3093 et
623 3034 735 3103 bibere,
753 3041 782 3091 et
797 3053 944 3092 sarrece-
958 3033 980 3095 C
999 3027 1217 3109 praetoremn
1233 3036 1389 3108 quantum
1401 3026 1501 3109 possit
1517 3027 1664 3108 praelatus
1681 3029 1745 3091 ido·

189 3140 272 3189 runt
298 3133 421 3191 ludere.
448 3130 529 3193 Ecce
554 3130 692 3211 qualiter
717 3149 754 3192 ex
780 3149 844 3193 uuo
865 3130 942 3195 vitio

188 3228 278 3291 aliud
298 3238 481 3309 generetur,
501 3229 544 3291 ita
566 3230 652 3311 quod
674 3230 758 3293 idem
778 3238 826 3292 est
848 3230 942 3313 culpe

188 3335 220 3390 ct
236 3345 333 3409 poena
349 3328 461 3409 culpae.
475 3328 661 3409 Specialiter
677 3348 803 3411 quoque
819 3348 856 3392 cx
868 3330 942 3411 gula

187 3426 340 3488 oriuntur
355 3426 481 3489 diversa
497 3428 704 3509 enormiaque
715 3437 854 3509 peccata.
864 3429 941 3491 Nam

189 3534 301 3589 ventre
318 3526 443 3601 satiato,
454 3534 485 3588 ct
496 3545 629 3608 corpore
646 3527 730 3591 laute
747 3527 941 3603 relcct0,cor

188 3644 263 3687 mox
279 3626 320 3689 ad
337 3625 448 3687 inania
464 3626 642 3689 relaxatur:
659 3627 838 3708 spiritualia
855 3626 941 3689 lasti-

187 3724 237 3785 dit
259 3724 413 3787 cxcrcitia
439 3732 470 3787 et
496 3724 631 3802 interna,
656 3724 803 3801 fabulari,
826 3726 938 3807 jocari,

187 3822 394 3898 cachinnari,
423 3822 601 3898 chorizare,
624 3822 734 3901 otiari,
761 3832 792 3886 et
813 3826 939 3887 tandem

188 3920 345 3983 luxuriari
368 3921 515 3984 delectat.
540 3922 598 3995 Qui
620 3922 717 4003 igitur
741 3932 788 3985 tot
812 3932 940 4006 peccata

187 4020 277 4101 cupit
294 4021 443 4097 evadere,
460 4020 748 4099 immoderantiam,
762 4021 938 4099 lacticinia,

187 4118 410 4183 diversitatem
427 4118 491 4181 cibi
506 4139 542 4183 ac
559 4128 652 4202 potus
669 4121 797 4185 devitet.

999 3146 1077 3189 neus
1102 3127 1187 3209 apud
1213 3126 1465 3189 misericordiam
1480 3126 1535 3188 llci
1559 3145 1616 3209 pro
1642 3125 1743 3190 salute

997 3226 1102 3307 gregis
1118 3224 1292 3287 commissi.
1302 3225 1364 3286 Nrc
1380 3225 1430 3286 his
1446 3225 1561 3302 obstat,
1574 3226 1659 3307 quod
1676 3245 1744 3289 san-

997 3334 1066 3387 ctus
1081 3324 1138 3387 lob
1160 3323 1228 3385 ait:
1247 3322 1338 3401 Deus,
1356 3324 1448 3404 cujus
1465 3324 1519 3385 irae
1542 3344 1636 3389 nomo
1653 3325 1744 3388 rcsis-
1770 3342 1888 3393 rotam.

998 3432 1062 3486 tere
1086 3432 1200 3505 potest.
1218 3424 1272 3485 lrae
1288 3424 1406 3485 etenim
1428 3423 1482 3485 Dei
1499 3432 1622 3486 tantum
1639 3433 1743 3507 potest

995 3523 1091 3585 homo
1117 3522 1278 3584 virtuosus
1303 3521 1467 3600 rcsistcro,
1494 3532 1649 3604 quantum
1674 3524 1743 3589 vult

995 3622 1088 3698 Deus,
1108 3640 1171 3683 non
1191 3621 1340 3702 amplius.

1035 3724 1160 3799 Moyses
1180 3731 1288 3781 autent
1308 3723 1419 3781 orabat
1440 3724 1618 3783 Dominum
1636 3726 1741 3785 Deum

994 3841 1102 3882 seem.
1126 3820 1188 3882 lloc
1213 3819 1358 3900 exemplo
1379 3819 1580 3882 instruuntur
1605 3822 1739 3903 praelati,

995 3937 1092 3999 quam
1118 3917 1277 3981 lcrvrntcr
1302 3918 1439 3981 debeant
1463 3919 1525 3980 sibi
1551 3920 1741 3984 commissos

996 4017 1273 4097 diligereetiamsi
1284 4016 1469 4094 offendant;
1480 4038 1577 4099 quam
1594 4019 1670 4082 item
1682 4020 1742 4083 ler-

995 4125 1107 4179 vcntcr
1122 4124 1219 4198 atque
1240 4116 1378 4179 lidcliter
1395 4125 1562 4179 tcneantur
1583 4138 1640 4199 pro
1662 4119 1741 4201 ipsis

225 4222 367 4279 Locutus
381 4229 426 4279 cst
436 4228 545 4279 aretem
556 4222 716 4281 Domc'eus
731 4225 775 4281 oct
787 4224 917 4299 Moysen
928 4242 939 4281 :
955 4221 980 4282 D
995 4234 1096 4292 orave,
1115 4215 1289 4296 pracsertim
1311 4216 1386 4276 dum
1407 4216 1580 4278 enormiter
1598 4236 1741 4283 excesse-

195 4320 295 4377 l'ade.
323 4317 380 4379 Per
406 4318 466 4380 hoc
497 4318 602 4399 primo
629 4318 829 4397 instruimur,
854 4320 939 4400 quod

186 4415 342 4497 praelatus
358 4415 453 4478 debet
470 4424 612 4497 tempore
627 4426 807 4498 opportuno
824 4418 939 4480 exerci-

185 4514 234 4575 tia
244 4512 526 4595 contemplationis
542 4514 888 4597 interrumpcrc,atquc
898 4517 938 4578 ad

188 4620 317 4694 tempus
338 4613 544 4693 suspendere,
562 4621 593 4674 ct
613 4613 652 4674 ad
669 4612 730 4674 sibi
752 4614 937 4677 commissos

185 4710 378 4788 accelerarc,
395 4730 431 4772 ac
446 4710 591 4773 debitum
608 4712 656 4773 sui
672 4711 775 4775 ellicii
787 4713 938 4775 exhibere

186 4808 323 4884 eisdem,
348 4828 447 4890 quum
472 4809 625 4872 Dominus
652 4810 760 4874 dieat:
783 4811 880 4889 Vade,
905 4812 935 4873 id

185 4915 249 4983 est,
267 4926 286 4968 a
305 4906 575 4989 contemplatione
593 4909 633 4970 ad
653 4909 810 4973 actionem
831 4929 937 4991 proce

184 5008 239 5081 dc,
256 5026 275 5067 a
290 5005 400 5087 quieto
422 5006 642 5087 occupationis
659 5008 802 5086 interne,
820 5009 859 5070 ad
876 5009 937 5071 sol-

184 5104 391 5169 licitudinem
408 5112 441 5167 ct
455 5105 697 5187 occupationem
718 5115 880 5169 externam
901 5128 936 5170 ac

185 5201 394 5287 pastoralem,
421 5203 590 5266 descende.
618 5205 773 5283 Secundo,
799 5226 855 5288 por
877 5206 936 5270 hoc

184 5302 324 5365 verbum
347 5302 499 5365 docemur
515 5302 569 5366 Dei
586 5323 655 5367 cssc
679 5313 884 5388 pracceptum,
904 5314 936 5367 ut

995 4322 1079 4376 runt.
1104 4316 1191 4375 Vidit
1211 4316 1354 4374 vitulum
1373 4325 1402 4375 ct
1424 4316 1557 4387 choros,·
1574 4319 1742 4397 iratusque

995 4416 1101 4482 alolde,
1112 4415 1250 4491 projecit
1269 4416 1405 4473 tabulas.
1423 4413 1503 4476 Ecce
1525 4433 1623 4496 quam
1648 4416 1741 4479 mira·

994 4511 1102 4574 biliter
1127 4512 1160 4573 in
1182 4514 1338 4575 bonorum
1360 4513 1510 4575 cordibus
1536 4514 1740 4595 prelatorum

994 4610 1102 4691 vigent
1126 4611 1240 4673 caritas
1266 4610 1333 4688 Dci,
1355 4630 1444 4674 amor
1467 4612 1615 4693 proximi,
1637 4613 1740 4695 pietas

993 4709 1236 4791 compassionis,
1259 4710 1409 4791 zelusque
1435 4710 1604 4791 aequitatis.
1631 4712 1741 4776 Praesi-

993 4809 1071 4870 dens
1088 4827 1163 4889 crgo
1180 4808 1223 4869 ita
1239 4808 1407 4871 condoleat
1423 4809 1532 4891 lapsis,
1550 4818 1582 4873 et.
1596 4820 1665 4875 oret
1682 4832 1739 4895 pro

992 4907 1049 4983 cis,
1069 4915 1103 4969 ut
1127 4916 1231 4970 tamen
1248 4908 1302 4970 llei
1327 4906 1546 4971 inflammetur
1571 4930 1678 4975 amoro
1704 4933 1740 4976 ae

991 5008 1058 5070 zelo
1073 5006 1216 5087 justitiae,
1228 5007 1355 5089 reisque
1372 5008 1742 5091 increpationeminlor-

991 5106 1176 5181 mationem,
1199 5113 1230 5168 ot
1252 5108 1392 5169 debitam
1416 5108 1656 5187 castigationem
1682 5110 1741 5172 im-

992 5205 1132 5288 pcndere
1148 5224 1211 5267 non
1229 5206 1363 5268 omittat.
1375 5209 1418 5267 Et
1433 5210 1592 5285 coesrcprt
1606 5229 1669 5269 cas.
1683 5208 1739 5270 Per

991 5304 1089 5385 qarod,
1103 5304 1279 5367 secundnm
1296 5305 1521 5385 augustinum,
1539 5324 1656 5388 magno
1671 5326 1740 5389 my-

1779 1788 1787 1830 l
1798 1788 1850 1844 aee.
1857 1802 1892 1839 xv,
