4309 6259
575 505 749 553 enannnrto
771 506 801 551 IN
823 506 890 551 GAI'.
914 504 968 551 xxr
989 504 1091 550 uxum.
1114 524 1155 534 -
1175 506 1245 551 Alth.
1268 506 1342 552 xuttt
1692 489 1730 552 ii)

181 702 252 763 quae
268 682 378 746 omnia
394 690 469 744 sunt
485 681 622 759 Domini,
634 680 786 763 quoniam
803 681 865 743 lieo
881 678 932 741 ad·
945 674 972 737 Α
987 678 1091 760 ροείιο
1112 678 1174 741 tale
1193 679 1271 760 quid
1291 679 1391 760 egerit
1411 698 1449 742 cx
1469 678 1657 742 infirmitate
1676 688 1730 741 aut

181 781 351 843 scribenda
367 789 415 844 εει
431 780 616 861 hujusmodi
632 779 932 861 saplentiaetquid·

180 880 259 960 quid
276 888 447 959 generatur
463 899 501 942 cx
516 899 563 943 ea.
573 882 644 956 lpse
655 898 727 938 vero
742 879 842 938 eccidit
857 898 931 936 enan

181 980 298 1039 uestitu
313 998 371 1039 sno
387 1000 399 1040 .·
416 998 489 1040 nam
505 976 653 1060 quamvis
668 976 776 1039 omnia
792 975 853 1037 ista
868 975 931 1037 lieo

180 1076 414 1154 attribuuntur,
433 1075 535 1139 nihilo
554 1074 661 1137 minus
682 1074 880 1157 imputantur
900 1080 932 1135 ει

181 1174 222 1251 ei,
248 1175 300 1237 cui
327 1174 435 1237 infusa
459 1183 514 1237 aut
538 1175 611 1237 data
637 1182 731 1247 sunt3
756 1190 930 1253 eorumque

181 1272 307 1335 meritis
327 1272 443 1335 transit
457 1274 496 1335 de
511 1272 563 1337 via
577 1272 617 1335 ad
632 1272 780 1353 patriam,
797 1272 836 1333 de
857 1268 932 1331 infi-

182 1370 243 1433 mis
259 1372 299 1433 ad
316 1390 477 1453 suprema.

217 1474 310 1539 Quod
324 1473 355 1529 si
368 1472 493 1531 disserit
507 1469 930 1546 serens,I)ilipodotninnm

181 1588 289 1630 meum
305 1590 317 1628 .·
334 1568 366 1630 id
388 1576 446 1645 est,
468 1568 496 1630 si
516 1586 624 1631 amore
643 1566 760 1630 Christi
782 1564 932 1629 maluerit

180 1666 215 1728 in
231 1668 299 1730 vita
315 1686 445 1731 manere
464 1666 578 1745 activa,
597 1673 633 1728 ut
652 1666 724 1729 aliis
745 1665 857 1748 prosit,
876 1663 932 1726 mi-

180 1765 296 1829 nistret
311 1774 344 1829 et
359 1785 456 1848 opera
473 1765 621 1829 exhibeat
642 1764 790 1847 pietatis3
813 1763 932 1828 offerat

987 776 1177 858 ignorantia,
1187 776 1438 840 misericordiam
1453 778 1605 859 consequi
1617 785 1732 860 potest,

986 884 1017 938 et
1038 875 1275 938 damnationem
1296 876 1439 938 evadere.
1461 877 1502 937 Si
1520 878 1594 955 qnia
1604 896 1665 955 per
1681 878 1731 934 in-

985 976 1148 1034 dustriam
1172 976 1324 1034 occiderit
1343 977 1534 1051 proximum
1558 994 1671 1048 sunm,
1699 974 1730 1035 id

986 1071 1224 1149 est,calliditate
1235 1071 1368 1154 vulpina
1383 1072 1513 1134 traxerit
1527 1072 1731 1135 innocentem

986 1188 1021 1232 ac
1047 1170 1226 1251 simplicem
1251 1170 1291 1232 ad
1316 1171 1539 1252 peccandum3
1566 1173 1606 1231 ab
1628 1174 1732 1231 atteri

986 1288 1053 1328 ineo
1067 1272 1184 1329 avelles
1199 1290 1283 1339 nm,
1301 1268 1334 1330 id
1349 1277 1408 1346 est,
1422 1268 1566 1349 ingressu
1581 1267 1731 1331 Ecclesia

986 1374 1018 1429 ει
1038 1375 1308 1429 sacramentorum
1328 1367 1554 1430 communione
1568 1375 1732 1448 reputetur

987 1464 1150 1546 indignus,
1169 1474 1320 1547 tanquam
1336 1465 1484 1529 seductor
1500 1465 1729 1547 nequissimus.

988 1566 1049 1633 Qut
1061 1567 1254 1644 percenserit
1260 1574 1389 1642 patrem
1398 1585 1496 1625 sunm
1506 1575 1565 1626 ant
1580 1573 1728 1636 matrem,

987 1662 1018 1724 id
1035 1671 1094 1740 ast,
1107 1662 1265 1745 spirituali
1281 1671 1336 1725 aut
1351 1663 1507 1745 corporali
1525 1662 1732 1745 percussione

986 1761 1154 1843 praelatum
1166 1770 1220 1823 aut
1236 1762 1399 1843 praelatam
1413 1760 1599 1840 offenderit,
1605 1770 1660 1824 aut
1675 1760 1731 1843 qui

178 1884 252 1925 enm
277 1868 433 1925 dominns
456 1867 535 1936 diis,
562 1864 594 1927 id
620 1872 678 1941 est,
706 1862 930 1946 spiritualibus
946 1860 969 1923 B
987 1860 1206 1942 superioribus
1226 1860 1293 1923 suis
1314 1860 1535 1936 maledixerit3
1556 1863 1732 1929 moriatur,

180 1962 329 2044 patribus
349 1982 408 2027 suo
430 1971 573 2045 tompore
593 1970 811 2044 praesentetur,
829 1960 933 2042 aqui-

180 2060 242 2123 bus
263 2069 296 2125 et
320 2062 489 2143 dirigatur.
515 2065 557 2124 Jt't
579 2063 798 2139 applicabitur
821 2064 865 2121 ad
886 2081 932 2120 os-

182 2162 267 2221 tium
285 2159 495 2238 tabernaculi,
513 2160 547 2223 id
567 2168 626 2237 εει,
643 2160 677 2221 in
699 2159 766 2223 fide
783 2157 931 2221 Ecclesia

41 2268 164 2317 toruae-
182 2258 377 2337 stabilietur,
400 2266 431 2322 et
450 2259 575 2323 Christo
595 2259 665 2339 (qui
685 2257 730 2321 ait
748 2276 754 2319 :
772 2258 838 2338 Ego
861 2275 931 2318 sum

180 2357 317 2437 ostium)
330 2360 555 2440 conjungetur,
572 2365 606 2419 ut
628 2356 751 2438 aliquid
774 2357 869 2419 etiam
893 2355 933 2417 de

180 2456 395 2537 triumphanti
408 2456 548 2519 Ecclesia
558 2453 858 2536 Omnipotcntisque
869 2472 933 2515 rna-

178 2554 295 2633 jestate
310 2564 342 2618 et
356 2554 459 2634 gloria
474 2554 720 2636 contempletur.
734 2556 933 2634 Personabit-

179 2674 243 2734 qne
257 2674 373 2715 aurem
386 2655 457 2731 ejus
471 2656 588 2715 subula
599 2674 610 2713 :
621 2654 653 2715 id
669 2659 727 2729 cst,
746 2652 931 2716 interiorem

179 2752 252 2834 ejus
267 2752 415 2814 auditum
430 2750 612 2834 penetrabit
626 2750 776 2813 stimulus
791 2769 933 2833 compas-

179 2849 294 2926 sionis,
314 2849 365 2913 vel
390 2868 524 2912 acumen
547 2847 833 2931 compunctionis:
856 2848 933 2930 quia

181 2948 216 3009 in
236 2947 398 3011 exercitiis
414 2948 488 3011 vitae
506 2947 629 3025 activa,
648 2966 777 3009 necesse
793 2953 840 3009 est
855 2946 932 3009 alio-

986 1959 1018 2020 id
1038 1967 1097 2036 est,
1115 1968 1217 2021 morte
1236 1959 1450 2023 damnationis
1469 1968 1596 2022 aeternae
1616 1960 1732 2041 dignus

986 2076 1056 2121 esse
1067 2065 1225 2120 noscatur.
1237 2060 1301 2126 Qut
1310 2060 1443 2137 furatus
1455 2059 1559 2134 suerit
1571 2060 1732 2121 bominem

987 2167 1016 2217 et
1027 2158 1209 2217 vendiderit
1218 2176 1302 2228 eum,
1313 2159 1484 2217 moriatur.
1498 2156 1667 2219 Hominem
1683 2156 1734 2219 fu-

988 2262 1085 2333 ratur,
1103 2255 1159 2337 qui
1178 2254 1394 2318 Christianum
1415 2274 1453 2318 ex
1473 2255 1550 2319 ovili
1571 2256 1732 2319 dominico

987 2362 1019 2416 et
1034 2353 1168 2435 mystico
1183 2352 1299 2416 Christi
1315 2371 1448 2434 corpore
1463 2362 1599 2435 separat,
1615 2364 1648 2417 ει
1663 2373 1734 2436 pro

986 2453 1057 2534 pria
1072 2452 1241 2534 iniquitate
1255 2452 1382 2515 diabolo
1398 2453 1519 2530 vendit,
1538 2455 1577 2516 de
1592 2453 1730 2517 Catholi-

986 2570 1023 2615 co
1039 2552 1223 2615 haereticum
1238 2560 1293 2613 aut
1310 2551 1551 2614 schismaticum
1571 2552 1729 2617 faciendo.

1034 2653 1075 2713 Si
1097 2652 1203 2711 rimati
1226 2651 1354 2728 fuerint
1378 2653 1460 2723 oiri,
1489 2660 1547 2714 etc.
1574 2653 1638 2714 Hac
1664 2652 1733 2732 lege

986 2750 1230 2829 redarguuntur,
1248 2749 1304 2830 qui
1320 2750 1529 2813 contentiosis
1545 2750 1733 2833 disputatio-

987 2847 1082 2910 nibus
1096 2857 1152 2911 aut
1164 2847 1279 2929 jurgiis
1294 2848 1367 2909 aliis
1383 2858 1510 2927 vacant,
1528 2850 1572 2912 ita
1587 2851 1673 2931 quod
1689 2860 1734 2913 et-

987 2947 1013 3009 si
1031 2966 1095 3011 non
1111 2948 1239 3029 penitus
1254 2946 1414 3028 perimant
1432 2949 1605 3029 proximos,
1623 2959 1733 3012 contra

180 3066 253 3108 rum
269 3064 368 3110 onera
384 3053 583 3128 supportare,
601 3044 745 3121 afflictis,
759 3045 880 3127 egenis,
893 3064 930 3109 ac
947 3048 969 3111 C
986 3064 1066 3127 quos
1086 3053 1223 3126 arguunt
1236 3045 1287 3108 vel
1302 3047 1512 3123 contendunt,
1530 3066 1586 3109 scu
1602 3049 1729 3131 eosqui

179 3144 310 3207 miseris
325 3144 507 3221 condolere,
524 3163 560 3207 ac
577 3162 635 3226 pro
650 3142 849 3225 quotidianis
865 3144 932 3206 cul-

182 3244 232 3325 pis
254 3244 441 3325 compungi.
466 3246 505 3304 St
524 3245 598 3323 quis
619 3245 802 3303 vendiderit
821 3246 929 3320 filiam

180 3344 331 3404 selamin
345 3345 525 3422 famulam,
541 3342 647 3417 idest,
664 3342 799 3421 grallam
821 3348 852 3403 ει
873 3340 933 3403 sci-

183 3440 304 3503 entiam
321 3440 493 3503 salutarem
510 3439 572 3501 sibi
588 3457 784 3515 concessam,
797 3439 933 3502 aliorum

183 3539 356 3602 directioni
379 3546 411 3601 et
433 3537 653 3601 informationi
676 3537 859 3618 exposuerit
881 3538 934 3600 de-

184 3637 318 3714 servire,
335 3638 425 3717 juxta
440 3636 522 3699 illud
537 3635 654 3698 summi
670 3635 824 3717 Apostoli,
834 3636 935 3698 Unus-

184 3737 324 3818 quisque
346 3736 429 3799 sicut
450 3735 574 3817 accepit
595 3734 741 3816 gratiam,
760 3735 793 3796 in
816 3735 932 3797 alteru-

187 3844 271 3899 trum
287 3834 565 3907 administrantes3
578 3854 643 3894 non
657 3836 837 3911 egredietur
851 3836 936 3895 sient

186 3936 319 3995 ancillae
335 3936 426 3993 entre
444 3942 676 3994 consueverunt
692 3932 871 4013 :quonlam
893 3952 936 3995 re

186 4040 335 4095 verenter
357 4038 481 4094 etcum
503 4030 590 4094 omni
613 4030 786 4112 gratiarum
810 4031 935 4095 actione

187 4130 393 4213 suscipienda
418 4138 449 4193 ει
473 4130 692 4193 conservanda
721 4137 770 4192 est
799 4130 935 4192 admini-

986 3144 1131 3220 audiunt,
1154 3144 1293 3225 graviter
1316 3152 1421 3207 tamen
1448 3145 1567 3208 laedunt
1589 3147 1730 3225 eosdem,

988 3244 1030 3305 ita
1045 3242 1130 3323 quod
1145 3242 1260 3304 caritas
1278 3241 1462 3305 infirmatur
1478 3244 1511 3306 in
1527 3244 1585 3322 eis,
1603 3245 1731 3328 ipsique

988 3360 1044 3423 per
1065 3341 1310 3423 impatientiam,
1333 3340 1424 3419 iram,
1449 3360 1617 3407 moerorem
1641 3346 1733 3426 quasi

989 3439 1212 3503 succumbunt.
1224 3442 1287 3508 Qut
1292 3444 1488 3517 percusserit
1497 3463 1626 3505 serenan
1635 3466 1733 3506 snum

988 3542 1039 3599 cel
1058 3540 1215 3599 ancillam
1235 3540 1340 3616 virga,
1356 3549 1386 3600 ει
1406 3541 1528 3601 mortui
1547 3544 1674 3619 suerint
1695 3548 1732 3605 in

989 3640 1138 3698 inanibus
1153 3638 1234 3714 ejece,
1250 3640 1401 3698 erirninis
1420 3660 1495 3699 rens
1514 3643 1604 3703 erit:
1620 3642 1653 3703 id
1673 3653 1732 3721 εει,

989 3736 1134 3817 superior
1161 3754 1217 3798 seu
1241 3735 1390 3817 praelatus
1416 3738 1472 3817 qui
1500 3737 1673 3803 indiscreta
1703 3751 1735 3804 ct

988 3834 1130 3897 mordaci
1151 3833 1400 3915 reprehensione
1423 3834 1566 3899 subditos
1591 3858 1664 3903 suos
1688 3840 1734 3904 sic

990 3933 1212 4015 increpaverit,
1230 3934 1316 4014 quod
1333 3932 1407 3995 indo
1427 3952 1499 3997 mox
1514 3935 1548 3997 in
1564 3937 1736 4019 desperati·

989 4052 1095 4109 onem,
1108 4031 1371 4112 indignationem,
1385 4032 1552 4112 invidiam,
1568 4044 1624 4098 aut
1638 4037 1734 4100 aliam

990 4131 1156 4195 mortalem
1173 4131 1352 4193 corruerint
1366 4130 1504 4213 culpam,
1515 4152 1588 4196 reus
1603 4143 1651 4198 εει
1667 4155 1735 4218 por·

187 4231 300 4293 stratio
321 4238 418 4311 atque
443 4228 611 4291 instructio
634 4228 716 4290 talis.
741 4227 829 4302 Quod
855 4229 881 4291 si
908 4230 936 4292 is
950 4234 976 4297 Ι)
991 4230 1123 4294 ditionis
1138 4230 1279 4292 illorum.
1297 4230 1369 4293 Ideo
1389 4230 1536 4307 discreta,
1554 4234 1619 4315 pia,
1636 4244 1668 4298 ει
1684 4255 1735 4301 ca-

187 4327 409 4405 cuioffertur,
432 4346 501 4390 eam
523 4327 713 4408 despexerit,
736 4346 799 4391 non
820 4329 936 4410 poterit
991 4330 1118 4392 ritativa
1133 4328 1308 4411 increpatio
1325 4330 1502 4392 necessaria
1519 4338 1577 4395 est.

188 4446 257 4491 earn
283 4428 471 4491 venundare
495 4424 621 4503 alienis,
648 4425 680 4487 id
705 4434 753 4487 εει
779 4425 935 4499 hereticis
1030 4431 1070 4491 Si
1091 4431 1196 4490 ricati
1217 4431 1343 4506 suerint
1365 4430 1442 4501 viri,
1465 4429 1660 4511 disputando
1679 4442 1736 4498 aut

188 4527 337 4589 subdere.
990 4529 1084 4591 aliter
1097 4527 1329 4603 contendendo,
1338 4537 1367 4588 et
1377 4533 1569 4604 pnnnserit
1579 4534 1653 4611 quis
1668 4555 1737 4595 mn·

236 4628 301 4694 Qui
321 4624 517 4702 percusserit
541 4624 702 4683 bominem
728 4627 833 4683 volens
858 4626 938 4685 oeci-
991 4630 1101 4688 lieren
1114 4637 1346 4705 praegnantem,
1364 4625 1397 4687 id
1417 4634 1465 4689 εει
1485 4628 1625 4692 animam
1641 4632 1736 4714 spiri-

187 4727 273 4796 dere,
295 4732 396 4785 morte
416 4724 579 4783 moriatur
598 4743 609 4781 .·
630 4721 662 4783 id
685 4729 743 4798 est,
760 4722 817 4803 qui
837 4722 935 4785 alium
992 4726 1119 4789 tualiter
1134 4724 1347 4801 fecundatam,
1358 4735 1388 4785 et
1402 4728 1586 4789 aborttvnm
1601 4733 1735 4810 quidem

188 4842 228 4886 ex
243 4822 408 4905 proposito
424 4819 668 4904 perturbaverit,
678 4828 709 4883 ει
724 4822 831 4884 verbis
847 4822 936 4884 duris
990 4828 1112 4905 fecerit,
1131 4825 1163 4887 id
1184 4833 1242 4901 est,
1258 4843 1296 4887 ex
1316 4824 1445 4887 illorum
1463 4826 1531 4889 rixa
1552 4826 1649 4891 fuerit
1668 4832 1737 4892 ani-

186 4942 226 4985 ac
242 4920 422 5004 pungitivis
436 4919 602 4997 afflixerit,
615 4919 814 4984 damnationi
831 4920 936 5003 subja·
990 4944 1042 4986 rna
1063 4924 1104 4987 ab
1125 4924 1327 4988 exsecutione
1347 4922 1424 4987 boni
1447 4927 1613 5007 propositi,
1637 4936 1753 5010 atque

187 5029 268 5085 oeat.
286 5022 351 5084 lioe
366 5020 516 5101 estquod
531 5019 575 5080 ait
590 5018 760 5101 Apostolus
778 5037 785 5082 :
803 5020 937 5082 Peccan-
990 5040 1008 5086 a
1024 5023 1131 5086 fructu
1152 5023 1240 5087 verbi
1262 5023 1401 5087 ooelestis
1424 5024 1588 5105 impedita,
1609 5030 1665 5087 sed
1688 5030 1737 5107 ip-

188 5129 237 5183 tes
252 5121 285 5182 in
302 5119 468 5196 fratres,et
482 5118 696 5200 percutientes
708 5118 936 5182 conscientiam
989 5142 1026 5182 aa
1053 5124 1185 5192 eiecerit,
1207 5122 1365 5184 manendo
1390 5120 1493 5184 adhuc
1518 5122 1552 5184 in
1575 5124 1681 5187 radice
1703 5132 1736 5186 et

186 5239 299 5283 eorum
315 5217 534 5295 infirmam,in
544 5217 705 5281 Christum
719 5218 937 5299 peccatisout
991 5220 1101 5282 habitu
1122 5220 1279 5294 caritatis3
1299 5221 1475 5299 subjacebit
1492 5224 1613 5283 damno
1631 5244 1736 5303 quen-

186 5328 298 5381 untem
312 5338 381 5379 non
394 5326 439 5379 est
455 5318 644 5389 insidiente,
658 5316 690 5378 id
705 5324 764 5394 est,
783 5314 852 5379 sino
868 5335 938 5398 pro·
993 5328 1060 5380 tum
1070 5319 1388 5396 ecpetiertt‘maritns
1397 5320 1558 5389 mulieris,
1566 5318 1598 5380 id
1609 5319 1737 5400 escjux·
