4309 6259
551 513 725 562 mammo
746 515 778 562 lu
799 515 867 564 GAP·
890 515 935 563 111
956 516 1094 565 haustui.
1116 536 1156 549 ·-
1177 518 1247 564 ΛΒΤ.
1270 516 1355 565 xxvu

1665 497 1725 566 ild

213 685 315 750 Nemo
336 705 394 770 per
414 687 629 768 arrogantiam
652 706 686 752 se
708 687 813 771 ipsum
836 688 924 754 fatue
939 688 964 753 Α
1018 691 1191 767 Postremo,
1208 689 1292 753 circa
1307 689 1374 754 baec
1391 688 1533 772 loquitur
1547 687 1722 769 Origenes:

174 785 285 866 erigat,
312 805 417 869 neque
439 806 497 870 per
511 787 719 852 ambitionem
735 807 832 872 super
851 807 925 854 con-

175 885 290 949 fratres
315 903 392 950 suos
416 887 548 951 exaltari
574 896 718 966 conetur,
744 908 847 970 neque
867 910 924 973 per

175 984 387 1067 cupiditatem
403 995 435 1049 et
450 986 570 1068 gulam,
588 995 642 1049 aut
662 989 844 1052 sensualem
860 997 925 1051 tur-

175 1083 412 1167 pissimumque
428 1103 569 1148 amorem
593 1087 801 1149 sensibilibus
820 1097 852 1151 et
867 1096 925 1151 ter-

175 1182 262 1246 renis
278 1182 449 1260 inhaaroat3
467 1185 524 1247 sed
540 1204 597 1268 per
608 1186 706 1268 pedes
722 1185 837 1250 animm
848 1207 922 1264 sue,

176 1301 231 1365 per
242 1282 404 1346 desideria
413 1283 566 1362 caritatis,
578 1304 634 1366 per
645 1293 769 1348 sanctas
780 1284 925 1348 affectio

179 1400 313 1464 uesper
328 1382 490 1448 orationes
505 1391 537 1448 et
553 1384 776 1448 meditationes
787 1383 925 1447 fervidas

176 1489 207 1544 et
221 1481 376 1561 sinceras,
390 1483 453 1547 lieo
467 1483 625 1548 altissimo
640 1483 809 1560 coherere,
826 1483 923 1560 uniri,

176 1580 271 1662 infigi
287 1589 431 1661 conetur,
439 1591 560 1664 satagat
572 1590 604 1646 et
615 1601 678 1646 non
695 1582 924 1646 cesset.Nullns

175 1699 231 1762 per
251 1683 448 1744 consensum
474 1691 529 1744 aut
552 1682 809 1744 communionem
832 1681 925 1744 illici-

178 1788 241 1841 tam
264 1788 376 1861 tangat
398 1780 635 1843 immunditiam
658 1780 806 1856 alienam,
829 1780 925 1843 etita

979 790 1102 853 Primus
1118 789 1209 853 cibus
1225 797 1331 852 noster
1347 797 1395 853 cst
1405 789 1557 853 Dominus
1573 797 1605 853 et
1620 787 1724 851 Salva-

979 898 1040 969 tor,
1057 890 1113 971 qui
1128 889 1173 952 ait
1191 908 1198 952 :
1215 889 1293 953 Caro
1308 907 1378 952 mea
1394 908 1468 954 vere
1483 898 1531 953 est
1546 887 1658 962 cibus;
1680 894 1721 964 et,
1752 900 1830 944 torna
1841 915 1867 952 e,

979 991 1045 1071 Ego
1061 1009 1132 1052 sum
1148 988 1239 1072 panis
1261 988 1364 1053 vivus.
1388 988 1532 1051 Secundo
1553 987 1634 1064 loco,
1652 993 1724 1069 post
1738 965 1772 1015 ³⁰·
1785 965 1818 1006 ⁵¹·

981 1089 1098 1170 ipsum,
1122 1089 1231 1152 Petrus
1256 1094 1287 1150 et
1311 1087 1436 1164 Paulus,
1449 1105 1623 1167 omnesque
1643 1085 1724 1167 Apo-

981 1187 1066 1250 stoli.
1088 1186 1193 1249 Tertio
1217 1187 1296 1264 loco,
1314 1205 1423 1250 corum
1446 1184 1606 1267 discipuli.
1625 1184 1663 1245 Et
1679 1183 1724 1246 sic

980 1286 1203 1368 unusquisque
1236 1305 1295 1369 pro
1329 1284 1506 1368 quantitate
1537 1283 1724 1346 meritorum

980 1404 1111 1448 suorum
1127 1394 1159 1448 ct
1174 1404 1324 1448 sensuum
1341 1383 1489 1467 puritate,
1508 1381 1651 1465 proximo
1667 1399 1724 1444 suo

980 1485 1120 1546 mundus
1147 1483 1291 1546 efficitur
1316 1483 1417 1546 cibus.
1445 1482 1590 1545 Arbitror
1619 1487 1724 1543 autem

980 1582 1071 1644 illum
1091 1583 1263 1659 ruminare,
1281 1581 1336 1664 qui
1353 1599 1481 1664 operam
1497 1581 1550 1642 dat
1570 1579 1722 1654 scientiae,

980 1691 1012 1747 et
1027 1682 1061 1744 in
1078 1682 1147 1763 lege
1164 1680 1288 1744 Domini
1303 1680 1473 1743 meditatur
1487 1678 1625 1741 assidue.
1643 1677 1726 1740 Divi·
1790 1727 1795 1738 .

980 1782 1028 1844 dit
1046 1790 1152 1845 autem
1173 1781 1337 1862 ungulam,
1353 1779 1408 1862 qui
1433 1798 1470 1840 ca
1490 1797 1561 1860 quae
1582 1776 1658 1857 legit
1679 1795 1726 1838 se-

175 1879 337 1941 custodiat
359 1898 404 1954 se,
423 1897 463 1942 ne
484 1879 701 1961 proximorum
724 1889 854 1961 peccata
875 1899 926 1942 ca·
944 1881 1120 1945 Bcundum
1143 1880 1292 1956 litteram,
1310 1879 1347 1941 ad
1372 1897 1500 1940 sensum
1521 1883 1648 1940 revocat
1665 1874 1726 1957 spi·

175 1979 253 2040 dant
278 1985 334 2041 avit
364 1978 545 2040 redundent
569 1977 602 2039 in
628 1998 662 2042 se
686 1979 804 2060 ipsum.
829 1979 925 2042 Nemo

177 2096 233 2158 per
253 2075 423 2153 invidiam,
442 2076 610 2154 malitiam,
627 2077 816 2159 nequitiam,
839 2099 926 2141 scan-

175 2176 360 2240 dalosamve
382 2176 542 2240 actionem
563 2175 726 2239 efficiatur
741 2176 860 2240 animal
874 2198 926 2242 ve

175 2283 349 2348 uenatum3
371 2293 430 2338 uec
451 2275 490 2337 ad
514 2274 758 2339 similitudinem
780 2276 873 2358 talpm
894 2285 926 2339 et

175 2371 415 2455 vespertilionis
438 2373 524 2437 odiat
540 2373 643 2436 lucem
659 2375 926 2458 veritatis‚splen-

175 2471 285 2533 dorem
300 2469 440 2552 justitiae,
449 2471 740 2536 manifestationem
756 2475 924 2556 culparum

175 2588 316 2645 suarum,
337 2569 573 2652 correptionem
591 2579 622 2633 et
646 2571 774 2649 dignam
794 2572 926 2653 castiga-

175 2667 296 2731 tionem
320 2669 476 2750 ipsarum.
493 2668 613 2732 Fictam
627 2669 795 2751 justitiam,
813 2679 844 2733 et
859 2689 925 2734 orn-

176 2786 248 2830 nem
260 2766 483 2849 duplicitatem
494 2776 589 2851 etque
603 2768 797 2850 hypocrisim
808 2770 924 2833 abomi-

175 2865 420 2948 nemur.Sicque
430 2867 518 2929 omni
531 2873 657 2948 torpore
667 2867 784 2930 acedia)
794 2887 924 2950 prorsus

174 2963 298 3040 evulso,
317 2963 452 3028 nomino
469 2965 531 3027 beo
548 2973 656 3028 nostro
672 2964 924 3028 substantialiter

980 1981 1139 2057 ritualem,
1162 1987 1257 2061 atqua
1280 1978 1319 2040 ab
1342 1975 1466 2038 infimis
1491 1983 1522 2038 et
1543 1973 1726 2037 visibilibus

980 2081 1019 2142 ad
1037 2078 1214 2142 invisibilia
1230 2085 1261 2140 et
1276 2075 1390 2140 altiora
1406 2074 1603 2138 conscendit.
1623 2071 1682 2148 Sed
1698 2071 1724 2134 si

980 2178 1045 2240 vita
1061 2187 1114 2240 tua
1138 2185 1169 2240 et
1190 2184 1278 2240 actus
1301 2174 1347 2237 tui
1370 2193 1434 2238 nou
1458 2173 1595 2236 habeant
1611 2172 1725 2235 discre-

980 2277 1112 2352 tionem,
1130 2276 1219 2338 seda
1236 2274 1302 2338 fide
1325 2282 1378 2336 tua
1393 2281 1425 2336 et
1440 2293 1458 2335 a
1473 2271 1580 2334 verbis
1602 2290 1638 2334 ac
1662 2289 1726 2333 ser-

980 2375 1129 2438 monibus
1144 2375 1335 2456 discrepent,
1354 2373 1494 2436 camelus
1509 2389 1542 2434 es
1565 2378 1725 2434 tortuosus

978 2494 1016 2537 ac
1032 2473 1197 2552 deformis,
1216 2472 1291 2555 quia
1311 2480 1430 2535 arctam
1447 2471 1531 2535 viam
1551 2468 1724 2551 aspatiosa

981 2593 1044 2636 non
1067 2589 1223 2652 segregas.
1251 2571 1354 2653 Lepus
1379 2588 1454 2634 vero
1480 2577 1538 2645 est,
1559 2567 1615 2649 qui
1641 2566 1724 2628 inor-

980 2670 1088 2734 dinata
1113 2669 1286 2732 formidine
1311 2668 1426 2730 tremit.
1450 2668 1565 2730 lterum
1588 2665 1658 2727 ait:
1682 2664 1723 2726 lle

979 2768 1107 2831 mundis
1118 2776 1149 2832 et
1166 2766 1338 2830 immundis
1354 2766 1546 2829 animalibus
1557 2763 1722 2826 scientiam
1749 2767 1868 2820 arants.

978 2871 1115 2951 desuper
1136 2867 1257 2949 accepit
1278 2864 1458 2948 Apostolus
1476 2862 1628 2945 quoniam
1651 2860 1722 2942 qui-

979 2968 1051 3030 dem
1081 2966 1324 3030 eminentiorem
1355 2983 1388 3026 se
1413 2971 1445 3024 et
1473 2961 1627 3042 maiorem
1657 2977 1721 3022 non

174 3070 205 3124 et
229 3061 617 3145 incircumscriptibiliter
637 3071 758 3139 sancto,
776 3063 810 3125 in
835 3064 923 3128 omni
942 3064 963 3126 G
979 3065 1116 3127 hahebat
1138 3065 1170 3126 in
1195 3063 1298 3126 terris.
1323 3063 1361 3124 Et
1381 3062 1463 3124 sicut
1485 3079 1523 3123 ex
1543 3059 1723 3140 praeceden-

174 3161 346 3225 sanctitate
360 3169 392 3224 et
410 3161 546 3243 justitia,
563 3161 613 3224 vol
634 3160 746 3224 saltem
767 3162 800 3223 in
820 3162 924 3244 quoti·
978 3163 1065 3226 tibus
1090 3183 1126 3226 ac
1152 3162 1422 3243 subseqnentibus
1448 3157 1554 3224 verbis
1578 3155 1722 3238 Origenis

173 3260 270 3323 diano
289 3260 450 3343 profectu,
470 3260 718 3342 incessabilique
740 3261 923 3325 divinorum
977 3261 1167 3338 ostenditur,
1194 3262 1254 3324 hoc
1279 3261 1348 3342 ipse
1368 3260 1408 3322 de
1427 3256 1611 3321 beatissimo
1632 3255 1722 3318 Petro

174 3359 374 3423 incremento
388 3359 616 3423 charismatum
633 3361 923 3442 serviamus‚atque
977 3360 1138 3423 disseruit.
1161 3360 1230 3422 hlia
1252 3359 1351 3421 multa
1372 3359 1411 3422 de
1426 3357 1476 3419 his
1493 3354 1604 3418 scribit
1618 3353 1722 3434 Origo·

174 3477 229 3538 per
243 3458 313 3522 baec
333 3458 418 3521 Patri
439 3466 548 3522 nostro
562 3458 697 3534 coelesti,
710 3458 875 3522 humiliter
891 3469 923 3522 et
978 3478 1034 3522 nes
1050 3459 1082 3520 in
1099 3459 1240 3536 homilia,
1251 3460 1290 3521 ‹le
1305 3457 1422 3541 quibus
1438 3464 1634 3539 pertranseo,
1644 3451 1721 3534 quia

174 3555 336 3620 ferventer
352 3576 390 3620 ac
410 3557 557 3621 ordinate
576 3557 747 3620 assimilari
771 3557 919 3620 nitamur.
976 3558 1135 3620 habentur
1150 3577 1265 3640 magna
1282 3576 1320 3620 cx
1335 3564 1424 3639 parte
1441 3554 1473 3616 in
1489 3553 1609 3615 Glossa.

688 3985 1013 4073 ARTICULUS
1053 3987 1218 4072 XXVII

243 4230 423 4309 uhuctbaulo
446 4261 620 4307 tlt'rettatts
642 4261 780 4308 certabet
801 4261 963 4307 uuouectut
986 4261 993 4305 ἶ
1016 4261 1209 4316 Locutusouu
1234 4261 1286 4306 EST
1307 4261 1438 4308 uotttuth
1460 4261 1502 4306 ab
1523 4259 1651 4306 uersum

236 4543 490 4608 RAEchENtt
514 4541 654 4623 capitulo
683 4550 788 4605 actum
813 4551 862 4605 est
887 4543 926 4606 de
942 4541 1032 4603 Deos
1048 4565 1059 4603 :
1080 4546 1202 4604 Mulier
1220 4545 1250 4602 ai
1270 4553 1409 4620 suscepto
1428 4545 1548 4604 semine
1565 4544 1725 4622 pepererit

247 4640 453 4702 immunditia
480 4659 553 4721 quae
582 4638 623 4701 ab
652 4639 801 4704 exteriori
830 4661 925 4704 causa

174 4739 387 4805 contrahitur.
404 4739 493 4802 Nunc
510 4746 663 4801 tractatur
678 4739 717 4801 dc
739 4758 776 4803 ea
793 4758 864 4820 quae
884 4739 924 4802 ab

175 4839 351 4902 intrinseca
366 4847 536 4915 causaest,
554 4847 586 4900 et
600 4848 646 4901 est
670 4837 736 4900 baec
753 4837 924 4901 immundi·

175 4935 924 5020 tiaquadruplextPrimaleminaaparientisdo

176 5056 239 5118 qua
255 5054 344 5099 nunc
364 5054 489 5112 sermo;
511 5037 662 5113 secunda,
679 5034 796 5118 leprae3
819 5036 920 5110 tertia,

177 5136 283 5198 fluxus
299 5133 454 5208 seminis;
477 5143 601 5216 quarta,
620 5134 726 5196 fluxus
745 5135 921 5216 sanguinis.

224 5238 431 5312 locutusque
452 5243 497 5294 est
521 5236 682 5294 Dominus
707 5237 751 5294 ad
776 5237 921 5311 Moysen,

176 5334 286 5394 dicens
301 5353 314 5393 .·
334 5335 479 5412 Loquere
497 5333 580 5410 filiis
601 5335 712 5406 Israel,
729 5342 759 5393 et
776 5333 862 5394 dices
881 5337 925 5394 ort

983 4642 1362 4704 rnn.rectum.Sccundum
1373 4641 1725 4724 Origenem,superfluc

978 4740 1099 4822 lloyses
1116 4739 1340 4818 addidisset‚Si
1356 4748 1504 4822 suscepto
1520 4739 1723 4816 semine,nisi

979 4839 1126 4902 scivisset
1156 4839 1188 4901 in
1219 4839 1333 4922 spiritu
1359 4839 1516 4918 virginem
1547 4839 1722 4902 masculum

980 4938 1166 5020 parituram.
1183 4939 1286 5020 Atque
1307 4946 1342 4999 ut
1366 4937 1455 5000 addit
1480 4945 1609 4999 sanctus
1637 4945 1725 5019 pater

978 5037 1168 5112 heruardus,
1185 5036 1303 5117 liloysos
1326 5036 1480 5112 dicturus,
1498 5035 1608 5097 llulier
1623 5035 1649 5096 si
1672 5053 1725 5117 pc-

979 5134 1110 5217 pererit,
1128 5134 1292 5196 immunda
1313 5133 1383 5210 crit,
1404 5134 1508 5196 timuit
1524 5134 1643 5196 crimen
1662 5133 1726 5196 bla-

978 5233 1134 5315 sphemiae
1159 5249 1254 5312 super
1278 5232 1372 5294 blatra
1391 5231 1507 5293 Christi
1533 5233 1722 5294 incurrere:

979 5331 1050 5395 ideo
1066 5330 1200 5408 addidit,
1214 5328 1244 5392 Si
1262 5338 1408 5411 suscepto
1425 5329 1556 5394 somine.
1575 5329 1653 5392 llinc
1669 5329 1724 5392 alii
