4309 6259
549 510 724 557 manuario
744 510 775 556 m
796 510 864 555 car.
888 508 985 557 xxvm
1006 510 1109 557 auom.
1131 530 1172 541 -
1191 512 1264 559 aar.
1287 514 1337 559 un
1677 496 1716 559 79

162 679 193 743 lo
207 699 384 763 appensus,
402 689 492 744 curat
507 681 654 745 morbum
670 678 954 755 caducum3suah
1008 686 1049 743 Io
1073 686 1177 752 tertio,
1195 685 1371 761 liparius*,
1388 688 1557 745 caucasea
1574 688 1715 762 amethy-
1751 702 1857 757 wonau-

161 779 325 841 viriditate
347 789 516 845 conservat
537 800 573 843 ae
596 780 725 843 roborat
747 780 863 843 visum.
881 778 911 841 Si
967 790 1041 841 stus.
1051 780 1199 861 Ligurius
1208 800 1335 862 gemma
1349 791 1397 844 est
1411 801 1449 844 ex
1465 781 1566 865 lyncis
1582 782 1714 862 inguine
1730 764 1788 805 ”W

161 879 352 941 extendatur
365 898 403 941 ac
419 878 568 959 poliatur,
588 878 689 941 instar
706 878 827 961 speculi
844 878 914 941 red-
969 898 1025 941 scu
1048 880 1141 943 urina
1163 880 1246 943 inter
1267 880 1415 943 arenulas
1437 890 1598 962 generata,
1622 883 1715 963 cujus

160 978 208 1041 dit
228 978 399 1059 imagines,
417 978 584 1060 gignitque
603 979 739 1055 radium,
757 978 849 1059 cujus
870 978 917 1039 vi-'
969 978 1071 1040 virtus
1094 986 1142 1041 est
1163 980 1321 1043 attrahere
1341 980 1473 1061 paleas:
1496 980 1581 1044 valet
1604 988 1715 1044 contra

162 1096 234 1141 rore
250 1077 348 1160 tingit
363 1096 469 1141 aerem
485 1077 729 1153 circumlusum,
746 1084 851 1139 motus
869 1094 914 1138 re
970 1076 1112 1140 dolorem
1137 1078 1304 1153 stomachi,
1327 1076 1451 1140 lluxum
1473 1078 1595 1141 ventris
1619 1088 1715 1159 atque

162 1175 294 1257 stringit
319 1175 466 1253 lascivos,
487 1194 662 1239 memorem
689 1173 776 1251 lacit,
804 1183 914 1239 contra
969 1175 1132 1238 ictericam
1156 1176 1338 1257 passionem
1361 1176 1510 1239 refrenat.
1537 1178 1594 1239 Per
1618 1196 1714 1258 quam

161 1273 347 1337 daemonum
373 1273 539 1337 illusiones
569 1282 665 1354 atque
691 1274 914 1355 phantasmata
970 1272 1126 1335 stabilitas
1142 1292 1199 1336 seu
1213 1275 1392 1337 constantia
1407 1275 1524 1337 mentis
1540 1275 1573 1336 in
1589 1276 1651 1339 lieo
1667 1276 1715 1337 in·

161 1372 259 1449 valet,
277 1373 401 1437 labrem
423 1392 551 1456 quoque
572 1391 609 1436 ex
630 1372 913 1455 putrefactionem
970 1371 1125 1433 sinuatur.
1143 1371 1276 1435 Achates
1296 1390 1422 1451 gemma
1441 1381 1500 1449 est,
1521 1392 1594 1453 quae
1614 1373 1715 1436 lectur

161 1471 253 1533 venis
269 1481 384 1549 ortam,
403 1470 505 1535 lertur
520 1472 685 1554 repellere.
702 1472 772 1534 llaec
788 1488 914 1551 gemma
970 1488 1086 1549 augere
1101 1469 1240 1547 divitias,
1258 1470 1397 1533 excitare
1419 1488 1568 1545 amorem,
1590 1480 1714 1551 gratum

162 1570 195 1632 iu
212 1570 353 1652 Scythia,
372 1570 503 1653 regione
518 1578 649 1653 propter
668 1569 768 1648 lrigus
790 1568 914 1631 inhabi—
971 1586 1006 1629 ac
1022 1566 1201 1649 placentem
1218 1566 1361 1643 allicere,
1379 1567 1464 1630 vires
1481 1576 1513 1629 et
1534 1567 1716 1631 facundiam

161 1668 263 1745 tabili,
281 1669 400 1731 dicitur
416 1669 567 1745 inveniri,
585 1678 616 1730 et
631 1688 649 1731 a
665 1668 796 1753 grgphis
813 1674 916 1730 custo
970 1665 1155 1747 perhibetur
1171 1664 1332 1747 praebere3
1354 1666 1409 1727 sed
1430 1673 1461 1728 et
1481 1666 1580 1728 vitam
1600 1667 1717 1729 dicitur

160 1767 235 1845 diri,
248 1768 293 1829 ita
309 1768 396 1849 quod
413 1766 501 1829 nulla
516 1784 594 1845 gens
610 1767 706 1829 audet
721 1784 831 1847 rapere
848 1785 912 1841 eae,
971 1764 1171 1845 prolongare,
1181 1773 1213 1827 et
1228 1773 1338 1827 contra
1354 1764 1500 1828 morbum
1516 1766 1670 1828 caducum
1681 1784 1717 1827 ac

161 1873 277 1947 praeter
298 1886 369 1928 eam
387 1885 459 1947 quae
482 1884 581 1927 unum
602 1865 766 1927 dumtaxat
786 1863 913 1926 oculum
933 1861 1129 1924 Bvcnenum
1152 1862 1269 1925 valere.
1295 1863 1413 1944 Estque
1435 1864 1552 1926 coloris
1575 1863 1714 1945 punicei,

161 1964 260 2027 hahet
276 1965 310 2025 in
328 1963 443 2039 ironte,
461 1983 532 2045 quea
549 1962 705 2045 perbelle
721 1971 915 2043 contragry-
969 1970 1001 2022 et
1021 1962 1180 2045 reperitur
1199 1962 1233 2022 in
1254 1961 1361 2024 littore
1376 1961 1502 2024 Oceani.
1520 1963 1607 2026 lianc
1628 1982 1716 2043 gem-

161 2063 255 2143 phos‚
280 2062 362 2127 solet
387 2062 570 2141 smaragdos
596 2061 771 2143 acquirere.
798 2061 858 2123 Sed
884 2070 915 2123 el.
969 2078 1054 2121 mam
1076 2058 1194 2122 dicitur
1215 2059 1322 2140 aquila
1341 2079 1360 2121 a
1379 2059 1564 2141 longinquis
1583 2060 1713 2137 allerre,

162 2170 369 2244 tempestates
394 2180 502 2225 aereas
529 2161 631 2224 lectur
656 2161 723 2224 haec
749 2180 875 2241 gemma
896 2180 915 2223 a
969 2166 1000 2219 ct
1016 2158 1093 2220 nido
1109 2177 1167 2222 suo
1187 2158 1362 2240 imponere,
1380 2178 1420 2221 ne
1440 2159 1516 2240 quid
1538 2159 1605 2222 suis
1620 2169 1716 2240 queat

161 2270 311 2343 portante
327 2280 397 2325 eam
413 2270 567 2325 avertere.
585 2260 642 2322 Per
658 2279 754 2341 quam
771 2278 915 2323 mansue·
970 2257 1067 2339 pullis
1089 2276 1214 2321 nocere.
1233 2258 1290 2319 Per
1310 2276 1403 2338 quam
1426 2258 1601 2320 liberalitas
1621 2259 1715 2321 deno·

161 2360 250 2438 tudo,
267 2360 370 2422 virtus
386 2359 578 2441 gratissima,
596 2365 699 2441 potest
715 2358 864 2439 intelligi.
969 2364 1063 2417 tatur.
1091 2356 1294 2438 Amethystus
1323 2356 1407 2419 iuter
1430 2374 1572 2436 gemmas
1597 2376 1715 2439 purpu-

201 2464 243 2521 In
258 2461 636 2530 secandacartancutas
650 2468 680 2518 et
695 2458 871 2534 sapphiros
885 2467 914 2517 ct
969 2473 1038 2516 reas
1049 2455 1194 2517 obtinere
1204 2454 1357 2519 asseritur
1373 2454 1715 2536 principatum,colore

153 2560 275 2635 jaspis.
293 2556 512 2620 Carbunculus
528 2565 576 2619 est
592 2575 718 2637 gemma
738 2556 913 2637 plurimum
969 2571 1129 2634 purpureo
1143 2552 1347 2635 violaceoque
1362 2554 1548 2635 permixtae,
1565 2562 1714 2636 tanquam

161 2656 313 2737 pretiosa,
341 2656 461 2734 clarius
486 2654 613 2736 lulgens
639 2656 673 2718 in
700 2662 793 2718 nocte
816 2674 913 2736 quam
969 2669 1040 2712 rosa
1066 2650 1172 2712 nitens
1197 2670 1234 2713 ac
1260 2651 1374 2713 leniter
1400 2651 1539 2714 lundens
1560 2654 1715 2734 quasdam

160 2755 224 2831 die,
235 2754 407 2836 radiosque
421 2753 539 2817 emittit
555 2761 590 2815 ut
605 2754 700 2817 carbo
716 2754 847 2833 ignitus.
857 2753 914 2816 Per
968 2748 1194 2812 flammiculas.
1212 2750 1302 2812 Valet
1317 2759 1428 2813 contra
1444 2751 1642 2828 ebrietatem,
1660 2753 1716 2815 tol-

161 2872 258 2934 quam
282 2852 438 2917 lortitudo
460 2871 529 2933 quae
551 2851 584 2913 iu
607 2852 750 2915 adversis
776 2852 913 2913 maxime
969 2847 1006 2909 lit
1022 2867 1151 2929 pravam
1173 2847 1409 2928 cogitationem,
1427 2848 1557 2929 vigilem
1579 2850 1666 2927 lacit,
1684 2860 1715 2913 et

161 2952 353 3029 declaratur,
381 2951 520 3033 intelligi
545 2950 640 3013 valet.
666 2950 840 3032 Sapphirus
866 2958 914 3012 est
968 2946 1089 3008 bonum
1112 2947 1166 3008 dat
1191 2946 1401 3009 intellectum.
1428 2947 1484 3008 Per
1509 2967 1604 3028 quam
1629 2966 1715 3027 gem-

161 3069 289 3131 gcmma
311 3070 424 3114 sereno
444 3050 526 3114 coelo
550 3051 584 3112 in
606 3048 713 3113 colore
735 3048 910 3125 simillima,
931 3041 1064 3123 (imam,
1076 3045 1246 3127 prudentia
1262 3064 1316 3108 seu
1333 3045 1483 3109 discretio
1499 3046 1711 3126 significatur.

163 3150 335 3231 splendens
351 3158 387 3212 ut
402 3148 731 3229 firmamentumque
743 3148 776 3210 in
787 3146 912 3229 Libycis
1008 3148 1049 3206 Io
1074 3155 1201 3224 quarto,
1225 3146 1452 3222 chrysolithus,
1479 3148 1661 3223 onychinos
1684 3157 1714 3207 et

163 3250 321 3331 reperitur
342 3248 450 3310 arenis
473 3265 479 3309 :
501 3248 606 3309 visum
625 3246 797 3324 confortat,
816 3246 913 3309 relre-
967 3246 1119 3320 beryllus.
1136 3241 1354 3324 chrysolithus
1369 3262 1495 3324 gemma
1510 3253 1568 3321 est,
1588 3243 1714 3322 lulgens

163 3357 217 3409 nat
232 3346 415 3423 libidinem,
434 3346 598 3427 restringit
621 3347 763 3421 sudores,
787 3352 912 3425 vegetat
968 3350 1003 3403 ut
1018 3362 1142 3419 aurum,
1159 3350 1191 3405 et
1206 3351 1241 3403 ut
1257 3341 1340 3423 iguis
1356 3342 1521 3420 scintillat,
1539 3343 1619 3405 mari
1639 3364 1714 3425 quo

162 3464 298 3527 corpus3
316 3443 418 3507 lectur
432 3463 561 3526 quoque
577 3444 752 3507 discordias
773 3443 913 3505 reconci-
967 3461 1030 3524 que
1046 3442 1079 3504 in
1096 3444 1201 3506 colore
1216 3451 1265 3505 est
1284 3442 1410 3505 similis.
1428 3444 1592 3508 Daemones
1612 3442 1714 3507 fertur

164 3543 251 3620 liare,
270 3542 436 3623 sanguinis
452 3541 576 3605 lluxum
593 3542 795 3623 restringere,
810 3548 912 3603 tumo-
969 3550 1086 3604 terrere
1101 3550 1197 3622 atque
1212 3539 1332 3623 lugere.
1349 3541 1441 3605 Juvat
1455 3551 1566 3605 contra
1583 3542 1713 3605 timores

165 3661 212 3704 res
227 3650 260 3705 et
277 3640 446 3703 iullaturas
463 3641 585 3717 sedare,
597 3658 758 3703 venenum
776 3639 912 3721 expelle
968 3648 1151 3716 nocturnos,
1174 3639 1482 3721 melancholiamque
1507 3641 1633 3703 minuit.
1657 3642 1714 3704 Per

164 3758 215 3814 re;
234 3739 319 3802 tollit
334 3738 500 3815 iuvidiam,
514 3736 646 3820 expellit
664 3737 821 3813 timorem,
835 3736 912 3799 lacit
968 3757 1063 3819 quam
1079 3737 1322 3818 praeclarissima
1337 3738 1438 3800 virtus
1453 3739 1576 3819 justitia
1592 3739 1652 3802 rite
1666 3759 1714 3801 ac

162 3839 327 3915 audacem,
344 3845 435 3919 parat
456 3836 634 3913 victoriam,
653 3835 764 3897 mitem
782 3834 859 3897 iacit
875 3855 911 3898 ac
968 3836 1092 3918 cipitur.
1107 3836 1151 3898 De
1166 3835 1327 3917 onychino
1343 3836 1464 3899 dictum
1480 3846 1538 3899 est.
1551 3838 1646 3901 Porro
1662 3838 1715 3901 be-

164 3936 317 3999 humilem
333 3944 365 3999 et
381 3935 568 4017 benignum.
585 3935 665 3998 Hinc
683 3952 809 4015 gemma
827 3952 912 4013 gem·
968 3936 1066 4018 ryllus
1078 3934 1205 4015 limpidi
1215 3942 1247 3997 et
1257 3934 1438 4015 aliqualiter
1450 3936 1560 4017 pallidi
1572 3946 1621 3998 est
1630 3937 1714 3999 colo

165 4055 287 4099 marum
303 4042 445 4098 vocatur.
463 4034 520 4097 Per
536 4053 632 4115 quam
649 4034 769 4097 donum
788 4032 912 4114 sapien·
967 4032 1353 4113 rie,similisaquaaasole
1365 4034 1713 4115 pcrcussae.Couservat

165 4134 214 4197 tiae
228 4134 425 4214 designatur.
438 4133 557 4214 Estque
572 4151 697 4215 gemma
713 4132 773 4193 ista
788 4131 914 4193 castita·
967 4150 1107 4194 amorem
1123 4130 1278 4211 conjugii,
1294 4130 1452 4194 medelam
1470 4132 1582 4193 tribuit
1597 4132 1710 4210 oculis,

167 4232 204 4295 tis
224 4232 371 4295 amatrix.
389 4232 481 4295 Ceste
503 4230 600 4313 igitur
621 4230 709 4293 vivat
730 4230 785 4311 qui
810 4230 912 4312 ipsam
930 4236 952 4295 l)
967 4229 1114 4293 calefacit
1129 4248 1259 4291 manum
1276 4230 1431 4304 tenentis3
1444 4238 1555 4294 contra
1571 4231 1712 4313 pericula

165 4340 276 4412 gestat,
295 4349 335 4393 ne
351 4329 545 4411 impediatur
561 4328 661 4392 virtus
681 4328 793 4409 ipsius.
809 4327 911 4410 laspis
967 4327 1106 4391 hostium
1128 4336 1160 4391 et
1182 4336 1292 4391 contra
1310 4328 1382 4391 lites
1404 4329 1508 4391 reddit
1532 4330 1709 4407 invictum3

165 4440 211 4493 est
229 4429 344 4493 viridis
364 4448 401 4490 ac
421 4428 559 4491 lucentis
581 4426 708 4503 coloris,
731 4427 913 4508 multosque
966 4434 1076 4490 contra
1096 4426 1174 4489 vitia
1192 4425 1318 4507 hepatis
1339 4426 1432 4504 valet,
1453 4437 1485 4489 et
1507 4438 1617 4492 contra
1638 4448 1710 4492 eru-

165 4528 242 4591 alios
253 4527 455 4590 intermixtos
466 4526 598 4589 sortitur
607 4524 835 4606 colorescujus
845 4524 913 4587 elfi-
966 4525 1120 4589 ctatioues
1136 4534 1233 4607 atque
1253 4525 1402 4607 suspiria,
1420 4535 1452 4588 et
1474 4527 1513 4588 ad
1535 4527 1711 4591 bonitatem

166 4626 249 4690 cacia
263 4634 322 4704 est,
337 4625 442 4689 lebres
458 4622 721 4707 hydropisimque
736 4623 910 4705 repellere:
966 4622 1093 4687 confert
1107 4623 1239 4703 ingenii.
1252 4624 1309 4686 Per
1324 4643 1420 4705 quam
1435 4644 1605 4705 gemmam,
1619 4626 1712 4689 timor

165 4724 252 4805 jurat
266 4721 610 4808 parturientem,lugat
625 4722 857 4804 phantasmata,
868 4722 914 4782 in·
967 4722 1022 4786 Dei
1038 4721 1345 4799 lilialis,consolatio
1360 4722 1546 4805 spiritualis,
1553 4724 1713 4805 gratitudo

168 4832 213 4887 ter
226 4821 370 4906 pericula
391 4820 469 4885 iacit
488 4821 653 4884 hominem
675 4829 789 4897 tutum,
807 4820 915 4883 incon·
968 4839 1024 4884 seu
1040 4821 1236 4903 poenitentiae
1251 4821 1353 4886 virtus
1370 4821 1507 4903 intelligi
1522 4831 1637 4904 potest.

168 4921 341 4985 tatiouihus
364 4918 598 5001 maleliciisque
618 4918 748 4995 resistit,
766 4920 914 4983 sudorem
1008 4917 1048 4979 ht
1062 4937 1138 4983 vero
1154 4937 1351 5001 gemmarum
1372 4920 1484 4983 harum
1505 4921 1618 4984 saltem
1637 4940 1715 5003 qua-

170 5021 421 5101 sanguinemque
439 5018 624 5101 compescit,
634 5017 789 5081 llueutem
805 5016 914 5079 luxum
970 5017 1127 5093 rumdam,
1143 5017 1276 5082 diversa
1291 5027 1366 5080 sunt
1381 5019 1504 5100 species
1521 5037 1529 5080 :
1546 5020 1665 5084 idcirco
1681 5020 1713 5081 in

171 5118 502 5198 debilitat‚visumque
517 5116 613 5193 acuit,
623 5125 719 5197 atque
735 5115 767 5177 in
783 5123 915 5195 argento
969 5113 1105 5178 diversis
1121 5114 1199 5177 locis
1214 5117 1406 5197 quandoque
1422 5116 1514 5197 quasi
1528 5117 1656 5181 diversa
1676 5119 1715 5181 de

173 5218 269 5299 magis
289 5235 387 5298 quam
403 5217 437 5277 in
453 5215 517 5278 alio
532 5214 633 5278 fertur
649 5214 756 5281 valere
772 5214 912 5277 metallo.
969 5213 1019 5276 his
1035 5213 1170 5295 gemmis
1186 5212 1343 5293 leguntur.
1360 5214 1468 5278 Posset
1485 5215 1615 5279 demum
1629 5216 1715 5279 circa

172 5313 225 5379 Per
235 5332 333 5397 quem
344 5313 555 5397 temperantia
563 5313 687 5379 videtur
697 5312 799 5394 accipi
810 5330 911 5395 posse.
969 5313 1036 5377 hac
1051 5310 1188 5394 quaestie
1201 5311 1324 5376 moveri
1334 5311 1492 5390 difficilis,
1500 5315 1587 5377 unde
1596 5322 1629 5377 et
1636 5332 1714 5396 qua·
