4309 6259
518 538 692 584 ENARRATIO
713 539 744 583 ΙΝ
765 538 833 583 CAP-
857 536 910 583 xm
931 538 1128 585 suranorum.
1150 558 1190 569 --
1211 541 1282 585 aar.
1305 540 1389 587 XXXV

1663 524 1721 587 lar

175 706 347 769 anathema
362 726 421 790 pro
441 709 657 772 destructione
677 728 732 771 seu
749 709 924 772 demolitio
938 706 964 769 Α
978 732 1039 789 que
1054 715 1289 789 plurimorum,
1316 726 1472 775 nerrmuni
1497 720 1541 776 cci
1563 720 1696 794 Moysen
1711 738 1723 776 .·

177 823 217 867 ne
234 806 319 867 sumi
334 806 473 869 videtur.

215 906 362 983 Profecti
375 917 452 967 sarri
463 918 571 968 autem
589 906 649 968 tilii
662 907 754 969 lsrael
765 910 804 968 de
820 917 924 968 monte

176 1006 247 1065 Hor
252 1024 314 1081 per
325 1007 414 1065 ciam
425 1026 497 1084 quae
506 1008 598 1066 ducit
609 1010 653 1066 ad
663 1028 752 1067 mure
762 1010 923 1077 Rubrum,

174 1112 211 1163 ut
233 1105 446 1163 circumirent
471 1114 591 1166 terrem
606 1107 723 1176 Edem,
741 1106 845 1168 eundo
868 1125 924 1187 per

174 1200 393 1263 extremitates
410 1202 563 1265 ldumaae.
580 1205 623 1263 Et
640 1206 856 1281 trederecmpit
869 1225 925 1283 po-

171 1303 293 1376 pulum
317 1300 447 1360 itineris
469 1304 656 1361 celaturis.
684 1302 761 1364 Nam
787 1302 923 1364 multum

173 1396 378 1459 diverterunt
407 1416 425 1458 a
455 1405 543 1459 recto
573 1397 697 1461 itinere.
724 1404 925 1479 Locutusque

174 1503 289 1553 contra
305 1496 525 1557 romanamet
536 1499 668 1575 Moysen
680 1518 690 1557 .·
702 1498 778 1579 quia
794 1498 925 1578 loquen-

176 1591 217 1653 do
240 1602 353 1657 contra
375 1594 529 1657 vicarium
553 1596 608 1659 llei
631 1605 776 1659 sanctum
799 1597 923 1678 Moysen

177 1690 298 1771 injuste
313 1700 345 1755 et
361 1693 577 1775 impatienter,
595 1695 785 1776 loquebatur
804 1703 835 1758 et
851 1714 926 1759 con-

979 828 1042 872 non
1058 810 1114 891 qui
1129 811 1194 891 jam
1211 832 1249 875 ex
1269 812 1444 877 infectione
1459 822 1491 878 et
1510 815 1640 879 lesione
1659 833 1725 878 ser-

978 910 1122 989 pentium
1134 910 1281 992 spiritum
1292 913 1490 990 exhalarunt,
1498 914 1553 977 sed
1563 914 1620 995 qui
1630 912 1723 976 infici

979 1007 1174 1085 metuebant,
1192 1019 1224 1072 et
1242 1011 1342 1092 aliqui
1365 1010 1499 1074 forsitan
1523 1012 1611 1088 lasi3
1628 1024 1724 1092 atque

978 1107 1506 1188 rtr'aceruntquiavexatiodediteis
1516 1110 1725 1173 intellectum:
1758 1134 1871 1185 ranan,

980 1207 1290 1287 Peccavimus,qur'u
1306 1211 1403 1269 locuti
1417 1230 1529 1269 sumus
1544 1220 1656 1269 contra
1667 1214 1726 1271 Do
1740 1201 1773 1242 ¹⁹·

979 1306 1115 1366 minum.
1128 1307 1191 1365 Ora
1202 1316 1238 1365 ui
1250 1310 1339 1366 tollet
1348 1329 1368 1366 n
1379 1309 1468 1367 nobis
1477 1318 1640 1385 serpentes.
1651 1310 1726 1369 Orc-

980 1403 1088 1481 vitque
1106 1406 1238 1479 Moyses,
1254 1404 1310 1484 qui
1332 1404 1459 1467 assidue
1479 1405 1617 1468 reddidit
1643 1406 1727 1468 bona

980 1517 1037 1580 pro
1049 1500 1142 1561 malis
1152 1525 1160 1574 3
1172 1511 1202 1561 et
1217 1506 1340 1563 locutus
1355 1514 1400 1563 est
1411 1506 1570 1565 Dominus
1581 1507 1625 1565 ad
1634 1525 1726 1565 eum:

980 1601 1046 1659 Fac
1070 1610 1246 1677 serpentem
1267 1621 1404 1674 uncum,
1421 1612 1450 1663 et
1461 1622 1547 1680 pone
1571 1624 1645 1665 eum
1665 1624 1727 1681 pro

979 1698 1082 1773 sipno,
1095 1697 1127 1759 id
1142 1706 1201 1776 est,
1214 1698 1301 1779 erige
1317 1708 1348 1763 et
1363 1699 1396 1761 in
1411 1700 1476 1763 alto
1492 1700 1558 1782 lige
1572 1720 1656 1764 eum.
1666 1701 1728 1763 Un-

980 1794 1030 1871 de,
1054 1803 1089 1856 ut
1109 1796 1237 1874 dicitur,
1256 1798 1288 1860 in
1309 1798 1440 1861 Hebraeo
1465 1799 1600 1862 hahetur
1617 1818 1625 1861 ε
1644 1800 1728 1863 Pone

177 1905 234 1952 vos
250 1889 387 1971 spernit,
400 1910 451 1953 me
467 1891 599 1972 spernit.
617 1892 684 1953 Non
697 1900 801 1955 tamen
818 1892 926 1974 legun·
944 1890 967 1951 B
982 1912 1055 1955 eum
1078 1895 1113 1956 in
1136 1896 1266 1978 pertica.
1289 1896 1360 1958 ruit
1385 1898 1505 1980 quippe
1527 1898 1669 1961 elevatus
1693 1898 1727 1961 in

177 1986 366 2050 turdimulo
382 1996 492 2051 contra
502 1990 601 2053 licum
619 1989 926 2072 loculi,alloquendo

177 2104 250 2148 eum
275 2086 358 2150 sicut
383 2086 514 2150 allocuti
539 2096 614 2150 sunt
638 2088 773 2169 Moysen.
791 2092 849 2150 Ait
871 2108 927 2171 po-

177 2186 273 2265 pulus
289 2183 345 2247 ille
356 2203 363 2247 :
376 2188 597 2247 Cureclucisti
612 2190 926 2265 nosdeAEpyplo,ut

176 2303 377 2344 moreremur
397 2286 433 2345 in
458 2287 660 2345 solitudine?
675 2286 708 2347 ln
733 2285 793 2348 hoc
818 2285 926 2366 loque-

176 2382 294 2443 bantur
320 2382 477 2447 malevole
502 2391 534 2447 et
559 2385 720 2447 mendose.
746 2384 813 2447 Non
839 2384 925 2447 anim

177 2480 296 2561 lloyscs
322 2480 453 2563 proprio
478 2481 582 2563 capite
604 2483 756 2545 eduxerat
778 2502 842 2559 eos,
868 2502 925 2546 nec

176 2578 214 2640 ad
231 2578 294 2641 boc
311 2586 346 2640 ut
369 2576 403 2639 in
420 2579 593 2643 solitudine
608 2588 817 2643 morerentur.
835 2586 926 2642 Deest

173 2680 285 2755 panis,
305 2676 336 2738 id
358 2684 407 2739 est
427 2677 604 2741 necessaria
622 2678 798 2741 alimenta:
820 2686 925 2741 tamen

178 2774 271 2857 panis
287 2774 392 2837 lactus
405 2794 441 2838 ex
457 2795 575 2838 manna
592 2792 656 2839 non
671 2776 773 2839 detuit
789 2777 926 2853 eis3non

176 2884 379 2953 scutaque,
402 2873 433 2937 id
456 2882 514 2951 est,
537 2874 662 2956 copiam
687 2894 840 2956 aquarum
862 2894 925 2939 non

177 2974 346 3036 babemus,
364 2975 488 3034 Anima
510 2984 620 3035 nostra
634 2975 711 3052 jam
732 2984 876 3046 nauseet,
893 2974 925 3037 id

982 1992 1070 2073 ligno
1096 1994 1280 2075 hujusmodi
1301 2014 1358 2079 pro
1379 1996 1480 2076 signo.
1498 1997 1557 2059 Pro
1576 1997 1662 2078 quali
1689 1998 1728 2059 si-

982 2094 1067 2172 gnet
1083 2092 1138 2154 Est
1154 2092 1241 2155 enim
1253 2094 1379 2175 signum
1391 2096 1637 2159 memorativum
1652 2115 1729 2178 praa

983 2190 1078 2267 teriti,
1106 2199 1138 2253 et
1168 2192 1407 2274 prognosticum
1434 2212 1488 2256 seu
1520 2193 1728 2275 figurativum

983 2287 1093 2351 futuri.
1112 2290 1167 2352 Est
1189 2291 1264 2353 item
1281 2292 1408 2371 signum
1425 2292 1602 2374 presentis
1620 2313 1730 2375 quem-

981 2388 1153 2451 admodum
1179 2398 1253 2452 ante
1282 2390 1456 2472 hospitium
1486 2399 1541 2453 aut
1566 2391 1728 2454 tabernam

982 2487 1100 2568 pendet
1122 2486 1248 2568 signum
1270 2489 1338 2552 sire
1358 2488 1512 2552 indicium
1532 2490 1730 2573 hospitalita-

983 2585 1034 2661 tis,
1051 2592 1107 2647 aut
1125 2592 1219 2668 potus
1239 2588 1372 2649 venalis.
1390 2588 1497 2669 ltaque
1517 2607 1649 2670 serpens
1674 2588 1729 2651 ille

983 2681 1044 2745 tuit
1059 2683 1187 2765 signum
1203 2686 1445 2749 memorativum
1468 2686 1729 2769 transgressionis

982 2782 1170 2859 commissae,
1194 2783 1321 2864 signum
1341 2802 1469 2865 quoque
1489 2784 1728 2866 prognosticum

983 2899 1046 2944 non
1069 2879 1172 2943 solum
1187 2881 1304 2943 Christi
1319 2900 1377 2964 pro
1395 2881 1487 2945 nobis
1508 2882 1541 2944 in
1566 2902 1660 2947 cruce
1684 2884 1729 2946 le·
1755 2908 1875 2959 raanan,

982 2978 1059 3055 vati,
1078 2987 1153 3041 tunc
1171 2979 1309 3056 levandi,
1327 2980 1382 3042 sed
1407 2988 1439 3043 et
1459 2980 1633 3043 sanationis
1658 3000 1728 3063 pro·
1743 2972 1777 3014 ¹⁴·

176 3080 233 3147 est,
248 3070 415 3133 fastidium
432 3071 720 3149 babet,superctbo
731 3075 791 3133 isto
808 3074 926 3133 levissi-
941 3074 964 3138 G
982 3076 1087 3139 missa
1097 3076 1347 3159 adspicientibus
1358 3078 1478 3141 danda.
1489 3081 1553 3147 Qui
1558 3099 1728 3158 percnum

176 3190 239 3240 mc,
255 3168 382 3232 scilicet
405 3188 522 3232 manna
540 3187 547 3232 :
565 3171 649 3251 quod
672 3170 764 3233 malis
791 3188 854 3233 non
879 3190 927 3233 sa-

176 3267 256 3350 puit,
271 3266 336 3330 nisi
356 3268 533 3330 secundum
553 3286 662 3331 eorum
678 3268 843 3345 demerita,
861 3278 927 3332 tan-

176 3386 273 3449 quam
289 3366 380 3429 arida
395 3374 427 3430 et
442 3366 581 3449 insipida
596 3387 684 3443 esca3
704 3388 804 3449 quum
820 3376 925 3431 nmen

176 3484 214 3528 ex
234 3485 293 3528 sua
317 3474 431 3528 natura
454 3474 538 3528 esset
560 3466 682 3547 saporis
703 3468 821 3544 suavis,
837 3468 926 3549 juxta

58 3572 161 3623 samm,
177 3565 256 3627 illud
274 3564 374 3628 Exodi
388 3564 522 3628 :Gustus
532 3565 601 3646 ejus
617 3566 708 3646 quasi
724 3566 838 3629 simila
853 3587 925 3630 cum

46 3637 73 3677 ³¹⁴
176 3664 284 3740 melle,
302 3663 334 3725 id
358 3671 406 3725 est
427 3663 519 3745 quasi
540 3663 632 3745 panis
655 3661 732 3727 tacti
752 3684 789 3727 ex
809 3666 926 3729 delica-

177 3762 302 3825 tissima
332 3761 432 3823 tritici
458 3760 562 3823 larina
592 3761 679 3825 melli
706 3762 855 3826 admixta.
881 3766 924 3828 lle

176 3858 296 3941 triplici
320 3864 426 3922 autem
442 3876 555 3941 sapore
571 3879 696 3923 manne
719 3862 865 3943 superius
881 3864 925 3925 di-

174 3966 262 4019 ctum
278 3964 339 4021 ast.

215 4057 429 4125 Quamobrem
440 4058 530 4117 misit
539 4059 699 4118 Dominus
715 4060 751 4117 in
764 4063 923 4135 populum

174 4158 294 4231 inuitos
308 4165 477 4232 serpentes.
488 4146 593 4217 Primo
610 4165 821 4237 peccaverunt
837 4158 922 4220 enim

981 3194 1000 3237 a
1015 3174 1228 3257 serpentibus,
1245 3178 1429 3254 adspexerit
1450 3197 1536 3248 eum,
1552 3180 1651 3247 vivet,
1667 3176 1727 3240 hoc

982 3282 1040 3350 ost,
1058 3273 1232 3336 curabitur.
1249 3278 1338 3336 Fecit
1362 3295 1436 3353 erpo
1455 3279 1579 3355 Moyses
1601 3296 1729 3355 serpen-

983 3382 1044 3433 tem
1062 3393 1200 3446 uncum,
1218 3372 1249 3435 id
1271 3382 1330 3450 est,
1348 3373 1421 3437 lieri
1442 3373 1519 3438 lecit
1538 3393 1595 3458 per
1614 3394 1728 3438 manus

981 3468 1155 3546 artificum,
1172 3480 1202 3530 et
1213 3472 1323 3548 posuit
1338 3492 1413 3531 eum
1423 3491 1485 3549 pro
1499 3474 1591 3548 sipno
1607 3489 1619 3532 .·
1634 3492 1728 3551 quem

981 3588 1082 3646 quum
1092 3570 1239 3645 percussi
1249 3572 1459 3647 adspicerent,
1475 3571 1685 3632 curabuntur.

1020 3667 1109 3730 Circa
1124 3668 1191 3731 hec
1207 3668 1321 3731 merito
1331 3668 1495 3749 quaritur,
1508 3668 1728 3732 curllominus

979 3765 1034 3846 qui
1051 3764 1152 3829 voluit
1170 3765 1247 3828 tiliis
1262 3767 1367 3843 lsrael,
1382 3767 1421 3829 ad
1433 3766 1646 3830 idololatriam
1657 3786 1727 3849 pro

980 3864 1041 3941 nis,
1059 3882 1187 3927 omnem
1208 3864 1430 3928 idololatrandi
1451 3865 1651 3929 occasionem
1672 3886 1727 3930 au-

979 3962 1074 4039 ferre,
1094 3964 1127 4025 in
1144 3972 1266 4025 tantum
1284 3964 1371 4045 quod
1385 3964 1551 4047 prohibuit
1569 3964 1725 4045 imagines
1763 3996 1827 4041 Dm,
1841 4012 1870 4045 ,q

978 4081 1140 4144 pecorum,
1158 4063 1320 4144 reptilium
1345 4072 1375 4126 et
1391 4062 1570 4126 volatilium
1593 4062 1676 4142 fieri,
1693 4072 1725 4127 et
1739 4062 1812 4105 Μ·

978 4160 1011 4221 in
1039 4160 1242 4223 tabernaculo
1268 4179 1326 4224 suo
1342 4160 1451 4239 locari,
1475 4162 1626 4243 pracepit
1650 4160 1724 4225 fieri

173 4253 206 4314 in
224 4254 331 4328 corde,
340 4272 398 4333 per
415 4252 659 4316 immoderatum
675 4254 803 4317 tedium
820 4264 851 4318 et
867 4255 923 4317 im·
941 4262 962 4324 t)
978 4259 1062 4320 hunc
1078 4267 1271 4339 serpentem,
1288 4277 1345 4340 per
1365 4278 1459 4340 quem
1479 4268 1604 4342 poterat
1624 4278 1725 4342 popu-

173 4350 420 4432 patientiam;et
430 4352 584 4432 quoniam
595 4372 667 4416 suas
683 4354 846 4435 passiones
858 4373 922 4417 non

173 4448 432 4527 refrenaverunt,
454 4459 670 4533 proruperunt
690 4452 723 4513 in
744 4452 839 4515 verba
855 4471 924 4533 pra-

173 4548 319 4623 vissima,
336 4554 368 4610 et
389 4549 521 4630 prelato
543 4568 600 4612 sno
625 4550 854 4613 contumeliose
876 4551 923 4613 lo·

173 4646 241 4711 cuti
271 4654 360 4723 sunt,
381 4653 413 4709 et
442 4645 601 4709 beneficia
630 4647 685 4711 Dei
716 4649 925 4731 parvipende-

176 4754 258 4807 runt.
277 4744 448 4825 Serpentes
462 4744 510 4806 illi
527 4755 680 4809 vocantur
696 4747 789 4828 igniti
808 4766 846 4810 ex
867 4766 924 4810 suo

175 4841 310 4917 aflectu,
328 4842 405 4924 quia
425 4842 509 4905 intra
530 4862 563 4906 se
583 4844 789 4908 abundabant
808 4846 923 4909 calore.

175 4942 266 5005 Unde
281 4942 332 5020 (ut
354 4940 486 5021 dicitur)
502 4943 594 5007 valde
615 4944 704 5026 parvi
722 4951 813 5007 erant
832 4954 927 5027 atque

176 5040 353 5117 celerrimi,
370 5049 401 5103 et
423 5041 599 5105 volitabant
619 5042 651 5105 in
672 5062 755 5120 aero,
778 5052 927 5125 tanquam

177 5138 930 5222 scintillae,iniecernntquehominesvenen0,et

179 5237 542 5319 inflammabanlusque
553 5239 592 5301 ad
611 5248 777 5317 tumorem,
790 5240 931 5322 igneum-

180 5353 247 5417 que
267 5335 429 5399 ruborem.
447 5339 501 5399 Aci
515 5358 653 5417 quorum
664 5343 782 5415 ptcpas
806 5352 932 5402 mortes-

978 4357 1027 4418 lus
1051 4356 1092 4418 ad
1116 4356 1328 4419 idololatriam
1353 4358 1530 4439 provocari.
1554 4358 1643 4434 item,
1667 4376 1725 4420 cur

979 4454 1055 4517 lecit
1075 4473 1149 4516 cum
1170 4473 1293 4518 aeneum
1316 4454 1399 4531 fieri,
1417 4465 1449 4517 et
1472 4475 1529 4517 cur
1553 4474 1612 4536 pro
1634 4454 1724 4534 signo

980 4553 1089 4630 levari,
1107 4562 1139 4616 et
1161 4571 1225 4616 non
1241 4553 1347 4636 potius
1368 4552 1491 4635 aliquid
1512 4553 1590 4616 mite
1608 4574 1645 4617 ac
1670 4573 1726 4618 nou

979 4652 1044 4714 bile
1059 4652 1178 4715 animal
1196 4651 1314 4729 lusum,
1326 4661 1382 4714 aut
1397 4652 1569 4733 sculptum.
1587 4653 1727 4735 Respon-

980 4751 1072 4813 detur
1087 4751 1126 4812 ad
1142 4750 1291 4832 primum,
1309 4751 1395 4832 quod
1412 4768 1475 4813 non
1491 4749 1562 4813 sine
1576 4752 1727 4832 mysterio

982 4848 1101 4911 lactum
1122 4856 1170 4910 est
1186 4848 1289 4923 istud;
1309 4858 1415 4912 tamen
1437 4848 1514 4931 quia
1537 4866 1556 4910 a
1574 4848 1729 4930 serpenti-

982 4948 1041 5010 bus
1066 4946 1328 5025 vulnerabantur,
1353 4947 1477 5028 jussum
1503 4954 1552 5010 est
1575 4956 1610 5009 ut
1635 4945 1730 5010 lieret

983 5064 1126 5127 serpens,
1153 5045 1208 5125 qui
1235 5044 1268 5106 in
1291 5055 1451 5127 posterum
1477 5048 1517 5108 ad
1543 5045 1729 5108 memoriam

985 5151 1148 5206 revocaret
1162 5142 1286 5223 plagam
1303 5144 1389 5205 illam
1412 5152 1475 5205 tam
1496 5146 1614 5225 justam
1633 5162 1670 5205 ac
1686 5143 1731 5204 di-

984 5244 1067 5305 vinae
1083 5240 1211 5323 pietatis
1228 5241 1403 5304 remedium
1419 5241 1448 5304 ei
1471 5242 1664 5323 appositum.
1683 5242 1731 5302 Fi-

985 5341 1112 5421 guravit
1135 5347 1241 5402 autem
1274 5358 1403 5421 serpens
1430 5340 1485 5402 ille
1506 5338 1667 5401 Christum
1695 5339 1730 5402 in
