4309 6259
525 504 707 552 summme
729 504 759 551 nv
781 503 849 553 cnr.
873 503 903 550 vr
924 500 1160 553 oaurunorvoxn.
1182 527 1221 537 -
1242 504 1313 553 xnr.
1336 503 1379 554 vn
1666 480 1725 551 etl

173 686 414 759 preceptorum
442 696 449 739 :
476 678 627 760 quoniam
655 686 812 761 precepta
840 675 928 740 caeri-
942 674 968 737 ‘n
983 677 1141 741 secutiva:
1154 697 1225 759 quae
1241 697 1304 740 non
1320 686 1395 740 sunt
1411 676 1725 759 intelligenda,quasi

179 774 333 837 monialia
355 776 487 838 tradunt
503 776 626 840 varium
649 777 780 839 modum
799 773 925 839 colendi
982 783 1070 838 actus
1087 776 1268 840 dilectionis
1288 776 1406 840 divinae
1426 776 1528 858 possit
1547 776 1726 857 subiective

178 873 288 947 Deum,
308 892 466 955 persacra
479 883 510 937 et
526 873 733 937 sacrilicieae
749 892 928 937 sacramen·
984 873 1224 956 lormaliterque
1249 876 1354 938 inesse
1379 876 1555 938 intellectui
1579 873 1726 956 appetiti-

178 980 220 1047 ta,
247 970 531 1053 observandasque
557 972 685 1053 legales.
713 972 854 1034 Tertium
879 977 927 1033 est
984 992 1033 1048 vo,
1051 974 1201 1055 potentiae
1217 974 1452 1051 sensitivae‚aut
1468 974 1590 1036 viribus
1605 973 1728 1035 sensiti-

177 1077 373 1151 praeceptum
388 1070 552 1152 judiciale,
568 1073 655 1154 quod
676 1071 708 1133 in
724 1072 866 1134 diversas
882 1069 928 1131 di·
981 1072 1042 1147 vis,
1064 1091 1164 1153 quum
1190 1073 1236 1135 sie
1261 1072 1320 1136 soli
1344 1073 1496 1136 inhaereat
1518 1071 1686 1145 voluntati,
1709 1088 1728 1132 a

177 1166 300 1230 viditur
316 1169 450 1250 species.
469 1169 549 1232 Sunt
559 1178 665 1234 autem
675 1169 840 1250 judicialia
851 1187 928 1250 prae
983 1189 1047 1251 qua
1061 1171 1242 1235 etelicitive
1253 1172 1415 1253 procedit;
1433 1173 1489 1234 sed
1503 1172 1589 1253 quod
1606 1170 1728 1233 intelle

178 1274 284 1347 cepta,
311 1268 457 1347 quadam
487 1276 602 1330 statuta
631 1267 741 1330 divina
765 1269 804 1330 de
834 1267 928 1329 modo
983 1277 1052 1331 otus
1074 1290 1111 1331 ac
1132 1279 1245 1333 eeterae
1260 1270 1355 1347 vires,
1371 1270 1508 1333 debeant
1531 1269 1668 1349 regulari
1690 1287 1727 1330 ac

179 1366 372 1429 observandi
397 1365 554 1447 justitiam
583 1366 616 1429 in
644 1375 755 1430 mutuo
779 1365 928 1443 convictu
984 1367 1078 1447 dirigi
1091 1367 1124 1429 in
1140 1368 1290 1432 omnibns
1305 1367 1430 1432 actibus
1452 1367 1519 1430 suis
1542 1367 1582 1429 ad
1604 1367 1728 1429 subser-

179 1464 322 1529 humano
340 1483 346 1527 :
366 1464 437 1527 ideo
459 1474 534 1528 sunt
555 1466 773 1529 determinatae
794 1464 929 1546 explica·
985 1465 1136 1529 viendum
1158 1466 1269 1530 divino
1284 1465 1395 1542 amori,
1414 1475 1445 1529 ct
1466 1467 1549 1529 sicut
1563 1465 1661 1544 exigit
1676 1484 1728 1527 ca·

180 1563 296 1641 tiones,
319 1573 350 1628 et
370 1564 459 1628 velut
474 1565 698 1629 conclusiones
715 1574 836 1647 septem
853 1581 929 1645 prae
985 1566 1062 1627 ritas
1078 1565 1145 1641 Dei,
1162 1574 1259 1646 atque
1274 1574 1309 1626 ut
1324 1573 1448 1646 oportet
1469 1583 1525 1627 seu
1547 1563 1675 1645 expedit
1689 1563 1729 1625 ad

179 1671 347 1745 ceptorum
372 1664 517 1745 Decalogi
540 1665 802 1728 concernentium
826 1660 930 1744 proxi·
985 1661 1220 1745 proliciendum
1237 1662 1270 1723 in
1287 1682 1367 1744 puro
1382 1671 1414 1724 et
1428 1661 1662 1744 supernaturali
1674 1660 1728 1723 lle-i

179 1780 261 1823 mos.
288 1762 332 1825 lle
362 1761 412 1824 his
443 1763 565 1826 dictum
595 1771 644 1825 θεῖ
675 1761 804 1845 copiose
834 1778 929 1841 super
985 1780 1103 1824 amore.
1121 1761 1228 1842 ltaque
1243 1762 1276 1822 in
1293 1770 1450 1842 praecepto
1473 1761 1600 1823 amandi
1616 1761 1726 1836 ileum,

180 1860 325 1922 Exodum
341 1860 518 1943 exscriptis
533 1860 704 1924 Alexandri
720 1861 759 1923 de
774 1859 866 1922 Hales
882 1878 931 1920 su·
948 1864 970 1925 B
987 1880 1049 1924 non
1071 1861 1259 1943 exprimitur
1281 1868 1367 1923 certa
1389 1860 1543 1940 diligendi
1566 1878 1727 1937 mensura,

172 1977 239 2040 -per
255 1960 384 2023 tertium
402 1960 690 2038 Sententiarum,et
706 1959 737 2022 S.
754 1960 881 2022 'lhomm
897 1956 930 2018 in
986 1961 1040 2023 sed
1058 1959 1188 2041 jubetur
1203 1967 1239 2025 ut
1254 1958 1340 2035 totis,
1357 1960 1463 2035 corde,
1485 1958 1602 2034 anima,
1621 1966 1653 2021 et
1668 1957 1731 2020 lor-

181 2058 287 2140 prima
302 2060 461 2135 secundae,
477 2067 575 2139 atque
589 2058 751 2121 Guillelmi
772 2056 928 2120 Parisien-
984 2058 1121 2121 titudine
1150 2058 1311 2138 diligatur,
1341 2058 1381 2119 ad
1412 2057 1611 2120 innuendum
1642 2056 1726 2137 quod

181 2158 227 2219 sis
243 2155 327 2219 libro
342 2157 382 2219 de
397 2156 473 2220 Fide
488 2165 519 2220 et
535 2157 671 2238 legibus.
985 2165 1130 2220 creatura
1150 2176 1213 2220 non
1229 2157 1333 2222 valeat
1347 2158 1445 2219 Deum
1472 2156 1569 2218 nimis
1584 2155 1728 2235 diligero,

223 2259 302 2317 Haee
322 2266 399 2317 sunt
410 2266 572 2333 praecepta
595 2254 728 2319 moralia
743 2266 773 2317 et
788 2258 929 2316 crert'mo-
986 2257 1051 2319 imo
1066 2275 1125 2319 nec
1140 2264 1276 2331 tantum,
1292 2264 1448 2337 quantum
1465 2255 1533 2337 ipse
1548 2274 1586 2317 ex
1602 2254 1731 2337 propria

181 2358 258 2427 m'm,
277 2354 310 2417 id
332 2363 381 2417 est
401 2362 560 2436 praecepta
579 2354 819 2431 cerimonialia,
837 2365 932 2433 atque
985 2356 1128 2418 bonitate
1149 2355 1297 2417 amabilis
1312 2362 1380 2428 est3
1402 2362 1436 2416 et
1457 2354 1552 2417 etiam
1576 2354 1731 2436 quoniam

174 2456 324 2531 judicia,
341 2453 374 2517 id
390 2462 437 2516 est
452 2454 619 2533 judicialia
635 2454 733 2535 jussa.
756 2455 799 2516 lle
819 2472 933 2534 prece·
987 2454 1074 2537 prior
1091 2453 1201 2516 dilexit
1223 2471 1292 2529 nos,
1310 2461 1340 2515 et
1357 2461 1485 2533 propter
1506 2452 1656 2516 universa
1677 2453 1731 2515 be
1758 2468 1878 2518 tremata,

183 2552 247 2635 ptis
262 2562 370 2615 autem
382 2553 650 2616 cerimonialibus
665 2562 697 2615 et
711 2551 929 2634 iudicialibus,
988 2552 1106 2616 nelicla
1120 2553 1203 2634 ejus,
1220 2550 1401 2614 incllabilia
1417 2569 1545 2632 quoque
1561 2551 1730 2634 promissa,
1748 2535 1781 2574 ¹⁰·

183 2650 269 2713 inlra
286 2658 440 2715 tractatur
456 2651 489 2713 iu
506 2652 642 2713 diversis
657 2652 933 2734 capitulisxlcdi,
987 2671 1058 2735 quae
1080 2671 1138 2713 nec
1163 2650 1276 2713 oculus
1298 2649 1389 2726 vidit,
1409 2669 1467 2712 nec
1489 2650 1574 2712 auris
1596 2649 1730 2728 audivit,
1758 2666 1879 2718 reorum».

183 2754 301 2819 Israel,
318 2752 478 2812 Dominus
495 2754 579 2811 Deus
597 2760 681 2822 tuus,
699 2750 822 2813 scilicet
837 2768 932 2811 verus
990 2770 1047 2813 nec
1063 2769 1154 2811 mons
1169 2748 1409 2831 apprehendere
1426 2748 1521 2811 valet.

184 2851 278 2925 lleus,
296 2868 393 2930 quern
409 2849 514 2912 solum
529 2849 620 2925 colis,
637 2849 710 2911 aliis
729 2848 879 2929 gentibus
894 2847 934 2909 ad
1028 2850 1181 2912 Praeterea
1196 2847 1280 2909 istud
1291 2854 1485 2928 praeceptum
1503 2846 1671 2927 tripliciter
1681 2866 1735 2930 po-

185 2948 401 3011 idololatriam
422 2948 531 3029 lapsis,
555 2952 642 3009 Deus
664 2968 750 3009 nnus
770 2958 814 3008 est
830 2970 841 3007 .·
856 2965 935 3028 quo·
981 2956 1050 3011 'test
1066 2945 1202 3025 intelligi
1218 2952 1250 3007 et
1265 2945 1403 3026 impleri.
1421 2945 1578 3023 Primo,ut
1594 2945 1639 3009 sic
1651 2948 1732 3009 Deus

177 3047 272 3109 'niam
296 3045 399 3108 deitas
421 3064 497 3109 vera
516 3064 573 3107 seu
595 3045 705 3108 divina
727 3044 867 3108 essentia
891 3045 935 3106 di·
951 3046 974 3109 G
990 3055 1114 3109 ametur
1129 3044 1315 3120 totocorde,
1333 3052 1406 3121 etc,
1424 3045 1510 3125 quod
1526 3045 1595 3124 ejus
1611 3044 1735 3108 caritati

184 3144 366 3209 versificari
389 3161 453 3206 uon
473 3151 589 3225 potest,
613 3163 672 3206 nec
696 3143 931 3224 multiplicari:
991 3145 1035 3207 nil
1052 3151 1264 3226 praeponatur,
1274 3161 1332 3206 nec
1341 3142 1464 3226 aliquid
1476 3152 1601 3205 tantum
1611 3154 1736 3207 ametur

184 3244 271 3324 quod
291 3249 324 3304 et
340 3241 523 3323 philosophi
540 3241 617 3304 satis
633 3243 864 3319 demonstrant,
878 3240 934 3322 qui
991 3252 1026 3308 ut
1050 3244 1129 3325 ipse,
1152 3243 1216 3306 imo
1241 3262 1371 3305 necesse
1392 3251 1441 3305 est
1465 3250 1499 3304 ut
1524 3244 1735 3325 appretiative

186 3360 284 3404 unam
295 3359 454 3402 summam
465 3346 496 3402 et
507 3340 642 3421 primam
654 3340 797 3404 omnium
809 3359 935 3403 causam
991 3351 1115 3406 ametur
1136 3341 1430 3423 incomparabiliter
1452 3341 1641 3424 plusquam
1664 3342 1737 3405 reli-

185 3458 255 3503 esse
281 3446 452 3503 noverunt.
478 3438 565 3500 lstud
590 3448 638 3501 est
663 3438 803 3520 primum
824 3457 937 3529 praece·
984 3442 1188 3524 quaomnia.
1206 3440 1267 3503 Nec
1282 3446 1331 3503 est
1345 3439 1462 3520 aliquis
1479 3440 1511 3502 in
1523 3448 1606 3504 statu
1622 3441 1734 3503 salutis

52 3551 170 3605 nativus,
187 3549 278 3622 ptum
301 3537 462 3619 Decalogi,
480 3538 565 3617 quod
588 3546 620 3601 et
641 3538 833 3619 precedenti
850 3537 936 3619 capi·
992 3550 1023 3605 θῖ
1045 3541 1165 3622 gratiae,
1188 3539 1250 3601 nisi
1270 3539 1316 3603 sic
1338 3547 1409 3616 stet,
1428 3540 1512 3621 qnod
1533 3539 1643 3603 mallet
1665 3558 1735 3622 pro·

188 3638 255 3701 tulo
270 3646 321 3700 est
337 3635 518 3718 repetitum,
536 3643 568 3699 θῖ
584 3656 669 3698 nunc
680 3655 808 3718 quoque
824 3636 938 3719 repeti·
993 3640 1095 3723 priam
1115 3639 1261 3703 vitamet
1281 3646 1381 3701 totum
1403 3639 1559 3700 mundum
1579 3639 1735 3716 amittere,

187 3735 340 3817 tur:quia
355 3735 394 3797 ad
411 3743 604 3816 preceptum
620 3735 937 3817 principalissimum,
993 3758 1088 3820 quam
1114 3739 1274 3820 peccando
1303 3735 1481 3799 mortaliter
1504 3736 1672 3801 ollendere
1701 3758 1738 3801 ac

186 3836 274 3916 quod
291 3832 398 3895 statim
415 3832 631 3913 subjungitur,
649 3853 778 3897 necesse
794 3844 841 3898 est
857 3837 938 3900 seire
993 3838 1126 3921 perdere
1141 3836 1250 3898 Deum.
1268 3836 1398 3916 Propter
1413 3836 1498 3916 quod
1519 3835 1661 3917 loquitur
1675 3837 1738 3900 Au-

188 3943 243 3996 aut
254 3933 397 4005 credere,
413 3932 501 4013 quod
518 3950 582 3994 non
598 3932 640 3993 sit
656 3932 718 3994 nisi
740 3953 823 3996 unus
844 3954 938 3998 verus
993 3936 1140 4018 gustinus
1154 3952 1161 3996 ε
1173 3934 1258 4016 quod
1274 3934 1408 3995 minima
1417 3933 1532 3997 caritas
1543 3934 1615 4016 plus
1631 3934 1738 4016 diligit

188 4034 283 4108 neus,
301 4030 357 4112 qui
374 4038 437 4093 tam
453 4048 527 4093 vere
543 4038 591 4092 θεῖ
609 4030 710 4093 trinus
727 4031 760 4093 in
776 4033 936 4113 Personis,
993 4036 1103 4112 Deum,
1121 4053 1217 4115 quarn
1237 4032 1374 4095 maxima
1389 4032 1547 4115 cupiditas
1568 4035 1735 4113 mundum,

188 4152 286 4214 quam
302 4148 379 4193 vere
394 4149 477 4192 unus
494 4130 527 4192 in
543 4130 691 4194 essentia.
993 4133 1201 4216 appretiative
1223 4131 1385 4209 videlicet,
1410 4151 1475 4195 non
1501 4141 1605 4196 tamen
1631 4134 1735 4198 inten-

230 4230 352 4293 Deinde
367 4228 673 4311 principalissimum
684 4241 879 4315 praeceptum
890 4230 978 4297 ex-l)
994 4233 1072 4309 sive,
1095 4239 1251 4296 monstrat
1274 4233 1361 4313 quod
1386 4232 1459 4312 quis
1484 4231 1644 4297 intensive
1664 4234 1738 4316 plus

190 4329 354 4412 primitur.
370 4329 495 4405 Dttipes
514 4330 692 4391 Dominum
711 4334 814 4392 Deum
833 4342 938 4403 tuum,
994 4331 1157 4394 alliciatur
1177 4337 1329 4394 creaturae
1343 4349 1441 4412 quam
1454 4330 1595 4395 Creatori
1618 4333 1739 4415 absque

190 4430 224 4492 id
238 4438 297 4507 est,
305 4426 404 4509 jubeo
418 4434 454 4487 ut
463 4425 589 4508 diligas,
602 4436 633 4489 θῖ
644 4428 776 4510 diligere
788 4430 938 4510 obligaris
995 4438 1125 4513 peccato
1135 4428 1261 4492 mortali
1273 4452 1282 4505 ς
1293 4428 1372 4491 alias
1384 4429 1437 4493 vix
1450 4428 1568 4510 aliquis
1579 4428 1740 4495 videretur

189 4527 363 4592 Dominum
378 4526 477 4588 Deum
492 4533 584 4588 tuum
606 4526 763 4607 spirituali
783 4538 814 4591 et
830 4529 940 4595 inluso
995 4548 1064 4592 esse
1079 4528 1113 4590 in
1128 4527 1270 4590 caritate.
1289 4527 1433 4591 &cundo
1448 4528 1617 4609 exponitur
1632 4538 1664 4592 et
1682 4530 1741 4592 im-

189 4644 313 4702 amore,
328 4646 369 4685 erc
385 4628 554 4687 totocorde
570 4635 634 4698 tuo,
652 4625 684 4687 id
700 4634 748 4689 est
765 4634 829 4691 toto
849 4628 941 4692 intel·
995 4628 1100 4711 pletur'
1122 4626 1179 4704 sic,
1196 4626 1281 4708 quod
1307 4626 1388 4689 Deus
1410 4625 1561 4705 diligatur
1587 4635 1653 4690 toto
1674 4646 1741 4691 cor·

191 4726 289 4801 lectu,
308 4732 341 4786 et
356 4722 566 4787 intellectuali
586 4722 707 4787 allecta
723 4744 779 4789 scu
795 4726 942 4791 volunta·
996 4728 1046 4805 de,
1063 4726 1108 4788 ita
1129 4733 1164 4787 ut
1183 4734 1313 4807 propter
1332 4726 1431 4788 lleum
1453 4731 1485 4786 et
1506 4725 1576 4804 eins
1597 4744 1740 4788 amorem

192 4834 235 4901 te,
252 4833 283 4884 et
296 4844 339 4883 ee
355 4832 419 4883 tota
433 4824 549 4883 anima
565 4832 632 4894 tuo,
650 4822 682 4885 id
698 4832 746 4885 est
761 4824 894 4888 animali
911 4835 942 4889 et
996 4825 1137 4888 vitentur
1152 4842 1216 4887 non
1232 4824 1335 4887 solum
1352 4821 1475 4897 illicita,
1493 4822 1584 4885 idest
1599 4832 1738 4905 peccata,

192 4921 348 4986 sensitiva
363 4920 405 4997 vi,
423 4920 584 4999 cognitiva
598 4930 630 4984 et
644 4920 806 4999 allectiva,
814 4924 873 4988 hoc
893 4934 942 4989 θεῖ
986 4923 1172 5007 praesertim
1187 4922 1344 4999 mortalia,
1362 4922 1416 4985 sed
1432 4921 1528 4985 etiam
1551 4922 1640 4984 licita
1653 4942 1741 5004 quat-

191 5019 283 5085 omni
309 5038 406 5082 sensu
428 5019 577 5083 exteriori
602 5039 639 5083 ac
659 5020 815 5097 interiori,
843 5024 943 5086 sensi·
996 5023 1080 5100 dam,
1097 5041 1170 5103 quae
1184 5022 1287 5083 solent
1302 5041 1321 5084 a
1336 5020 1438 5084 divini
1460 5020 1579 5084 amoris
1594 5020 1742 5102 proiectu

193 5120 326 5200 tivoque
355 5117 510 5200 appetitu,
537 5129 566 5180 et
590 5140 631 5179 ee
655 5129 719 5180 tota
743 5122 942 5197 fortitudine
988 5129 1028 5185 ct
1047 5120 1243 5203 perfectione
1258 5120 1418 5203 praecipue
1438 5120 1653 5202 impedirent
1668 5129 1743 5182 sunt

193 5228 264 5288 tua,
278 5216 310 5278 id
326 5224 374 5279 est
389 5215 486 5279 etiam
501 5217 587 5281 omni
605 5217 718 5281 robore
732 5219 903 5301 corporali,
911 5228 944 5282 et
996 5219 1135 5301 cognati,
1161 5238 1250 5294 uxor,
1274 5226 1306 5281 et
1336 5218 1539 5299 propriorum
1569 5218 1741 5301 possessio,

191 5315 282 5381 omni
299 5314 331 5380 vi
345 5314 495 5397 practice,
504 5316 717 5399 exteriorique
732 5318 875 5399 potentia
893 5337 944 5381 ex·
988 5318 1198 5402 propriaeque
1213 5316 1388 5381 voluntatis
1404 5316 1535 5381 libertas
1551 5334 1558 5378 :
1577 5316 1687 5399 sicque
1698 5334 1744 5379 re·
