<?xml version="1.0" encoding="UTF-8"?>
<!DOCTYPE html PUBLIC "-//W3C//DTD XHTML 1.0 Transitional//EN"
    "http://www.w3.org/TR/xhtml1/DTD/xhtml1-transitional.dtd">
<html xmlns="http://www.w3.org/1999/xhtml" xml:lang="en" lang="en">
 <head>
  <title>
</title>
<meta http-equiv="Content-Type" content="text/html;charset=utf-8" />
  <meta name='ocr-system' content='tesseract 3.04.00' />
  <meta name='ocr-capabilities' content='ocr_page ocr_carea ocr_par ocr_line ocrx_word'/>
</head>
<body>
  <div class='ocr_page' id='page_1' title='image "./doctorisecstati00unkngoog_0421.png"; bbox 0 0 4309 6259; ppageno 0'>
   <div class='ocr_carea' id='block_1_1' title="bbox 561 491 1723 558">
    <p class='ocr_par' dir='ltr' id='par_1_1' title="bbox 561 491 1723 558">
     <span class='ocr_line' id='line_1_1' title="bbox 561 491 1723 558; baseline -0.001 -2"><span class='ocrx_word' id='word_1_1' title='bbox 561 511 734 558; x_wconf 78' lang='lat' dir='ltr'><strong>amnenrro</strong></span> <span class='ocrx_word' id='word_1_2' title='bbox 755 511 786 556; x_wconf 82' lang='lat' dir='ltr'><strong>nr</strong></span> <span class='ocrx_word' id='word_1_3' title='bbox 808 511 875 558; x_wconf 80' lang='lat' dir='ltr'><strong>car.</strong></span> <span class='ocrx_word' id='word_1_4' title='bbox 900 512 918 554; x_wconf 90' lang='lat' dir='ltr'>v</span> <span class='ocrx_word' id='word_1_5' title='bbox 939 511 1136 558; x_wconf 84' lang='lat' dir='ltr'><strong>nuuanonuu.</strong></span> <span class='ocrx_word' id='word_1_6' title='bbox 1158 529 1198 539; x_wconf 92' lang='lat'>—</span> <span class='ocrx_word' id='word_1_7' title='bbox 1218 511 1290 558; x_wconf 81' lang='lat' dir='ltr'><strong>aar.</strong></span> <span class='ocrx_word' id='word_1_8' title='bbox 1313 511 1345 558; x_wconf 87' lang='lat' dir='ltr'><strong>rx</strong></span> <span class='ocrx_word' id='word_1_9' title='bbox 1663 491 1723 555; x_wconf 69' lang='lat'><strong>345</strong></span> 
     </span>
    </p>
   </div>
   <div class='ocr_carea' id='block_1_2' title="bbox 179 679 1724 863">
    <p class='ocr_par' dir='ltr' id='par_1_2' title="bbox 179 679 1724 863">
     <span class='ocr_line' id='line_1_2' title="bbox 179 679 1723 764; baseline -0.001 -21"><span class='ocrx_word' id='word_1_10' title='bbox 179 681 265 744; x_wconf 89' lang='lat' dir='ltr'><strong>lurto</strong></span> <span class='ocrx_word' id='word_1_11' title='bbox 285 690 341 744; x_wconf 87' lang='lat' dir='ltr'><strong>aut</strong></span> <span class='ocrx_word' id='word_1_12' title='bbox 366 681 490 764; x_wconf 79' lang='lat' dir='ltr'><strong>rapina,</strong></span> <span class='ocrx_word' id='word_1_13' title='bbox 502 682 675 764; x_wconf 87' lang='lat' dir='ltr'><strong>aliquando</strong></span> <span class='ocrx_word' id='word_1_14' title='bbox 700 700 737 744; x_wconf 87' lang='lat' dir='ltr'><strong>ex</strong></span> <span class='ocrx_word' id='word_1_15' title='bbox 763 680 924 762; x_wconf 88' lang='lat' dir='ltr'><strong>negligen-</strong></span> <span class='ocrx_word' id='word_1_16' title='bbox 939 681 965 744; x_wconf 82' lang='grc' dir='ltr'><strong>Α</strong></span> <span class='ocrx_word' id='word_1_17' title='bbox 981 681 1085 758; x_wconf 89' lang='lat' dir='ltr'><strong>batur,</strong></span> <span class='ocrx_word' id='word_1_18' title='bbox 1095 701 1151 744; x_wconf 92' lang='lat' dir='ltr'><strong>seu</strong></span> <span class='ocrx_word' id='word_1_19' title='bbox 1166 681 1217 743; x_wconf 90' lang='lat' dir='ltr'><strong>eui</strong></span> <span class='ocrx_word' id='word_1_20' title='bbox 1233 700 1271 744; x_wconf 83' lang='lat' dir='ltr'><strong>ex</strong></span> <span class='ocrx_word' id='word_1_21' title='bbox 1286 681 1464 745; x_wconf 89' lang='lat' dir='ltr'><strong>ministerio</strong></span> <span class='ocrx_word' id='word_1_22' title='bbox 1479 682 1564 762; x_wconf 92' lang='lat' dir='ltr'><strong>quod</strong></span> <span class='ocrx_word' id='word_1_23' title='bbox 1580 698 1638 744; x_wconf 94' lang='lat' dir='ltr'><strong>suo</strong></span> <span class='ocrx_word' id='word_1_24' title='bbox 1653 679 1723 743; x_wconf 95' lang='lat' dir='ltr'><strong>loco</strong></span> 
     </span>
     <span class='ocr_line' id='line_1_3' title="bbox 179 780 1724 863; baseline 0 -21"><span class='ocrx_word' id='word_1_25' title='bbox 179 781 232 853; x_wconf 89' lang='lat' dir='ltr'><strong>tia,</strong></span> <span class='ocrx_word' id='word_1_26' title='bbox 250 781 413 845; x_wconf 83' lang='lat' dir='ltr'><strong>interdum</strong></span> <span class='ocrx_word' id='word_1_27' title='bbox 434 801 472 845; x_wconf 83' lang='lat' dir='ltr'><strong>ex</strong></span> <span class='ocrx_word' id='word_1_28' title='bbox 492 781 683 862; x_wconf 76' lang='lat' dir='ltr'><strong>ignorantia.</strong></span> <span class='ocrx_word' id='word_1_29' title='bbox 700 783 743 844; x_wconf 87' lang='lat' dir='ltr'><strong>De</strong></span> <span class='ocrx_word' id='word_1_30' title='bbox 767 800 799 844; x_wconf 91' lang='lat' dir='ltr'><strong>re</strong></span> <span class='ocrx_word' id='word_1_31' title='bbox 819 781 924 843; x_wconf 88' lang='lat' dir='ltr'><strong>ablata</strong></span> <span class='ocrx_word' id='word_1_32' title='bbox 981 788 1013 842; x_wconf 87' lang='lat' dir='ltr'><strong>et</strong></span> <span class='ocrx_word' id='word_1_33' title='bbox 1032 788 1175 861; x_wconf 88' lang='lat' dir='ltr'><strong>tempore</strong></span> <span class='ocrx_word' id='word_1_34' title='bbox 1194 780 1345 857; x_wconf 78' lang='lat' dir='ltr'><strong>exercuit,</strong></span> <span class='ocrx_word' id='word_1_35' title='bbox 1367 781 1577 863; x_wconf 77' lang='lat' dir='ltr'><strong>competebat.</strong></span> <span class='ocrx_word' id='word_1_36' title='bbox 1595 780 1724 861; x_wconf 75' lang='lat' dir='ltr'>Propter</span> 
     </span>
    </p>
   </div>
   <div class='ocr_carea' id='block_1_3' title="bbox 54 879 1724 962">
    <p class='ocr_par' dir='ltr' id='par_1_3' title="bbox 54 879 1724 962">
     <span class='ocr_line' id='line_1_4' title="bbox 54 879 1724 962; baseline -0.002 -19"><span class='ocrx_word' id='word_1_37' title='bbox 54 889 161 940; x_wconf 66' lang='lat' dir='ltr'><strong>teet-iu.</strong></span> <span class='ocrx_word' id='word_1_38' title='bbox 177 881 316 943; x_wconf 73' lang='lat' dir='ltr'><strong>scienter</strong></span> <span class='ocrx_word' id='word_1_39' title='bbox 341 880 375 942; x_wconf 96' lang='lat' dir='ltr'><strong>in</strong></span> <span class='ocrx_word' id='word_1_40' title='bbox 397 881 504 944; x_wconf 82' lang='lat' dir='ltr'><strong>Exodo</strong></span> <span class='ocrx_word' id='word_1_41' title='bbox 529 881 655 962; x_wconf 90' lang='lat' dir='ltr'><strong>legitur,</strong></span> <span class='ocrx_word' id='word_1_42' title='bbox 672 882 757 962; x_wconf 93' lang='lat' dir='ltr'><strong>quod</strong></span> <span class='ocrx_word' id='word_1_43' title='bbox 783 879 924 942; x_wconf 82' lang='lat' dir='ltr'><strong>restitue</strong></span> <span class='ocrx_word' id='word_1_44' title='bbox 980 881 1066 961; x_wconf 94' lang='lat' dir='ltr'><strong>quod</strong></span> <span class='ocrx_word' id='word_1_45' title='bbox 1083 879 1231 942; x_wconf 80' lang='lat' dir='ltr'><strong>subditur</strong></span> <span class='ocrx_word' id='word_1_46' title='bbox 1244 891 1293 942; x_wconf 89' lang='lat' dir='ltr'><strong>:et</strong></span> <span class='ocrx_word' id='word_1_47' title='bbox 1308 883 1471 961; x_wconf 80' lang='lat' dir='ltr'><strong>quidquid</strong></span> <span class='ocrx_word' id='word_1_48' title='bbox 1488 885 1522 942; x_wconf 78' lang='lat' dir='ltr'><strong>in</strong></span> <span class='ocrx_word' id='word_1_49' title='bbox 1537 883 1724 941; x_wconf 82' lang='lat' dir='ltr'><strong>sanctuario</strong></span> 
     </span>
    </p>
   </div>
   <div class='ocr_carea' id='block_1_4' title="bbox 49 955 87 999">
    <p class='ocr_par' dir='ltr' id='par_1_4' title="bbox 49 955 87 999">
     <span class='ocr_line' id='line_1_5' title="bbox 49 955 87 999; baseline 0.079 -7"><span class='ocrx_word' id='word_1_50' title='bbox 49 955 62 999; x_wconf 75' lang='lat' dir='ltr'><strong>l,</strong></span> <span class='ocrx_word' id='word_1_51' title='bbox 71 956 87 995; x_wconf 89' lang='lat' dir='ltr'><strong>l.</strong></span> 
     </span>
    </p>
   </div>
   <div class='ocr_carea' id='block_1_5' title="bbox 170 978 1727 5389">
    <p class='ocr_par' dir='ltr' id='par_1_5' title="bbox 170 978 1727 5389">
     <span class='ocr_line' id='line_1_6' title="bbox 176 978 1725 1062; baseline -0.002 -20"><span class='ocrx_word' id='word_1_52' title='bbox 176 981 272 1042; x_wconf 87' lang='lat' dir='ltr'><strong>batur</strong></span> <span class='ocrx_word' id='word_1_53' title='bbox 292 979 326 1042; x_wconf 95' lang='lat' dir='ltr'><strong>in</strong></span> <span class='ocrx_word' id='word_1_54' title='bbox 347 980 575 1062; x_wconf 91' lang='lat' dir='ltr'><strong>quadruplum,</strong></span> <span class='ocrx_word' id='word_1_55' title='bbox 587 979 614 1041; x_wconf 93' lang='lat' dir='ltr'><strong>si</strong></span> <span class='ocrx_word' id='word_1_56' title='bbox 631 999 681 1042; x_wconf 90' lang='lat' dir='ltr'><strong>res</strong></span> <span class='ocrx_word' id='word_1_57' title='bbox 696 978 753 1042; x_wconf 89' lang='lat' dir='ltr'><strong>illa</strong></span> <span class='ocrx_word' id='word_1_58' title='bbox 767 979 922 1062; x_wconf 80' lang='lat' dir='ltr'><strong>perierat3</strong></span> <span class='ocrx_word' id='word_1_59' title='bbox 981 984 1116 1056; x_wconf 83' lang='lat' dir='ltr'><strong>offertur</strong></span> <span class='ocrx_word' id='word_1_60' title='bbox 1131 999 1152 1038; x_wconf 86' lang='lat' dir='ltr'><strong><em>a</em></strong></span> <span class='ocrx_word' id='word_1_61' title='bbox 1166 982 1318 1056; x_wconf 68' lang='lat' dir='ltr'><strong>singulis,</strong></span> <span class='ocrx_word' id='word_1_62' title='bbox 1332 979 1363 1042; x_wconf 94' lang='lat' dir='ltr'><strong>id</strong></span> <span class='ocrx_word' id='word_1_63' title='bbox 1379 989 1438 1056; x_wconf 91' lang='lat' dir='ltr'><strong>est,</strong></span> <span class='ocrx_word' id='word_1_64' title='bbox 1455 979 1613 1062; x_wconf 92' lang='lat' dir='ltr'><strong>quidquid</strong></span> <span class='ocrx_word' id='word_1_65' title='bbox 1628 978 1725 1042; x_wconf 88' lang='lat' dir='ltr'><strong>ceteri</strong></span> 
     </span>
     <span class='ocr_line' id='line_1_7' title="bbox 175 1077 1724 1161; baseline -0.002 -20"><span class='ocrx_word' id='word_1_66' title='bbox 175 1080 262 1160; x_wconf 92' lang='lat' dir='ltr'><strong>quod</strong></span> <span class='ocrx_word' id='word_1_67' title='bbox 279 1079 306 1141; x_wconf 93' lang='lat' dir='ltr'><strong>si</strong></span> <span class='ocrx_word' id='word_1_68' title='bbox 323 1078 534 1161; x_wconf 82' lang='lat' dir='ltr'><strong>supersuit,in</strong></span> <span class='ocrx_word' id='word_1_69' title='bbox 551 1077 925 1161; x_wconf 80' lang='lat' dir='ltr'><strong>duplumlleresublata</strong></span> <span class='ocrx_word' id='word_1_70' title='bbox 981 1077 1140 1153; x_wconf 83' lang='lat' dir='ltr'><strong>Israelitae,</strong></span> <span class='ocrx_word' id='word_1_71' title='bbox 1167 1095 1231 1140; x_wconf 92' lang='lat' dir='ltr'><strong>non</strong></span> <span class='ocrx_word' id='word_1_72' title='bbox 1253 1078 1441 1142; x_wconf 78' lang='lat' dir='ltr'><strong>exsistentes</strong></span> <span class='ocrx_word' id='word_1_73' title='bbox 1463 1080 1502 1142; x_wconf 92' lang='lat' dir='ltr'><strong>de</strong></span> <span class='ocrx_word' id='word_1_74' title='bbox 1528 1078 1613 1140; x_wconf 89' lang='lat' dir='ltr'><strong>tribu</strong></span> <span class='ocrx_word' id='word_1_75' title='bbox 1637 1077 1724 1153; x_wconf 86' lang='lat' dir='ltr'><strong>Levi,</strong></span> 
     </span>
     <span class='ocr_line' id='line_1_8' title="bbox 176 1175 1727 1260; baseline -0.002 -19"><span class='ocrx_word' id='word_1_76' title='bbox 176 1197 234 1260; x_wconf 88' lang='lat' dir='ltr'><strong>per</strong></span> <span class='ocrx_word' id='word_1_77' title='bbox 261 1177 477 1257; x_wconf 85' lang='lat' dir='ltr'><strong>ignorantiam</strong></span> <span class='ocrx_word' id='word_1_78' title='bbox 495 1177 607 1258; x_wconf 86' lang='lat' dir='ltr'><strong>agitur</strong></span> <span class='ocrx_word' id='word_1_79' title='bbox 629 1177 692 1254; x_wconf 91' lang='lat' dir='ltr'><strong>hic,</strong></span> <span class='ocrx_word' id='word_1_80' title='bbox 717 1184 753 1240; x_wconf 87' lang='lat' dir='ltr'><strong>ut</strong></span> <span class='ocrx_word' id='word_1_81' title='bbox 776 1178 926 1241; x_wconf 85' lang='lat' dir='ltr'><strong>reddatur</strong></span> <span class='ocrx_word' id='word_1_82' title='bbox 982 1175 1183 1253; x_wconf 89' lang='lat' dir='ltr'><strong>adduxerint,</strong></span> <span class='ocrx_word' id='word_1_83' title='bbox 1194 1185 1228 1238; x_wconf 94' lang='lat' dir='ltr'><strong>ut</strong></span> <span class='ocrx_word' id='word_1_84' title='bbox 1243 1176 1497 1241; x_wconf 81' lang='lat' dir='ltr'><strong>immoleturlloo</strong></span> <span class='ocrx_word' id='word_1_85' title='bbox 1514 1176 1548 1238; x_wconf 96' lang='lat' dir='ltr'><strong>in</strong></span> <span class='ocrx_word' id='word_1_86' title='bbox 1563 1176 1644 1239; x_wconf 90' lang='lat' dir='ltr'><strong>atrio</strong></span> <span class='ocrx_word' id='word_1_87' title='bbox 1659 1175 1727 1238; x_wconf 87' lang='lat' dir='ltr'><strong>siro</strong></span> 
     </span>
     <span class='ocr_line' id='line_1_9' title="bbox 175 1274 1727 1359; baseline -0.005 -17"><span class='ocrx_word' id='word_1_88' title='bbox 175 1285 274 1359; x_wconf 89' lang='lat' dir='ltr'><strong>caput</strong></span> <span class='ocrx_word' id='word_1_89' title='bbox 290 1297 347 1340; x_wconf 90' lang='lat' dir='ltr'><strong>seu</strong></span> <span class='ocrx_word' id='word_1_90' title='bbox 363 1277 510 1359; x_wconf 83' lang='lat' dir='ltr'><strong>capitale,</strong></span> <span class='ocrx_word' id='word_1_91' title='bbox 522 1285 554 1340; x_wconf 91' lang='lat' dir='ltr'><strong>et</strong></span> <span class='ocrx_word' id='word_1_92' title='bbox 565 1277 677 1358; x_wconf 83' lang='lat' dir='ltr'><strong>quinta</strong></span> <span class='ocrx_word' id='word_1_93' title='bbox 692 1297 765 1359; x_wconf 92' lang='lat' dir='ltr'><strong>pars</strong></span> <span class='ocrx_word' id='word_1_94' title='bbox 776 1278 923 1358; x_wconf 83' lang='lat' dir='ltr'><strong>desupor;</strong></span> <span class='ocrx_word' id='word_1_95' title='bbox 982 1274 1015 1336; x_wconf 93' lang='lat' dir='ltr'><strong>in</strong></span> <span class='ocrx_word' id='word_1_96' title='bbox 1032 1274 1247 1351; x_wconf 86' lang='lat' dir='ltr'><strong>tabernaculo,</strong></span> <span class='ocrx_word' id='word_1_97' title='bbox 1256 1286 1286 1336; x_wconf 83' lang='lat' dir='ltr'><strong>et</strong></span> <span class='ocrx_word' id='word_1_98' title='bbox 1302 1279 1448 1337; x_wconf 82' lang='lat' dir='ltr'><strong>truditur</strong></span> <span class='ocrx_word' id='word_1_99' title='bbox 1462 1278 1613 1337; x_wconf 80' lang='lat' dir='ltr'><strong>munibus</strong></span> <span class='ocrx_word' id='word_1_100' title='bbox 1627 1295 1727 1336; x_wconf 79' lang='lat' dir='ltr'><strong>sacer-</strong></span> 
     </span>
     <span class='ocr_line' id='line_1_10' title="bbox 175 1373 1722 1455; baseline -0.003 -16"><span class='ocrx_word' id='word_1_101' title='bbox 175 1377 226 1440; x_wconf 88' lang='lat' dir='ltr'><strong>rcl</strong></span> <span class='ocrx_word' id='word_1_102' title='bbox 250 1377 290 1438; x_wconf 87' lang='lat' dir='ltr'><strong>de</strong></span> <span class='ocrx_word' id='word_1_103' title='bbox 314 1394 347 1438; x_wconf 92' lang='lat' dir='ltr'><strong>re</strong></span> <span class='ocrx_word' id='word_1_104' title='bbox 367 1374 483 1452; x_wconf 88' lang='lat' dir='ltr'><strong>furata,</strong></span> <span class='ocrx_word' id='word_1_105' title='bbox 501 1376 577 1437; x_wconf 92' lang='lat' dir='ltr'><strong>dum</strong></span> <span class='ocrx_word' id='word_1_106' title='bbox 597 1376 730 1438; x_wconf 93' lang='lat' dir='ltr'><strong>omnino</strong></span> <span class='ocrx_word' id='word_1_107' title='bbox 750 1374 878 1452; x_wconf 83' lang='lat' dir='ltr'><strong>latebat,</strong></span> <span class='ocrx_word' id='word_1_108' title='bbox 894 1383 926 1437; x_wconf 88' lang='lat' dir='ltr'><strong>et</strong></span> <span class='ocrx_word' id='word_1_109' title='bbox 981 1376 1077 1444; x_wconf 81' lang='lat' dir='ltr'><strong>dotis,</strong></span> <span class='ocrx_word' id='word_1_110' title='bbox 1103 1381 1138 1434; x_wconf 93' lang='lat' dir='ltr'><strong>ut</strong></span> <span class='ocrx_word' id='word_1_111' title='bbox 1168 1392 1225 1455; x_wconf 93' lang='lat' dir='ltr'><strong>per</strong></span> <span class='ocrx_word' id='word_1_112' title='bbox 1250 1394 1323 1437; x_wconf 88' lang='lat' dir='ltr'><strong>eum</strong></span> <span class='ocrx_word' id='word_1_113' title='bbox 1353 1374 1486 1439; x_wconf 86' lang='lat' dir='ltr'><strong>Domino</strong></span> <span class='ocrx_word' id='word_1_114' title='bbox 1511 1373 1722 1449; x_wconf 81' lang='lat' dir='ltr'><strong>sacrificetur,</strong></span> 
     </span>
     <span class='ocr_line' id='line_1_11' title="bbox 177 1473 1726 1556; baseline -0.003 -18"><span class='ocrx_word' id='word_1_115' title='bbox 177 1477 229 1538; x_wconf 89' lang='lat' dir='ltr'><strong>lur</strong></span> <span class='ocrx_word' id='word_1_116' title='bbox 245 1474 407 1556; x_wconf 85' lang='lat' dir='ltr'><strong>poenitens</strong></span> <span class='ocrx_word' id='word_1_117' title='bbox 422 1473 647 1537; x_wconf 79' lang='lat' dir='ltr'><strong>confitebetur.</strong></span> <span class='ocrx_word' id='word_1_118' title='bbox 665 1475 750 1537; x_wconf 87' lang='lat' dir='ltr'><strong>Istud</strong></span> <span class='ocrx_word' id='word_1_119' title='bbox 766 1482 870 1537; x_wconf 90' lang='lat' dir='ltr'><strong>autem</strong></span> <span class='ocrx_word' id='word_1_120' title='bbox 887 1492 926 1536; x_wconf 89' lang='lat' dir='ltr'><strong>ex</strong></span> <span class='ocrx_word' id='word_1_121' title='bbox 981 1476 1084 1550; x_wconf 74' lang='lat' dir='ltr'><strong>ipsios</strong></span> <span class='ocrx_word' id='word_1_122' title='bbox 1099 1474 1161 1532; x_wconf 80' lang='lat' dir='ltr'><strong>erit</strong></span> <span class='ocrx_word' id='word_1_123' title='bbox 1177 1494 1188 1535; x_wconf 91' lang='lat'><strong>.·</strong></span> <span class='ocrx_word' id='word_1_124' title='bbox 1207 1491 1271 1536; x_wconf 92' lang='lat' dir='ltr'><strong>non</strong></span> <span class='ocrx_word' id='word_1_125' title='bbox 1287 1474 1371 1554; x_wconf 92' lang='lat' dir='ltr'><strong>quod</strong></span> <span class='ocrx_word' id='word_1_126' title='bbox 1393 1493 1518 1556; x_wconf 90' lang='lat' dir='ltr'><strong>semper</strong></span> <span class='ocrx_word' id='word_1_127' title='bbox 1538 1481 1661 1555; x_wconf 87' lang='lat' dir='ltr'><strong>poterat</strong></span> <span class='ocrx_word' id='word_1_128' title='bbox 1679 1481 1726 1535; x_wconf 81' lang='lat' dir='ltr'><strong>to</strong></span> 
     </span>
     <span class='ocr_line' id='line_1_12' title="bbox 177 1570 1725 1654; baseline -0.003 -18"><span class='ocrx_word' id='word_1_129' title='bbox 177 1574 284 1636; x_wconf 80' lang='lat' dir='ltr'><strong>verbis</strong></span> <span class='ocrx_word' id='word_1_130' title='bbox 305 1572 477 1654; x_wconf 80' lang='lat' dir='ltr'><strong>Augustini</strong></span> <span class='ocrx_word' id='word_1_131' title='bbox 500 1581 548 1635; x_wconf 90' lang='lat' dir='ltr'><strong>est</strong></span> <span class='ocrx_word' id='word_1_132' title='bbox 569 1581 743 1654; x_wconf 90' lang='lat' dir='ltr'><strong>sumptum,</strong></span> <span class='ocrx_word' id='word_1_133' title='bbox 764 1581 795 1636; x_wconf 90' lang='lat' dir='ltr'><strong>et</strong></span> <span class='ocrx_word' id='word_1_134' title='bbox 815 1572 925 1635; x_wconf 89' lang='lat' dir='ltr'><strong>Glossa</strong></span> <span class='ocrx_word' id='word_1_135' title='bbox 982 1581 1048 1633; x_wconf 92' lang='lat' dir='ltr'><strong>tum</strong></span> <span class='ocrx_word' id='word_1_136' title='bbox 1070 1573 1104 1633; x_wconf 92' lang='lat' dir='ltr'><strong>in</strong></span> <span class='ocrx_word' id='word_1_137' title='bbox 1126 1590 1218 1634; x_wconf 90' lang='lat' dir='ltr'><strong>suum</strong></span> <span class='ocrx_word' id='word_1_138' title='bbox 1242 1590 1334 1633; x_wconf 92' lang='lat' dir='ltr'><strong>usum</strong></span> <span class='ocrx_word' id='word_1_139' title='bbox 1355 1581 1561 1646; x_wconf 83' lang='lat' dir='ltr'><strong>convertere;</strong></span> <span class='ocrx_word' id='word_1_140' title='bbox 1584 1571 1648 1633; x_wconf 89' lang='lat' dir='ltr'><strong>imo</strong></span> <span class='ocrx_word' id='word_1_141' title='bbox 1669 1570 1725 1632; x_wconf 83' lang='lat' dir='ltr'><strong>ho</strong></span> 
     </span>
     <span class='ocr_line' id='line_1_13' title="bbox 175 1668 1725 1753; baseline -0.004 -18"><span class='ocrx_word' id='word_1_142' title='bbox 175 1671 683 1751; x_wconf 81' lang='lat' dir='ltr'><strong>concordathugustinustamen</strong></span> <span class='ocrx_word' id='word_1_143' title='bbox 699 1671 923 1753; x_wconf 88' lang='lat' dir='ltr'><strong>huncpassum</strong></span> <span class='ocrx_word' id='word_1_144' title='bbox 981 1675 1123 1737; x_wconf 85' lang='lat' dir='ltr'><strong>locausta</strong></span> <span class='ocrx_word' id='word_1_145' title='bbox 1153 1672 1292 1737; x_wconf 87' lang='lat' dir='ltr'><strong>totaliter</strong></span> <span class='ocrx_word' id='word_1_146' title='bbox 1321 1671 1599 1734; x_wconf 82' lang='lat' dir='ltr'><strong>comburebantur.</strong></span> <span class='ocrx_word' id='word_1_147' title='bbox 1625 1668 1725 1731; x_wconf 89' lang='lat' dir='ltr'><strong>Pelles</strong></span> 
     </span>
     <span class='ocr_line' id='line_1_14' title="bbox 176 1767 1726 1856; baseline -0.003 -23"><span class='ocrx_word' id='word_1_148' title='bbox 176 1773 355 1834; x_wconf 87' lang='lat' dir='ltr'><strong>secundum</strong></span> <span class='ocrx_word' id='word_1_149' title='bbox 381 1770 619 1834; x_wconf 90' lang='lat' dir='ltr'><strong>translationem</strong></span> <span class='ocrx_word' id='word_1_150' title='bbox 643 1770 849 1852; x_wconf 84' lang='lat' dir='ltr'><strong>Septuaginta</strong></span> <span class='ocrx_word' id='word_1_151' title='bbox 874 1790 925 1833; x_wconf 87' lang='lat' dir='ltr'><strong>ex·</strong></span> <span class='ocrx_word' id='word_1_152' title='bbox 980 1783 1087 1836; x_wconf 89' lang='lat' dir='ltr'><strong>tamen</strong></span> <span class='ocrx_word' id='word_1_153' title='bbox 1110 1791 1271 1856; x_wconf 91' lang='lat' dir='ltr'><strong>pecorum,</strong></span> <span class='ocrx_word' id='word_1_154' title='bbox 1289 1791 1360 1853; x_wconf 84' lang='lat' dir='ltr'><strong>quae</strong></span> <span class='ocrx_word' id='word_1_155' title='bbox 1383 1770 1416 1832; x_wconf 93' lang='lat' dir='ltr'><strong>in</strong></span> <span class='ocrx_word' id='word_1_156' title='bbox 1438 1769 1657 1832; x_wconf 89' lang='lat' dir='ltr'><strong>holocaustum</strong></span> <span class='ocrx_word' id='word_1_157' title='bbox 1678 1767 1726 1830; x_wconf 91' lang='lat' dir='ltr'><strong>ol-</strong></span> 
     </span>
     <span class='ocr_line' id='line_1_15' title="bbox 176 1867 1726 1952; baseline -0.002 -20"><span class='ocrx_word' id='word_1_158' title='bbox 176 1870 280 1951; x_wconf 94' lang='lat' dir='ltr'><strong>ponit.</strong></span> <span class='ocrx_word' id='word_1_159' title='bbox 294 1869 410 1951; x_wconf 88' lang='lat' dir='ltr'><strong>Sioque</strong></span> <span class='ocrx_word' id='word_1_160' title='bbox 427 1869 583 1952; x_wconf 89' lang='lat' dir='ltr'><strong>expositio</strong></span> <span class='ocrx_word' id='word_1_161' title='bbox 600 1869 670 1950; x_wconf 87' lang='lat' dir='ltr'><strong>ejus</strong></span> <span class='ocrx_word' id='word_1_162' title='bbox 685 1889 704 1931; x_wconf 88' lang='lat' dir='ltr'><strong>a</strong></span> <span class='ocrx_word' id='word_1_163' title='bbox 720 1869 924 1951; x_wconf 74' lang='lat' dir='ltr'><strong>praeinductis</strong></span> <span class='ocrx_word' id='word_1_164' title='bbox 944 1873 966 1933; x_wconf 89' lang='grc' dir='ltr'><strong>Β</strong></span> <span class='ocrx_word' id='word_1_165' title='bbox 983 1873 1175 1948; x_wconf 80' lang='lat' dir='ltr'><strong>terebantur,</strong></span> <span class='ocrx_word' id='word_1_166' title='bbox 1193 1872 1234 1934; x_wconf 88' lang='lat' dir='ltr'><strong>ad</strong></span> <span class='ocrx_word' id='word_1_167' title='bbox 1250 1870 1429 1932; x_wconf 86' lang='lat' dir='ltr'><strong>sacerdotes</strong></span> <span class='ocrx_word' id='word_1_168' title='bbox 1445 1868 1640 1949; x_wconf 84' lang='lat' dir='ltr'><strong>spectabant.</strong></span> <span class='ocrx_word' id='word_1_169' title='bbox 1653 1867 1726 1930; x_wconf 92' lang='lat' dir='ltr'><strong>ldeo</strong></span> 
     </span>
     <span class='ocr_line' id='line_1_16' title="bbox 175 1965 1727 2051; baseline -0.002 -21"><span class='ocrx_word' id='word_1_170' title='bbox 175 1968 363 2050; x_wconf 87' lang='lat' dir='ltr'><strong>aliqualiter</strong></span> <span class='ocrx_word' id='word_1_171' title='bbox 388 1967 568 2050; x_wconf 87' lang='lat' dir='ltr'><strong>discrepare</strong></span> <span class='ocrx_word' id='word_1_172' title='bbox 591 1967 726 2030; x_wconf 89' lang='lat' dir='ltr'><strong>videtur.</strong></span> <span class='ocrx_word' id='word_1_173' title='bbox 745 1968 861 2030; x_wconf 80' lang='lat' dir='ltr'><strong>Verum</strong></span> <span class='ocrx_word' id='word_1_174' title='bbox 885 1968 925 2031; x_wconf 92' lang='lat' dir='ltr'><strong>de</strong></span> <span class='ocrx_word' id='word_1_175' title='bbox 980 1989 1094 2033; x_wconf 92' lang='lat' dir='ltr'><strong>sensus</strong></span> <span class='ocrx_word' id='word_1_176' title='bbox 1114 1979 1172 2045; x_wconf 89' lang='lat' dir='ltr'><strong>est,</strong></span> <span class='ocrx_word' id='word_1_177' title='bbox 1190 1970 1274 2051; x_wconf 93' lang='lat' dir='ltr'><strong>quod</strong></span> <span class='ocrx_word' id='word_1_178' title='bbox 1296 1967 1454 2050; x_wconf 91' lang='lat' dir='ltr'><strong>quidquid</strong></span> <span class='ocrx_word' id='word_1_179' title='bbox 1469 1967 1509 2030; x_wconf 91' lang='lat' dir='ltr'><strong>de</strong></span> <span class='ocrx_word' id='word_1_180' title='bbox 1530 1966 1647 2029; x_wconf 91' lang='lat' dir='ltr'><strong>talibus</strong></span> <span class='ocrx_word' id='word_1_181' title='bbox 1665 1965 1727 2027; x_wconf 84' lang='lat' dir='ltr'><strong>luit</strong></span> 
     </span>
     <span class='ocr_line' id='line_1_17' title="bbox 176 2064 1726 2148; baseline -0.001 -20"><span class='ocrx_word' id='word_1_182' title='bbox 176 2067 226 2128; x_wconf 91' lang='lat' dir='ltr'><strong>his</strong></span> <span class='ocrx_word' id='word_1_183' title='bbox 242 2075 275 2129; x_wconf 92' lang='lat' dir='ltr'><strong>et</strong></span> <span class='ocrx_word' id='word_1_184' title='bbox 291 2064 465 2148; x_wconf 89' lang='lat' dir='ltr'><strong>multiplici</strong></span> <span class='ocrx_word' id='word_1_185' title='bbox 481 2067 604 2130; x_wconf 90' lang='lat' dir='ltr'><strong>ratione</strong></span> <span class='ocrx_word' id='word_1_186' title='bbox 620 2066 807 2138; x_wconf 91' lang='lat' dir='ltr'><strong>istorum,in</strong></span> <span class='ocrx_word' id='word_1_187' title='bbox 818 2066 925 2129; x_wconf 82' lang='lat' dir='ltr'><strong>Exodo</strong></span> <span class='ocrx_word' id='word_1_188' title='bbox 981 2069 1144 2132; x_wconf 91' lang='lat' dir='ltr'><strong>residuum</strong></span> <span class='ocrx_word' id='word_1_189' title='bbox 1164 2067 1345 2131; x_wconf 91' lang='lat' dir='ltr'><strong>incensioni</strong></span> <span class='ocrx_word' id='word_1_190' title='bbox 1366 2075 1397 2130; x_wconf 93' lang='lat' dir='ltr'><strong>et</strong></span> <span class='ocrx_word' id='word_1_191' title='bbox 1417 2066 1510 2148; x_wconf 89' lang='lat' dir='ltr'><strong>parti,</strong></span> <span class='ocrx_word' id='word_1_192' title='bbox 1527 2085 1598 2146; x_wconf 79' lang='lat' dir='ltr'><strong>quae</strong></span> <span class='ocrx_word' id='word_1_193' title='bbox 1618 2065 1652 2127; x_wconf 91' lang='lat' dir='ltr'><strong>in</strong></span> <span class='ocrx_word' id='word_1_194' title='bbox 1671 2065 1726 2128; x_wconf 88' lang='lat' dir='ltr'><strong>ali-</strong></span> 
     </span>
     <span class='ocr_line' id='line_1_18' title="bbox 176 2164 1725 2250; baseline -0.002 -21"><span class='ocrx_word' id='word_1_195' title='bbox 176 2165 300 2229; x_wconf 87' lang='lat' dir='ltr'><strong>diiluse</strong></span> <span class='ocrx_word' id='word_1_196' title='bbox 316 2173 364 2228; x_wconf 91' lang='lat' dir='ltr'><strong>est</strong></span> <span class='ocrx_word' id='word_1_197' title='bbox 381 2165 589 2247; x_wconf 89' lang='lat' dir='ltr'><strong>disputatum.</strong></span> <span class='ocrx_word' id='word_1_198' title='bbox 980 2168 1097 2250; x_wconf 90' lang='lat' dir='ltr'><strong>quibus</strong></span> <span class='ocrx_word' id='word_1_199' title='bbox 1122 2165 1235 2229; x_wconf 87' lang='lat' dir='ltr'><strong>hostiis</strong></span> <span class='ocrx_word' id='word_1_200' title='bbox 1257 2165 1408 2230; x_wconf 80' lang='lat' dir='ltr'><strong>offerenti</strong></span> <span class='ocrx_word' id='word_1_201' title='bbox 1433 2164 1577 2242; x_wconf 87' lang='lat' dir='ltr'><strong>dabatur,</strong></span> <span class='ocrx_word' id='word_1_202' title='bbox 1595 2173 1672 2247; x_wconf 90' lang='lat' dir='ltr'><strong>puta</strong></span> <span class='ocrx_word' id='word_1_203' title='bbox 1692 2164 1725 2226; x_wconf 92' lang='lat' dir='ltr'><strong>iu</strong></span> 
     </span>
     <span class='ocr_line' id='line_1_19' title="bbox 217 2264 1721 2348; baseline -0.001 -23"><span class='ocrx_word' id='word_1_204' title='bbox 217 2267 280 2326; x_wconf 82' lang='lat' dir='ltr'><strong>Sin</strong></span> <span class='ocrx_word' id='word_1_205' title='bbox 303 2273 412 2324; x_wconf 80' lang='lat' dir='ltr'><strong>autem</strong></span> <span class='ocrx_word' id='word_1_206' title='bbox 435 2283 500 2323; x_wconf 79' lang='lat' dir='ltr'><strong>nort</strong></span> <span class='ocrx_word' id='word_1_207' title='bbox 522 2265 625 2340; x_wconf 84' lang='lat' dir='ltr'><strong>fuerit</strong></span> <span class='ocrx_word' id='word_1_208' title='bbox 647 2265 923 2345; x_wconf 59' lang='lat' dir='ltr'><strong>petraepontem</strong></span> <span class='ocrx_word' id='word_1_209' title='bbox 981 2267 1093 2330; x_wconf 86' lang='lat' dir='ltr'><strong>hostiis</strong></span> <span class='ocrx_word' id='word_1_210' title='bbox 1110 2264 1453 2348; x_wconf 81' lang='lat' dir='ltr'><strong>pacificia,pcrtincbal</strong></span> <span class='ocrx_word' id='word_1_211' title='bbox 1463 2265 1503 2326; x_wconf 89' lang='lat' dir='ltr'><strong>ad</strong></span> <span class='ocrx_word' id='word_1_212' title='bbox 1519 2264 1721 2327; x_wconf 81' lang='lat' dir='ltr'><strong>sacerdotem.</strong></span> 
     </span>
     <span class='ocr_line' id='line_1_20' title="bbox 175 2361 1724 2448; baseline -0.002 -22"><span class='ocrx_word' id='word_1_213' title='bbox 175 2372 224 2426; x_wconf 85' lang='lat' dir='ltr'><strong>est</strong></span> <span class='ocrx_word' id='word_1_214' title='bbox 246 2363 273 2424; x_wconf 94' lang='lat' dir='ltr'><strong>is</strong></span> <span class='ocrx_word' id='word_1_215' title='bbox 290 2361 343 2425; x_wconf 92' lang='lat' dir='ltr'><strong>cui</strong></span> <span class='ocrx_word' id='word_1_216' title='bbox 359 2363 400 2438; x_wconf 84' lang='lat' dir='ltr'><strong>de</strong></span> <span class='ocrx_word' id='word_1_217' title='bbox 417 2362 488 2442; x_wconf 88' lang='lat' dir='ltr'><strong>jure</strong></span> <span class='ocrx_word' id='word_1_218' title='bbox 509 2363 650 2444; x_wconf 86' lang='lat' dir='ltr'><strong>receptio</strong></span> <span class='ocrx_word' id='word_1_219' title='bbox 665 2365 829 2446; x_wconf 84' lang='lat' dir='ltr'><strong>competit,</strong></span> <span class='ocrx_word' id='word_1_220' title='bbox 847 2374 881 2426; x_wconf 91' lang='lat' dir='ltr'><strong>ut</strong></span> <span class='ocrx_word' id='word_1_221' title='bbox 897 2365 923 2428; x_wconf 92' lang='lat' dir='ltr'><strong>si</strong></span> <span class='ocrx_word' id='word_1_222' title='bbox 979 2366 1087 2448; x_wconf 82' lang='lat' dir='ltr'><strong>Aliqui</strong></span> <span class='ocrx_word' id='word_1_223' title='bbox 1104 2384 1179 2428; x_wconf 86' lang='lat' dir='ltr'><strong>vero</strong></span> <span class='ocrx_word' id='word_1_224' title='bbox 1199 2371 1361 2445; x_wconf 85' lang='lat' dir='ltr'><strong>exponunt</strong></span> <span class='ocrx_word' id='word_1_225' title='bbox 1380 2364 1420 2426; x_wconf 89' lang='lat' dir='ltr'><strong>de</strong></span> <span class='ocrx_word' id='word_1_226' title='bbox 1434 2362 1578 2438; x_wconf 92' lang='lat' dir='ltr'><strong>decimis,</strong></span> <span class='ocrx_word' id='word_1_227' title='bbox 1596 2381 1667 2444; x_wconf 72' lang='lat' dir='ltr'><strong>quas</strong></span> <span class='ocrx_word' id='word_1_228' title='bbox 1686 2381 1724 2423; x_wconf 82' lang='lat' dir='ltr'><strong>ex</strong></span> 
     </span>
     <span class='ocr_line' id='line_1_21' title="bbox 175 2460 1724 2542; baseline -0.002 -17"><span class='ocrx_word' id='word_1_229' title='bbox 175 2461 352 2542; x_wconf 79' lang='lat' dir='ltr'><strong>defunctus</strong></span> <span class='ocrx_word' id='word_1_230' title='bbox 378 2467 426 2524; x_wconf 90' lang='lat' dir='ltr'><strong>est</strong></span> <span class='ocrx_word' id='word_1_231' title='bbox 448 2461 598 2523; x_wconf 91' lang='lat' dir='ltr'><strong>dominus</strong></span> <span class='ocrx_word' id='word_1_232' title='bbox 619 2461 677 2539; x_wconf 89' lang='lat' dir='ltr'><strong>rei,</strong></span> <span class='ocrx_word' id='word_1_233' title='bbox 695 2481 753 2525; x_wconf 88' lang='lat' dir='ltr'><strong>nec</strong></span> <span class='ocrx_word' id='word_1_234' title='bbox 775 2464 923 2528; x_wconf 88' lang='lat' dir='ltr'><strong>heredem</strong></span> <span class='ocrx_word' id='word_1_235' title='bbox 981 2462 1248 2528; x_wconf 88' lang='lat' dir='ltr'><strong>determinatione</strong></span> <span class='ocrx_word' id='word_1_236' title='bbox 1278 2461 1357 2542; x_wconf 89' lang='lat' dir='ltr'><strong>legis</strong></span> <span class='ocrx_word' id='word_1_237' title='bbox 1387 2470 1477 2524; x_wconf 90' lang='lat' dir='ltr'><strong>erant</strong></span> <span class='ocrx_word' id='word_1_238' title='bbox 1507 2460 1724 2524; x_wconf 89' lang='lat' dir='ltr'><strong>sacerdotibus</strong></span> 
     </span>
     <span class='ocr_line' id='line_1_22' title="bbox 175 2559 1724 2642; baseline -0.001 -21"><span class='ocrx_word' id='word_1_239' title='bbox 175 2559 412 2640; x_wconf 88' lang='lat' dir='ltr'><strong>reliqueritqui</strong></span> <span class='ocrx_word' id='word_1_240' title='bbox 424 2559 922 2641; x_wconf 81' lang='lat' dir='ltr'><strong>possitadiri‚dabuntl)omino,</strong></span> <span class='ocrx_word' id='word_1_241' title='bbox 980 2564 1092 2626; x_wconf 84' lang='lat' dir='ltr'><strong>dandae</strong></span> <span class='ocrx_word' id='word_1_242' title='bbox 1114 2581 1122 2625; x_wconf 90' lang='lat'>:</span> <span class='ocrx_word' id='word_1_243' title='bbox 1146 2561 1218 2624; x_wconf 91' lang='lat' dir='ltr'><strong>ideo</strong></span> <span class='ocrx_word' id='word_1_244' title='bbox 1237 2560 1284 2624; x_wconf 90' lang='lat' dir='ltr'><strong>eis</strong></span> <span class='ocrx_word' id='word_1_245' title='bbox 1300 2559 1360 2622; x_wconf 86' lang='lat' dir='ltr'><strong>luit</strong></span> <span class='ocrx_word' id='word_1_246' title='bbox 1376 2560 1572 2622; x_wconf 87' lang='lat' dir='ltr'><strong>reddendum</strong></span> <span class='ocrx_word' id='word_1_247' title='bbox 1588 2569 1643 2622; x_wconf 91' lang='lat' dir='ltr'><strong>aut</strong></span> <span class='ocrx_word' id='word_1_248' title='bbox 1658 2579 1724 2642; x_wconf 92' lang='lat' dir='ltr'><strong>per-</strong></span> 
     </span>
     <span class='ocr_line' id='line_1_23' title="bbox 175 2657 1725 2742; baseline -0.001 -22"><span class='ocrx_word' id='word_1_249' title='bbox 175 2659 208 2720; x_wconf 92' lang='lat' dir='ltr'><strong>id</strong></span> <span class='ocrx_word' id='word_1_250' title='bbox 224 2667 274 2722; x_wconf 90' lang='lat' dir='ltr'><strong>est</strong></span> <span class='ocrx_word' id='word_1_251' title='bbox 290 2657 438 2721; x_wconf 93' lang='lat' dir='ltr'><strong>ministro</strong></span> <span class='ocrx_word' id='word_1_252' title='bbox 454 2657 520 2736; x_wconf 88' lang='lat' dir='ltr'><strong>Dei,</strong></span> <span class='ocrx_word' id='word_1_253' title='bbox 543 2657 691 2722; x_wconf 88' lang='lat' dir='ltr'><strong>videlicet</strong></span> <span class='ocrx_word' id='word_1_254' title='bbox 706 2659 873 2736; x_wconf 85' lang='lat' dir='ltr'><strong>sacerdoti,</strong></span> <span class='ocrx_word' id='word_1_255' title='bbox 894 2673 924 2722; x_wconf 82' lang='lat' dir='ltr'><strong>et</strong></span> <span class='ocrx_word' id='word_1_256' title='bbox 980 2663 1179 2737; x_wconf 87' lang='lat' dir='ltr'><strong>solvendum,</strong></span> <span class='ocrx_word' id='word_1_257' title='bbox 1197 2660 1354 2742; x_wconf 88' lang='lat' dir='ltr'><strong>quidquid</strong></span> <span class='ocrx_word' id='word_1_258' title='bbox 1375 2660 1414 2722; x_wconf 92' lang='lat' dir='ltr'><strong>de</strong></span> <span class='ocrx_word' id='word_1_259' title='bbox 1433 2658 1567 2721; x_wconf 90' lang='lat' dir='ltr'><strong>decimis</strong></span> <span class='ocrx_word' id='word_1_260' title='bbox 1586 2668 1641 2721; x_wconf 84' lang='lat' dir='ltr'><strong>aut</strong></span> <span class='ocrx_word' id='word_1_261' title='bbox 1658 2658 1725 2740; x_wconf 93' lang='lat' dir='ltr'><strong>pri-</strong></span> 
     </span>
     <span class='ocr_line' id='line_1_24' title="bbox 173 2756 1724 2841; baseline 0.001 -23"><span class='ocrx_word' id='word_1_262' title='bbox 173 2761 237 2818; x_wconf 85' lang='lat' dir='ltr'><strong>erit</strong></span> <span class='ocrx_word' id='word_1_263' title='bbox 247 2756 521 2818; x_wconf 77' lang='lat' dir='ltr'><strong>sacerdotis&#39;lalia</strong></span> <span class='ocrx_word' id='word_1_264' title='bbox 533 2776 670 2838; x_wconf 90' lang='lat' dir='ltr'><strong>namque</strong></span> <span class='ocrx_word' id='word_1_265' title='bbox 681 2758 713 2820; x_wconf 95' lang='lat' dir='ltr'><strong>in</strong></span> <span class='ocrx_word' id='word_1_266' title='bbox 726 2758 814 2841; x_wconf 92' lang='lat' dir='ltr'><strong>pium</strong></span> <span class='ocrx_word' id='word_1_267' title='bbox 831 2781 922 2824; x_wconf 93' lang='lat' dir='ltr'><strong>usum</strong></span> <span class='ocrx_word' id='word_1_268' title='bbox 980 2760 1082 2823; x_wconf 91' lang='lat' dir='ltr'><strong>mitiis</strong></span> <span class='ocrx_word' id='word_1_269' title='bbox 1107 2759 1177 2822; x_wconf 92' lang='lat' dir='ltr'><strong>istis</strong></span> <span class='ocrx_word' id='word_1_270' title='bbox 1203 2757 1264 2820; x_wconf 92' lang='lat' dir='ltr'><strong>luit</strong></span> <span class='ocrx_word' id='word_1_271' title='bbox 1287 2757 1334 2821; x_wconf 91' lang='lat' dir='ltr'><strong>eis</strong></span> <span class='ocrx_word' id='word_1_272' title='bbox 1360 2758 1567 2820; x_wconf 85' lang='lat' dir='ltr'><strong>subtractum.</strong></span> <span class='ocrx_word' id='word_1_273' title='bbox 1586 2757 1624 2818; x_wconf 88' lang='lat' dir='ltr'><strong>Et</strong></span> <span class='ocrx_word' id='word_1_274' title='bbox 1648 2757 1724 2838; x_wconf 85' lang='lat' dir='ltr'><strong>quia</strong></span> 
     </span>
     <span class='ocr_line' id='line_1_25' title="bbox 174 2855 1724 2934; baseline 0 -16"><span class='ocrx_word' id='word_1_275' title='bbox 174 2863 252 2918; x_wconf 90' lang='lat' dir='ltr'><strong>sunt</strong></span> <span class='ocrx_word' id='word_1_276' title='bbox 273 2855 500 2932; x_wconf 88' lang='lat' dir='ltr'><strong>convertenda,</strong></span> <span class='ocrx_word' id='word_1_277' title='bbox 514 2856 618 2919; x_wconf 90' lang='lat' dir='ltr'><strong>dando</strong></span> <span class='ocrx_word' id='word_1_278' title='bbox 640 2875 677 2919; x_wconf 83' lang='lat' dir='ltr'><strong>ea</strong></span> <span class='ocrx_word' id='word_1_279' title='bbox 696 2857 853 2920; x_wconf 89' lang='lat' dir='ltr'><strong>ministris</strong></span> <span class='ocrx_word' id='word_1_280' title='bbox 868 2860 924 2923; x_wconf 88' lang='lat' dir='ltr'><strong>Ec·</strong></span> <span class='ocrx_word' id='word_1_281' title='bbox 980 2859 1032 2921; x_wconf 91' lang='lat' dir='ltr'><strong>hie</strong></span> <span class='ocrx_word' id='word_1_282' title='bbox 1048 2857 1175 2934; x_wconf 90' lang='lat' dir='ltr'><strong>dicitur,</strong></span> <span class='ocrx_word' id='word_1_283' title='bbox 1193 2857 1231 2918; x_wconf 91' lang='lat' dir='ltr'><strong>Et</strong></span> <span class='ocrx_word' id='word_1_284' title='bbox 1254 2856 1388 2918; x_wconf 89' lang='lat' dir='ltr'><strong>traditur</strong></span> <span class='ocrx_word' id='word_1_285' title='bbox 1410 2855 1558 2917; x_wconf 88' lang='lat' dir='ltr'><strong>manibus</strong></span> <span class='ocrx_word' id='word_1_286' title='bbox 1580 2857 1724 2918; x_wconf 81' lang='lat' dir='ltr'><strong>sacerdo</strong></span> 
     </span>
     <span class='ocr_line' id='line_1_26' title="bbox 174 2954 1723 3038; baseline 0 -22"><span class='ocrx_word' id='word_1_287' title='bbox 174 2954 281 3032; x_wconf 74' lang='lat' dir='ltr'><strong>clasiae</strong></span> <span class='ocrx_word' id='word_1_288' title='bbox 297 2963 353 3015; x_wconf 87' lang='lat' dir='ltr'><strong>aut</strong></span> <span class='ocrx_word' id='word_1_289' title='bbox 372 2955 493 3032; x_wconf 85' lang='lat' dir='ltr'><strong>egenis,</strong></span> <span class='ocrx_word' id='word_1_290' title='bbox 511 2962 546 3015; x_wconf 94' lang='lat' dir='ltr'><strong>ut</strong></span> <span class='ocrx_word' id='word_1_291' title='bbox 561 2954 708 3017; x_wconf 86' lang='lat' dir='ltr'><strong>Rabanus</strong></span> <span class='ocrx_word' id='word_1_292' title='bbox 729 2956 850 3020; x_wconf 83' lang='lat' dir='ltr'><strong>scribit.</strong></span> <span class='ocrx_word' id='word_1_293' title='bbox 868 2958 923 3022; x_wconf 91' lang='lat' dir='ltr'><strong>llic</strong></span> <span class='ocrx_word' id='word_1_294' title='bbox 980 2958 1031 3034; x_wconf 89' lang='lat' dir='ltr'><strong>tis,</strong></span> <span class='ocrx_word' id='word_1_295' title='bbox 1058 2956 1158 3038; x_wconf 89' lang='lat' dir='ltr'><strong>aliqui</strong></span> <span class='ocrx_word' id='word_1_296' title='bbox 1183 2955 1305 3029; x_wconf 92' lang='lat' dir='ltr'><strong>dicunt,</strong></span> <span class='ocrx_word' id='word_1_297' title='bbox 1333 2954 1418 3035; x_wconf 94' lang='lat' dir='ltr'><strong>quod</strong></span> <span class='ocrx_word' id='word_1_298' title='bbox 1450 2954 1628 3016; x_wconf 88' lang='lat' dir='ltr'><strong>sacerdotes</strong></span> <span class='ocrx_word' id='word_1_299' title='bbox 1658 2972 1723 3016; x_wconf 92' lang='lat' dir='ltr'><strong>non</strong></span> 
     </span>
     <span class='ocr_line' id='line_1_27' title="bbox 176 3051 1724 3139; baseline 0 -25"><span class='ocrx_word' id='word_1_300' title='bbox 176 3061 283 3114; x_wconf 91' lang='lat' dir='ltr'><strong>tamen</strong></span> <span class='ocrx_word' id='word_1_301' title='bbox 295 3051 537 3128; x_wconf 88' lang='lat' dir='ltr'><strong>determinatur,</strong></span> <span class='ocrx_word' id='word_1_302' title='bbox 548 3061 582 3114; x_wconf 91' lang='lat' dir='ltr'><strong>ut</strong></span> <span class='ocrx_word' id='word_1_303' title='bbox 598 3054 753 3116; x_wconf 90' lang='lat' dir='ltr'><strong>sacerdoti</strong></span> <span class='ocrx_word' id='word_1_304' title='bbox 772 3057 921 3118; x_wconf 89' lang='lat' dir='ltr'><strong>tradatur.</strong></span> <span class='ocrx_word' id='word_1_305' title='bbox 939 3056 960 3119; x_wconf 88' lang='lat' dir='ltr'>C</span> <span class='ocrx_word' id='word_1_306' title='bbox 980 3063 1127 3139; x_wconf 89' lang='lat' dir='ltr'><strong>poterant</strong></span> <span class='ocrx_word' id='word_1_307' title='bbox 1142 3054 1217 3116; x_wconf 87' lang='lat' dir='ltr'><strong>talia</strong></span> <span class='ocrx_word' id='word_1_308' title='bbox 1232 3053 1264 3116; x_wconf 86' lang='lat' dir='ltr'><strong>vi</strong></span> <span class='ocrx_word' id='word_1_309' title='bbox 1285 3052 1443 3116; x_wconf 77' lang='lat' dir='ltr'><strong>auferres</strong></span> <span class='ocrx_word' id='word_1_310' title='bbox 1459 3052 1607 3115; x_wconf 90' lang='lat' dir='ltr'><strong>domibus</strong></span> <span class='ocrx_word' id='word_1_311' title='bbox 1622 3053 1724 3115; x_wconf 91' lang='lat' dir='ltr'><strong>domi-</strong></span> 
     </span>
     <span class='ocr_line' id='line_1_28' title="bbox 173 3151 1722 3235; baseline 0.002 -24"><span class='ocrx_word' id='word_1_312' title='bbox 173 3151 332 3232; x_wconf 68' lang='lat' dir='ltr'><strong>lotephus</strong></span> <span class='ocrx_word' id='word_1_313' title='bbox 350 3151 478 3212; x_wconf 92' lang='lat' dir='ltr'><strong>demum</strong></span> <span class='ocrx_word' id='word_1_314' title='bbox 496 3159 638 3227; x_wconf 88' lang='lat' dir='ltr'><strong>testatur,</strong></span> <span class='ocrx_word' id='word_1_315' title='bbox 656 3154 741 3233; x_wconf 93' lang='lat' dir='ltr'><strong>quod</strong></span> <span class='ocrx_word' id='word_1_316' title='bbox 757 3162 923 3235; x_wconf 83' lang='lat' dir='ltr'><strong>argentum</strong></span> <span class='ocrx_word' id='word_1_317' title='bbox 980 3174 1106 3230; x_wconf 91' lang='lat' dir='ltr'><strong>norum,</strong></span> <span class='ocrx_word' id='word_1_318' title='bbox 1124 3154 1179 3216; x_wconf 90' lang='lat' dir='ltr'><strong>sed</strong></span> <span class='ocrx_word' id='word_1_319' title='bbox 1195 3151 1298 3216; x_wconf 90' lang='lat' dir='ltr'><strong>solum</strong></span> <span class='ocrx_word' id='word_1_320' title='bbox 1314 3151 1515 3232; x_wconf 89' lang='lat' dir='ltr'><strong>accipiebant</strong></span> <span class='ocrx_word' id='word_1_321' title='bbox 1531 3151 1645 3213; x_wconf 89' lang='lat' dir='ltr'><strong>tradita</strong></span> <span class='ocrx_word' id='word_1_322' title='bbox 1660 3151 1722 3214; x_wconf 90' lang='lat' dir='ltr'><strong>sibi</strong></span> 
     </span>
     <span class='ocr_line' id='line_1_29' title="bbox 174 3249 1723 3334; baseline 0.001 -23"><span class='ocrx_word' id='word_1_323' title='bbox 174 3259 206 3311; x_wconf 92' lang='lat' dir='ltr'><strong>et</strong></span> <span class='ocrx_word' id='word_1_324' title='bbox 222 3267 336 3311; x_wconf 91' lang='lat' dir='ltr'><strong>aurum</strong></span> <span class='ocrx_word' id='word_1_325' title='bbox 360 3249 552 3311; x_wconf 87' lang='lat' dir='ltr'><strong>reddebatur</strong></span> <span class='ocrx_word' id='word_1_326' title='bbox 569 3249 601 3311; x_wconf 94' lang='lat' dir='ltr'><strong>in</strong></span> <span class='ocrx_word' id='word_1_327' title='bbox 618 3250 763 3332; x_wconf 90' lang='lat' dir='ltr'><strong>duplum,</strong></span> <span class='ocrx_word' id='word_1_328' title='bbox 780 3253 924 3334; x_wconf 86' lang='lat' dir='ltr'><strong>jumenta</strong></span> <span class='ocrx_word' id='word_1_329' title='bbox 979 3255 1019 3318; x_wconf 82' lang='lat' dir='ltr'><strong>ab</strong></span> <span class='ocrx_word' id='word_1_330' title='bbox 1034 3251 1356 3317; x_wconf 85' lang='lat' dir='ltr'><strong>aliisVerumtamon</strong></span> <span class='ocrx_word' id='word_1_331' title='bbox 1372 3251 1551 3332; x_wconf 92' lang='lat' dir='ltr'><strong>puto,quod</strong></span> <span class='ocrx_word' id='word_1_332' title='bbox 1568 3251 1723 3332; x_wconf 89' lang='lat' dir='ltr'><strong>perviam</strong></span> 
     </span>
     <span class='ocr_line' id='line_1_30' title="bbox 175 3347 1724 3434; baseline 0.001 -25"><span class='ocrx_word' id='word_1_333' title='bbox 175 3349 208 3409; x_wconf 92' lang='lat' dir='ltr'><strong>in</strong></span> <span class='ocrx_word' id='word_1_334' title='bbox 225 3347 457 3429; x_wconf 88' lang='lat' dir='ltr'><strong>quadruplum,</strong></span> <span class='ocrx_word' id='word_1_335' title='bbox 475 3347 563 3410; x_wconf 91' lang='lat' dir='ltr'><strong>solus</strong></span> <span class='ocrx_word' id='word_1_336' title='bbox 578 3348 635 3411; x_wconf 92' lang='lat' dir='ltr'><strong>bos</strong></span> <span class='ocrx_word' id='word_1_337' title='bbox 651 3349 684 3410; x_wconf 93' lang='lat' dir='ltr'><strong>in</strong></span> <span class='ocrx_word' id='word_1_338' title='bbox 701 3349 921 3432; x_wconf 91' lang='lat' dir='ltr'><strong>quintuplum:</strong></span> <span class='ocrx_word' id='word_1_339' title='bbox 978 3352 1059 3433; x_wconf 88' lang='lat' dir='ltr'><strong>juris</strong></span> <span class='ocrx_word' id='word_1_340' title='bbox 1076 3359 1224 3434; x_wconf 88' lang='lat' dir='ltr'><strong>poterant</strong></span> <span class='ocrx_word' id='word_1_341' title='bbox 1239 3369 1276 3412; x_wconf 88' lang='lat' dir='ltr'><strong>ea</strong></span> <span class='ocrx_word' id='word_1_342' title='bbox 1291 3349 1565 3430; x_wconf 82' lang='lat' dir='ltr'><strong>exigere,quando</strong></span> <span class='ocrx_word' id='word_1_343' title='bbox 1582 3368 1646 3411; x_wconf 92' lang='lat' dir='ltr'><strong>non</strong></span> <span class='ocrx_word' id='word_1_344' title='bbox 1662 3358 1724 3411; x_wconf 88' lang='lat' dir='ltr'><strong>tra-</strong></span> 
     </span>
     <span class='ocr_line' id='line_1_31' title="bbox 174 3445 1146 3529; baseline 0.004 -23"><span class='ocrx_word' id='word_1_345' title='bbox 174 3447 252 3527; x_wconf 86' lang='lat' dir='ltr'><strong>quia</strong></span> <span class='ocrx_word' id='word_1_346' title='bbox 282 3463 347 3526; x_wconf 90' lang='lat' dir='ltr'><strong>quo</strong></span> <span class='ocrx_word' id='word_1_347' title='bbox 376 3445 491 3508; x_wconf 91' lang='lat' dir='ltr'><strong>ceteris</strong></span> <span class='ocrx_word' id='word_1_348' title='bbox 521 3445 633 3509; x_wconf 89' lang='lat' dir='ltr'><strong>utilius</strong></span> <span class='ocrx_word' id='word_1_349' title='bbox 663 3448 858 3529; x_wconf 89' lang='lat' dir='ltr'><strong>possidetur,</strong></span> <span class='ocrx_word' id='word_1_350' title='bbox 887 3468 924 3513; x_wconf 91' lang='lat' dir='ltr'><strong>eo</strong></span> <span class='ocrx_word' id='word_1_351' title='bbox 979 3452 1146 3514; x_wconf 87' lang='lat' dir='ltr'><strong>debentur.</strong></span> 
     </span>
     <span class='ocr_line' id='line_1_32' title="bbox 174 3543 1722 3630; baseline 0.003 -24"><span class='ocrx_word' id='word_1_352' title='bbox 174 3543 364 3606; x_wconf 90' lang='lat' dir='ltr'><strong>damnosius</strong></span> <span class='ocrx_word' id='word_1_353' title='bbox 386 3544 540 3625; x_wconf 92' lang='lat' dir='ltr'><strong>perditur.</strong></span> <span class='ocrx_word' id='word_1_354' title='bbox 558 3545 618 3608; x_wconf 90' lang='lat' dir='ltr'><strong>Sed</strong></span> <span class='ocrx_word' id='word_1_355' title='bbox 638 3546 790 3628; x_wconf 88' lang='lat' dir='ltr'><strong>quoniam</strong></span> <span class='ocrx_word' id='word_1_356' title='bbox 812 3547 924 3611; x_wconf 75' lang='lat' dir='ltr'><strong>aliena</strong></span> <span class='ocrx_word' id='word_1_357' title='bbox 1024 3549 1173 3630; x_wconf 84' lang='lat' dir='ltr'><strong>Sequitur</strong></span> <span class='ocrx_word' id='word_1_358' title='bbox 1196 3548 1236 3610; x_wconf 89' lang='lat' dir='ltr'><strong>de</strong></span> <span class='ocrx_word' id='word_1_359' title='bbox 1262 3547 1330 3626; x_wconf 88' lang='lat' dir='ltr'><strong>lege</strong></span> <span class='ocrx_word' id='word_1_360' title='bbox 1358 3546 1531 3628; x_wconf 79' lang='lat' dir='ltr'><strong>zelotypiae,</strong></span> <span class='ocrx_word' id='word_1_361' title='bbox 1558 3566 1660 3628; x_wconf 91' lang='lat' dir='ltr'><strong>usque</strong></span> <span class='ocrx_word' id='word_1_362' title='bbox 1683 3549 1722 3611; x_wconf 88' lang='lat' dir='ltr'><strong>ad</strong></span> 
     </span>
     <span class='ocr_line' id='line_1_33' title="bbox 174 3641 1724 3729; baseline 0.001 -25"><span class='ocrx_word' id='word_1_363' title='bbox 174 3643 221 3705; x_wconf 90' lang='lat' dir='ltr'><strong>rei</strong></span> <span class='ocrx_word' id='word_1_364' title='bbox 242 3641 368 3704; x_wconf 88' lang='lat' dir='ltr'><strong>ablator</strong></span> <span class='ocrx_word' id='word_1_365' title='bbox 389 3642 531 3723; x_wconf 88' lang='lat' dir='ltr'><strong>peccavit</strong></span> <span class='ocrx_word' id='word_1_366' title='bbox 546 3661 610 3706; x_wconf 92' lang='lat' dir='ltr'><strong>non</strong></span> <span class='ocrx_word' id='word_1_367' title='bbox 628 3652 750 3706; x_wconf 92' lang='lat' dir='ltr'><strong>tantum</strong></span> <span class='ocrx_word' id='word_1_368' title='bbox 771 3645 804 3706; x_wconf 96' lang='lat' dir='ltr'><strong>in</strong></span> <span class='ocrx_word' id='word_1_369' title='bbox 821 3646 925 3728; x_wconf 86' lang='lat' dir='ltr'><strong>proxi·</strong></span> <span class='ocrx_word' id='word_1_370' title='bbox 980 3647 1076 3729; x_wconf 85' lang='lat' dir='ltr'><strong>hujus</strong></span> <span class='ocrx_word' id='word_1_371' title='bbox 1102 3646 1233 3729; x_wconf 88' lang='lat' dir='ltr'><strong>capituli</strong></span> <span class='ocrx_word' id='word_1_372' title='bbox 1260 3645 1371 3708; x_wconf 92' lang='lat' dir='ltr'><strong>linem.</strong></span> <span class='ocrx_word' id='word_1_373' title='bbox 1388 3649 1589 3723; x_wconf 72' lang='lat' dir='ltr'><strong>locutusque</strong></span> <span class='ocrx_word' id='word_1_374' title='bbox 1604 3656 1650 3706; x_wconf 82' lang='lat' dir='ltr'><strong>est</strong></span> <span class='ocrx_word' id='word_1_375' title='bbox 1664 3650 1724 3706; x_wconf 79' lang='lat' dir='ltr'><strong>Do</strong></span> 
     </span>
     <span class='ocr_line' id='line_1_34' title="bbox 175 3739 1724 3824; baseline 0.002 -22"><span class='ocrx_word' id='word_1_376' title='bbox 175 3760 277 3816; x_wconf 89' lang='lat' dir='ltr'><strong>mum,</strong></span> <span class='ocrx_word' id='word_1_377' title='bbox 305 3740 361 3802; x_wconf 90' lang='lat' dir='ltr'><strong>sed</strong></span> <span class='ocrx_word' id='word_1_378' title='bbox 387 3739 464 3802; x_wconf 91' lang='lat' dir='ltr'><strong>item</strong></span> <span class='ocrx_word' id='word_1_379' title='bbox 489 3740 522 3802; x_wconf 95' lang='lat' dir='ltr'><strong>in</strong></span> <span class='ocrx_word' id='word_1_380' title='bbox 548 3742 657 3818; x_wconf 88' lang='lat' dir='ltr'><strong>Deum,</strong></span> <span class='ocrx_word' id='word_1_381' title='bbox 676 3743 767 3823; x_wconf 87' lang='lat' dir='ltr'><strong>cujus</strong></span> <span class='ocrx_word' id='word_1_382' title='bbox 793 3743 925 3806; x_wconf 87' lang='lat' dir='ltr'><strong>violavit</strong></span> <span class='ocrx_word' id='word_1_383' title='bbox 980 3748 1090 3806; x_wconf 73' lang='lat' dir='ltr'><strong>inicus</strong></span> <span class='ocrx_word' id='word_1_384' title='bbox 1101 3767 1113 3804; x_wconf 88' lang='lat'><strong>.·</strong></span> <span class='ocrx_word' id='word_1_385' title='bbox 1125 3747 1180 3804; x_wconf 84' lang='lat' dir='ltr'><strong>Vir</strong></span> <span class='ocrx_word' id='word_1_386' title='bbox 1194 3745 1288 3821; x_wconf 69' lang='lat' dir='ltr'><strong>cojm</strong></span> <span class='ocrx_word' id='word_1_387' title='bbox 1304 3765 1389 3803; x_wconf 63' lang='lat' dir='ltr'><strong>ustor</strong></span> <span class='ocrx_word' id='word_1_388' title='bbox 1402 3746 1561 3804; x_wconf 77' lang='lat' dir='ltr'><strong>erraverit</strong></span> <span class='ocrx_word' id='word_1_389' title='bbox 1575 3763 1594 3806; x_wconf 84' lang='lat' dir='ltr'><strong>a</strong></span> <span class='ocrx_word' id='word_1_390' title='bbox 1608 3743 1661 3805; x_wconf 87' lang='lat' dir='ltr'><strong>via</strong></span> <span class='ocrx_word' id='word_1_391' title='bbox 1674 3744 1724 3824; x_wconf 85' lang='lat' dir='ltr'><strong>ju-</strong></span> 
     </span>
     <span class='ocr_line' id='line_1_35' title="bbox 175 3838 1725 3925; baseline 0.001 -25"><span class='ocrx_word' id='word_1_392' title='bbox 175 3847 384 3921; x_wconf 83' lang='lat' dir='ltr'><strong>pranceptum,</strong></span> <span class='ocrx_word' id='word_1_393' title='bbox 412 3838 618 3918; x_wconf 89' lang='lat' dir='ltr'><strong>subjungitur</strong></span> <span class='ocrx_word' id='word_1_394' title='bbox 643 3858 650 3902; x_wconf 89' lang='lat'><strong>:</strong></span> <span class='ocrx_word' id='word_1_395' title='bbox 674 3852 802 3920; x_wconf 71' lang='lat' dir='ltr'><strong>recepto</strong></span> <span class='ocrx_word' id='word_1_396' title='bbox 826 3845 925 3903; x_wconf 81' lang='lat' dir='ltr'><strong>arieto</strong></span> <span class='ocrx_word' id='word_1_397' title='bbox 981 3844 1074 3906; x_wconf 82' lang='lat' dir='ltr'><strong>stitiae</strong></span> <span class='ocrx_word' id='word_1_398' title='bbox 1090 3862 1147 3925; x_wconf 89' lang='lat' dir='ltr'><strong>per</strong></span> <span class='ocrx_word' id='word_1_399' title='bbox 1162 3841 1274 3904; x_wconf 88' lang='lat' dir='ltr'><strong>vitium</strong></span> <span class='ocrx_word' id='word_1_400' title='bbox 1292 3841 1542 3918; x_wconf 75' lang='lat' dir='ltr'><strong>incontinentiae,</strong></span> <span class='ocrx_word' id='word_1_401' title='bbox 1552 3845 1725 3903; x_wconf 71' lang='lat' dir='ltr'><strong>moratum-</strong></span> 
     </span>
     <span class='ocr_line' id='line_1_36' title="bbox 174 3938 1724 4022; baseline 0.003 -25"><span class='ocrx_word' id='word_1_402' title='bbox 174 3939 234 4016; x_wconf 81' lang='lat' dir='ltr'><strong>qui</strong></span> <span class='ocrx_word' id='word_1_403' title='bbox 259 3941 395 4014; x_wconf 60' lang='lat' dir='ltr'><strong>offiertur</strong></span> <span class='ocrx_word' id='word_1_404' title='bbox 415 3957 477 4013; x_wconf 80' lang='lat' dir='ltr'><strong>pro</strong></span> <span class='ocrx_word' id='word_1_405' title='bbox 496 3940 691 4014; x_wconf 81' lang='lat' dir='ltr'><strong>erpiatr&#39;onc,</strong></span> <span class='ocrx_word' id='word_1_406' title='bbox 709 3938 740 4000; x_wconf 86' lang='lat' dir='ltr'><strong>id</strong></span> <span class='ocrx_word' id='word_1_407' title='bbox 767 3947 825 4017; x_wconf 91' lang='lat' dir='ltr'><strong>cst,</strong></span> <span class='ocrx_word' id='word_1_408' title='bbox 843 3940 925 4002; x_wconf 89' lang='lat' dir='ltr'><strong>ultra</strong></span> <span class='ocrx_word' id='word_1_409' title='bbox 979 3965 1039 4022; x_wconf 79' lang='lat' dir='ltr'><strong>quc</strong></span> <span class='ocrx_word' id='word_1_410' title='bbox 1061 3952 1273 4012; x_wconf 82' lang='lat' dir='ltr'><strong>contemnens,</strong></span> <span class='ocrx_word' id='word_1_411' title='bbox 1296 3941 1409 4017; x_wconf 89' lang='lat' dir='ltr'><strong>idest,</strong></span> <span class='ocrx_word' id='word_1_412' title='bbox 1434 3940 1598 4022; x_wconf 90' lang='lat' dir='ltr'><strong>proprium</strong></span> <span class='ocrx_word' id='word_1_413' title='bbox 1620 3940 1724 4002; x_wconf 87' lang='lat' dir='ltr'><strong>virum</strong></span> 
     </span>
     <span class='ocr_line' id='line_1_37' title="bbox 174 4034 1724 4120; baseline 0.003 -24"><span class='ocrx_word' id='word_1_414' title='bbox 174 4043 271 4117; x_wconf 90' lang='lat' dir='ltr'><strong>caput</strong></span> <span class='ocrx_word' id='word_1_415' title='bbox 286 4043 318 4096; x_wconf 92' lang='lat' dir='ltr'><strong>et</strong></span> <span class='ocrx_word' id='word_1_416' title='bbox 334 4034 480 4116; x_wconf 91' lang='lat' dir='ltr'><strong>quintam</strong></span> <span class='ocrx_word' id='word_1_417' title='bbox 502 4044 624 4117; x_wconf 88' lang='lat' dir='ltr'><strong>partem</strong></span> <span class='ocrx_word' id='word_1_418' title='bbox 645 4039 797 4118; x_wconf 86' lang='lat' dir='ltr'><strong>rependet</strong></span> <span class='ocrx_word' id='word_1_419' title='bbox 812 4039 851 4100; x_wconf 90' lang='lat' dir='ltr'><strong>de</strong></span> <span class='ocrx_word' id='word_1_420' title='bbox 867 4058 924 4102; x_wconf 93' lang='lat' dir='ltr'><strong>suo</strong></span> <span class='ocrx_word' id='word_1_421' title='bbox 981 4040 1193 4114; x_wconf 88' lang='lat' dir='ltr'><strong>inhonorans,</strong></span> <span class='ocrx_word' id='word_1_422' title='bbox 1220 4047 1274 4101; x_wconf 93' lang='lat' dir='ltr'><strong>aut</strong></span> <span class='ocrx_word' id='word_1_423' title='bbox 1306 4047 1458 4120; x_wconf 91' lang='lat' dir='ltr'><strong>tanquam</strong></span> <span class='ocrx_word' id='word_1_424' title='bbox 1489 4037 1585 4102; x_wconf 87' lang='lat' dir='ltr'><strong>rilem</strong></span> <span class='ocrx_word' id='word_1_425' title='bbox 1614 4057 1724 4120; x_wconf 91' lang='lat' dir='ltr'><strong>asper-</strong></span> 
     </span>
     <span class='ocr_line' id='line_1_38' title="bbox 174 4134 1721 4215; baseline 0.001 -19"><span class='ocrx_word' id='word_1_426' title='bbox 174 4134 321 4210; x_wconf 88' lang='lat' dir='ltr'><strong>arietem,</strong></span> <span class='ocrx_word' id='word_1_427' title='bbox 339 4153 434 4214; x_wconf 92' lang='lat' dir='ltr'><strong>quem</strong></span> <span class='ocrx_word' id='word_1_428' title='bbox 455 4135 494 4196; x_wconf 90' lang='lat' dir='ltr'><strong>ad</strong></span> <span class='ocrx_word' id='word_1_429' title='bbox 514 4135 709 4198; x_wconf 88' lang='lat' dir='ltr'><strong>sacerdotem</strong></span> <span class='ocrx_word' id='word_1_430' title='bbox 726 4137 872 4215; x_wconf 87' lang='lat' dir='ltr'><strong>deducet,</strong></span> <span class='ocrx_word' id='word_1_431' title='bbox 890 4147 925 4198; x_wconf 91' lang='lat' dir='ltr'><strong>ut</strong></span> <span class='ocrx_word' id='word_1_432' title='bbox 981 4158 1059 4201; x_wconf 86' lang='lat' dir='ltr'><strong>nans</strong></span> <span class='ocrx_word' id='word_1_433' title='bbox 1073 4140 1284 4213; x_wconf 79' lang='lat' dir='ltr'><strong>;·dormr&#39;err&#39;t,</strong></span> <span class='ocrx_word' id='word_1_434' title='bbox 1301 4137 1333 4199; x_wconf 93' lang='lat' dir='ltr'><strong>id</strong></span> <span class='ocrx_word' id='word_1_435' title='bbox 1359 4145 1418 4213; x_wconf 89' lang='lat' dir='ltr'><strong>est,</strong></span> <span class='ocrx_word' id='word_1_436' title='bbox 1434 4137 1590 4199; x_wconf 85' lang='lat' dir='ltr'><strong>moechata</strong></span> <span class='ocrx_word' id='word_1_437' title='bbox 1614 4135 1721 4213; x_wconf 86' lang='lat' dir='ltr'><strong>luerit,</strong></span> 
     </span>
     <span class='ocr_line' id='line_1_39' title="bbox 174 4232 1723 4313; baseline 0.003 -19"><span class='ocrx_word' id='word_1_438' title='bbox 174 4251 234 4313; x_wconf 91' lang='lat' dir='ltr'><strong>pro</strong></span> <span class='ocrx_word' id='word_1_439' title='bbox 250 4232 300 4294; x_wconf 87' lang='lat' dir='ltr'><strong>sui</strong></span> <span class='ocrx_word' id='word_1_440' title='bbox 324 4233 446 4313; x_wconf 86' lang='lat' dir='ltr'><strong>peccati</strong></span> <span class='ocrx_word' id='word_1_441' title='bbox 471 4232 658 4296; x_wconf 89' lang='lat' dir='ltr'><strong>remissione</strong></span> <span class='ocrx_word' id='word_1_442' title='bbox 679 4234 870 4313; x_wconf 89' lang='lat' dir='ltr'><strong>immoletur,</strong></span> <span class='ocrx_word' id='word_1_443' title='bbox 889 4249 924 4298; x_wconf 81' lang='lat' dir='ltr'><strong>et</strong></span> <span class='ocrx_word' id='word_1_444' title='bbox 939 4243 964 4304; x_wconf 87' lang='lat' dir='ltr'><strong>D</strong></span> <span class='ocrx_word' id='word_1_445' title='bbox 980 4237 1047 4301; x_wconf 90' lang='lat' dir='ltr'><strong>sive</strong></span> <span class='ocrx_word' id='word_1_446' title='bbox 1063 4236 1190 4299; x_wconf 91' lang='lat' dir='ltr'><strong>inlecto</strong></span> <span class='ocrx_word' id='word_1_447' title='bbox 1206 4235 1273 4299; x_wconf 86' lang='lat' dir='ltr'><strong>siro</strong></span> <span class='ocrx_word' id='word_1_448' title='bbox 1289 4235 1460 4313; x_wconf 62' lang='lat' dir='ltr'><strong>alibi,‹›um</strong></span> <span class='ocrx_word' id='word_1_449' title='bbox 1471 4241 1570 4296; x_wconf 80' lang='lat' dir='ltr'><strong>altero</strong></span> <span class='ocrx_word' id='word_1_450' title='bbox 1583 4236 1723 4306; x_wconf 77' lang='lat' dir='ltr'><strong>or&#39;ro,vel</strong></span> 
     </span>
     <span class='ocr_line' id='line_1_40' title="bbox 172 4327 1724 4411; baseline 0.005 -25"><span class='ocrx_word' id='word_1_451' title='bbox 172 4329 217 4387; x_wconf 79' lang='lat' dir='ltr'><strong>sit</strong></span> <span class='ocrx_word' id='word_1_452' title='bbox 229 4329 405 4404; x_wconf 71' lang='lat' dir='ltr'><strong>placabitis</strong></span> <span class='ocrx_word' id='word_1_453' title='bbox 421 4329 536 4398; x_wconf 79' lang='lat' dir='ltr'><strong>hostia,</strong></span> <span class='ocrx_word' id='word_1_454' title='bbox 547 4327 578 4389; x_wconf 93' lang='lat' dir='ltr'><strong>id</strong></span> <span class='ocrx_word' id='word_1_455' title='bbox 594 4336 652 4404; x_wconf 84' lang='lat' dir='ltr'><strong>esi,</strong></span> <span class='ocrx_word' id='word_1_456' title='bbox 664 4337 822 4409; x_wconf 85' lang='lat' dir='ltr'><strong>quatenus</strong></span> <span class='ocrx_word' id='word_1_457' title='bbox 837 4330 924 4394; x_wconf 88' lang='lat' dir='ltr'><strong>obla·</strong></span> <span class='ocrx_word' id='word_1_458' title='bbox 979 4335 1095 4411; x_wconf 85' lang='lat' dir='ltr'><strong>soluto,</strong></span> <span class='ocrx_word' id='word_1_459' title='bbox 1113 4335 1162 4397; x_wconf 87' lang='lat' dir='ltr'><strong>vel</strong></span> <span class='ocrx_word' id='word_1_460' title='bbox 1179 4353 1244 4396; x_wconf 88' lang='lat' dir='ltr'><strong>non</strong></span> <span class='ocrx_word' id='word_1_461' title='bbox 1260 4333 1363 4397; x_wconf 86' lang='lat' dir='ltr'><strong>soluto</strong></span> <span class='ocrx_word' id='word_1_462' title='bbox 1377 4359 1384 4410; x_wconf 86' lang='lat'><em>3</em></span> <span class='ocrx_word' id='word_1_463' title='bbox 1401 4345 1430 4395; x_wconf 86' lang='lat' dir='ltr'><strong>ct</strong></span> <span class='ocrx_word' id='word_1_464' title='bbox 1445 4337 1503 4394; x_wconf 82' lang='lat' dir='ltr'><strong>boc</strong></span> <span class='ocrx_word' id='word_1_465' title='bbox 1518 4337 1657 4396; x_wconf 82' lang='lat' dir='ltr'><strong>moritus</strong></span> <span class='ocrx_word' id='word_1_466' title='bbox 1670 4339 1724 4395; x_wconf 79' lang='lat' dir='ltr'><strong>de-</strong></span> 
     </span>
     <span class='ocr_line' id='line_1_41' title="bbox 175 4424 1721 4514; baseline 0.006 -28"><span class='ocrx_word' id='word_1_467' title='bbox 175 4424 219 4488; x_wconf 93' lang='lat' dir='ltr'><strong>tio</strong></span> <span class='ocrx_word' id='word_1_468' title='bbox 236 4425 292 4487; x_wconf 90' lang='lat' dir='ltr'><strong>illa</strong></span> <span class='ocrx_word' id='word_1_469' title='bbox 309 4425 412 4488; x_wconf 84' lang='lat' dir='ltr'><strong>valeat</strong></span> <span class='ocrx_word' id='word_1_470' title='bbox 432 4425 518 4487; x_wconf 87' lang='lat' dir='ltr'><strong>eiad</strong></span> <span class='ocrx_word' id='word_1_471' title='bbox 535 4425 725 4507; x_wconf 90' lang='lat' dir='ltr'><strong>placandum</strong></span> <span class='ocrx_word' id='word_1_472' title='bbox 742 4427 803 4490; x_wconf 93' lang='lat' dir='ltr'><strong>sibi</strong></span> <span class='ocrx_word' id='word_1_473' title='bbox 820 4429 924 4491; x_wconf 88' lang='lat' dir='ltr'><strong>Domi·</strong></span> <span class='ocrx_word' id='word_1_474' title='bbox 974 4437 1184 4512; x_wconf 77' lang='lat' dir='ltr'><strong>prehendere,</strong></span> <span class='ocrx_word' id='word_1_475' title='bbox 1206 4432 1238 4495; x_wconf 94' lang='lat' dir='ltr'><strong>id</strong></span> <span class='ocrx_word' id='word_1_476' title='bbox 1261 4441 1309 4495; x_wconf 90' lang='lat' dir='ltr'><strong>est</strong></span> <span class='ocrx_word' id='word_1_477' title='bbox 1331 4427 1388 4514; x_wconf 87' lang='lat' dir='ltr'><strong>pro</strong></span> <span class='ocrx_word' id='word_1_478' title='bbox 1411 4441 1496 4495; x_wconf 88' lang='lat' dir='ltr'><strong>certo</strong></span> <span class='ocrx_word' id='word_1_479' title='bbox 1518 4450 1721 4512; x_wconf 85' lang='lat' dir='ltr'><strong>cognoscere,</strong></span> 
     </span>
     <span class='ocr_line' id='line_1_42' title="bbox 174 4522 1723 4613; baseline 0.005 -27"><span class='ocrx_word' id='word_1_480' title='bbox 174 4543 264 4600; x_wconf 90' lang='lat' dir='ltr'><strong>num,</strong></span> <span class='ocrx_word' id='word_1_481' title='bbox 291 4523 324 4584; x_wconf 95' lang='lat' dir='ltr'><strong>in</strong></span> <span class='ocrx_word' id='word_1_482' title='bbox 350 4531 506 4605; x_wconf 83' lang='lat' dir='ltr'><strong>quantum</strong></span> <span class='ocrx_word' id='word_1_483' title='bbox 534 4543 572 4586; x_wconf 79' lang='lat' dir='ltr'><strong>eu</strong></span> <span class='ocrx_word' id='word_1_484' title='bbox 598 4522 676 4601; x_wconf 86' lang='lat' dir='ltr'><strong>lide,</strong></span> <span class='ocrx_word' id='word_1_485' title='bbox 700 4525 867 4590; x_wconf 90' lang='lat' dir='ltr'><strong>devotione</strong></span> <span class='ocrx_word' id='word_1_486' title='bbox 892 4536 923 4590; x_wconf 91' lang='lat' dir='ltr'><strong>et</strong></span> <span class='ocrx_word' id='word_1_487' title='bbox 978 4542 1033 4594; x_wconf 87' lang='lat' dir='ltr'><strong>aut</strong></span> <span class='ocrx_word' id='word_1_488' title='bbox 1049 4551 1105 4613; x_wconf 95' lang='lat' dir='ltr'><strong>per</strong></span> <span class='ocrx_word' id='word_1_489' title='bbox 1125 4531 1279 4594; x_wconf 88' lang='lat' dir='ltr'><strong>ellectum</strong></span> <span class='ocrx_word' id='word_1_490' title='bbox 1296 4530 1723 4610; x_wconf 70' lang='lat' dir='ltr'><strong>scireneqm&#39;verttviahu-</strong></span> 
     </span>
     <span class='ocr_line' id='line_1_43' title="bbox 172 4620 1723 4705; baseline 0.003 -21"><span class='ocrx_word' id='word_1_491' title='bbox 172 4620 369 4684; x_wconf 83' lang='lat' dir='ltr'><strong>contritione</strong></span> <span class='ocrx_word' id='word_1_492' title='bbox 385 4620 533 4685; x_wconf 79' lang='lat' dir='ltr'><strong>offertur.</strong></span> <span class='ocrx_word' id='word_1_493' title='bbox 978 4649 1097 4705; x_wconf 84' lang='lat' dir='ltr'><strong>mana3</strong></span> <span class='ocrx_word' id='word_1_494' title='bbox 1123 4633 1178 4690; x_wconf 84' lang='lat' dir='ltr'><strong>sed</strong></span> <span class='ocrx_word' id='word_1_495' title='bbox 1203 4635 1279 4690; x_wconf 79' lang='lat' dir='ltr'><strong>latet</strong></span> <span class='ocrx_word' id='word_1_496' title='bbox 1304 4631 1515 4700; x_wconf 66' lang='lat' dir='ltr'><strong>mtrttreriom,</strong></span> <span class='ocrx_word' id='word_1_497' title='bbox 1540 4639 1570 4688; x_wconf 87' lang='lat' dir='ltr'><strong>et</strong></span> <span class='ocrx_word' id='word_1_498' title='bbox 1596 4631 1723 4690; x_wconf 81' lang='lat' dir='ltr'><strong>testibus</strong></span> 
     </span>
     <span class='ocr_line' id='line_1_44' title="bbox 213 4719 1722 4810; baseline 0.001 -26"><span class='ocrx_word' id='word_1_499' title='bbox 213 4727 330 4784; x_wconf 78' lang='lat' dir='ltr'><strong>Omnes</strong></span> <span class='ocrx_word' id='word_1_500' title='bbox 346 4740 469 4800; x_wconf 77' lang='lat' dir='ltr'><strong>petoque</strong></span> <span class='ocrx_word' id='word_1_501' title='bbox 476 4719 687 4798; x_wconf 55' lang='lat' dir='ltr'><strong>primiclero</strong></span> <span class='ocrx_word' id='word_1_502' title='bbox 703 4729 750 4783; x_wconf 88' lang='lat' dir='ltr'><strong>cst</strong></span> <span class='ocrx_word' id='word_1_503' title='bbox 766 4722 921 4803; x_wconf 86' lang='lat' dir='ltr'><strong>primitivi</strong></span> <span class='ocrx_word' id='word_1_504' title='bbox 977 4731 1084 4806; x_wconf 72' lang='lat' dir='ltr'><strong>arqui,</strong></span> <span class='ocrx_word' id='word_1_505' title='bbox 1100 4729 1132 4790; x_wconf 91' lang='lat' dir='ltr'><strong>id</strong></span> <span class='ocrx_word' id='word_1_506' title='bbox 1148 4737 1196 4790; x_wconf 86' lang='lat' dir='ltr'><strong>est</strong></span> <span class='ocrx_word' id='word_1_507' title='bbox 1211 4726 1349 4810; x_wconf 86' lang='lat' dir='ltr'><strong>probari,</strong></span> <span class='ocrx_word' id='word_1_508' title='bbox 1360 4747 1424 4787; x_wconf 82' lang='lat' dir='ltr'><strong>oon</strong></span> <span class='ocrx_word' id='word_1_509' title='bbox 1436 4737 1548 4805; x_wconf 80' lang='lat' dir='ltr'><strong>potest,</strong></span> <span class='ocrx_word' id='word_1_510' title='bbox 1563 4730 1642 4806; x_wconf 80' lang='lat' dir='ltr'><strong>quia</strong></span> <span class='ocrx_word' id='word_1_511' title='bbox 1657 4748 1722 4787; x_wconf 84' lang='lat' dir='ltr'><strong>noo</strong></span> 
     </span>
     <span class='ocr_line' id='line_1_45' title="bbox 173 4818 1724 4902; baseline 0.003 -22"><span class='ocrx_word' id='word_1_512' title='bbox 173 4818 298 4882; x_wconf 81' lang='lat' dir='ltr'><strong>tructus</strong></span> <span class='ocrx_word' id='word_1_513' title='bbox 324 4837 474 4900; x_wconf 89' lang='lat' dir='ltr'><strong>pecorum</strong></span> <span class='ocrx_word' id='word_1_514' title='bbox 500 4819 549 4882; x_wconf 90' lang='lat' dir='ltr'><strong>vel</strong></span> <span class='ocrx_word' id='word_1_515' title='bbox 571 4837 729 4899; x_wconf 86' lang='lat' dir='ltr'><strong>agrorum,</strong></span> <span class='ocrx_word' id='word_1_516' title='bbox 748 4843 827 4900; x_wconf 84' lang='lat' dir='ltr'><strong>quas</strong></span> <span class='ocrx_word' id='word_1_517' title='bbox 852 4829 923 4900; x_wconf 82' lang='lat' dir='ltr'><strong>offe·</strong></span> <span class='ocrx_word' id='word_1_518' title='bbox 976 4837 1022 4887; x_wconf 81' lang='lat' dir='ltr'><strong>est</strong></span> <span class='ocrx_word' id='word_1_519' title='bbox 1038 4829 1172 4887; x_wconf 76' lang='lat' dir='ltr'><strong>inventa</strong></span> <span class='ocrx_word' id='word_1_520' title='bbox 1189 4830 1223 4887; x_wconf 80' lang='lat' dir='ltr'><strong>ln</strong></span> <span class='ocrx_word' id='word_1_521' title='bbox 1238 4837 1360 4902; x_wconf 82' lang='lat' dir='ltr'><strong>stupro,</strong></span> <span class='ocrx_word' id='word_1_522' title='bbox 1378 4824 1410 4885; x_wconf 92' lang='lat' dir='ltr'><strong>id</strong></span> <span class='ocrx_word' id='word_1_523' title='bbox 1430 4834 1479 4887; x_wconf 89' lang='lat' dir='ltr'><strong>est</strong></span> <span class='ocrx_word' id='word_1_524' title='bbox 1497 4822 1674 4900; x_wconf 84' lang='lat' dir='ltr'><strong>adulteri03</strong></span> <span class='ocrx_word' id='word_1_525' title='bbox 1694 4828 1724 4885; x_wconf 84' lang='lat' dir='ltr'><strong>si</strong></span> 
     </span>
     <span class='ocr_line' id='line_1_46' title="bbox 171 4915 1724 5003; baseline 0.006 -27"><span class='ocrx_word' id='word_1_526' title='bbox 171 4929 251 4978; x_wconf 80' lang='lat' dir='ltr'><strong>runt</strong></span> <span class='ocrx_word' id='word_1_527' title='bbox 276 4927 333 4980; x_wconf 87' lang='lat' dir='ltr'><strong>aut</strong></span> <span class='ocrx_word' id='word_1_528' title='bbox 358 4915 478 4979; x_wconf 79' lang='lat' dir='ltr'><strong>offerre</strong></span> <span class='ocrx_word' id='word_1_529' title='bbox 502 4924 650 4980; x_wconf 86' lang='lat' dir='ltr'><strong>tenentur</strong></span> <span class='ocrx_word' id='word_1_530' title='bbox 667 4921 734 4995; x_wconf 80' lang='lat' dir='ltr'><strong>filii</strong></span> <span class='ocrx_word' id='word_1_531' title='bbox 749 4923 862 4992; x_wconf 69' lang='lat' dir='ltr'><strong>Israel,</strong></span> <span class='ocrx_word' id='word_1_532' title='bbox 879 4925 923 4982; x_wconf 73' lang='lat' dir='ltr'><strong>orl</strong></span> <span class='ocrx_word' id='word_1_533' title='bbox 977 4927 1115 5003; x_wconf 79' lang='lat' dir='ltr'><strong>spiritus</strong></span> <span class='ocrx_word' id='word_1_534' title='bbox 1131 4929 1298 5002; x_wconf 64' lang='lat' dir='ltr'><strong>zelotypiae</strong></span> <span class='ocrx_word' id='word_1_535' title='bbox 1308 4925 1517 4984; x_wconf 79' lang='lat' dir='ltr'><strong>concitaverit</strong></span> <span class='ocrx_word' id='word_1_536' title='bbox 1532 4926 1643 4984; x_wconf 81' lang='lat' dir='ltr'><strong>er&#39;rtcm</strong></span> <span class='ocrx_word' id='word_1_537' title='bbox 1653 4945 1724 4986; x_wconf 81' lang='lat' dir='ltr'><strong>con·</strong></span> 
     </span>
     <span class='ocr_line' id='line_1_47' title="bbox 170 5016 1725 5100; baseline 0.007 -26"><span class='ocrx_word' id='word_1_538' title='bbox 170 5020 368 5076; x_wconf 76' lang='lat' dir='ltr'><strong>sacerdotem</strong></span> <span class='ocrx_word' id='word_1_539' title='bbox 386 5019 564 5092; x_wconf 81' lang='lat' dir='ltr'><strong>pertinent,</strong></span> <span class='ocrx_word' id='word_1_540' title='bbox 588 5016 619 5077; x_wconf 88' lang='lat' dir='ltr'><strong>id</strong></span> <span class='ocrx_word' id='word_1_541' title='bbox 645 5025 693 5078; x_wconf 86' lang='lat' dir='ltr'><strong>cst</strong></span> <span class='ocrx_word' id='word_1_542' title='bbox 717 5018 756 5080; x_wconf 83' lang='lat' dir='ltr'><strong>ad</strong></span> <span class='ocrx_word' id='word_1_543' title='bbox 781 5018 920 5100; x_wconf 83' lang='lat' dir='ltr'><strong>aliquem</strong></span> <span class='ocrx_word' id='word_1_544' title='bbox 980 5032 1030 5082; x_wconf 81' lang='lat' dir='ltr'><strong>tra</strong></span> <span class='ocrx_word' id='word_1_545' title='bbox 1048 5045 1192 5084; x_wconf 73' lang='lat' dir='ltr'><strong>umorem.</strong></span> <span class='ocrx_word' id='word_1_546' title='bbox 1209 5023 1249 5084; x_wconf 92' lang='lat' dir='ltr'><strong>Ut</strong></span> <span class='ocrx_word' id='word_1_547' title='bbox 1276 5023 1307 5085; x_wconf 89' lang='lat' dir='ltr'><strong>in</strong></span> <span class='ocrx_word' id='word_1_548' title='bbox 1334 5019 1528 5084; x_wconf 81' lang='lat' dir='ltr'><strong>Scholastica</strong></span> <span class='ocrx_word' id='word_1_549' title='bbox 1555 5020 1655 5084; x_wconf 76' lang='lat' dir='ltr'><strong>fertur</strong></span> <span class='ocrx_word' id='word_1_550' title='bbox 1680 5023 1725 5085; x_wconf 92' lang='lat' dir='ltr'><strong>hi·</strong></span> 
     </span>
     <span class='ocr_line' id='line_1_48' title="bbox 173 5114 1722 5202; baseline 0.004 -27"><span class='ocrx_word' id='word_1_551' title='bbox 173 5115 380 5177; x_wconf 88' lang='lat' dir='ltr'><strong>sacerdotum</strong></span> <span class='ocrx_word' id='word_1_552' title='bbox 403 5133 441 5176; x_wconf 80' lang='grc' dir='ltr'><strong>ον</strong></span> <span class='ocrx_word' id='word_1_553' title='bbox 464 5114 664 5178; x_wconf 81' lang='lat' dir='ltr'><strong>institutione</strong></span> <span class='ocrx_word' id='word_1_554' title='bbox 692 5116 770 5196; x_wconf 85' lang='lat' dir='ltr'><strong>legis</strong></span> <span class='ocrx_word' id='word_1_555' title='bbox 792 5117 920 5195; x_wconf 73' lang='lat' dir='ltr'><strong>divinae,</strong></span> <span class='ocrx_word' id='word_1_556' title='bbox 979 5121 1088 5197; x_wconf 90' lang='lat' dir='ltr'><strong>storia,</strong></span> <span class='ocrx_word' id='word_1_557' title='bbox 1106 5121 1193 5184; x_wconf 90' lang='lat' dir='ltr'><strong>zelus</strong></span> <span class='ocrx_word' id='word_1_558' title='bbox 1215 5120 1342 5202; x_wconf 89' lang='lat' dir='ltr'><strong>proprie</strong></span> <span class='ocrx_word' id='word_1_559' title='bbox 1358 5119 1476 5181; x_wconf 87' lang='lat' dir='ltr'><strong>dicitur</strong></span> <span class='ocrx_word' id='word_1_560' title='bbox 1497 5139 1586 5182; x_wconf 84' lang='lat' dir='ltr'><strong>amor</strong></span> <span class='ocrx_word' id='word_1_561' title='bbox 1608 5120 1666 5182; x_wconf 89' lang='lat' dir='ltr'><strong>riri</strong></span> <span class='ocrx_word' id='word_1_562' title='bbox 1691 5121 1722 5183; x_wconf 93' lang='lat' dir='ltr'><strong>in</strong></span> 
     </span>
     <span class='ocr_line' id='line_1_49' title="bbox 171 5212 1724 5301; baseline 0.006 -27"><span class='ocrx_word' id='word_1_563' title='bbox 171 5213 325 5294; x_wconf 90' lang='lat' dir='ltr'><strong>quoniam</strong></span> <span class='ocrx_word' id='word_1_564' title='bbox 339 5212 464 5294; x_wconf 88' lang='lat' dir='ltr'><strong>potiora</strong></span> <span class='ocrx_word' id='word_1_565' title='bbox 472 5213 536 5276; x_wconf 89' lang='lat' dir='ltr'><strong>Deo</strong></span> <span class='ocrx_word' id='word_1_566' title='bbox 547 5222 621 5274; x_wconf 90' lang='lat' dir='ltr'><strong>sunt</strong></span> <span class='ocrx_word' id='word_1_567' title='bbox 637 5213 923 5278; x_wconf 73' lang='lat' dir='ltr'><strong>immolandallrat</strong></span> <span class='ocrx_word' id='word_1_568' title='bbox 980 5237 1111 5280; x_wconf 90' lang='lat' dir='ltr'><strong>uxorem</strong></span> <span class='ocrx_word' id='word_1_569' title='bbox 1129 5236 1136 5280; x_wconf 93' lang='lat'><strong>:</strong></span> <span class='ocrx_word' id='word_1_570' title='bbox 1154 5220 1196 5281; x_wconf 95' lang='lat' dir='ltr'><strong>ob</strong></span> <span class='ocrx_word' id='word_1_571' title='bbox 1211 5237 1306 5299; x_wconf 91' lang='lat' dir='ltr'><strong>quem</strong></span> <span class='ocrx_word' id='word_1_572' title='bbox 1327 5235 1468 5280; x_wconf 86' lang='lat' dir='ltr'><strong>amorem</strong></span> <span class='ocrx_word' id='word_1_573' title='bbox 1491 5219 1573 5281; x_wconf 85' lang='lat' dir='ltr'><strong>terre</strong></span> <span class='ocrx_word' id='word_1_574' title='bbox 1589 5237 1651 5280; x_wconf 94' lang='lat' dir='ltr'><strong>non</strong></span> <span class='ocrx_word' id='word_1_575' title='bbox 1668 5238 1724 5301; x_wconf 80' lang='lat' dir='ltr'><strong>po</strong></span> 
     </span>
     <span class='ocr_line' id='line_1_50' title="bbox 171 5311 1724 5389; baseline 0.004 -16"><span class='ocrx_word' id='word_1_576' title='bbox 171 5321 277 5375; x_wconf 90' lang='lat' dir='ltr'><strong>autem</strong></span> <span class='ocrx_word' id='word_1_577' title='bbox 295 5312 360 5374; x_wconf 90' lang='lat' dir='ltr'><strong>tale</strong></span> <span class='ocrx_word' id='word_1_578' title='bbox 375 5311 518 5374; x_wconf 91' lang='lat' dir='ltr'><strong>oblatum</strong></span> <span class='ocrx_word' id='word_1_579' title='bbox 535 5313 707 5376; x_wconf 87' lang='lat' dir='ltr'><strong>sacerdotis</strong></span> <span class='ocrx_word' id='word_1_580' title='bbox 723 5314 774 5377; x_wconf 93' lang='lat' dir='ltr'><strong>cui</strong></span> <span class='ocrx_word' id='word_1_581' title='bbox 790 5315 923 5380; x_wconf 76' lang='lat' dir='ltr'><strong>adduce-</strong></span> <span class='ocrx_word' id='word_1_582' title='bbox 980 5324 1050 5389; x_wconf 92' lang='lat' dir='ltr'><strong>test,</strong></span> <span class='ocrx_word' id='word_1_583' title='bbox 1068 5326 1102 5378; x_wconf 85' lang='lat' dir='ltr'><strong>ut</strong></span> <span class='ocrx_word' id='word_1_584' title='bbox 1123 5335 1201 5380; x_wconf 80' lang='lat' dir='ltr'><strong>uxor</strong></span> <span class='ocrx_word' id='word_1_585' title='bbox 1221 5315 1312 5380; x_wconf 90' lang='lat' dir='ltr'><strong>alteri</strong></span> <span class='ocrx_word' id='word_1_586' title='bbox 1332 5316 1512 5380; x_wconf 86' lang='lat' dir='ltr'><strong>misceatur.</strong></span> <span class='ocrx_word' id='word_1_587' title='bbox 1530 5316 1609 5380; x_wconf 87' lang='lat' dir='ltr'><strong>Hine</strong></span> <span class='ocrx_word' id='word_1_588' title='bbox 1629 5317 1724 5380; x_wconf 89' lang='lat' dir='ltr'><strong>mari-</strong></span> 
     </span>
    </p>
   </div>
   <div class='ocr_carea' id='block_1_6' title="bbox 0 0 2160 6259">
    <p class='ocr_par' dir='ltr' id='par_1_6' title="bbox 0 0 2160 6259">
     <span class='ocr_line' id='line_1_51' title="bbox 0 0 2160 6259; baseline 0 0"><span class='ocrx_word' id='word_1_589' title='bbox 0 0 2160 6259; x_wconf 95' lang='lat' dir='ltr'><strong> </strong></span> 
     </span>
    </p>
   </div>
  </div>
 </body>
</html>
