4309 6259
452 494 512 559 538
810 512 985 559 auamsno
1008 512 1039 557 m
1060 512 1128 559 aar.
1152 511 1183 556 iv
1203 508 1439 556 osurcaouornr.
1462 528 1503 539 -
1522 508 1594 554 aar.
1616 509 1636 553 v

452 686 565 767 culpa,
582 704 641 748 nec
658 693 719 749 tuae
734 684 828 749 saluti
845 684 1057 748 necessarium
1075 692 1123 747 est
1136 692 1198 747 ter·
1211 681 1237 743 A
1252 680 1464 761 idoneamque
1481 680 1530 742 sui
1550 679 1653 743 oflicii
1672 677 1918 751 exsecutionem,
1936 692 1995 737 nec

452 802 520 846 ram
547 785 633 846 illam
659 784 787 847 intrare.
809 787 1022 863 Nequaquam
1042 788 1130 843 oltra
1155 787 1199 843 to
1251 779 1468 864 pusillanimis
1485 779 1543 841 liat
1557 779 1698 841 timendo
1718 776 1803 859 quod
1817 774 1995 839 corruendo

452 886 566 963 queris
581 886 619 942 de
634 886 694 943 Aac
709 904 743 943 re
759 887 802 943 cd
819 904 877 943 me.
890 886 1031 943 Ascende
1046 902 1198 942 cacumen
1253 881 1286 942 in
1309 879 1450 961 aliquam
1470 878 1597 959 culpam
1621 875 1834 939 demerebitur
1853 872 1996 935 introdu-

338 1004 350 1031 υ
381 1002 408 1030 ¹¹
453 984 600 1059 Pkcspur,
618 982 650 1043 id
671 989 718 1043 est
739 980 928 1043 montisalti
950 979 996 1043 sic
1020 979 1196 1063 appellati:
1253 997 1324 1041 carc
1340 977 1494 1060 populum
1510 976 1606 1038 istum
1622 971 1993 1055 interrampromissam,

334 1083 340 1094 “
453 1079 492 1141 de
517 1097 580 1160 quo
603 1079 636 1141 in
652 1079 797 1141 Numeris
822 1079 941 1141 dictum
967 1087 1034 1153 est;
1051 1088 1080 1139 et
1096 1082 1201 1138 ocutos
1253 1071 1996 1159 sicuttueoperlectiordemeruisti3quicipce

454 1187 523 1237 tuos
544 1179 720 1254 circumfer
740 1181 784 1238 cd
808 1179 1001 1237 occidentem
1024 1187 1054 1237 et
1078 1178 1201 1255 aquito
1250 1179 1407 1253 precedet
1417 1176 1734 1252 poputumistum,et
1748 1170 1997 1230 dicidetetster-

452 1295 537 1346 cem,
559 1285 770 1354 austrumque
791 1284 820 1335 et
845 1277 1011 1345 orientem,
1033 1274 1065 1336 id
1087 1282 1136 1336 est
1160 1274 1200 1336 ad
1253 1293 1327 1332 ram
1342 1290 1354 1331 .·
1369 1270 1460 1352 quasi
1481 1270 1576 1345 dicat,
1593 1267 1743 1331 Absolute
1761 1264 1894 1329 aliirmo
1912 1262 1996 1345 quod

453 1380 589 1452 quatuor
606 1372 715 1453 plagas
732 1381 764 1435 et
786 1372 938 1435 terminos
956 1380 1047 1435 terrae
1068 1372 1201 1454 promis
1256 1369 1351 1433 laciet
1365 1369 1437 1446 hoc,
1448 1376 1480 1432 et
1496 1366 1776 1451 praeservaboeum
1791 1384 1810 1426 a
1824 1363 1881 1426 tali
1897 1362 1994 1428 ruina

454 1470 565 1545 sionis,
581 1480 611 1531 ct
625 1473 763 1547 adspice.
780 1470 919 1543 Qualiter
933 1478 1039 1533 autem
1055 1478 1087 1532 et
1101 1488 1201 1550 quan·
1253 1471 1499 1549 Mcnaimccque
1519 1470 1556 1528 in
1571 1471 1668 1536 calle,
1683 1466 1715 1528 id
1736 1472 1794 1540 est,
1811 1464 1851 1526 ad
1872 1472 1996 1544 tempus

347 1578 412 1621 Dect·
454 1567 495 1645 do
505 1567 624 1649 Moyses
641 1566 717 1630 lecit
732 1567 804 1644 hoc,
822 1577 853 1630 et
867 1568 1005 1649 qualiter
1021 1588 1058 1630 ex
1080 1568 1200 1630 vertice
1254 1567 1437 1649 quievimus
1452 1567 1485 1628 in
1502 1566 1585 1629 valle
1599 1564 1717 1627 montis
1733 1561 1869 1645 praelati,
1885 1572 1995 1621 contra

306 1656 376 1692 ''¹¹“
391 1642 431 1683 ¹⁴·
455 1665 573 1727 montis
596 1665 682 1727 illius
706 1665 786 1728 vidit
806 1673 902 1727 totam
925 1674 1041 1727 terram
1063 1664 1199 1747 promis·
1252 1668 1372 1743 sanum
1387 1669 1526 1742 Ptopor,
1543 1664 1575 1726 id
1591 1671 1638 1725 est
1654 1682 1693 1726 ex
1707 1661 1853 1743 opposito
1873 1658 1947 1735 loci,
1962 1658 1994 1719 iu

455 1762 565 1838 sionis,
582 1762 696 1825 ultimo
717 1762 814 1843 hujus
833 1762 907 1823 libri
928 1762 1068 1843 capitulo
1091 1763 1201 1825 recita-
1253 1783 1317 1846 quo
1333 1763 1411 1827 liliaa
1425 1763 1664 1825 Madianitarum
1681 1760 1894 1827 incitaverunt
1908 1756 1992 1817 lilios

454 1869 516 1923 tur.
535 1860 594 1923 Sed
616 1860 716 1941 quaeri
739 1868 853 1943 potest,
872 1861 1031 1941 quomodo
1047 1860 1099 1923 hic
1116 1860 1200 1922 dica·
1217 1863 1347 1925 Blsrael
1369 1863 1409 1925 ad
1432 1861 1555 1923 cultum
1574 1860 1777 1942 Beelphegor,
1800 1858 1890 1939 juxta
1914 1855 1990 1921 illud

455 1968 516 2036 tur,
533 1958 676 2021 Ascende
691 1977 842 2021 cacumen
859 1958 996 2037 Phasgae,
1013 1966 1199 2039 ete.,quum
1253 1963 1460 2025 Numerorum
1489 1977 1497 2021 :
1522 1959 1697 2022 Madianita
1720 1958 1914 2038 decepemnt
1937 1971 1991 2018 vos
2016 1976 2118 2023 nm,

456 2057 489 2118 in
505 2057 714 2119 Numerorum
740 2057 903 2120 volumine
925 2055 1077 2118 Dominus
1102 2057 1197 2134 dicat,
1254 2080 1310 2143 per
1326 2060 1447 2123 idolum
1462 2059 1594 2137 Pltogor.
1612 2056 1819 2137 initiatusque
1837 2063 1886 2117 est
1900 2051 1991 2116 lsrael
2006 2041 2082 2080 '⁸²¹³'

351 2172 440 2209 nauta
454 2156 598 2217 Ascende
609 2155 641 2216 in
653 2164 792 2218 montem
809 2156 904 2217 istum
915 2155 1055 2217 Abarim.
1068 2156 1106 2217 Et
1116 2155 1200 2219 inira
1253 2160 1457 2241 Beelphegor.

322 2222 342 2263 i
454 2254 592 2329 additur,
620 2255 652 2316 ln
677 2262 817 2317 montem
847 2255 944 2317 Nebo.
970 2254 1199 2336 llespondetur,
1303 2258 1343 2320 De
1365 2255 1590 2339 spiritualitate
1614 2254 1710 2335 hujus
1730 2250 1872 2334 capituli,
1901 2268 1994 2331 super
2013 2269 2120 2341 §ww

454 2353 540 2433 quod
557 2353 700 2433 ejusdem
721 2352 840 2415 montis
861 2353 986 2416 diversa
1006 2361 1080 2415 sunt
1102 2352 1202 2415 nomi·
1255 2356 1372 2419 librum
1388 2355 1596 2417 Numerorum
1612 2353 1645 2413 in
1658 2332 2087 2434 praeallegatiscapitu-“¹¹¹¹¹'⁵·

457 2469 507 2525 na,
526 2450 575 2513 vel
592 2450 737 2531 superior
753 2470 825 2532 pars
844 2451 962 2513 montis
983 2450 1067 2512 illius
1084 2451 1202 2513 dicitur
1255 2455 1295 2517 lis
1311 2456 1430 2517 dictum
1447 2462 1515 2527 est;
1532 2461 1627 2533 atque
1642 2459 1677 2513 ut
1697 2450 1817 2513 dictum
1839 2456 1889 2511 est
1903 2466 1995 2529 saepe,

456 2548 587 2629 Phasga,
605 2550 669 2611 imo
691 2556 721 2611 et
746 2549 842 2612 Nebo.
863 2553 928 2610 Nec
946 2553 1033 2611 enim
1050 2553 1203 2611 transibis
1255 2552 1341 2634 quod
1365 2552 1484 2633 Moyses
1505 2549 1667 2631 legislator
1689 2548 1866 2609 ludaeorum
1886 2564 1942 2608 eos
1966 2545 1997 2606 in

455 2650 629 2708 Iordanem
645 2649 754 2708 istum.
772 2650 917 2727 Proeerpe
931 2652 1035 2720 Josue,
1053 2655 1088 2709 ut
1104 2657 1135 2711 te
1149 2649 1203 2711 de
1257 2659 1378 2713 terram
1403 2646 1627 2731 promissionis
1657 2644 1801 2726 nequivit
1830 2644 1996 2718 inducere,

457 2744 578 2821 iuncto,
594 2744 728 2827 impleat
744 2765 815 2827 quae
830 2746 860 2807 ei
876 2746 988 2809 vivens
1004 2746 1140 2827 jussisti,
1156 2747 1203 2809 vi·
1257 2748 1486 2831 praefiguravit,
1504 2746 1591 2827 quod
1613 2763 1670 2828 per
1690 2741 1925 2807 observantiam
1949 2759 2000 2803 ve

456 2842 571 2905 delicet
587 2852 620 2905 ut
636 2844 791 2926 populum
808 2846 904 2907 istum
922 2845 1089 2925 pracedat,
1103 2854 1200 2925 regat,
1259 2845 1334 2908 teris
1350 2842 1555 2920 Testamenti,
1568 2860 1662 2905 nemo
1677 2840 1777 2903 valuit
1792 2838 1945 2902 coelorum
1956 2837 1999 2899 in·

457 2950 488 3004 et
499 2941 679 3005 introducat
695 2942 727 3003 in
743 2950 858 3005 terram
880 2943 1111 3023 promissionis.
1125 2944 1204 3017 Qua·
1257 2942 1347 3021 gredi
1373 2960 1517 3022 regnum,
1543 2939 1605 3001 nisi
1630 2937 1754 3002 Christo
1778 2953 1836 3018 pro
1861 2935 1999 2996 humano

458 3040 530 3102 liter
558 3048 663 3103 autem
693 3040 811 3123 Moyses
839 3041 899 3103 [leo
928 3042 1060 3121 jubente
1091 3040 1204 3105 lecerit
1221 3052 1243 3113 c
1259 3060 1374 3123 genere
1390 3039 1662 3114 satislaciente,et
1677 3036 1878 3099 suoselectos
1894 3034 1927 3096 in
1942 3050 2000 3095 ote

458 3138 672 3219 ipsumlosue
692 3157 906 3201 successorem
924 3139 1066 3201 suumin
1087 3140 1203 3222 princi·
1259 3140 1370 3202 lestem
1397 3139 1531 3220 patriam
1557 3137 1698 3200 finaliter
1719 3132 1999 3217 principaliterque

459 3243 551 3317 patu,
578 3236 769 3298 dictumest
794 3235 828 3297 in
852 3236 1009 3299 Numeris
1034 3242 1076 3300 et
1101 3260 1203 3300 corre
1259 3237 1446 3320 promissam
1472 3237 1693 3299 introducente
1719 3253 1726 3297 :
1753 3232 1835 3295 sicut
1859 3238 1892 3294 et
1913 3231 1999 3293 lasus

458 3337 534 3393 bora
549 3355 621 3394 eom
643 3345 737 3413 atque
756 3338 913 3413 conforto,
931 3334 963 3397 id
983 3345 1042 3413 est,
1059 3337 1157 3399 verbo
1171 3346 1202 3400 et
1260 3336 1349 3398 lilius
1364 3336 1446 3412 Nun,
1466 3334 1553 3398 lilios
1568 3335 1661 3397 lsrael
1682 3334 1716 3395 in
1738 3339 1855 3395 terram
1871 3337 2000 3392 terrena

458 3432 603 3513 exemplo
627 3434 793 3496 exhortare
817 3452 889 3495 eum
914 3434 953 3496 ad
977 3435 1200 3512 constantiam,
1260 3435 1387 3497 induxit
1402 3433 1635 3517 promissionis.

1037 3860 1362 3947 ARTICULUS
1400 3862 1433 3945 V

580 4134 756 4180 atootoarto
779 4134 953 4179 cisrenanis
976 4134 1114 4180 carinum
1135 4134 1247 4188 odanti
1271 4133 1278 4177 :
1303 4133 1339 4178 ΕΤ
1360 4134 1449 4192 NUNC,
1474 4133 1592 4193 lonast,
1616 4133 1689 4178 AUDl
1710 4134 1884 4178 PRAEGEPTA.

535 4410 720 4485 UCUSQUE
737 4418 865 4473 sanctus
879 4410 998 4493 Moyses
1013 4406 1207 4491 praeambula
1222 4408 1247 4469 D
1261 4428 1297 4471 ac
1312 4409 1548 4485 cerimonialia,
1567 4419 1598 4469 et
1605 4410 1750 4487 judicia,
1767 4408 1827 4472 hoc
1851 4417 1901 4471 est
1922 4428 2005 4472 man·

545 4507 689 4588 quaedam
707 4507 873 4590 premisit,
890 4507 930 4569 ad
952 4506 1207 4588 explanationem
1261 4508 1334 4569 data
1347 4506 1522 4588 judicialia,
1530 4528 1601 4587 quea
1610 4528 1665 4585 eqo
1675 4512 1767 4569 doceo
1778 4518 1825 4567 te:
1837 4518 1872 4568 ut
1881 4510 2005 4586 faciem

460 4615 492 4669 et
515 4606 750 4669 observantiam
777 4606 855 4684 legis
881 4604 1103 4679 deservientis,
1130 4601 1209 4665 reci·
1260 4628 1308 4666 ec.
1328 4605 1466 4668 Scientia
1481 4604 1566 4668 enim
1582 4615 1812 4688 praceptorum
1829 4615 1878 4668 est
1892 4606 2004 4688 practi-

461 4705 556 4767 tando
581 4704 669 4767 varia
691 4702 852 4767 beneficia
867 4704 921 4766 Dei
943 4712 975 4766 et
1000 4701 1207 4766 eminentiam
1261 4723 1298 4767 oa
1315 4721 1322 4765 :
1341 4703 1412 4766 ideo
1432 4703 1621 4767 ordinantur
1635 4705 1674 4767 ad
1696 4722 1787 4785 opus,
1804 4705 2006 4785 quemadmo

461 4802 610 4886 potentia
626 4803 707 4883 ejus.
722 4802 810 4865 Nunc
826 4802 940 4883 incipit
956 4802 1035 4883 legis
1051 4810 1209 4884 praeopta
1262 4803 1337 4864 dum
1353 4809 1386 4864 et
1400 4802 1586 4865 Aristoteles
1599 4802 1666 4865 ait:
1684 4802 1764 4875 Quid
1778 4810 1827 4865 est
1841 4802 1946 4865 virtus
1960 4802 2006 4862 in·

462 4908 614 4981 repetere,
636 4901 816 4982 explanare,
834 4909 930 4982 atque
952 4902 991 4963 ad
1016 4902 1086 4981 ejus
1107 4910 1209 4964 custo
1262 4900 1431 4982 quirimus,
1459 4919 1523 4964 non
1548 4909 1584 4962 ut
1608 4901 1757 4977 sciamus,
1784 4902 1840 4963 sed
1866 4910 1902 4962 ut
1930 4901 2004 4964 boni

462 4998 548 5060 diam
565 4998 700 5061 diversis
716 5000 818 5062 modis
834 5000 959 5081 plebem
980 5000 1111 5063 hortari.
1263 4999 1443 5061 reddamur.
1455 4999 1542 5060 Finis
1556 5007 1662 5061 autem
1678 5008 1909 5081 praceptorum
1919 4998 2006 5062 allir·

501 5099 544 5158 Et
568 5102 806 5169 conclamet,
833 5101 925 5170 orati,
949 5098 1009 5161 hoc
1034 5106 1093 5174 est,
1115 5106 1148 5159 tu
1168 5099 1210 5160 ls-
1262 5097 1453 5160 malivorum
1483 5105 1541 5174 est,
1569 5096 1675 5160 facere
1698 5116 1755 5170 ea;
1782 5098 1837 5159 sed
1861 5098 2006 5177 negativa

462 5194 605 5257 raelitica
620 5194 722 5276 plebs,
741 5195 810 5258 sine
826 5195 979 5259 dilatione
994 5196 1139 5259 ausculta
1154 5216 1209 5259 au·
1263 5204 1421 5277 praecepta
1435 5196 1552 5257 dantur
1567 5196 1606 5258 ad
1618 5196 1783 5260 vitandum
1799 5214 1897 5276 opera
1911 5196 2004 5271 mala,

461 5293 551 5355 ribus
565 5294 671 5356 cordis
687 5302 718 5356 et
733 5293 1057 5376 corporis,proecepta
1074 5294 1207 5357 moralia
1262 5312 1321 5356 nec
1344 5293 1537 5370 immediate,
1561 5294 1617 5356 sed
1636 5313 1675 5357 ex
1696 5294 1904 5375 consequenti
1924 5294 2006 5357 ordi·
