4309 6259
530 528 705 574 annonario
727 528 758 574 llf
781 526 849 574 GAP.
873 527 926 573 vut
946 525 1180 573 otoranouornl.
1202 545 1242 556 -
1263 526 1334 571 aar.
1357 526 1389 571 11

1667 504 1727 567 555

223 702 383 763 Dorninns
398 702 485 760 enim
501 702 587 760 Dens
607 708 683 759 tuns
702 699 882 759 introducet
903 708 932 759 te
944 695 970 757 A
984 696 1088 779 prima
1103 696 1188 759 enim
1205 695 1409 777 generatione
1424 694 1457 756 in
1473 693 1578 776 lapide
1593 692 1728 756 mixtum

183 802 218 859 in
237 810 357 859 terrem
373 802 500 870 bonam,
519 808 639 858 terram
659 799 816 869 rivorum,
833 818 931 876 aque-

181 908 309 968 r·nrn,et
324 900 468 975 sontium
480 918 492 956 .·
508 896 582 978 quia
598 895 632 956 in
648 904 732 958 terra
746 894 930 978 promissio-

183 997 234 1059 nis
250 996 429 1061 scaturiunt
446 995 561 1072 fontes,
578 994 748 1078 exquibus
764 994 930 1077 profluunt

183 1096 242 1158 rivi
258 1119 265 1170 ς
284 1098 319 1155 in
342 1098 438 1173 cujus
459 1095 581 1171 cernpis
600 1104 630 1154 ct
650 1095 810 1154 montibus
827 1114 931 1153 crum

178 1206 267 1273 print
290 1196 470 1271 ficariorum
494 1194 611 1270 abyssi.
637 1188 797 1273 Scriptum
824 1199 872 1253 est
898 1190 929 1251 in

54 1305 166 1355 finnin-
180 1292 297 1355 Genesi
316 1309 323 1353 :
345 1291 441 1373 Rupti
463 1299 537 1352 sunt
560 1308 671 1353 omnes
696 1289 800 1351 fontes
825 1287 930 1371 abyssi

181 1410 317 1472 magne.
329 1390 436 1470 ltaque
453 1388 486 1450 in
497 1388 674 1452 visceribus
691 1397 781 1451 terna
797 1396 871 1449 sunt
886 1386 931 1449 di-

181 1488 265 1553 rersi
284 1487 455 1551 ventriculi
472 1507 527 1549 seu
543 1486 753 1569 receptacula,
764 1486 797 1547 in
814 1486 931 1567 quibus

179 1588 366 1650 continetur
387 1605 470 1667 aqua
490 1586 667 1661 abundans,
685 1585 806 1647 habens
825 1593 929 1647 ortum

180 1685 323 1767 primum
340 1704 378 1748 ex
389 1684 512 1747 Oceano
527 1702 584 1766 per
599 1702 696 1748 venas
714 1692 804 1745 terre
820 1702 854 1745 se
869 1681 932 1744 dif-

181 1784 358 1847 fumlcnte:
376 1793 407 1847 et
423 1802 513 1866 aque
529 1782 574 1844 ita
590 1782 732 1859 inclusae,
750 1782 802 1844 hie
822 1782 931 1864 appel-

984 803 1032 859 est
1047 815 1100 871 ωε,
1113 795 1197 877 qued
1214 794 1288 876 igne
1304 794 1447 859 solvente
1463 792 1610 874 liquescit
1624 812 1661 855 ac
1676 792 1728 855 de

984 904 1127 979 puratur.

1022 1000 1104 1057 Cone
1127 1015 1167 1054 ne
1186 1003 1358 1073 postquam
1381 994 1519 1053 satiatus
1543 993 1658 1071 fueris,
1674 993 1730 1052 lto·

984 1096 1153 1172 buerisqne
1174 1102 1367 1153 cunctarum
1392 1112 1501 1151 rernm
1521 1092 1655 1168 copiam,
1671 1094 1701 1149 el
1717 1124 1731 1135 -

984 1202 1078 1253 vetur
1093 1212 1146 1251 cor
1169 1201 1275 1259 tuum,
1291 1190 1323 1251 id
1339 1198 1397 1262 est,
1415 1189 1488 1251 vide
1504 1207 1544 1251 ne
1566 1188 1731 1270 opulentia

985 1310 1091 1353 rerum
1112 1288 1169 1351 tibi
1190 1290 1377 1365 dandarum,
1399 1297 1430 1351 et
1450 1287 1578 1369 copiosa
1598 1286 1731 1350 refectio

986 1387 1045 1450 fiat
1060 1388 1119 1450 tibi
1135 1407 1229 1451 causa
1244 1386 1403 1463 elationis,
1419 1397 1449 1447 et
1464 1407 1529 1447 non
1545 1388 1731 1447 reminisca-

985 1490 1044 1558 ris,
1060 1488 1092 1549 id
1108 1497 1166 1564 cst,
1184 1488 1229 1549 ita
1244 1494 1279 1550 ut
1296 1486 1507 1561 obliviscaris,
1520 1487 1655 1547 Domini
1669 1488 1731 1546 Dei

986 1589 1046 1660 tui,
1058 1590 1117 1667 qni
1126 1591 1241 1647 ductor
1257 1598 1331 1647 tuus
1341 1587 1409 1664 fnit
1424 1588 1461 1646 in
1475 1586 1651 1645 solitudine
1665 1604 1731 1644 mu-

981 1708 1048 1765 pnn
1074 1697 1170 1765 atquc
1193 1687 1346 1755 terribili,
1362 1688 1398 1745 in
1420 1706 1485 1765 qno
1510 1693 1579 1744 erat
1602 1703 1731 1761 serpena

983 1788 1068 1861 fiant
1078 1788 1231 1855 nutat-ens,
1245 1783 1278 1846 id
1293 1792 1342 1846 est
1357 1782 1449 1863 igniti
1467 1789 1732 1863 serpentesque

179 1884 289 1945 fantur
311 1882 428 1966 abyssi,
447 1882 618 1964 exquibus
635 1880 772 1943 flumina
786 1890 927 1943 manant.
947 1882 970 1944 B
985 1902 1054 1945 rum
1072 1883 1169 1945 flatus
1185 1882 1328 1945 incendit
1341 1901 1423 1963 quos
1439 1881 1553 1962 tetigit,
1564 1892 1593 1941 et
1607 1882 1731 1957 scorpio

182 1988 315 2046 Terram
332 1984 505 2060 frementi,
518 1983 632 2042 bordei
647 2002 684 2041 uc
699 1983 883 2049 vinearum,
894 1982 929 2039 in

178 2104 246 2161 qrra
270 2086 353 2159 ficus
373 2090 403 2142 et
427 2084 653 2157 malopronntu
677 2089 707 2139 ct
731 2082 849 2139 eliceto
873 2099 931 2138 rto·

177 2190 341 2251 scantur:
356 2190 475 2239 terrum
502 2180 564 2237 otei
589 2197 628 2237 ac
652 2178 766 2237 meltis.
784 2176 841 2238 Per
863 2175 930 2237 haec

178 2278 311 2341 ubertas
327 2286 418 2340 terrae
435 2275 657 2358 promissionis
673 2274 885 2356 significatur,
896 2274 929 2334 in

178 2396 244 2459 qua
259 2396 337 2458 apes
353 2374 555 2451 mellificant,
573 2383 604 2437 et
626 2373 745 2438 oliveta
760 2392 797 2435 ex
812 2372 930 2455 quibus

178 2476 288 2539 oleum
316 2482 497 2557 generatur,
524 2472 699 2535 abundant.
729 2474 790 2534 Ubi
815 2474 931 2551 absque

179 2578 250 2635 ullu
262 2575 409 2651 penuria
424 2575 564 2632 comedes
576 2592 695 2650 penem
713 2581 816 2641 tutam,
833 2580 863 2630 ct
883 2590 931 2629 rc-

178 2692 255 2732 rum
278 2672 426 2731 omnium
444 2668 542 2733 victui
565 2668 814 2731 necessariarum
829 2671 931 2728 abnn-

177 2772 298 2829 dantia
309 2770 508 2847 perfrnerfs,
522 2767 554 2829 id
571 2774 619 2829 est
634 2764 755 2828 uteris:
773 2785 845 2828 nam
862 2767 930 2829 solo

179 2869 244 2931 lieo
260 2866 435 2929 fruendum
452 2874 510 2929 est.
528 2865 601 2927 Frui
618 2873 723 2927 autem
748 2863 931 2946 frequenter

179 2985 238 3049 pro
261 2966 312 3028 Uti
336 2964 503 3046 accipitur,
522 2972 557 3027 ut
580 2965 655 3025 dum
679 2964 722 3026 ait
738 2964 928 3046 Apostolus:

983 2004 1021 2044 oc
1049 1985 1170 2060 dipsas.
1197 1982 1255 2044 Per
1284 1980 1484 2064 scorpionem
1510 1987 1542 2042 et
1565 1979 1731 2060 dipsadem

984 2080 1175 2162 intelligitur
1190 2080 1360 2143 multitude
1382 2088 1414 2143 et
1433 2078 1526 2160 eopia
1547 2078 1658 2140 talium
1674 2079 1730 2140 be·

984 2181 1129 2256 stiarum,
1147 2199 1218 2261 quae
1243 2177 1429 2241 hominibus
1454 2184 1530 2239 sunt
1554 2178 1731 2253 noeivae,et

986 2288 1091 2341 tamen
1114 2277 1155 2339 ab
1171 2278 1298 2340 illarum
1322 2276 1507 2342 laesionibus
1528 2277 1609 2339 Deus
1631 2293 1731 2358 popu-

985 2379 1050 2440 lum
1082 2396 1175 2439 suum
1206 2376 1397 2439 miraculose
1427 2375 1573 2459 protexit.
1601 2374 1731 2457 Scorpio

983 2485 1090 2540 autem
1107 2475 1243 2538 bestiola
1258 2485 1306 2537 est
1316 2475 1407 2540 vultu
1422 2474 1602 2551 blandiens,
1615 2482 1647 2536 et
1661 2493 1732 2536 cau-

985 2576 1024 2637 da
1040 2592 1197 2657 pungens.
1209 2574 1305 2637 Porro
1322 2574 1497 2636 secundum
1518 2572 1673 2647 Glossam‚
1685 2572 1733 2634 di-

985 2693 1058 2757 psas
1073 2681 1122 2736 est
1138 2672 1234 2735 semis
1249 2671 1336 2754 aspis
1352 2691 1407 2735 seu
1418 2672 1571 2754 parvulus
1587 2690 1728 2754 serpens,

984 2772 1039 2854 qui
1056 2772 1173 2834 dicitur
1188 2770 1296 2847 situla,
1313 2770 1464 2851 quoniam
1486 2770 1616 2851 perimit
1630 2769 1732 2833 homi-

986 2890 1057 2933 nem
1069 2870 1122 2932 siti
1134 2887 1370 2950 quemcumque
1381 2868 1587 2931 momorderit
1600 2886 1607 2930 :
1620 2877 1731 2949 estque

985 2980 1049 3033 tam
1076 2988 1205 3052 parvus,
1224 2976 1259 3028 ut
1283 2968 1360 3029 dum
1386 2966 1537 3042 calcatur,
1554 2966 1607 3029 vix
1631 2965 1732 3048 possit

48 3081 162 3128 estimat.
179 3067 233 3141 lta,
253 3064 364 3141 frater,
382 3082 441 3146 ego
464 3072 493 3125 te
514 3063 602 3126 fruar
618 3063 650 3124 in
667 3062 811 3126 Domino.
832 3065 930 3141 Cujus
946 3067 968 3130 G
985 3068 1097 3143 videri,
1115 3066 1208 3148 cujus
1233 3084 1392 3131 venenum
1418 3063 1535 3128 occidit
1559 3073 1730 3146 antequam

179 3166 307 3241 lapr'des
322 3165 450 3241 serrum
468 3172 557 3231 ment,
573 3162 607 3224 id
629 3170 688 3239 est,
707 3161 791 3224 ferro
807 3162 840 3224 in
857 3162 930 3225 soli-

178 3262 278 3325 ditate
304 3271 359 3324 aut
384 3260 492 3324 valore
517 3260 776 3344 aequiparantem
795 3261 844 3323 vel
870 3261 929 3324 boe

178 3362 251 3425 ideo
265 3361 395 3437 dicitur,
406 3360 483 3441 quia
499 3360 532 3421 in
550 3359 642 3423 terris
659 3358 779 3422 saxosis
795 3368 869 3422 sunt
885 3360 929 3421 ibi

178 3462 312 3525 minorat
339 3460 437 3534 ferri3
458 3470 488 3520 et
512 3464 552 3519 ‹le
578 3461 739 3519 montibus
761 3460 831 3535 ejus
854 3460 929 3520 ceris

49 3567 164 3655 ¹anum.
179 3564 312 3621 metello
337 3560 525 3635 fodientur.
544 3557 645 3638 Super
670 3556 749 3619 illud
771 3556 840 3632 tob,
858 3556 930 3619 Fer·

48 3658 62 3671 '⁴
179 3678 250 3720 rum
267 3659 308 3720 de
325 3664 408 3719 terra
425 3656 558 3732 tollitur,
576 3664 607 3718 et
623 3654 704 3736 lapis
720 3654 824 3717 calere
845 3655 929 3718 solu-

178 3767 241 3833 tus,
253 3757 287 3819 in
304 3776 347 3819 aas
363 3754 510 3832 vertitur,
520 3753 599 3817 dicit
613 3754 779 3817 Albertus:
797 3753 927 3816 Ferrum

175 3858 267 3937 juxta
292 3862 460 3935 argentum
490 3852 805 3936 proportionabiliter
830 3852 928 3914 sumi-

176 3964 239 4031 tur,
259 3962 292 4017 et
313 3972 357 4017 res
376 3954 466 4035 juxta
481 3972 606 4015 aurum.
625 3952 754 4014 Ferrum
771 3951 857 4014 enim
874 3971 928 4014 na-

176 4054 278 4116 scitur
299 4052 339 4115 de
359 4058 490 4131 argento
515 4050 683 4113 faeculento
703 4058 735 4112 et
757 4050 841 4126 vive,
861 4070 928 4113 sca·

175 4152 337 4233 brosoque
357 4150 501 4214 sulfure:
519 4168 537 4211 a
556 4148 674 4231 quibus
697 4148 722 4210 si
747 4148 926 4212 faeculentia

175 4258 206 4313 et
232 4249 424 4313 scabrositas
449 4248 647 4323 auferantur,
672 4256 704 4309 ct
729 4256 855 4311 maneat
876 4248 926 4310 vis
941 4254 965 4316 l)
980 4248 1118 4331 qualiter
1133 4250 1214 4311 Deus
1236 4268 1338 4329 usque
1354 4248 1387 4309 in
1403 4248 1513 4311 heram
1534 4248 1617 4311 banc
1631 4248 1727 4310 dedu-

176 4349 355 4423 mineralis,
367 4346 541 4427 frigiditate
557 4345 727 4427 congelans
744 4346 922 4423 humidum,

176 4448 270 4511 valde
280 4448 471 4529 depuratum
489 4444 633 4507 allicitur
648 4452 824 4523 argentum,
835 4454 867 4507 ct
882 4444 926 4507 la-

178 4546 227 4629 pis
242 4546 349 4609 calore
365 4544 500 4621 solutus,
511 4544 543 4605 in
559 4563 601 4607 aas
619 4544 762 4605 vertitur.
772 4543 877 4625 Lapis,
890 4552 925 4605 ut

176 4646 221 4707 ait
236 4646 377 4719 tiermes,
387 4642 505 4705 dicitur
520 4660 616 4706 omne
631 4642 715 4722 quod
732 4661 794 4705 non
812 4661 925 4723 evape

177 4754 224 4806 rat
240 4744 273 4806 in
290 4743 375 4823 igne,
387 4761 423 4805 eo
434 4742 521 4822 quod
533 4741 600 4805 sola
610 4740 830 4821 coagulatione
839 4742 924 4823 (qum

174 4842 339 4921 generatio
367 4840 483 4922 lapidis
513 4841 575 4919 est)
598 4847 778 4918 generatur.
805 4840 923 4921 Estque

176 4939 366 5020 regulariter
380 4958 504 5014 verum,
517 4946 552 4999 ut
567 4938 600 4999 in
618 4937 700 5001 libre
716 4938 922 5001 Meteorornm

175 5040 322 5113 babetur,
340 5037 427 5120 quod
452 5055 548 5099 omne
569 5038 655 5118 quod
680 5038 864 5117 coagulatur
886 5057 923 5100 ex

174 5136 309 5200 humido
326 5135 454 5216 frigido,
465 5135 601 5199 solvitur
615 5135 718 5199 calido
734 5136 830 5211 sicco,
841 5136 922 5198 sieut

173 5255 298 5311 aurum,
316 5243 495 5315 argentum,
515 5233 646 5310 ferrum,
659 5254 713 5311 es,
731 5234 922 5314 metallaque

173 5334 236 5398 alia
260 5354 334 5415 qum
350 5333 382 5395 in
399 5331 561 5415 profundo
577 5340 667 5396 terrae
684 5332 868 5415 gignuntur.
886 5334 919 5395 ln

985 3167 1151 3243 sentiatur,
1170 3185 1228 3228 nec
1253 3163 1413 3227 tristitiam
1431 3164 1528 3226 sentit
1543 3163 1729 3239 moriturus,

984 3275 1015 3329 et
1031 3265 1148 3328 dicitur
1164 3262 1260 3326 situla
1277 3281 1333 3345 per
1348 3261 1555 3325 contrarium.
1569 3262 1631 3325 l'as
1647 3282 1732 3324 nam·

983 3384 1045 3446 que
1072 3364 1157 3445 quod
1178 3362 1296 3424 dieitur
1319 3361 1425 3437 situla,
1447 3359 1551 3424 aufert
1576 3361 1683 3436 sitim3
1700 3371 1731 3424 et

983 3461 1119 3527 bestiola
1135 3461 1192 3523 illa
1213 3460 1412 3524 mortiferam
1429 3459 1515 3521 sitim
1539 3459 1672 3541 infligit.
1688 3462 1732 3521 Et

979 3572 1152 3642 postquam
1167 3562 1290 3637 offliuit
1305 3580 1343 3620 oc
1354 3561 1505 3637 probavit
1522 3569 1561 3630 te,
1573 3563 1617 3619 nd
1631 3568 1732 3619 entre-

983 3681 1072 3721 mum
1089 3652 1240 3719 misertus
1256 3668 1300 3718 est
1317 3659 1377 3730 tui,
1396 3678 1436 3719 ne
1450 3659 1571 3718 diceres
1586 3660 1623 3718 in
1638 3661 1732 3718 eorde

983 3768 1036 3819 tuo
1047 3780 1059 3818 .·
1076 3760 1247 3819 Fortitudo
1262 3778 1333 3817 arten
1349 3767 1378 3817 et
1394 3758 1493 3817 robur
1508 3778 1625 3817 monus
1641 3778 1730 3826 ruent,

981 3860 1047 3917 laiac
1062 3857 1173 3916 omnio
1189 3856 1272 3915 mibi
1283 3856 1519 3932 prestiterunt,
1529 3853 1589 3915 hoe
1605 3862 1663 3930 est,
1677 3854 1730 3916 tri-

981 3954 1137 4037 umphum
1154 3960 1243 4015 tuum
1258 3962 1291 4015 et
1305 3952 1512 4034 bonaadepta
1528 3971 1728 4034 nequaquam

982 4053 1144 4115 adscribas
1160 4050 1284 4114 viribus
1298 4052 1374 4127 tuis,
1391 4052 1446 4114 sed
1462 4050 1580 4113 auxilio
1595 4051 1661 4114 liei.

1027 4149 1184 4213 lloraliter
1214 4150 1372 4214 recordari
1401 4146 1554 4212 debemus
1581 4149 1725 4227 assidue,
1747 4175 1874 4219 &amma

1741 4239 1798 4282 ralis.

980 4349 1026 4409 xit
1042 4366 1100 4411 nos
1113 4370 1173 4426 per
1187 4351 1360 4417 desertum,
1373 4346 1405 4409 id
1421 4355 1469 4409 est
1485 4366 1542 4428 per
1557 4346 1617 4409 hoo
1633 4366 1727 4409 saecu-

981 4448 1046 4509 lum
1064 4466 1213 4528 nequam,
1231 4446 1324 4509 donis
1343 4446 1453 4527 gratia
1473 4446 1670 4523 destitutum,
1689 4457 1726 4508 nt

980 4548 1135 4624 affligeret
1159 4564 1216 4609 nos
1238 4546 1338 4627 :quia
1355 4545 1387 4607 in
1407 4545 1524 4608 saeculo
1546 4544 1607 4608 isto
1632 4545 1724 4626 quasi

979 4646 1013 4707 in
1037 4645 1120 4708 valle
1143 4645 1344 4707 lacrimarum
1369 4653 1466 4727 atque
1491 4644 1602 4707 exsilio
1628 4644 1723 4727 positi

979 4763 1110 4818 sumus;
1128 4752 1159 4806 et
1182 4743 1277 4807 homo
1298 4751 1390 4805 natus
1412 4744 1451 4805 de
1472 4742 1616 4819 muliere,
1634 4743 1724 4807 brevi
1738 4770 1856 4824 atum,

979 4842 1092 4904 vivens
1111 4851 1264 4923 tempore,
1283 4842 1423 4923 repletur
1441 4841 1551 4903 multis
1572 4841 1722 4905 miseriis.

979 4940 1166 5022 specialiter
1188 4959 1262 5004 vcro
1284 4959 1339 5022 per
1359 4941 1518 5002 desertum
1541 4940 1725 5019 designatur

977 5038 1158 5101 eoenobium
1173 5040 1241 5101 sive
1257 5038 1464 5119 religioque
1474 5056 1510 5100 ea
1526 5058 1597 5119 quac
1612 5040 1722 5101 mnndi

978 5146 1063 5213 sunt,
1082 5137 1210 5210 deserit,
1228 5146 1259 5199 ct
1275 5135 1314 5198 ab
1329 5136 1525 5199 amatoribus
1543 5138 1654 5199 mundi
1670 5138 1724 5201 dc-

974 5236 1103 5310 seritur‚
1118 5235 1151 5297 in
1167 5234 1308 5316 quereri
1320 5234 1460 5315 religiosi
1478 5243 1553 5296 sunt
1569 5234 1675 5316 positi,
1688 5244 1723 5296 ut

976 5332 1166 5415 affligantur
1181 5352 1238 5415 per
1257 5351 1354 5416 opera
1372 5333 1568 5415 poenitcntite
1583 5341 1615 5395 et
1636 5352 1723 5399 exer-
