4309 6259
556 525 729 571 aununxxlc
750 525 781 572 IN
802 526 870 571 GAP.
893 524 947 570 vul
968 524 1164 572 ammonuit.
1183 541 1225 554 -··
1244 523 1316 569 ΛΒΤ.
1336 523 1378 570 XV

749 931 1072 1046 narremus
1110 932 1184 1016 xv

307 1208 497 1254 nactanaxto
519 1209 693 1254 attrabatas
715 1208 851 1253 caetrati
874 1208 982 1253 octavi
1004 1207 1011 1252 ἶ
1035 1207 1166 1252 Locutus
1187 1209 1241 1252 EST
1262 1208 1393 1254 uoulnts
1415 1208 1456 1253 AD
1477 1207 1597 1253 blOYSEN
1620 1207 1627 1252 2

799 1306 933 1360 LOQUERE
954 1307 996 1351 Ab
1017 1305 1132 1352 AARON.

262 1587 511 1651 ararunxun
529 1588 673 1668 quedam
689 1587 722 1648 tn
740 1586 869 1650 exorato
884 1586 939 1648 au·
954 1585 980 1647 a
997 1567 1113 1649 assant
1137 1585 1331 1663 candelabri,
1349 1607 1447 1665 quam
1472 1595 1588 1646 einen
1608 1606 1679 1665 qua
1699 1605 1740 1644 aa

37 1698 174 1743 Eme-xes·
273 1689 326 1768 jus
344 1686 488 1768 capituli,
506 1705 577 1768 quae
597 1686 630 1748 in
650 1685 757 1748 Exodo
774 1686 940 1749 continen-

192 1797 259 1861 tur3
274 1795 306 1850 ct
322 1788 361 1849 dc
374 1787 554 1850 levitarum
571 1785 809 1849 consecratione
824 1785 940 1848 deinde

191 1894 357 1948 tractatur.
375 1890 515 1948 Locutus
536 1896 580 1946 est
602 1887 762 1946 Dominus
783 1887 827 1945 od
850 1887 941 1960 Mop-

188 2006 245 2046 sen
262 2007 274 2045 :
291 1989 435 2064 Loquere
457 1988 500 2045 nd
521 1987 630 2045 Aaron
645 2001 656 2044 .·
673 1987 778 2052 Quum
798 1985 941 2060 posueris

190 2095 310 2165 septena
328 2089 487 2155 lucernas,
502 2085 733 2144 cortdclabrnm
749 2084 786 2142 in.
801 2083 941 2142 anstrudi

188 2193 285 2260 porte
306 2184 467 2258 culpatur.
485 2180 716 2243 Candelabrum
743 2199 881 2261 namque
903 2179 942 2241 si-

194 2290 262 2342 tum
280 2278 341 2342 fuit
358 2280 390 2342 in
404 2279 552 2341 exteriori
570 2278 766 2342 tabernaculi
777 2287 866 2361 parte
878 2296 943 2340 ver-

192 2399 247 2441 sus
264 2379 391 2461 plagam
414 2378 667 2456 meridionalem,
685 2386 716 2441 et
736 2377 873 2440 lucernae
893 2397 943 2438 su·

192 2497 252 2560 per
272 2477 500 2540 candelabrum
525 2476 735 2558 ponebantur,
753 2477 843 2557 juxta
863 2475 942 2537 illud

41 2591 172 2640 insanas.
191 2577 316 2639 Exodi:
333 2575 442 2639 Posuit
462 2576 580 2658 lloysrs
602 2575 828 2638 candelabrum
849 2575 882 2636 in
902 2583 943 2636 ta-

191 2675 369 2738 bernaculo
392 2673 565 2736 testimonii
584 2693 600 2736 a
617 2673 746 2754 regione
768 2692 886 2736 mensae
908 2673 941 2734 in

996 1695 1130 1766 utroque
1155 1690 1356 1746 carlomorunc
1381 1690 1479 1746 latere
1503 1687 1739 1746 nascebantur:

997 1783 1029 1846 id
1052 1793 1111 1861 est,
1130 1794 1193 1845 tam
1217 1785 1316 1865 stipes
1339 1803 1434 1865 quam
1457 1803 1582 1864 eaque
1603 1781 1740 1861 egredio

997 1883 1113 1945 bantur
1138 1902 1176 1945 ex
1200 1883 1340 1946 brachiis
1363 1902 1417 1946 seu
1442 1882 1572 1946 calamis
1596 1881 1741 1944 candela-

996 1983 1058 2059 bri,
1077 1981 1208 2045 fuerunt
1228 1973 1310 2046 lacta
1326 2003 1364 2044 ox
1378 2000 1455 2045 auro
1470 1980 1594 2057 ductili,
1614 1982 1674 2044 boc
1693 1990 1741 2043 cst

998 2082 1123 2144 malleis
1144 2082 1183 2144 ad
1208 2082 1342 2145 formam
1369 2082 1505 2145 redacto.
1522 2081 1677 2162 losephus
1699 2088 1742 2142 ta-

998 2199 1070 2243 men
1087 2181 1142 2257 ait,
1160 2181 1269 2242 l'usili.
1284 2181 1364 2244 Hinc
1380 2181 1535 2262 scriptum
1551 2189 1597 2243 cst
1614 2180 1647 2241 in
1663 2180 1742 2242 Exo-

998 2279 1053 2341 do:
1064 2279 1171 2341 Facies
1187 2287 1219 2341 ct
1234 2277 1459 2342 candelabrum
1475 2277 1594 2340 ductile
1610 2278 1649 2340 de
1663 2294 1741 2339 auro
1763 2296 1888 2346 unum,

998 2378 1216 2451 mundissimo,
1225 2377 1340 2440 hastile
1355 2377 1587 2458 ejuscalamos,
1596 2377 1743 2458 scyphos,
1756 2363 1791 2402 ³¹·

999 2476 1185 2559 sphaerulas,
1213 2496 1248 2538 ac
1274 2476 1342 2538 lilia
1367 2495 1404 2538 ex
1431 2477 1500 2557 ipso
1525 2475 1740 2555 procedentia,

998 2575 1149 2638 universa
1173 2575 1212 2638 dc
1234 2593 1311 2638 auro
1337 2574 1529 2658 purissimo:
1546 2591 1616 2654 quae
1636 2573 1743 2635 omnia

999 2682 1095 2755 s'uper
1110 2673 1253 2737 Exodum
1269 2692 1341 2735 cum
1357 2671 1509 2753 opinione
1522 2671 1651 2753 loscpbi
1670 2680 1744 2733 sunt

190 2783 283 2857 parte
303 2771 447 2848 australi,
469 2772 580 2834 locatis
600 2791 657 2853 per
677 2771 821 2834 ordinem
845 2771 980 2835 lucer-B
1000 2780 1141 2835 tractata.
1158 2777 1261 2834 lanto
1280 2775 1462 2850 inemptum
1481 2776 1566 2851 qarod
1585 2773 1744 2832 Dominus

190 2873 255 2934 nis.
275 2871 429 2952 Denique,
452 2871 492 2932 ad
514 2870 699 2953 pontificem
721 2869 876 2953 pertinuit
897 2869 943 2930 lu-

190 2990 305 3035 cernas
322 2970 604 3052 disponerentque
619 2969 803 3045 accendere,
816 2969 867 3031 vel
886 2987 942 3048 per

189 3091 237 3147 se,
254 3069 306 3132 vel
324 3088 381 3151 per
396 3068 537 3148 aliquem
559 3068 769 3144 sacerdotum,
788 3066 839 3129 cui
860 3084 943 3129 com·

189 3169 280 3232 misit
297 3169 369 3231 hoc.
384 3171 452 3229 Hoc
466 3168 571 3245 fpitur
582 3170 735 3244 praecipe,
751 3177 786 3227 nt
804 3171 942 3228 lucerne

188 3278 304 3328 contre
318 3269 445 3326 boream
456 3285 472 3324 e
483 3267 611 3343 repione
621 3267 796 3342 respiciunt
806 3268 849 3324 ud
860 3285 943 3324 rnen·

188 3387 261 3427 suan
275 3385 404 3442 paratam
415 3361 820 3444 propositionis:quoniam
833 3380 943 3424 mensa

190 3463 249 3526 illa
265 3463 328 3524 sita
345 3461 407 3524 fuit
423 3462 456 3522 in
472 3461 619 3525 exteriori
637 3468 726 3542 parte
746 3460 942 3523 tabernaculi

190 3563 232 3624 ad
244 3556 438 3643 aquilonem,
447 3561 622 3622 secundnm
636 3559 713 3621 illud
726 3558 943 3633 Exodi,P0suit

191 3679 338 3723 mensam
357 3660 390 3720 in
407 3658 611 3722 tabernaculo
632 3657 806 3721 testimonii
821 3658 861 3719 ad
878 3657 944 3739 pla·

189 3779 263 3841 gam
282 3757 567 3840 septentrionalem
585 3766 672 3819 extra
687 3757 803 3832 velum,
817 3754 943 3819 ordina·

191 3860 232 3920 tis
258 3876 367 3922 coram
395 3856 625 3939 propositionis
654 3855 800 3937 panibus.
829 3853 943 3934 Sicquc

997 2873 1134 2932 ostendit
1151 2874 1268 2949 Moysi,
1281 2875 1328 2932 ito
1343 2881 1492 2948 operatus
1506 2880 1561 2940 cst,
1575 2870 1606 2932 id
1622 2878 1670 2931 est
1686 2868 1744 2930 fie-

998 2970 1024 3030 ri
1042 2968 1128 3045 fecit,
1141 2969 1477 3050 condelabrum,qu0d
1493 2968 1631 3031 Besclcel
1649 2968 1743 3030 fabri·

998 3068 1093 3130 cavit.
1110 3069 1175 3130 lloc
1191 3069 1339 3149 estquod
1356 3067 1388 3129 in
1404 3067 1511 3129 Exodo
1526 3066 1678 3130 Dominus
1698 3065 1743 3128 ait

998 3168 1037 3230 ad
1053 3167 1199 3249 Moysen:
1217 3166 1340 3248 lnspice
1359 3175 1391 3228 ct
1409 3164 1458 3228 fac
1477 3165 1566 3246 juxta
1580 3164 1742 3247 exemplar
1770 3180 1829 3224 ura
1843 3183 1876 3223 n.

997 3266 1083 3347 quod
1101 3265 1158 3327 tibi
1175 3265 1208 3325 in
1225 3272 1332 3327 monte
1347 3272 1555 3327 monstratum
1571 3272 1638 3326 est:
1656 3263 1741 3344 quod

999 3364 1042 3426 ibi
1066 3363 1244 3444 expositum
1268 3362 1338 3424 fuit.
1356 3363 1399 3424 De
1416 3363 1533 3445 quibus
1548 3362 1696 3425 omnibus
1711 3371 1742 3424 et

999 3461 1302 3542 significationibus,
1317 3460 1439 3536 formis,
1457 3470 1488 3524 et
1503 3462 1606 3523 causis
1622 3479 1744 3524 eorum·

998 3563 1082 3637 dem,
1100 3579 1196 3641 super
1211 3560 1351 3622 Exodum
1369 3558 1488 3622 diffuse
1505 3568 1553 3622 est
1570 3559 1700 3621 dictum.

1038 3659 1158 3733 Quibus
1175 3678 1259 3721 nunc
1275 3659 1414 3721 breviter
1433 3659 1505 3720 addi
1525 3666 1639 3740 potest,
1657 3659 1743 3739 quod

999 3758 1131 3822 librode
1142 3757 1216 3820 Fide
1227 3767 1258 3820 et
1274 3757 1399 3838 legibus
1416 3756 1526 3820 scribit
1537 3756 1741 3819 Guillelmus:

998 3858 1228 3921 Candelabrum
1254 3876 1327 3919 cum
1352 3866 1474 3939 septem
1500 3856 1638 3918 lucernis
1664 3856 1740 3931 suis,

190 3959 332 4021 lucernae
355 3964 467 4018 contra
487 3955 615 4017 boream
637 3954 827 4030 constitutae,
846 3955 943 4034 respi-
960 3954 982 4016 C
999 3956 1148 4040 pracepit
1171 3956 1323 4018 llominus
1344 3955 1423 4035 erigi
1445 3975 1463 4017 a
1486 3963 1575 4036 parte
1597 3954 1742 4017 meridiei

188 4056 321 4119 ciebant
331 4073 370 4117 ex
381 4053 529 4136 opposito
544 4071 688 4115 mensam
702 4051 940 4134 propositionis

191 4161 313 4218 Contra
337 4175 410 4214 earn
435 4161 561 4230 partem
590 4173 687 4231 quom
713 4153 942 4212 rnrarldodrunt

189 4255 336 4331 respicit,
346 4257 450 4312 lucere
460 4250 682 4311 debebuntb'x
698 4249 806 4330 stipite
822 4249 942 4330 quippe

188 4348 378 4414 candelabri
395 4349 428 4410 in
444 4357 533 4432 parte
549 4350 619 4429 ejus
635 4347 792 4429 superiori
805 4347 943 4426 egredic-

189 4455 310 4516 bantur
335 4449 467 4530 obliquo
499 4449 557 4510 tria
588 4447 718 4510 brachia
742 4448 782 4510 ab
810 4456 943 4528 utraque

189 4549 313 4632 stipitis
345 4556 446 4629 parte,
474 4546 507 4608 in
538 4565 674 4626 quorum
705 4545 942 4608 summitatibus

189 4645 435 4712 collocabantur
452 4645 614 4726 lampades
630 4663 685 4706 seu
703 4644 850 4719 lucerne,
868 4663 944 4724 qua-

190 4767 263 4808 rum
282 4746 424 4818 flammae
439 4763 495 4806 scu
512 4743 634 4806 lumina
650 4743 822 4806 lateraliter
838 4763 943 4825 respe-

189 4853 309 4907 xerunt
332 4843 494 4905 lucernam
517 4843 605 4904 illam
626 4842 659 4904 in
681 4842 786 4904 medio
807 4849 941 4904 stantem

190 4945 225 5004 in
250 4942 419 5006 cacumine
441 4941 571 5023 stipitis.
590 4941 668 5003 Hinc
694 4940 848 5022 scriptum
873 4948 940 5000 cst:

62 5069 90 5130 1.·
107 5100 112 5106 .
137 5079 174 5113 w,
192 5043 303 5104 Facies
321 5041 467 5103 lucernas
484 5049 617 5121 septem,
628 5049 658 5102 ot
674 5058 772 5120 pones
784 5058 836 5101 eas
848 5057 943 5119 super

64 5149 76 5159 ''
190 5140 435 5215 candelabrum,
451 5146 486 5199 nt
502 5139 629 5200 luceant
644 5158 681 5200 ox
697 5137 840 5200 adverse.

234 5242 313 5300 Haec
329 5247 438 5297 uectem
453 5247 523 5296 erat
537 5239 670 5313 factura
681 5237 878 5295 candelabri.
889 5237 943 5295 Eae

191 5357 276 5398 auro
301 5337 433 5404 ductili,
451 5345 517 5395 tarn
543 5336 667 5396 medius
689 5336 797 5409 stipes,
812 5332 873 5397 boc
895 5342 942 5396 est

998 4065 1109 4119 contra
1124 4055 1318 4136 aquilonem,
1337 4054 1370 4114 in
1388 4052 1524 4134 figuram
1541 4062 1661 4135 septem
1679 4052 1744 4135 pla-

999 4163 1142 4216 netarum
1154 4177 1161 4228 3
1175 4172 1317 4214 mensam
1334 4170 1409 4216 vero
1425 4151 1653 4235 propositionis
1668 4171 1742 4215 curn

998 4252 1146 4337 panibus,
1164 4252 1204 4313 ad
1220 4260 1341 4332 partem
1357 4249 1517 4331 aquilonis
1533 4269 1570 4311 ex
1586 4252 1741 4314 advorso:

998 4349 1150 4429 quoniam
1181 4348 1344 4430 populatio
1368 4349 1407 4410 ad
1434 4358 1554 4430 partem
1582 4348 1744 4430 aquilonis

998 4457 1045 4509 est
1061 4446 1094 4508 in
1111 4446 1171 4509 boc
1186 4448 1316 4522 mundo,
1336 4445 1454 4510 ideirco
1471 4456 1518 4509 ost
1533 4446 1579 4508 ibi
1596 4447 1744 4509 fertilitas

998 4545 1074 4621 cibi,
1093 4564 1163 4625 quaa
1183 4546 1325 4623 signatur
1346 4545 1379 4605 in
1400 4545 1548 4625 panibus.
1566 4545 1639 4606 Pars
1659 4564 1745 4607 nam-

998 4663 1060 4724 que
1076 4642 1223 4705 australis
1243 4642 1389 4724 opposita
1409 4651 1500 4705 terrae
1520 4650 1635 4706 nostrae
1655 4643 1744 4705 babi-

1000 4740 1135 4817 tationis
1149 4750 1197 4804 est
1208 4740 1439 4804 inhabitabilis.
1450 4742 1545 4804 Porro
1555 4740 1627 4803 aliis
1639 4741 1743 4803 visum

998 4848 1056 4914 est,
1074 4842 1150 4921 quia
1172 4840 1279 4903 vitalis
1301 4840 1417 4903 caloris
1438 4859 1475 4902 ac
1500 4839 1632 4901 luminis
1653 4841 1744 4920 rigor

998 4947 1046 5000 est
1066 4939 1099 5000 in
1122 4947 1210 5020 parte
1228 4938 1300 5001 coeli
1320 4938 1546 5000 meridionali:
1566 4938 1683 5002 idcirco
1704 4940 1743 5002 ad

999 5036 1058 5099 hoc
1074 5037 1317 5118 designandum,
1337 5037 1487 5118 precepit
1503 5038 1654 5099 Dominus
1675 5057 1744 5100 oan-

961 5131 984 5191 b
999 5135 1165 5198 dolabrum
1182 5135 1265 5214 ignis
1281 5144 1312 5198 et
1328 5136 1458 5198 luminis
1473 5143 1555 5198 stare
1569 5137 1608 5197 ad
1621 5145 1742 5216 partem

999 5234 1108 5309 illam;
1126 5253 1163 5295 ex
1178 5234 1311 5296 adverso
1326 5242 1432 5296 autem
1452 5234 1491 5296 ad
1513 5241 1632 5315 partem
1655 5234 1744 5314 aqui-

999 5330 1093 5406 lonis,
1104 5331 1180 5412 poni
1192 5330 1343 5413 praecepit
1358 5348 1501 5393 mensam
1517 5340 1549 5393 et
1563 5349 1661 5412 panos
1674 5351 1744 5413 pro·
