4309 6259
589 495 763 541 maranno
784 496 815 541 ur
836 492 905 540 cnr.
928 493 1004 540 xxru
1026 493 1128 540 axoni.
1149 514 1190 525 -
1210 495 1281 542 aar.
1304 495 1375 541 xnrr
1711 472 1753 549 illi

205 663 411 747 lem,templo
427 662 473 728 ibi
489 669 686 747 constructo)
697 666 952 749 dispensabatur,
968 664 994 725 Α
1010 664 1098 728 rialis
1112 684 1241 748 quoque
1254 665 1389 729 ecclesia
1398 665 1578 747 precipuus
1590 665 1677 727 locus
1691 673 1751 740 est,

202 772 363 844 quantum
378 765 418 827 ad
433 766 651 847 apparendum
668 766 714 828 ibi
728 766 761 828 in
772 766 954 829 Pentecoste
1010 763 1042 825 in
1059 783 1124 845 quo
1140 764 1203 828 ilco
1218 772 1267 827 θεῖ
1282 764 1497 827 serviendum.

203 872 235 925 el
256 862 464 947 Scenopegia.
482 864 542 928 Sed
563 883 662 946 quare
682 884 744 929 non
764 866 825 928 luit
840 884 955 948 praece·
1050 865 1124 926 Non
1139 883 1250 942 coques
1264 866 1395 924 lroecium
1411 864 1447 923 in
1464 864 1751 923 lactematricatuc.

202 970 296 1042 ptum
317 962 377 1025 hoc
398 962 483 1027 idem
499 964 538 1027 de
553 962 706 1027 ieminisl
721 964 952 1047 llespondetur‚
1007 962 1124 1024 Contra
1146 963 1206 1025 hoc
1228 962 1275 1025 sic
1299 962 1390 1044 argui
1412 970 1518 1044 potest
1540 984 1547 1028 :
1572 963 1639 1026 Non
1662 970 1755 1025 nocet

201 1060 357 1140 quoniam
374 1059 511 1125 seminas
527 1063 619 1127 decet
633 1062 735 1144 magis
751 1063 954 1126 domimano-
1008 1060 1140 1124 animali
1165 1062 1281 1138 occiso,
1308 1061 1445 1142 qualiter
1474 1080 1585 1124 carnes
1609 1061 1680 1143 ejus
1705 1079 1756 1123 co

202 1177 247 1235 rc,
265 1159 432 1241 quiescere
452 1170 483 1224 et
499 1160 608 1239 latere,
626 1182 722 1243 quam
739 1161 875 1225 multum
892 1161 954 1222 dis
1007 1167 1158 1240 quantur,
1185 1158 1324 1222 inaniter
1348 1178 1424 1241 ergo
1448 1160 1532 1221 istud
1558 1158 1751 1241 praecipitur.

201 1276 342 1321 currere.
360 1260 448 1337 llam,
471 1260 623 1342 qnoniam
647 1261 843 1324 masculinus
861 1279 953 1323 sexus
1007 1257 1055 1319 lld
1077 1258 1138 1321 hoc
1159 1258 1296 1321 Thomas
1318 1258 1352 1319 in
1372 1257 1477 1340 prima
1496 1259 1653 1334 secundae,
1670 1277 1756 1339 quae-

202 1356 414 1439 principalior
435 1366 494 1436 est,
519 1359 664 1441 regitque
686 1359 825 1423 laminas
849 1379 856 1424 :
881 1359 953 1422 ideo
1008 1356 1114 1420 stione
1136 1357 1204 1433 102,
1232 1359 1404 1439 respondet
1430 1374 1437 1419 :
1464 1356 1612 1430 Quamvis
1642 1356 1755 1420 hoedus

203 1453 283 1517 viris
308 1455 343 1517 in
367 1456 424 1520 Dei
448 1458 537 1520 cultu
562 1458 777 1535 manentibus,
803 1476 866 1522 non
892 1456 954 1519 luit
1009 1456 1133 1519 occisus
1155 1474 1219 1519 non
1242 1455 1369 1532 sentiat,
1393 1455 1531 1537 qualiter
1553 1474 1663 1519 carnes
1687 1455 1756 1536 ejus

202 1555 325 1634 grande
354 1556 532 1637 periculum
563 1557 602 1619 de
632 1555 812 1619 idololatria
842 1555 955 1618 mulie
1009 1563 1198 1636 coquantur,
1224 1563 1329 1617 tamen
1354 1554 1388 1616 in
1412 1554 1521 1618 animo
1546 1555 1755 1636 decoquentis

205 1672 287 1715 rum.
306 1654 468 1717 interdum
489 1664 596 1718 tamen
618 1654 746 1719 leminea
761 1655 955 1718 comitaban·
1009 1655 1049 1717 ad
1069 1654 1289 1717 crudelitatem
1309 1654 1479 1735 quamdam
1495 1654 1655 1736 pertinere
1671 1654 1757 1717 vide-

205 1758 258 1813 tur
272 1752 360 1817 viros
375 1772 414 1823 ex
429 1753 609 1830 devotione,
623 1754 678 1816 sed
694 1752 784 1816 ibant
799 1772 953 1829 seorsum,
1011 1762 1072 1830 tur,
1090 1752 1117 1815 si
1137 1752 1187 1816 lac
1206 1753 1317 1815 matris
1338 1773 1403 1816 suar
1420 1753 1504 1834 quod
1521 1753 1552 1815 ei
1567 1754 1677 1815 datum
1695 1750 1756 1813 luit

47 1865 187 1915 maran.
204 1859 240 1911 ut
261 1851 327 1915 dici
350 1852 431 1915 solet
452 1871 547 1935 super
569 1852 649 1915 illud
673 1852 706 1915 in
729 1852 812 1915 Luca
833 1872 840 1917 :
865 1853 954 1915 lbant
973 1853 1067 1934 Bpro
1083 1872 1141 1915 sua
1155 1852 1396 1930 sustentatione,
1414 1851 1602 1915 adhibeatur
1623 1853 1663 1914 ad
1684 1870 1757 1915 con-

203 1958 353 2031 parantes
368 1950 437 2032 ejus
454 1969 510 2033 per
525 1969 636 2015 omnes
657 1970 758 2015 annos
778 1952 812 2012 in
831 1951 955 2014 Jerusa-
1010 1953 1225 2034 sumptionem
1246 1951 1352 2015 carnis
1374 1971 1450 2014 suae.
1472 1950 1529 2013 Vel
1552 1950 1615 2013 dici
1638 1958 1753 2031 potest,

204 2048 269 2111 lem
285 2050 318 2111 in
334 2049 388 2113 die
404 2048 529 2113 solenni
544 2050 681 2113 Paschae.
1009 2052 1096 2132 qnod
1106 2050 1259 2115 Dominus
1274 2049 1360 2112 istud
1376 2049 1540 2132 prohibuit
1556 2049 1674 2131 populo
1685 2067 1754 2125 sno,

245 2152 322 2211 Non
344 2151 526 2211 immolabis
547 2168 643 2227 saper
662 2152 828 2229 fermento,
847 2148 952 2226 idest,
1011 2168 1051 2211 nc
1075 2149 1305 2212 assimilaretur
1325 2148 1514 2225 idololatris,
1532 2148 1587 2229 qni
1605 2148 1638 2209 in
1654 2147 1757 2211 solen-

204 2265 290 2329 pane
311 2244 502 2311 fermentato
524 2248 696 2310 exsistente
718 2248 751 2309 in
773 2248 867 2311 domo
889 2256 953 2324 tua,
1011 2248 1166 2312 nitatibus
1188 2248 1255 2311 suis
1274 2267 1386 2311 carnes
1406 2247 1492 2311 hoedi
1513 2247 1556 2310 ita
1576 2246 1757 2328 coquebant

205 2364 271 2408 non
293 2343 413 2409 olleres
433 2347 629 2423 sangninem
650 2349 790 2407 victima
815 2356 879 2408 tnae
894 2363 905 2407 :
922 2345 954 2408 id
1010 2348 1050 2410 ad
1081 2347 1312 2411 immolandum
1343 2347 1409 2410 sire
1438 2348 1478 2409 ad
1507 2346 1752 2409 comedendum.

204 2454 265 2521 est,
283 2462 402 2525 agnum
425 2445 606 2527 paschalem
629 2452 706 2508 tunc
728 2464 792 2509 non
814 2444 953 2521 occides,
1010 2447 1106 2510 Porro
1121 2445 1315 2524 Augustinus
1329 2445 1414 2508 circa
1429 2444 1497 2508 haec
1512 2444 1614 2507 multa
1629 2443 1753 2521 scribit,

204 2543 263 2625 qui
281 2542 344 2606 luit
358 2544 555 2627 precipuum
575 2542 773 2607 sacrificium
794 2543 883 2623 legis.
902 2544 956 2606 llle
1011 2545 1180 2608 intendens
1207 2544 1294 2626 quod
1318 2545 1358 2607 ad
1383 2543 1521 2607 litteram
1551 2561 1616 2606 non
1641 2543 1757 2607 haheat

206 2642 318 2725 itaque
339 2660 441 2723 agnus
462 2662 527 2707 non
549 2651 673 2725 poterat
698 2642 868 2719 immolari,
893 2641 955 2704 nisi
1011 2643 1269 2707 convenientiam
1284 2643 1344 2706 hoc
1360 2642 1643 2725 praeceptumldeo
1658 2641 1758 2706 refert

70 2786 78 2799 .
133 2770 188 2806 ‚aa
205 2742 298 2824 prius
314 2740 428 2805 luisset
443 2760 539 2805 omne
554 2741 747 2805 fermentum
763 2761 781 2803 a
796 2743 891 2805 domo
903 2742 957 2803 im·
1011 2742 1051 2803 ad
1074 2741 1246 2818 Christum,
1274 2740 1330 2823 qui
1355 2750 1484 2824 propter
1509 2741 1756 2804 similitudinem
1770 2764 1900 2815 nomana.

61 2825 80 2865 '·
205 2840 360 2904 molentis
381 2849 549 2918 remotum,
566 2842 835 2923 quemadmodum
856 2839 890 2903 in
905 2858 957 2903 ex·
1011 2842 1117 2904 carnis
1133 2840 1264 2924 peccati,
1273 2849 1404 2904 vocatur
1418 2840 1531 2903 hoedus
1541 2851 1557 2902 ἐ
1575 2840 1685 2921 sicque
1700 2857 1756 2922 per

205 2938 370 3021 positione
391 2937 523 3020 capituli
545 2938 725 3001 duodecimi
746 2938 891 3001 habitum
908 2946 956 3001 est
1011 2941 1108 3003 verba
1129 2941 1197 3003 haec
1218 2939 1478 3022 prophetabatur,
1502 2939 1587 3019 quod
1611 2938 1756 3002 Christus

202 3036 340 3101 diflusa.
357 3037 414 3101 Per
428 3038 513 3118 quod
530 3037 739 3119 spiritualiter
757 3038 953 3119 designatur,
973 3043 1075 3106 cnon
1093 3037 1154 3100 luit
1168 3038 1209 3100 ab
1227 3038 1349 3100 Herode
1364 3036 1609 3099 interficiendus
1623 3036 1657 3098 in
1674 3036 1755 3099 lacte

200 3137 291 3218 quod
306 3155 404 3219 opera
420 3136 561 3199 virtuosa
575 3135 729 3199 debemus
743 3136 806 3199 Deo
821 3135 952 3215 offerre,
1010 3137 1121 3199 matris
1136 3156 1212 3213 sum,
1225 3137 1257 3198 id
1273 3144 1322 3199 est
1337 3136 1370 3197 in
1386 3154 1443 3197 sua
1457 3134 1609 3209 infantia3
1628 3134 1678 3198 vel
1694 3133 1755 3198 luit

198 3238 270 3301 imo
285 3244 317 3299 et
333 3254 391 3299 nos
407 3235 494 3318 ipsos
510 3235 539 3297 ei
555 3234 739 3298 sacrificare
760 3234 793 3297 in
814 3236 952 3317 puritate
1009 3243 1214 3318 praeceptum,
1241 3254 1281 3298 ne
1310 3253 1329 3296 a
1352 3233 1467 3297 Judaeis
1497 3232 1695 3297 occideretur
1719 3234 1754 3295 in

199 3335 275 3398 sine
296 3333 493 3398 admixtione
518 3333 647 3397 malitiae
667 3341 764 3415 atque
789 3333 951 3415 nequitiae.
1010 3334 1091 3397 lacte
1109 3334 1220 3396 matris
1245 3352 1320 3410 suae,
1347 3334 1379 3396 id
1403 3342 1453 3396 est
1477 3333 1510 3395 in
1536 3334 1588 3396 die
1606 3352 1671 3415 quo
1692 3332 1754 3395 iuit

200 3437 281 3495 Non
296 3434 473 3495 remanebit
489 3436 586 3510 adeps
599 3434 803 3494 solennitatis
814 3454 890 3496 meac
905 3454 954 3493 us·
1008 3441 1193 3515 conceptus.
1210 3432 1298 3506 Quod
1319 3440 1424 3495 tamen
1443 3431 1543 3495 ludaei
1565 3431 1753 3513 transgressi

198 3553 264 3613 que
289 3552 395 3605 mane,
418 3530 451 3594 id
475 3540 534 3607 est,
552 3530 649 3614 adeps
672 3530 859 3594 animalium
882 3552 954 3613 qum
1008 3540 1094 3608 sunt,
1112 3531 1188 3613 qnia
1202 3532 1314 3594 eodem
1334 3531 1387 3594 die
1406 3530 1469 3593 luit
1488 3530 1672 3606 crucifixus,
1690 3550 1754 3612 quo

199 3630 285 3694 mihi
302 3630 336 3693 in
352 3629 598 3694 solennitatibus
614 3628 807 3707 offeruntur,
826 3650 890 3693 non
907 3649 955 3693 re·
1008 3638 1038 3692 et
1054 3638 1238 3711 conceptus.
1255 3629 1350 3693 Porro
1369 3628 1438 3693 dies
1458 3629 1678 3711 conceptionis
1698 3647 1753 3694 vo

199 3729 385 3794 servabitur
401 3747 501 3810 usque
521 3729 560 3791 ad
581 3728 666 3792 diem
685 3737 882 3811 sequentem.
898 3729 955 3792 Po·
1008 3737 1099 3791 catur
1123 3728 1172 3791 lac
1197 3727 1318 3804 matris,
1343 3727 1419 3809 quia
1443 3737 1559 3791 extunc
1589 3727 1622 3789 in
1653 3737 1755 3791 matre

200 3836 286 3892 terat
308 3836 416 3891 autem
438 3826 573 3889 cremari
592 3825 678 3890 circa
697 3832 833 3905 noctem,
850 3828 953 3891 autin
1009 3836 1138 3910 paratur
1163 3827 1296 3891 materia
1321 3827 1423 3890 lactis.
1451 3826 1664 3909 Spiritualiter
1689 3827 1755 3890 hoe-

199 3933 298 3991 nocte
321 3944 417 4008 super
437 3925 547 3989 altare.
571 3925 628 3987 Per
650 3926 735 4005 qnod
757 3926 953 4007 designatur,
1009 3927 1080 4003 dus,
1099 3925 1132 3989 id
1156 3934 1205 3989 θεῖ
1226 3934 1384 4008 peccator,
1408 3945 1471 3990 non
1496 3935 1545 3989 cst
1569 3927 1755 4007 coquendus

198 4027 290 4109 quod
311 4025 493 4090 devotionis
514 4024 675 4107 pinguedo
697 4044 752 4088 seu
775 4025 951 4107 spiritualis
986 4098 989 4107 ¹
1010 4026 1043 4088 in
1060 4026 1142 4088 lacte
1161 4024 1283 4103 matris,
1304 4025 1337 4087 id
1357 4032 1416 4102 est,
1433 4024 1599 4088 blanditiis
1620 4043 1683 4089 non
1706 4032 1755 4089 cst

200 4124 430 4204 intelligentia,
455 4124 497 4186 sit
521 4123 677 4189 virtutum
703 4124 855 4205 operibus
882 4143 954 4206 pro·
1011 4123 1179 4200 lovendns,
1189 4125 1243 4187 sed
1259 4124 1374 4187 acriter
1388 4123 1603 4206 castigandus,
1614 4124 1642 4187 si
1658 4122 1756 4187 luerit

200 4224 293 4287 tinus
313 4223 550 4304 conjungenda,
573 4230 605 4285 et
624 4240 689 4285 non
714 4222 891 4304 separanda
915 4224 956 4286 ab
971 4224 995 4285 Ι)
1011 4222 1232 4285 immansivus.

200 4324 263 4387 eis.
287 4324 465 4385 Primitiae
484 4325 623 4402 fragam
645 4332 737 4383 terra
758 4332 820 4383 taoe
834 4325 955 4403 deferas
1049 4322 1206 4404 losephus
1226 4322 1355 4384 demum
1375 4321 1506 4403 exponit
1525 4321 1572 4384 sic
1589 4339 1596 4385 :
1616 4322 1684 4385 Non
1704 4341 1756 4385 co

199 4424 241 4483 in
257 4426 392 4483 domam
407 4422 543 4482 Damion
557 4422 619 4481 Dei
633 4422 693 4493 tui,
711 4420 743 4482 id
759 4420 861 4497 estin
877 4430 955 4485 tem·
1010 4439 1100 4502 ques,
1123 4428 1197 4498 otc,
1224 4420 1256 4481 id
1280 4429 1338 4497 est,
1366 4439 1430 4483 non
1454 4422 1601 4485 comedes
1625 4422 1754 4486 haedum

198 4519 258 4603 plo
273 4518 395 4582 ollares
410 4520 474 4582 Deo
493 4519 533 4581 ad
555 4518 845 4598 recognoscendum
867 4522 953 4601 quod
1010 4518 1096 4583 inlra
1120 4527 1266 4583 octavum
1289 4518 1386 4596 diem,
1413 4519 1488 4601 quia
1512 4520 1615 4584 adhuc
1639 4540 1751 4603 parum

197 4618 314 4683 omnia
335 4618 400 4681 sint
421 4618 463 4681 ab
484 4636 532 4681 eo.
550 4617 635 4679 lstud
658 4624 853 4699 praeceptum
875 4638 955 4700 prcc-
1009 4616 1122 4681 diflert
1136 4637 1155 4680 a
1169 4617 1251 4681 laete
1260 4617 1301 4681 ob
1313 4616 1557 4682 teneritudinem
1568 4639 1666 4684 suam
1677 4622 1755 4685 Rab

197 4718 350 4782 habitum
371 4726 430 4781 est.
446 4717 504 4781 Per
528 4716 614 4798 quod
634 4714 847 4796 significatur,
869 4721 953 4799 quod
1009 4715 1043 4779 bi
1058 4717 1178 4799 Moyses
1193 4736 1268 4781 voro
1284 4716 1516 4781 rationabiliter
1530 4720 1654 4798 asserit,
1667 4724 1753 4804 quod

196 4828 234 4883 ct
258 4817 422 4901 precipua
446 4816 542 4893 bona,
571 4834 769 4899 operumque
795 4815 952 4882 bonorum
1010 4836 1066 4899 per
1081 4816 1166 4878 istud
1182 4824 1375 4898 preceptum
1391 4826 1423 4879 et
1438 4817 1628 4896 consimilia,
1646 4819 1695 4882 lex
1710 4819 1755 4882 in-

196 4916 345 4995 exordia,
372 4916 435 4981 Deo
460 4926 492 4979 et
515 4916 625 4998 gratiae
648 4914 718 4996 ejus
744 4916 810 4978 sint
833 4917 952 4979 adscri—
1010 4916 1112 4978 tendit
1125 4916 1248 4979 ludaeos
1263 4916 1303 4977 ad
1318 4915 1469 4997 pietatem
1484 4915 1637 4981 allicere:
1659 4917 1755 4981 idcir-

197 5018 331 5092 benda3
355 5024 387 5081 et
409 5036 529 5094 rursus,
546 5016 632 5097 quod
654 5024 741 5078 extra
761 5015 953 5079 catholicam
1010 5033 1048 5078 co
1069 5015 1109 5077 ad
1130 5015 1224 5079 bruta
1244 5014 1396 5097 precepit
1419 5034 1473 5078 eos
1498 5016 1568 5098 pios
1588 5016 1751 5095 exsistere,

198 5116 383 5183 Ecclesiam
401 5134 466 5180 non
489 5116 531 5178 sit
552 5113 785 5178 sacrificiorum
806 5114 955 5195 spiritua·
1010 5121 1046 5177 ut
1062 5113 1148 5177 circa
1164 5113 1310 5177 homines
1327 5113 1532 5194 benigniores
1547 5116 1752 5189 exsisterent3

200 5218 285 5281 lium
303 5216 405 5292 locus,
421 5213 497 5295 qnia
513 5232 577 5278 non
594 5213 698 5296 placet
712 5212 785 5294 quis
800 5212 874 5291 beo,
893 5214 954 5275 nisi
1011 5221 1102 5276 erant
1130 5213 1217 5276 enim
1245 5213 1403 5277 crudeles.
1435 5214 1579 5295 Denique
1607 5214 1750 5278 Andreas

201 5318 240 5381 in
262 5312 482 5380 ecclesiastica
503 5322 687 5396 parmaneat
709 5312 842 5375 unitate.
863 5311 956 5375 Mate·
1010 5313 1066 5389 ait,
1083 5313 1169 5375 istud
1189 5320 1394 5394 preceptum,
1411 5313 1452 5376 de
1470 5314 1606 5377 aliorum
1628 5331 1756 5394 quoque
