4309 6259
48 1695 73 1739 Is.
85 1710 127 1746 tur,
136 1699 168 1737 25.

578 523 752 569 manuario
773 524 804 568 ut
825 523 894 569 CAP-
917 522 983 569 xxll
1003 523 1105 569 uacui.
1127 540 1168 552 -
1188 523 1259 569 aur.
1282 523 1341 568 XLV

1689 505 1729 567 27

179 703 317 757 conetur
339 695 484 777 quinque
505 694 652 777 praelatos
674 693 787 770 bonos,
806 710 861 755 seu
877 693 932 756 ho
946 692 972 755 A
986 714 1039 755 aas
1055 696 1142 771 tynis
1157 696 1318 755 invenerit
1332 696 1437 773 spicas
1455 693 1515 755 :id
1531 702 1589 771 est,
1613 693 1638 755 si
1657 692 1730 774 quis

179 794 288 856 mines
304 795 449 858 nondum
470 793 502 855 in
525 792 710 875 prelatione
730 792 929 867 constitutos,

178 891 335 954 Ecclesiae
352 892 513 970 exhibere,
527 900 557 955 et
573 892 698 955 Christo
713 892 869 953 adducere
886 910 933 953 re

180 1009 233 1054 ros
258 990 457 1073 idoneosque
477 991 635 1073 prelatos.
658 990 709 1053 Sic
725 998 755 1052 et
771 990 825 1071 qui
845 988 934 1051 Chri-

181 1098 231 1152 sto
248 1109 348 1152 unam
364 1089 558 1153 subtraxerit
573 1109 676 1167 ovem,
690 1088 933 1152 scandalizando

181 1208 284 1251 unum
302 1188 457 1271 pusillum
474 1208 530 1251 seu
548 1189 749 1252 innocentem
766 1197 797 1252 et
812 1188 934 1271 simpli-

182 1306 253 1349 cem
277 1286 367 1350 omni
390 1288 487 1351 verbo
511 1288 704 1365 credentem,
724 1296 786 1349 tam
809 1286 933 1351 intense

184 1404 282 1468 super
299 1387 360 1449 hoc
379 1386 495 1463 doleat,
514 1395 547 1449 ut
568 1387 699 1463 orando,
718 1387 931 1468 predicando,

181 1484 476 1567 exemplariterque
501 1484 649 1562 vivendo,
675 1495 812 1567 quatuor
842 1488 933 1568 lupos

185 1591 375 1647 convertere
399 1592 533 1647 conetur
558 1584 592 1645 in
617 1603 732 1665 agnos,
759 1584 802 1647 ita
828 1592 863 1646 ut
887 1585 934 1647 lu-

186 1700 247 1763 pus
267 1690 299 1745 et
323 1700 425 1763 agnus
450 1691 621 1764 pascantur
643 1683 748 1746 simul.
767 1687 807 1746 Si
826 1688 935 1764 effrin-

181 1801 260 1857 gens
273 1782 336 1857 sur
350 1784 573 1851 declamatae
587 1784 752 1861 effodiens,
767 1784 870 1861 facerit
885 1787 935 1843 ta-

987 812 1043 876 per
1060 792 1216 857 terrorem
1238 812 1303 855 suaa
1318 792 1372 855 irre
1387 801 1441 855 aut
1462 792 1670 875 impatientiae
1689 791 1731 854 ir-

988 890 1165 968 rcirenatm,
1183 901 1239 955 aut
1260 910 1317 973 per
1338 891 1441 954 zelum
1462 891 1670 955 indiscretum
1686 892 1732 952 in-

988 991 1114 1053 duxerit
1130 992 1209 1053 alios
1225 991 1264 1053 ad
1279 990 1461 1054 consimilia
1474 991 1569 1069 mala,
1587 990 1631 1053 ita
1645 991 1731 1072 quod

989 1088 1171 1171 spirituales
1197 1088 1320 1151 tructus
1346 1089 1615 1170 collectionesque
1639 1087 1733 1151 meri-

990 1196 1094 1250 torum
1115 1198 1146 1250 et
1171 1180 1325 1251 virtutum
1349 1186 1510 1269 proiectus
1533 1187 1566 1249 in
1590 1187 1668 1270 ipsis
1684 1187 1733 1248 in-

988 1286 1096 1349 cendit
1118 1295 1214 1368 atque
1237 1286 1412 1360 destruxit3
1436 1289 1546 1347 reddet
1559 1290 1730 1356 damnum,

987 1385 1063 1466 quia
1088 1384 1244 1447 obnoxius
1269 1384 1340 1460 erit,
1368 1385 1568 1464 aliorumque
1593 1382 1672 1445 vitia
1696 1402 1731 1446 ac

989 1484 1181 1547 detrimenta
1196 1483 1307 1545 salutis
1323 1484 1548 1547 redundabunt
1564 1483 1596 1544 in
1613 1482 1729 1565 ipsum,

988 1582 1152 1665 atquibus
1169 1583 1214 1644 sic
1235 1583 1355 1658 nocuit,
1373 1583 1524 1665 prodesse
1540 1590 1675 1644 tenetur.
1692 1584 1733 1643 Si

988 1685 1061 1762 quis
1072 1683 1341 1741 commendaverit
1356 1684 1459 1741 amico
1475 1698 1532 1742 suo
1543 1683 1732 1758 pecuniam,

989 1790 1049 1843 etc.
1067 1781 1131 1843 Hoc
1147 1787 1205 1856 est,
1223 1779 1379 1862 quidone
1398 1780 1508 1861 gratiae
1528 1779 1590 1841 sibi
1606 1797 1733 1842 conces-

185 1888 313 1949 eeatas,
339 1887 399 1960 etc.
423 1878 484 1942 Fur
509 1880 639 1942 domum
664 1878 843 1963 effringens
868 1882 935 1944 sive
952 1878 974 1940 B
990 1898 1032 1942 saa
1047 1878 1332 1941 communicaverit
1348 1877 1734 1954 aliis,instruendo,oran-

184 1974 359 2055 eiiodienS,
386 1986 435 2041 est
459 1979 570 2041 doctor
594 1997 776 2060 perversus,
804 1980 934 2063 iniquus

184 2075 562 2157 praelatuslraeresiarcha
573 2076 859 2160 nequissimus,qui
870 2099 935 2161 gre

183 2192 255 2254 gem
279 2174 397 2237 Christi
419 2182 552 2238 conatur
575 2174 719 2251 iniicere,
737 2184 769 2239 et
791 2176 934 2239 subditos

185 2272 372 2335 subvertere
393 2292 457 2336 non
479 2281 618 2336 veretur.
639 2273 671 2335 Si
693 2291 768 2355 ergo
791 2275 935 2355 superior

185 2370 362 2452 presidens
377 2378 409 2434 ct
424 2372 540 2453 presul
557 2371 745 2449 catholicus,
767 2372 862 2435 talem
879 2392 935 2455 per

185 2470 528 2533 excommunicationis
548 2471 739 2534 sententiam
762 2490 780 2533 a
800 2471 935 2553 mystico

185 2568 303 2632 Christi
325 2587 460 2650 corpore
482 2569 688 2651 separaverit,
710 2578 934 2651 mortuumque

186 2667 368 2749 protulerit,
381 2685 445 2730 non
461 2666 603 2731 oliendit
622 2668 720 2731 Deum
737 2668 783 2731 sic
800 2669 931 2747 iaciens,

186 2766 250 2829 imo
278 2774 429 2829 merctur.
455 2768 545 2834 Quod
566 2770 595 2827 si
619 2777 686 2828 orto
706 2768 772 2848 J‘am
794 2773 857 2828 soie
878 2772 935 2830 doc

990 1979 1041 2055 do,
1066 1986 1161 2060 atque
1182 1978 1220 2039 ad
1243 1977 1611 2059 melioraprovocando,
1635 1976 1662 2038 si
1684 1976 1733 2037 illi

990 2080 1073 2141 dona
1089 2076 1270 2159 spiritualia
1285 2076 1330 2139 eis
1348 2076 1393 2139 sic
1409 2076 1643 2139 communicata
1658 2074 1734 2137 ami-

990 2176 1100 2250 serint,
1128 2175 1377 2238 communicanti
1403 2194 1467 2237 non
1493 2174 1610 2256 poterit
1632 2175 1735 2256 impu-

991 2276 1060 2351 tari,
1087 2276 1142 2338 scd
1165 2275 1215 2336 his
1237 2274 1294 2355 qui
1319 2274 1392 2336 aliis
1411 2293 1508 2336 causa
1532 2281 1587 2336 aut
1608 2273 1733 2337 occasio

989 2373 1141 2456 peccandi
1159 2373 1349 2435 exstiterint.

1028 2475 1069 2534 Si
1082 2475 1246 2532 redemerit
1260 2475 1333 2552 quis
1344 2474 1506 2549 virginem
1522 2475 1666 2532 meadum
1681 2476 1733 2532 de·

988 2582 1182 2649 sponsatam.
1200 2570 1296 2651 Virgo
1313 2571 1455 2633 nondum
1473 2569 1673 2651 desponsata,
1685 2578 1732 2631 est

989 2670 1096 2733 anima
1112 2669 1310 2731 naturalibus
1325 2678 1357 2731 et
1376 2668 1542 2750 acquisitis
1558 2667 1732 2731 virtutibus

990 2770 1123 2849 integra,
1141 2776 1173 2831 ct
1188 2767 1289 2829 instar
1310 2767 1445 2829 aliorum
1469 2768 1609 2829 nondum
1627 2784 1734 2847 pecca-

184 2867 311 2943 secerit,
327 2864 360 2927 id
383 2873 442 2941 est,
461 2872 629 2947 postquam
652 2865 796 2930 Christus
819 2868 865 2930 sol
889 2866 934 2930 s'a-
989 2868 1030 2930 tis
1046 2875 1206 2948 corrupta,
1225 2885 1297 2948 quaa
1319 2866 1554 2947 quodammodo
1569 2865 1658 2943 virgo
1682 2882 1735 2946 pc

185 2963 317 3046 pientia
340 2963 373 3025 in
397 2963 492 3027 corde
515 2960 603 3025 illius
626 2962 706 3025 iuris
723 2964 931 3046 splenduerit,
990 2975 1051 3030 test
1069 2966 1187 3041 vocari,
1206 2966 1347 3027 nondum
1374 2972 1479 3027 tamen
1503 2983 1560 3046 per
1581 2962 1680 3025 iidem
1703 2972 1735 3026 et

185 3063 384 3127 ostendendo
395 3062 425 3124 ei
441 3081 535 3124 suum
551 3080 690 3126 errorem
706 3072 801 3145 atque
816 3065 854 3127 ad
872 3070 971 3147 preti
989 3064 1123 3127 virtutes
1139 3062 1261 3125 inlusas
1282 3064 1453 3144 conjuncta
1473 3070 1522 3124 est
1536 3062 1659 3144 Sponso
1674 3080 1735 3125 cre

187 3162 355 3226 nitentium
386 3180 460 3224 eum
490 3160 690 3237 alliciend03
721 3166 933 3225 homicidium

181 3263 393 3341 perpetravit,
404 3260 556 3342 quoniam
572 3269 652 3323 etse
668 3260 773 3343 ipsum
790 3270 854 3323 tam
870 3282 935 3343 gra·

186 3361 267 3425 riter
289 3361 454 3443 peccando
477 3360 569 3437 lesit,
591 3368 623 3423 et
643 3360 722 3423 alios
746 3362 935 3423 scandaliza-

186 3460 244 3537 vit,
271 3478 411 3541 eumque
437 3459 492 3541 qui
523 3458 709 3541 poenitendo
737 3458 934 3541 justificatus

186 3566 243 3636 est,
261 3557 377 3623 vitiose
393 3558 596 3622 condemnat.

227 3660 267 3719 Si
283 3659 401 3719 deserit
416 3659 582 3738 quispiam
597 3677 713 3734 aprum
731 3661 780 3717 vei
792 3659 931 3719 cineam.

186 3757 242 3819 Per
262 3774 376 3837 agrum
394 3764 426 3819 et
441 3756 569 3819 vineam
587 3755 726 3837 intelligi
746 3764 850 3838 potest
870 3775 933 3819 non

186 3856 290 3918 solum
325 3874 535 3937 quaecumque
566 3854 723 3930 Ecclesia,
752 3855 806 3916 sed
838 3854 934 3917 etiam

186 3953 442 4034 uniuscujusque
471 3954 578 4016 anima
609 3953 729 4016 semine
754 3952 843 4015 verbi
873 3972 935 4017 coe·

187 4053 274 4116 lestis
291 4060 371 4128 sata,
389 4052 609 4133 virtutumque
629 4050 787 4115 fructibus
808 4052 935 4115 decora-

186 4160 226 4215 ta.
254 4151 315 4227 Qui
347 4168 423 4232 ergo
453 4150 584 4214 alterius
613 4150 753 4214 animam
784 4151 851 4213 sive
882 4170 935 4232 pa-

989 3163 1071 3225 lesti.
1097 3163 1183 3223 Hanc
1206 3161 1335 3243 decipit,
1360 3160 1415 3241 qui
1438 3160 1608 3241 persuadet
1629 3159 1734 3222 cidem

990 3260 1148 3325 naturalia
1167 3259 1196 3323 ei
1214 3258 1367 3322 suiiicere
1381 3260 1420 3320 ad
1439 3259 1594 3331 salutem3
1618 3267 1650 3321 et
1665 3259 1734 3322 dor-

989 3360 1047 3423 mit
1070 3378 1142 3421 cum
1168 3378 1215 3435 ea,
1234 3358 1290 3439 qui
1315 3357 1539 3420 commiscetur
1564 3357 1593 3419 ei
1620 3356 1651 3417 in
1677 3357 1732 3418 tali

989 3478 1095 3523 errore
1118 3459 1215 3521 :ideo
1237 3459 1360 3518 dotabit
1381 3478 1465 3526 eam,
1480 3456 1632 3538 quoniam
1657 3454 1734 3518 iacit

989 3578 1057 3621 cam
1082 3565 1205 3639 putare,
1227 3555 1312 3637 quod
1338 3554 1547 3637 spiritualiter
1571 3553 1659 3616 dives
1679 3552 1731 3631 sit,

989 3657 1174 3737 nulliusque
1189 3664 1289 3735 egeat.
1303 3658 1346 3716 Et
1360 3655 1485 3714 habebit
1500 3674 1570 3715 eam
1587 3672 1733 3723 arcerem,

989 3755 1194 3839 producendo
1208 3774 1246 3816 ex
1261 3772 1298 3816 ea
1320 3752 1443 3815 tructus
1462 3760 1494 3814 et
1512 3769 1610 3832 opera
1628 3751 1734 3832 acqui-

990 3855 1121 3917 sitarum
1148 3852 1312 3928 virtutum,
1331 3852 1407 3913 dum
1429 3869 1497 3913 eam
1525 3849 1669 3911 hortatur
1693 3850 1733 3911 ad

989 3952 1064 4016 talia
1075 3960 1211 4028 tantum,
1220 3969 1284 4013 non
1295 3951 1334 4012 ad
1346 3946 1632 4032 supernaturalium
1644 3956 1734 4009 actus

988 4054 1160 4126 virtutum;
1174 4050 1201 4113 si
1217 4060 1322 4113 tamen
1340 4058 1429 4132 pater
1443 4047 1578 4129 virginis
1592 4048 1668 4109 dare
1682 4066 1735 4110 vo

989 4151 1136 4228 luerit,id
1152 4158 1209 4227 est,
1217 4149 1244 4211 si
1255 4150 1336 4212 Deus
1352 4147 1496 4210 omnium
1512 4154 1602 4229 pater
1616 4155 1648 4208 et
1663 4164 1735 4208 con-

186 4251 340 4327 rochiam,
364 4257 419 4313 aut
447 4250 584 4331 alicuius
613 4248 735 4332 prelati
760 4249 933 4312 Ecclesiam
950 4256 974 4317 I)
990 4250 1073 4313 ditor
1089 4248 1271 4331 permiserit
1293 4246 1433 4309 animam
1454 4245 1549 4309 talem
1573 4245 1606 4307 in
1629 4263 1735 4307 erroro

186 4350 303 4414 laeserit
318 4349 480 4432 peccando
495 4348 527 4409 in
545 4348 935 4431 proximos,scandalizan-
989 4347 1174 4430 hujusmodi
1195 4346 1342 4409 detineri.
1361 4345 1393 4407 Si
1413 4364 1488 4408 vcro
1504 4343 1735 4406 illuminaverit

185 4450 265 4513 dove
280 4447 451 4531 plurimos,
469 4454 501 4509 et
516 4447 635 4509 bonum
651 4465 821 4510 commune
837 4446 935 4529 impe
990 4466 1070 4523 eam,
1089 4445 1185 4508 faciet
1199 4462 1268 4507 eam
1289 4443 1455 4525 suiipsius
1476 4459 1625 4525 sponsam
1645 4460 1682 4504 ac
1698 4440 1735 4503 ii·
1791 4464 1794 4471 ·

185 4548 314 4623 diendo,
341 4556 371 4606 et
392 4546 555 4605 dimiserit
568 4546 759 4622 jumentum
779 4566 875 4607 suum
899 4556 935 4607 at
990 4546 1064 4608 liam
1081 4563 1138 4626 per
1154 4543 1253 4606 iidem
1268 4550 1299 4605 et
1315 4542 1478 4605 caritatem
1494 4540 1736 4623 contemplatio-

186 4651 381 4725 depaseatur
396 4646 517 4715 atiena,
528 4644 560 4705 id
577 4650 635 4719 est,
648 4644 824 4726 appetitum
842 4664 933 4708 suum
990 4644 1104 4725 nisque
1119 4641 1265 4723 gratiam.

186 4744 344 4806 brutalem
362 4749 415 4803 aut
426 4739 598 4803 animalem
614 4741 776 4804 hominem
788 4742 851 4805 sibi
863 4743 935 4805 suiv
1024 4746 1194 4804 Artemam
1205 4739 1573 4808 noacmtristedis,eum
1585 4736 1735 4800 videlicet

185 4843 287 4905 ditum
308 4840 494 4923 permiserit
513 4840 593 4902 alios
616 4841 816 4918 conturbare,
840 4842 934 4905 dona·
988 4842 1044 4922 qui
1065 4840 1106 4901 ad
1125 4838 1260 4921 patriam
1282 4835 1384 4898 tendit
1404 4836 1577 4912 coelestem,
1595 4835 1645 4898 vel
1661 4854 1735 4898 eum

186 4960 245 5023 que
267 4939 379 5020 gratita
402 4938 436 4999 in
459 4938 621 5020 proximos
642 4939 818 5021 dissipare;
840 4943 934 5021 qaid·
989 4938 1044 5021 qui
1065 4946 1153 5001 extra
1167 4935 1341 4999 Ecclesiam
1363 4935 1554 4998 militantem
1575 4935 1735 5016 peccando

187 5044 266 5121 qaid
289 5040 452 5117 optimam
474 5040 623 5099 habuerit
645 5041 681 5100 ire
701 5060 778 5116 apro
801 5061 860 5100 sao
885 5045 934 5101 cei
989 5037 1126 5101 allectus
1155 5044 1213 5112 est,
1241 5043 1273 5097 et
1297 5053 1407 5095 rursus
1432 5052 1488 5115 per
1513 5033 1735 5114 paenitentiam

187 5142 363 5217 ainamma
378 5139 498 5197 damni
510 5139 720 5199 aestimatione
736 5142 890 5210 restituet,
900 5138 933 5200 id
989 5136 1071 5200 redit
1086 5136 1125 5197 ad
1146 5154 1226 5211 eam,
1239 5133 1296 5216 qui
1311 5132 1363 5215 pie
1378 5139 1427 5195 est
1441 5132 1654 5213 reeipiendus.
1671 5136 1736 5194 Art-

185 5246 242 5314 est,
259 5234 403 5319 propriis
419 5234 512 5297 donis
529 5234 715 5316 meritisque
730 5236 884 5316 privatur,
902 5245 933 5299 et
989 5257 1076 5297 verare
1096 5237 1184 5295 emim
1205 5243 1235 5294 et
1258 5234 1323 5311 ipsi
1341 5233 1455 5310 fuistis
1474 5234 1509 5293 ire
1533 5242 1619 5292 terra
1634 5235 1735 5308 AEqy-

186 5335 367 5419 superiores
382 5333 498 5396 anima
508 5350 573 5396 sue
583 5332 667 5396 vires
683 5334 933 5414 leditsiepres-
983 5336 1047 5414 pti.
1060 5334 1197 5396 advene
1213 5332 1321 5414 itaque
1335 5330 1608 5413 eramus,quondo
1625 5329 1658 5391 in
1672 5329 1732 5393 hoc
