4309 6259
438 465 497 527 too
862 482 1039 528 urtnonnrro
1061 482 1092 527 nv
1113 482 1362 529 vauraraucnuu.
1387 502 1427 513 —
1447 482 1519 529 nnr.
1543 485 1560 527 v

437 652 514 735 suis]
527 651 639 714 altaria
665 652 805 733 pretiosa
826 660 858 713 θῖ
880 652 1014 734 pulchra
1036 672 1073 715 ac
1095 652 1221 728 attaen
1235 652 1351 715 tilesin
1364 653 1538 734 plenilunio
1550 651 1981 733 sacrificabantlltquoniam

437 753 491 814 sed
508 761 539 814 ct
555 753 587 814 in
605 753 703 815 sacris
716 752 821 834 Priapi
837 753 1047 816 ostendebant
1063 752 1181 835 populo
1236 751 1295 813 ista
1311 752 1373 815 duo
1393 751 1563 827 beneficia,
1581 751 1704 815 scilicet
1725 750 1909 826 creationis,
1924 767 1982 829 gu-

438 856 495 913 sua
510 852 670 933 pudenda.
688 851 818 932 Propter
833 852 978 913 camdem
994 870 1120 933 quoque
1137 869 1182 911 ra·
1237 848 1498 932 bernationisque
1513 849 1831 921 divinae,communia
1846 856 1923 911 sunt
1938 856 1982 911 to

439 948 559 1013 tionem
583 948 735 1031 praecepit
758 948 914 1012 Dominus
937 948 971 1010 in
992 950 1183 1011 Deuterono
1237 948 1260 1009 ti
1280 949 1420 1011 humano
1439 948 1561 1029 generi,
1589 949 1657 1012 istae
1678 950 1749 1012 duaa
1773 947 1982 1011 solennitates

307 1062 422 1113 aaran,
438 1048 503 1111 mio
516 1067 523 1109 :
536 1047 603 1111 Non
629 1046 790 1130 plantabis
815 1046 922 1109 lucum
939 1055 971 1109 θῖ
985 1066 1113 1110 omnem
1133 1066 1183 1109 ar·
1238 1046 1437 1128 frequentius
1454 1047 1661 1111 iterabantur.

292 1128 325 1169 ²¹·
438 1147 546 1209 horem
569 1146 658 1227 juxta
677 1145 776 1207 altare
798 1144 922 1207 Domini
944 1146 999 1208 Dei
1015 1146 1073 1207 tui.
1092 1144 1182 1209 Ratio
1276 1144 1504 1228 Alioquinque
1521 1144 1601 1208 festa
1616 1144 1859 1207 celebrabantur
1880 1142 1980 1205 semel

438 1252 543 1308 autern
567 1242 712 1322 figuralis
729 1243 863 1306 istorum
879 1252 938 1320 est,
955 1244 1031 1324 quia
1046 1243 1079 1305 in
1096 1242 1182 1304 Chri·
1237 1242 1269 1304 iu
1290 1262 1385 1319 anno,
1403 1252 1434 1305 θῖ
1457 1252 1586 1325 propter
1602 1242 1759 1306 beneficia
1781 1242 1837 1304 tali
1861 1241 1982 1323 populo

438 1352 498 1420 sto,
515 1342 569 1423 qui
591 1349 639 1404 θεῖ
655 1360 765 1404 verum
788 1341 898 1417 altare,
915 1340 1065 1404 confiteri
1087 1341 1182 1404 debe
1237 1340 1416 1422 specialiter
1431 1360 1450 1403 a
1465 1342 1528 1404 Deo
1544 1342 1698 1422 impensa.
1716 1341 1793 1403 Nam
1810 1340 1910 1401 Phase
1931 1356 1982 1401 so-

437 1459 509 1503 mus
534 1458 641 1503 veram
669 1439 905 1520 humanamque
930 1458 1069 1516 carnem,
1095 1440 1182 1520 quod
1237 1439 1373 1502 lennitas
1388 1440 1608 1503 celebrabatur
1624 1458 1732 1503 manse
1748 1438 1862 1521 primo,
1886 1455 1982 1519 quar·
2009 1465 2129 1510 Lm,

436 1547 485 1601 est
499 1538 597 1601 altare
612 1538 652 1600 de
668 1545 751 1600 terra
766 1546 967 1612 construere;
983 1557 1089 1600 veram
1107 1556 1182 1620 quo
1238 1538 1391 1601 tadecima
1406 1538 1458 1601 die
1474 1538 1603 1615 mensis,
1614 1538 1646 1601 in
1663 1536 1849 1601 memoriam
1867 1536 1981 1599 libera·
1994 1530 2037 1570 '³³-

435 1655 498 1717 que
513 1636 691 1699 divinitatis
710 1645 866 1711 naturam,
885 1644 920 1698 ut
936 1635 1091 1699 fateamur
1107 1656 1181 1699 eum
1236 1635 1332 1699 tionis
1342 1636 1575 1718 exAEgypto.Et
1586 1636 1735 1718 postdies
1745 1634 1980 1718 quinquaginta

435 1735 517 1797 Patri
542 1735 709 1816 aqualem,
737 1734 821 1815 quod
848 1742 896 1797 θεῖ
921 1736 960 1797 ad
986 1734 1085 1797 altare
1111 1734 1180 1797 eine
1235 1733 1455 1796 celebrabatur
1485 1734 1685 1797 Pentecostes
1716 1734 1908 1807 solennitas,
1940 1733 2127 1794 adterat->aa

434 1834 585 1911 gradibus
608 1834 769 1895 scandere.
790 1833 883 1896 Facto
906 1843 1012 1895 autem
1033 1833 1180 1895 taberna·
1198 1833 1546 1895 llcommemorandum
1571 1832 1765 1895 beneficium
1786 1832 1866 1913 legis
1885 1834 1977 1893 datae.

433 1932 508 1995 culo
524 1951 581 2014 pro
596 1931 889 2007 cultudivino‚non
906 1941 997 1993 erant
1011 1930 1181 1994 formidan-
1234 1931 1305 1992 Alia
1328 1948 1401 1994 vero
1425 1931 1484 1993 tria
1507 1930 1587 1993 festa
1612 1931 1819 1993 servabantur
1841 1930 1979 2011 septimo

436 2030 484 2093 daa
495 2030 653 2111 praedictas
668 2029 855 2092 idololatriae
869 2030 1053 2093 occasiones
1067 2038 1099 2092 θῖ
1110 2049 1182 2092 cau·
1235 2046 1354 2105 mense,
1372 2029 1427 2109 qui
1450 2031 1535 2110 apud
1557 2046 1611 2091 eos
1631 2029 1722 2110 quasi
1738 2038 1824 2092 totus
1838 2037 1906 2091 erat
1930 2046 1978 2091 so

437 2147 490 2189 saa.
507 2128 637 2209 Propter
654 2128 739 2208 quod
761 2128 925 2190 mandavit
940 2127 1092 2190 Dominus
1108 2126 1180 2190 fieri
1235 2125 1350 2188 lenuis.
1375 2128 1412 2189 ln·
1431 2127 1534 2209 prima
1556 2128 1641 2190 enirn
1666 2128 1718 2190 die
1739 2127 1836 2208 huius
1859 2127 1979 2189 mensis

288 2240 421 2290 Exortum
437 2226 694 2289 holocaustorum
716 2224 815 2287 altare
830 2226 870 2288 de
884 2245 947 2289 aere
961 2234 994 2289 et
1014 2226 1111 2307 lignis
1133 2244 1181 2289 se·
1233 2234 1301 2287 erat
1323 2224 1438 2288 festum
1456 2225 1626 2302 Tubarum,
1646 2226 1678 2287 in
1697 2226 1882 2289 memoriam
1901 2225 1980 2287 libe-
1992 2248 2128 2291 renasca.

290 2306 340 2355 ¹⁸²·
434 2323 704 2405 ·ttm,qu0t0mni
721 2324 840 2405 populo
857 2324 1177 2406 essetconspicuurn;
1235 2324 1367 2387 rationis
1391 2326 1486 2401 Isaac,
1513 2325 1640 2406 quando
1665 2325 1821 2387 Abrabam
1853 2342 1911 2406 pro
1936 2343 1979 2387 eo
1995 2311 2129 2415 ,stffig

305 2433 420 2485 Ibit-nx.
436 2422 535 2485 altare
550 2440 625 2485 vero
642 2422 868 2503 thymiamatis,
887 2424 926 2485 de
943 2441 1021 2485 auro
1036 2432 1066 2485 et
1085 2423 1180 2502 lignis
1233 2422 1364 2485 arietem
1390 2422 1506 2485 obtulit
1532 2441 1539 2485 :
1568 2432 1599 2485 et
1621 2440 1695 2503 crgo
1723 2431 1798 2486 tunc
1826 2422 1978 2485 cornibus
1993 2451 2043 2483 mr,
2063 2440 2094 2479 aa.

288 2500 297 2538 ¹
319 2499 339 2539 ³'
435 2519 540 2596 setim,
558 2520 643 2602 quod
667 2521 844 2583 sacerdotes
863 2520 1097 2601 conspicerent.
1114 2520 1180 2594 Ouo
1233 2521 1457 2583 buccinabant.
1470 2521 1545 2583 Nam
1564 2522 1648 2584 aries
1671 2521 1822 2585 cornibus
1844 2522 1979 2583 baeserat

288 2638 419 2686 naama,
436 2616 530 2693 facto,
540 2617 738 2680 introductus
754 2626 802 2679 est
816 2637 835 2679 a
849 2618 1067 2681 sacerdotibus
1084 2618 1180 2681 forno
1233 2619 1395 2700 vepribus,
1413 2618 1495 2681 sicut
1511 2618 1543 2680 in
1558 2618 1672 2682 Genesi
1683 2619 1979 2699 dicitur.Eratquo-

286 2703 321 2744 ⁴²·
434 2715 548 2778 ralium
571 2732 668 2777 usus:
686 2724 717 2777 et
739 2732 813 2795 crgo
836 2724 911 2778 tunc
933 2718 1104 2779 ascendere
1126 2735 1180 2798 po
1232 2716 1977 2798 quefestumTubarum,quoinvitabanturad

433 2821 538 2876 terant
559 2814 629 2875 sine
650 2813 792 2895 periculo
812 2815 850 2875 ad
866 2815 965 2877 altare
985 2834 1042 2895 per
1062 2816 1178 2895 gradus
1233 2815 1455 2878 solennitatem
1478 2814 1685 2896 Expiationis,
1702 2834 1773 2896 quea
1787 2814 1911 2878 decima
1925 2815 1977 2879 die
2005 2834 2127 2876 namn..

433 2910 555 2991 ligneos
572 2928 635 2973 non
652 2919 782 2985 stantes
801 2912 855 2973 scd
871 2911 1045 2993 portatiles.
1233 2913 1332 2976 fiebat
1357 2914 1389 2975 in
1415 2912 1601 2975 memoriam
1623 2912 1787 2990 beneficii,
1806 2932 1871 2994 quo
1894 2914 1977 2977 Deus
1992 2900 2066 2940 ²⁷⁴²·

319 3024 389 3068 nam.
473 3008 710 3072 Advertendum
726 3018 843 3085 autem,
855 3010 942 3090 quod
959 3010 991 3071 in
1008 3010 1107 3073 veteri
1125 3012 1214 3078 Te-(l
1231 3012 1271 3073 ad
1287 3030 1397 3093 preces
1412 3010 1525 3092 Moysis
1540 3011 1772 3093 propitiabatur
1785 3012 1831 3075 eis
1847 3014 1887 3075 de
1902 3012 1976 3075 ado-

285 3101 417 3139 xrvrrnmx.

432 3115 589 3170 stamento
611 3115 702 3170 erant
723 3114 844 3189 septem
871 3107 1077 3170 solennitates
1100 3116 1178 3171 tem·
1233 3109 1355 3172 ratione
1370 3107 1544 3172 conflatilis
1554 3108 1656 3171 vituli.
1669 3109 1741 3171 Post
1756 3109 1822 3172 heac
1837 3110 1976 3172 celebra·
2149 3172 2150 3185 ἶ

432 3205 568 3287 porales‚
586 3214 617 3267 θῖ
641 3224 706 3266 una
729 3204 821 3286 quasi
847 3205 1010 3282 continua,
1033 3206 1116 3269 sicut
1140 3226 1178 3270 ex
1231 3208 1325 3270 batur
1342 3207 1550 3289 Scenopegiae,
1570 3206 1601 3268 id
1622 3215 1670 3269 ost
1685 3207 1973 3271 Tabernaculorum
1992 3228 2126 3272 rucuma..
2149 3202 2150 3215 *

432 3302 515 3366 libro
525 3302 734 3366 Numerorum
749 3301 923 3383 colligitur.
933 3304 1058 3366 Festum
1071 3312 1176 3368 autem
1231 3306 1405 3369 solennitas
1430 3313 1551 3387 septem
1578 3304 1701 3381 diebus,
1729 3304 1761 3367 in
1787 3305 1973 3369 memoriam

283 3419 414 3469 iterumn,
431 3399 619 3463 continuum
636 3400 782 3481 fuit,quo
798 3400 1023 3463 immolabatur
1032 3402 1177 3483 quotidie
1232 3402 1431 3467 deductionis
1446 3422 1482 3466 ac
1498 3403 1705 3485 protectionis
1721 3423 1829 3467 eorum
1845 3406 1974 3486 quando

283 3484 332 3529 Μ·
431 3517 525 3561 manc
540 3507 571 3561 et
586 3516 718 3579 vespere
732 3499 918 3578 agnuslloc
933 3518 1008 3580 ergo
1023 3500 1176 3563 continuo
1231 3506 1263 3567 in
1286 3503 1420 3566 desertis
1444 3504 1616 3566 manebant
1643 3521 1650 3565 :
1677 3511 1806 3585 propter
1829 3504 1916 3585 quod
1940 3504 1973 3565 in

433 3597 514 3662 festo
530 3596 815 3679 repraesentabatur
831 3598 1026 3679 perpetuitas
1042 3598 1177 3662 felicita·
1229 3601 1289 3663 hoc
1312 3600 1394 3664 festo
1416 3600 1596 3663 afferebant
1620 3620 1723 3663 ramos
1749 3601 1973 3683 pulcherrimas
2001 3617 2111 3661 rarum.

431 3696 472 3758 tis
488 3694 948 3776 divium'lcmporaliumvero
963 3694 1175 3759 festivitatum
1229 3698 1363 3776 arboris,
1386 3700 1442 3782 qui
1467 3699 1521 3761 diu
1547 3699 1684 3761 virorem
1710 3709 1910 3777 conservant,
1939 3700 1972 3761 in

281 3812 415 3864 mannas.
431 3795 535 3876 prima
560 3803 626 3857 erat
651 3792 808 3856 festivitas
831 3793 970 3870 Sabbati,
993 3814 1064 3875 quaa
1087 3814 1176 3858 reno·
1230 3797 1357 3878 signum
1379 3799 1465 3879 quod
1487 3798 1569 3859 [leus
1591 3797 1740 3879 perduxit
1754 3815 1808 3860 cos
1823 3817 1882 3879 per
1898 3797 1975 3861 soli-

431 3893 565 3955 vabatur
589 3892 676 3955 omni
706 3891 904 3955 hebdomada
930 3892 963 3954 in
988 3894 1174 3956 memoriam
1230 3895 1372 3958 tudinem
1388 3896 1508 3958 aridam
1524 3896 1564 3958 ad
1580 3902 1696 3958 terram
1711 3894 1974 3959 deliciosamllie

430 3991 583 4055 beneficii
598 3990 768 4054 creationis
787 3990 1061 4054 mundi.Secunda
1075 3992 1175 4055 solen·
1229 4003 1333 4057 autem
1361 4002 1472 4056 octava
1501 4002 1568 4056 crat
1595 3992 1709 4056 festum
1740 3994 1845 4057 Coetus
1875 4002 1973 4077 atque
2005 4019 2065 4063 nra.
2082 4025 2113 4061 aa.

312 4110 382 4153 nam.
431 4090 525 4166 nitas,
535 4089 657 4153 scilicet
673 4088 861 4165 Neomenias,
873 4089 1085 4153 renovabatur
1100 4109 1176 4171 quo
1228 4093 1380 4168 collectae,
1403 4093 1532 4173 quando
1553 4091 1783 4171 colligebantur
1808 4112 1826 4154 a
1852 4095 1973 4175 populo

281 4174 415 4223 ¹¹l¹¹⁴'¹'¹⁵
431 4188 509 4250 libet
533 4206 653 4250 mense.
671 4187 897 4251 Celebrabatur
922 4188 1008 4249 enim
1034 4187 1067 4249 in
1090 4207 1176 4252 com·
1193 4194 1300 4271 llquae
1321 4190 1498 4254 necessaria
1513 4198 1603 4253 erant
1624 4190 1663 4252 ad
1683 4190 1784 4253 divini
1800 4190 1905 4254 cultus
1921 4212 1976 4255 cx-

430 4285 690 4349 memorationem
701 4285 942 4365 gubernationis
953 4287 1171 4350 rerumallco.
1229 4308 1354 4371 pensas

430 4384 467 4445 Et
488 4383 642 4465 quoniam
667 4384 820 4447 inferiora
846 4385 1019 4447 secundum
1044 4404 1172 4447 cursum
1268 4386 1424 4466 Figuralis
1449 4394 1554 4449 autem
1578 4387 1659 4450 ratio
1680 4386 1792 4449 borum
1817 4386 1973 4450 festorum

430 4482 513 4558 luna
529 4490 703 4557 mutantur,
714 4499 804 4563 aqua
819 4483 939 4546 mensis
955 4502 1071 4547 nornen
1087 4504 1174 4551 aecc-
1229 4494 1277 4548 est
1290 4504 1306 4546 :·
1315 4504 1371 4567 per
1387 4484 1557 4547 Sabbatum
1574 4485 1658 4547 enim
1676 4484 1860 4565 signabatur
1881 4486 1976 4567 spiri-

313 4606 389 4651 naeu.
430 4581 590 4663 pit(juxta
605 4580 684 4642 illud
696 4580 924 4645 Ecclesiastici:
936 4583 1023 4645 Luna
1034 4584 1174 4648 ostensio
1229 4584 1323 4645 tualis
1340 4583 1465 4664 requies
1483 4582 1574 4645 nobis
1585 4583 1658 4645 data
1670 4582 1975 4664 pchbristumPer

283 4672 414 4720 ¹²¹'¹·⁰·⁸’⁹·
431 4680 583 4761 temporis
598 4688 630 4741 et
645 4679 772 4759 signum
786 4680 980 4744 cavillensis
997 4684 1173 4746 secundum
1229 4680 1431 4745 Neomeniam
1454 4699 1539 4757 vero,
1558 4688 1690 4760 quaest
1710 4699 1799 4743 novae
1821 4680 1904 4743 lunae
1926 4682 1976 4744 in·

431 4796 547 4841 nomen
563 4778 633 4860 ejus
648 4787 706 4854 est,
716 4795 862 4841 crescens
879 4779 911 4840 in
928 4782 1174 4844 consummatio-
1229 4780 1346 4856 censio,
1366 4779 1564 4860 figurabatur
1587 4778 1778 4841 illuminatio
1800 4778 1974 4859 primitivas

431 4895 503 4939 nem
529 4876 729 4939 mirabiliter.
747 4877 808 4939 Vas
830 4886 1007 4940 castrorum
1021 4878 1057 4939 in
1072 4880 1174 4943 excel·
1228 4878 1386 4941 Ecclesiae.
1400 4878 1456 4940 Per
1472 4876 1586 4940 festum
1604 4877 1773 4954 Tubarum,
1788 4878 1973 4958 predicatio

428 4974 483 5050 sis,
502 4975 536 5035 in
558 4973 762 5038 firmamento
784 4975 856 5037 coeli
880 4976 1087 5057 resplendens
1106 4978 1173 5057 glo·
1226 4974 1644 5059 ApostolorumPerfestum
1655 4974 1974 5057 Expiationis,emun

428 5071 557 5152 riose);
584 5071 704 5135 idcirco
728 5073 903 5136 solennitas
929 5073 989 5135 ista
1015 5074 1113 5136 fiebat
1138 5076 1171 5138 in
1226 5076 1312 5139 datio
1336 5075 1588 5138 Christianorum
1610 5093 1628 5135 a
1650 5074 1748 5137 vitiis.
1770 5073 1826 5136 Per
1852 5073 1971 5139 fastum

427 5170 586 5252 principio
610 5170 704 5248 lunae,
723 5189 786 5235 non
809 5171 841 5233 in
865 5171 1066 5253 plenitudine
1089 5174 1169 5254 ejus,
1227 5174 1526 5251 Tabernaculorum,
1544 5172 1756 5254 peregrinatio
1771 5171 1973 5236 Christifidc-

426 5277 557 5351 propter
572 5268 759 5335 idololatriae
774 5270 1172 5353 exclusionemNamgen·
1228 5273 1306 5335 lium
1323 5272 1354 5333 in
1371 5272 1430 5335 hoc
1447 5270 1651 5353 mundoPer
1673 5269 1789 5335 festum
1811 5288 1886 5335 vero
1901 5270 1973 5335 Coe-
