4309 6259
417 480 476 550 386
787 498 960 548 annonario
982 499 1012 548 ru
1034 497 1102 548 cnr.
1126 499 1158 547 ιι
1178 499 1374 548 nouanonun.
1397 522 1437 530 -
1457 499 1528 548 nor.
1551 500 1594 548 nn

415 682 544 756 propter
553 677 652 738 Deum
668 675 933 752 deseruit,denuo
948 681 1037 756 optet
1052 681 1159 736 mente
1177 672 1202 734 Α
1215 674 1351 755 desuper
1373 674 1510 755 gratiose
1529 675 1669 754 juvetur.
1686 676 1730 736 Et
1743 676 1834 733 divit
1848 675 1964 734 Domi-

415 781 683 855 apostatamque
699 774 732 836 in
749 773 900 836 saeculum
917 791 1053 854 nequam
1070 772 1161 853 AEgy-
1217 793 1279 832 ιιιιι
1294 794 1305 831 .·
1323 777 1485 850 Conprepe
1501 774 1585 833 miti
1599 775 1804 850 septaapinto
1821 773 1909 831 viros
1923 774 1964 830 de

416 871 518 953 ptium
535 872 643 935 animo
665 879 850 935 revertatur.
868 870 1014 934 Uniriersi
1033 888 1162 951 quoque
1216 872 1394 930 senioribus
1410 874 1524 932 Israel.
1541 871 1585 932 lin
1608 870 1658 932 bis
1678 871 1842 946 docemur,
1864 889 1962 950 quam

417 967 687 1046 fidelesmaxime
704 970 801 1032 semel
818 970 963 1033 conversi
979 978 1010 1031 et
1026 969 1163 1031 illustra·
1217 986 1336 1050 pronus
1352 967 1394 1030 sit
1408 969 1561 1032 Dominus
1576 968 1732 1032 virtuosos
1751 968 1864 1048 juvare
1884 986 1964 1050 prae-

418 1067 454 1144 ti,
477 1069 677 1150 perpendant
703 1069 783 1131 illud
809 1068 984 1131 beatissimi
1005 1067 1163 1150 principis
1217 1067 1308 1142 latos,
1326 1067 1381 1148 qui
1406 1068 1502 1130 etiam
1527 1068 1560 1128 in
1582 1067 1776 1148 adjutorium
1799 1085 1894 1128 sunm
1913 1067 1964 1128 de

369 1192 403 1230 a.
417 1166 583 1248 apostolici
609 1167 745 1247 agminis
763 1188 770 1232 :
794 1167 902 1230 llelius
926 1176 994 1230 erat
1019 1185 1083 1230 non
1109 1184 1161 1228 co·
1216 1165 1293 1227 bent
1309 1164 1370 1227 sibi
1387 1185 1549 1229 assumere
1563 1166 1787 1248 prudentiores
1802 1174 1836 1227 et
1851 1165 1963 1227 melio

300 1273 306 1291 ¹
349 1273 354 1285 ·
416 1282 568 1344 gnoscere
590 1266 674 1328 viem
696 1266 838 1346 justitiae,
860 1285 957 1347 quam
980 1273 1052 1347 post
1073 1263 1163 1344 agni-
1218 1282 1267 1326 res
1278 1283 1315 1326 ex
1330 1281 1425 1344 grege
1441 1264 1822 1327 sibicommisso.llursus
1837 1271 1963 1326 constat

417 1363 536 1426 tionem
562 1372 736 1426 retrorsum
762 1365 888 1426 reverti.
911 1364 1050 1444 Contigit
1074 1362 1161 1425 enim
1216 1381 1255 1424 ex
1269 1361 1327 1437 his,
1340 1363 1451 1444 quales
1466 1363 1531 1424 sint
1546 1362 1731 1444 praelatione
1746 1371 1777 1424 ct
1792 1361 1961 1424 consulatu

417 1461 462 1525 eis
479 1462 557 1524 illud
573 1462 641 1525 reri
657 1462 815 1545 proverbii
831 1462 944 1526 :Canis
959 1481 1105 1525 reversus
1120 1461 1161 1522 ad
1215 1459 1387 1539 condigni,
1405 1469 1440 1523 ut
1458 1461 1633 1542 quietate,
1650 1460 1818 1542 sapientia,
1835 1459 1962 1521 virtuti·

416 1560 572 1623 vomitum
594 1579 699 1636 suum,
724 1568 755 1623 et
777 1580 830 1622 sus
851 1561 914 1623 lota
937 1559 970 1621 in
993 1558 1160 1623 volutabro
1215 1556 1341 1639 busque
1366 1558 1556 1640 prefulgent
1573 1576 1580 1620 :
1597 1559 1653 1640 qui
1677 1568 1709 1622 et
1734 1567 1821 1620 tanta
1842 1557 1961 1620 debent

417 1658 487 1720 luti.
1214 1657 1316 1737 gratia
1345 1657 1525 1739 adimpleri,
1552 1666 1587 1719 ut
1613 1658 1653 1720 de
1677 1656 1879 1739 plenitudine
1902 1675 1962 1718 sna

455 1761 498 1817 Iit
514 1767 650 1818 mentem
670 1759 759 1817 nobis
780 1759 915 1817 venient
934 1777 1116 1816 cucumeres
1130 1766 1160 1816 et
1214 1755 1281 1817 suis
1296 1765 1415 1838 queant
1425 1756 1554 1837 copiose
1566 1754 1705 1818 influere
1719 1755 1867 1819 subditis.
1876 1759 1962 1817 Sen-

410 1875 559 1934 pepones,
582 1859 736 1934 porrique
760 1865 790 1915 et
814 1875 906 1932 coepoe
930 1866 959 1916 et
984 1857 1077 1915 ollio.
1102 1854 1159 1916 Per
1175 1856 1197 1917 B
1213 1855 1436 1930 ctifieemim';
1458 1875 1530 1915 cras
1558 1856 1726 1915 concedetis
1754 1875 1875 1915 cernes.
1901 1853 1961 1915 Per

415 1972 601 2016 cucumeres
616 1963 647 2016 et
662 1972 814 2036 pepones,
824 1953 1113 2036 prospera,blanda
1127 1960 1160 2015 et
1214 1952 1273 2015 boc
1288 1954 1545 2034 docemur,quod
1560 1952 1668 2015 cibum
1685 1961 1716 2015 et
1731 1961 1841 2034 potum
1856 1972 1893 2015 ac
1909 1971 1959 2016 ce·

415 2050 521 2114 dulcia
545 2053 657 2114 mundi
686 2069 722 2115 ac
747 2052 853 2114 carnis
883 2051 1074 2132 signantur3
1102 2069 1158 2132 per
1215 2059 1280 2113 tera
1304 2050 1482 2133 corporalia
1506 2050 1666 2113 beneficia
1690 2070 1763 2114 cum
1787 2051 1958 2114 devotione

414 2168 537 2231 perrea,
555 2169 657 2232 cepas
677 2158 709 2213 et
728 2149 814 2225 allia,
832 2149 1053 2231 exprimuntur
1074 2149 1159 2212 labo·
1213 2157 1243 2211 el
1264 2150 1437 2230 gratiarum
1458 2150 1584 2213 actione
1606 2149 1777 2213 debeamus
1797 2150 1954 2232 accipere,

415 2268 476 2326 res,
497 2249 741 2324 sollicitudines,
758 2247 980 2325 difficultates
1002 2267 1038 2310 ae
1064 2249 1158 2310 taedia
1211 2249 1480 2329 quemadmodum
1502 2248 1675 2312 Corinthiis
1696 2249 1740 2311 ait
1756 2248 1953 2330 Apostolus:

412 2365 483 2428 quae
499 2346 633 2424 deliciis,
646 2347 766 2409 divitiis
780 2355 877 2428 atque
892 2347 1067 2410 honoribus
1083 2346 1157 2418 tzitae
1212 2345 1285 2409 Sive
1309 2347 1520 2422 manducatis,
1537 2347 1605 2410 sire
1630 2346 1752 2423 bibitis,
1773 2348 1841 2409 sive
1864 2346 1955 2409 aliud
1972 2371 2127 2419 scamas.

412 2445 586 2508 miscentur
611 2445 786 2526 praesentis,
813 2465 885 2526 que
909 2445 967 2508 etsi
998 2453 1153 2526 pungant,
1210 2445 1333 2527 aliquid
1349 2445 1466 2523 facitis,
1483 2445 1592 2508 omnia
1607 2445 1640 2507 in
1655 2445 1789 2525 gloriam
1804 2446 1858 2508 Dei
1875 2444 1956 2509 faci-

412 2542 531 2606 lassent
555 2562 591 2606 ac
622 2543 785 2619 tribulent,
815 2552 919 2606 tamen
950 2543 1157 2606 obtenebrata
1212 2552 1253 2606 te.
1273 2547 1310 2605 Ut
1324 2548 1378 2605 ciet
1392 2547 1478 2604 vobis
1496 2547 1656 2605 Dominus
1670 2565 1794 2614 carne,
1811 2553 1883 2620 ete,
1900 2549 1957 2605 de

412 2650 529 2718 mente,
546 2661 564 2704 a
579 2641 738 2723 perversis
753 2649 899 2704 amantur
914 2649 946 2704 et
961 2642 1157 2723 amplectun-
1210 2663 1268 2702 nec
1281 2653 1373 2703 eecet
1388 2663 1449 2721 per
1472 2663 1566 2703 nares
1586 2653 1716 2704 cestros.
1734 2643 1779 2704 Ex
1805 2642 1864 2706 boc
1887 2643 1956 2706 eln-

411 2747 473 2817 tur‚
491 2740 630 2820 quiesse
646 2738 865 2810 subsentibus
881 2738 1156 2820 deliciascompu-
1210 2741 1318 2817 cescit,
1345 2742 1429 2821 quod
1456 2742 1537 2803 Deus
1561 2740 1743 2822 frequenter
1766 2742 1821 2804 dat
1845 2743 1956 2823 pravis

410 2846 489 2916 tant,
506 2847 537 2901 et
557 2847 706 2915 stercora,
725 2838 784 2900 boc
803 2846 851 2900 est
872 2837 957 2900 foeda
978 2847 1010 2901 ot
1031 2838 1148 2920 turpia,
1210 2838 1394 2901 bominibus
1410 2839 1632 2921 temporalium
1648 2839 1772 2921 copiam
1788 2842 1953 2917 rerum,ad

409 2937 640 3020 amplexantur.
669 2937 741 3000 ldeo
767 2955 837 3000 sero
869 2936 1053 2999 fatebuntur
1079 2957 1154 2998 cum
1210 2939 1364 3018 majorem
1386 2938 1527 3019 ipsorum
1548 2938 1797 3001 damnationem.
1816 2939 1886 3002 ldeo
1909 2949 1955 3002 ta-

409 3045 550 3100 extremo
564 3037 684 3112 dolore,
698 3036 752 3098 sed
768 3034 1151 3113 infructuoso,dicentes:
1169 3043 1190 3105 c
1210 3035 1252 3097 lia
1281 3054 1345 3098 non
1370 3045 1445 3098 sunt
1468 3037 1618 3118 optanda,
1645 3036 1706 3098 nisi
1733 3036 1766 3098 iu
1792 3046 1951 3118 quantum

278 3147 333 3204 sip.
342 3164 362 3201 ι,
373 3153 394 3194 ι.
408 3134 529 3198 Lassati
545 3154 655 3197 sumus
675 3135 708 3196 in
724 3135 777 3197 via
797 3133 975 3215 iniquitatis
997 3144 1028 3197 et
1049 3135 1154 3217 perdi·
1207 3134 1360 3197 Dominus
1375 3135 1463 3198 novit
1479 3143 1595 3198 nostras
1610 3135 1759 3217 expedire
1779 3136 1886 3198 saluti.

408 3233 517 3310 tioniS,
523 3241 555 3295 et
569 3231 804 3296 ambulavimus
822 3232 889 3294 vias
905 3231 1070 3295 difficiles.
1083 3233 1153 3307 Oni-
1256 3236 1347 3294 Venit
1336 3237 1496 3310 t,Moyses
1507 3243 1538 3294 et
1553 3236 1705 3294 eerreoit
1719 3239 1838 3312 poprelo
1854 3238 1953 3295 verbo

289 3345 385 3387 oseem
388 3330 468 3397 bus
483 3332 632 3394 convenit
648 3331 726 3393 rllud
737 3331 831 3394 Osee
841 3331 990 3412 Ephraim
1004 3332 1152 3394 columba
1208 3335 1351 3392 Donnim'.
1371 3332 1422 3394 Src
1437 3332 1586 3414 praelatus
1601 3351 1638 3394 ae
1653 3333 1840 3414 praedicator
1857 3333 1952 3396 debet

261 3410 321 3458 ¹³⁸¹
325 3409 373 3458 '¹¹¹
408 3431 547 3506 seducta,
555 3431 826 3493 nonhabenscor
835 3430 991 3511 Itemque:
999 3429 1194 3514 Ephraim
1208 3450 1292 3492 nunc
1313 3431 1345 3492 in
1366 3430 1552 3493 abscondito
1572 3431 1844 3512 contemplationi,
1863 3433 1952 3513 puri-

406 3527 507 3591 vitula
522 3529 613 3592 docta
628 3529 762 3610 diligere
779 3528 934 3590 trituram.
951 3532 1075 3590 Anima
1097 3550 1151 3590 no-
1206 3529 1713 3610 tati,devotioni,orationibusque
1725 3548 1852 3603 vacare3
1863 3549 1951 3594 nuuc

404 3635 472 3686 stra
482 3628 580 3687 arido
589 3637 644 3688 est.
663 3628 1149 3703 Nibitatiedrespieientocoti
1206 3627 1284 3690 foris
1303 3629 1342 3691 ad
1362 3628 1505 3690 subditos
1522 3645 1577 3689 seu
1595 3627 1759 3707 proximos
1780 3629 1899 3707 egredi,
1917 3639 1951 3692 et

403 3726 590 3792 nostrimisi
601 3725 754 3787 moalfac
770 3725 880 3786 dicunt
895 3724 950 3806 qui
967 3725 1149 3806 spirituales
1203 3745 1274 3807 quae
1290 3727 1377 3788 intus
1391 3724 1605 3788 consideravit
1619 3745 1656 3787 ac
1677 3725 1793 3807 sapuit,
1809 3727 1856 3788 eis
1871 3746 1947 3788 eum

405 3823 638 3886 consolationes
655 3823 822 3903 ignorant;
839 3821 896 3903 qui
913 3832 1147 3885 sacramentum
1204 3824 1291 3886 omni
1307 3825 1418 3886 ardore
1434 3841 1622 3904 proponere.
1636 3823 1713 3885 Hine
1728 3823 1870 3905 loquitur
1883 3825 1950 3888 Dri-

405 3919 610 3982 Eucharistias
632 3921 724 4002 quasi
750 3921 843 4002 panis
866 3920 1053 3996 buccellam,
1078 3923 1148 3984 sine
1203 3940 1300 4003 genes
1318 3942 1325 3986 :
1341 3921 1496 3996 Quamdiu
1511 3921 1630 4002 Moyses
1653 3921 1741 3985 audit
1763 3924 1860 3985 rerba
1878 3923 1946 4000 Dei,

406 4017 530 4081 fervore
549 4027 581 4080 et
600 4027 694 4098 gustu
715 4019 914 4101 suscipiunt;
930 4018 986 4100 qui
1003 4021 1041 4082 ed
1058 4029 1148 4082 actus
1203 4029 1234 4083 et
1253 4021 1384 4083 docetur
1397 4019 1437 4081 ab
1453 4019 1533 4100 ipso,
1554 4019 1640 4081 intus
1655 4028 1703 4082 est
1718 4028 1750 4082 et
1764 4019 1798 4082 in
1814 4022 1947 4084 secretis

405 4115 558 4178 virtutum
581 4135 644 4180 non
667 4117 835 4179 trahuntur
856 4136 937 4198 puro
955 4136 1073 4192 amore,
1093 4120 1147 4181 sed
1203 4118 1368 4193 consistite
1386 4117 1441 4180 ubi
1457 4137 1531 4180 roro
1548 4118 1651 4180 turbis
1665 4119 1817 4199 loquitur,
1827 4129 1859 4182 et
1874 4139 1947 4201 quaa

404 4215 484 4278 duro
502 4215 635 4289 timore;
658 4215 776 4297 quibus
793 4216 973 4297 spiritualia
989 4216 1148 4279 vilescunt
1164 4221 1189 4282 D
1203 4217 1326 4279 audivit
1341 4216 1510 4289 ministrat,
1527 4215 1633 4292 egredi
1654 4216 1781 4278 dicitur.
1798 4218 1863 4280 lmo
1878 4237 1949 4281 om·

404 4312 605 4390 charismata,
617 4332 674 4376 nee
690 4333 778 4377 saera
794 4315 877 4397 sapit
892 4314 1064 4396 Scriptura.
1075 4316 1146 4378 lstis
1204 4315 1254 4377 nis
1270 4315 1379 4377 doctor
1398 4313 1557 4388 Ecclesiae,
1575 4313 1601 4374 si
1621 4314 1661 4376 de
1681 4314 1947 4396 profundioribus

404 4410 552 4475 irascitur
574 4410 663 4475 furor
684 4413 808 4476 Domini
831 4413 932 4490 valde,
950 4433 1049 4494 quum
1073 4416 1148 4478 insi·
1203 4422 1315 4476 tractat
1325 4412 1496 4494 mysteriis,
1508 4421 1539 4475 et
1554 4412 1677 4475 occulta
1692 4411 1858 4494 sapientire
1874 4433 1948 4496 pro

404 4509 527 4592 pientes
544 4511 815 4593 ingratissimique
835 4512 1022 4588 consistant,
1040 4532 1147 4575 carna·
1203 4511 1264 4575 fert
1279 4512 1362 4574 inter
1378 4510 1547 4593 perfectos,
1570 4511 1656 4572 intus
1676 4518 1724 4573 est
1743 4535 1751 4585 ;
1777 4531 1877 4593 quum
1892 4532 1947 4576 au·

404 4608 447 4671 lia
461 4617 492 4671 et
507 4610 625 4672 caduca
641 4609 861 4692 spiritualibus
878 4618 909 4672 ct
924 4611 1062 4688 aeternis,
1081 4611 1146 4674 imo
1203 4620 1264 4672 tem
1282 4609 1423 4690 loquitur
1444 4608 1546 4671 turbis
1567 4627 1605 4671 ea
1625 4627 1696 4690 quae
1718 4608 1811 4671 turba
1829 4628 1947 4692 capere

402 4715 434 4770 et
449 4709 533 4771 bono
550 4708 876 4789 incircumscriptibili
893 4708 1109 4789 preferentes.
1201 4717 1316 4791 potest,
1333 4708 1504 4788 egreditur.
1522 4708 1608 4769 lntus
1622 4715 1690 4770 erat
1709 4707 1822 4770 Paulus
1841 4729 1944 4790 quum

443 4810 550 4868 Sedet
567 4809 673 4884 Moysi
691 4810 898 4868 intoleranda
920 4828 968 4867 res
986 4811 1055 4869 viso
1074 4821 1146 4870 est:
1202 4806 1292 4882 dixit,
1319 4806 1513 4887 Sapientiam
1539 4805 1700 4886 loquimur
1725 4806 1808 4868 inter
1837 4806 1946 4888 perfe-
1971 4830 2112 4883 roseas.

357 4953 360 4960 .
402 4905 552 4986 quoniam
570 4905 609 4966 de
632 4904 743 4966 talium
765 4905 964 4967 subditorum
981 4908 1147 4987 perversi·
1201 4915 1289 4979 ctos;
1316 4905 1355 4966 ad
1381 4904 1534 4986 populum
1560 4922 1635 4967 vero
1660 4905 1845 4986 procedens,
1868 4906 1942 4970 ait:

404 5011 467 5065 tate
483 5003 585 5065 bonus
606 5002 754 5084 prelatus
771 5003 1050 5067 rebementissime
1071 5024 1146 5068 con-
1201 5003 1311 5068 Omnis
1341 5020 1445 5065 sermo
1470 5002 1572 5063 malus
1600 5020 1639 5064 ex
1663 5020 1718 5065 ore
1742 5011 1847 5066 vestro
1877 5022 1944 5067 non
1977 5028 2115 5085 εριιιι,

403 5100 558 5178 tristatur,
570 5099 602 5161 in
620 5108 741 5162 tantum
759 5110 794 5163 ut
810 5102 968 5164 interdum
981 5101 1021 5164 ab
1032 5101 1146 5166 officio
1202 5103 1361 5185 procedat.
1962 5093 2003 5134 ²⁹·

404 5217 462 5262 suo
477 5206 609 5262 conetur
623 5197 758 5276 absolvi,
776 5207 807 5261 et
821 5199 945 5279 gravari
962 5219 995 5262 se
1011 5219 1148 5312 conque
1243 5205 1411 5280 Quumqae
1436 5201 1640 5278 requievisset
1666 5202 1703 5260 in
1726 5203 1773 5260 eis
1795 5204 1948 5279 Spiritus

405 5304 503 5374 ratur,
526 5295 591 5361 imo
612 5306 644 5360 et
664 5298 773 5379 cupiat
795 5297 864 5360 tolli
887 5298 926 5360 de
947 5297 1063 5375 medio,
1083 5299 1146 5361 nisi
1201 5301 1347 5370 Domini,
1359 5301 1643 5375 prophetaverunt,
1660 5319 1718 5359 nec
1735 5303 1823 5361 altro
1844 5321 1954 5362 cesse·
