4309 6259
447 460 506 536 338

816 479 990 526 ,manuario
1012 479 1043 554 lN
1064 477 1132 526 GAP.
1155 477 1186 522 lv
1206 477 1402 525 nunennhutt.
1424 499 1465 508 -
1484 479 1555 526 All'l'.
1579 479 1620 525 Vll

446 653 579 712 otientur
600 655 712 715 Aaron
731 661 761 712 et
777 654 845 731 filii
863 652 945 728 ejus,
967 649 1118 712 videlieet
1142 667 1191 710 sa·
1205 643 1230 706 A
1244 647 1386 711 Ehodum
1405 650 1525 712 dictum
1545 658 1604 712 est.
1621 648 1724 730 Atque
1745 657 1779 710 ut
1799 649 1919 710 dictum
1939 653 1988 710 est

446 750 601 828 eerdoteS,
613 753 744 832 quondo
761 753 916 810 monenda
931 758 1007 810 sunt
1023 757 1141 817 cestra,
1158 747 1189 809 id

445 858 504 926 est,
530 850 658 932 quando
688 848 835 911 israelita
866 848 934 910 loce
959 846 1129 909 mutabunt
1158 854 1190 908 et

444 949 697 1031 progredientur,
713 955 834 1011 motum
851 945 946 1009 nubis
962 945 1144 1026 sequend03
1160 955 1190 1005 et

443 1050 601 1124 deponent
621 1050 740 1117 uelum,
758 1049 844 1125 quod
860 1048 978 1123 pendet
998 1054 1072 1104 ente
1092 1045 1187 1119 sores,

443 1146 592 1208 videlieet
607 1145 712 1209 velum
728 1144 813 1227 quod
829 1143 912 1206 inter
931 1143 1044 1206 Sancta
1063 1151 1095 1204 et
1116 1141 1189 1203 San-

442 1251 493 1305 eta
514 1252 695 1306 sanctorum
717 1243 887 1324 pendebat,
911 1251 943 1304 et
968 1250 1040 1304 ante
1064 1241 1188 1303 aditum

443 1341 604 1405 interioris
619 1337 718 1425 partis
735 1340 930 1404 tabernaculi
941 1364 949 1415 3
962 1344 1188 1420 involventque

441 1461 486 1512 eo,
504 1439 626 1503 scilicet
642 1440 713 1503 velo
728 1441 800 1516 ist0‚
819 1461 929 1502 arcens
946 1441 1134 1511 testimonii,
1152 1438 1186 1500 in

441 1558 504 1620 qua
519 1537 669 1602 videlicet
688 1547 778 1603 erant
798 1538 914 1601 tabulae
929 1537 1110 1602 testamenti
1129 1555 1136 1598 :
1154 1545 1187 1600 et

441 1637 524 1700 utin
541 1637 735 1700 Scholastica
756 1637 856 1700 lertur
876 1636 1019 1714 historia,
1037 1637 1098 1699 hoe
1114 1635 1185 1699 velo

440 1735 685 1799 involvebantur
705 1735 801 1797 simul
822 1754 894 1798 cum
910 1755 983 1798 area
997 1733 1185 1817 propitiato·

1244 746 1277 807 in
1293 747 1410 825 Exodo,
1422 748 1591 812 thuribula
1611 748 1665 810 illa
1686 767 1781 810 aurea
1800 748 1864 811 duo
1884 753 1986 814 erant,

1245 844 1428 927 inquorum
1445 866 1509 910 uno
1525 847 1702 928 ponebatur
1713 846 1880 908 incensum
1892 863 1988 926 super

1244 963 1298 1005 sex
1313 963 1411 1026 panes
1427 945 1706 1027 propositionis,in
1722 944 1785 1007 alio
1801 963 1898 1026 super
1908 943 1987 1005 alios

1243 1060 1307 1104 sex.
1326 1043 1505 1106 llortariola
1519 1052 1609 1106 erant
1624 1063 1710 1119 vasa,
1727 1042 1895 1124 inquibus
1913 1050 1989 1104 tere

1242 1139 1358 1202 bantur
1375 1141 1497 1204 radices
1512 1151 1544 1204 et
1559 1143 1681 1224 speeies
1695 1161 1752 1224 pro
1769 1141 1941 1221 unguentis
1956 1150 1988 1202 et

1242 1239 1463 1303 consimilibus
1479 1240 1701 1304 conficiendis,
1711 1239 1821 1322 Cynthi
1836 1248 1928 1302 eraut
1938 1259 1988 1301 va·

1242 1337 1329 1400 scula
1344 1357 1452 1420 parva,
1471 1339 1650 1420 phialisque
1665 1339 1799 1414 minora,
1811 1358 1850 1402 ex
1865 1337 1987 1420 quibus

1242 1435 1352 1499 vinum
1377 1436 1569 1501 tundebatur
1594 1458 1690 1520 super
1713 1437 1822 1500 altare.
1849 1437 1987 1501 Cratera

1242 1544 1316 1597 sunt
1331 1536 1453 1618 scyphi,
1471 1536 1585 1617 quibus
1602 1537 1724 1619 liquida
1744 1537 1876 1600 materia
1892 1537 1987 1601 siccae

1240 1635 1519 1712 commiscebatur,
1552 1633 1739 1719 fiebantque
1771 1637 1845 1699 liba.
1876 1641 1986 1700 Panes

1239 1754 1361 1811 semper
1375 1737 1412 1796 in
1426 1757 1464 1795 eu
1478 1745 1574 1795 erunt
1589 1757 1600 1795 .·
1615 1735 1692 1818 quia
1709 1745 1743 1797 ut
1758 1735 1871 1818 patuit,
1884 1756 1985 1818 quan·

440 1833 524 1894 rium
539 1842 571 1897 et
584 1834 754 1896 Cherubim
766 1858 773 1908 ;
786 1845 816 1894 et
826 1837 969 1911 operient
984 1854 1095 1894 arcam
1110 1852 1183 1895 eum
1201 1833 1224 1893 Β
1240 1831 1280 1894 do
1291 1833 1456 1895 duodecim
1473 1853 1572 1915 panes
1587 1835 1828 1916 deponebantur
1843 1835 1884 1898 de
1899 1855 1988 1900 men·

440 1931 490 1994 his
507 1933 567 1995 sibi
585 1933 727 2010 annexiS,
744 1954 858 1994 rursus
874 1935 1035 1993 uelamine
1050 1935 1184 2010 hyacin-

441 2032 611 2107 thinarum
631 2035 782 2108 pellium,
798 2035 1029 2112 entendentqne
1048 2035 1184 2109 desuper

437 2132 581 2206 pultium
598 2140 697 2190 totum
713 2133 988 2206 hyacinthinum:
1005 2129 1115 2211 sicque
1132 2129 1184 2190 tri-

439 2227 516 2308 plici
531 2227 728 2309 operimento
745 2226 873 2290 luerunt
890 2227 950 2290 ista
965 2236 1085 2308 operta.
1104 2227 1183 2290 lline

439 2325 581 2407 loquitur
598 2325 748 2407 Origenes
766 2344 772 2386 :
792 2326 917 2407 Septem
935 2337 1009 2389 sunt
1024 2347 1095 2410 quae
1110 2347 1183 2410 ope-

439 2423 495 2485 riri
518 2433 593 2486 sunt
611 2424 710 2504 jussa.
734 2425 849 2502 Prlm0,
873 2432 1022 2505 tanquam
1038 2426 1181 2488 omnium

439 2522 617 2606 pretiesior,
630 2542 707 2586 arca
723 2531 833 2604 operta
848 2532 896 2586 est
911 2524 992 2586 velo.
1008 2524 1092 2588 Pelle
1107 2544 1183 2606 que-

438 2640 502 2702 que
516 2621 721 2702 hyaclnthina
742 2623 877 2704 desuper
898 2623 1033 2704 tegitur3
1055 2623 1183 2686 additur

438 2719 533 2782 etiam
559 2719 645 2782 aliud
670 2720 813 2787 velamen
843 2721 979 2802 desuper
1004 2722 1183 2804 hyacinthi-

438 2837 525 2880 num.
548 2819 703 2897 Secundo,
725 2827 835 2902 operta
854 2828 902 2882 est
921 2839 1051 2895 mensa3
1075 2821 1180 2898 tertio,

437 2918 1184 3002 candelabrumquart0,altareaureum;quin·

1240 1950 1274 1992 sa
1293 1931 1359 2006 illa,
1377 1950 1449 1994 mox
1469 1931 1523 1993 alii
1542 1933 1674 1996 totidem
1693 1952 1872 2015 supeream
1889 1934 1987 1998 collo

1238 2028 1402 2091 cabantur.
1410 2029 1574 2111 Quumque
1585 2051 1695 2094 mensa
1710 2033 1749 2094 ad
1764 2032 1864 2094 alium
1876 2031 1984 2096 locum

1238 2125 1449 2204 deferebatur,
1467 2148 1566 2211 panes
1582 2149 1653 2192 cum
1669 2150 1707 2192 ea
1722 2131 1982 2195 involvebantur.

1237 2229 1484 2307 Eatendentque
1497 2233 1645 2306 desuper,
1662 2229 1693 2291 id
1713 2239 1762 2292 est
1782 2249 1880 2312 super
1894 2251 1985 2294 men·

1238 2343 1306 2386 sam
1318 2324 1406 2386 illam
1421 2335 1452 2387 et
1468 2345 1563 2408 super
1578 2335 1726 2390 contenta
1742 2328 1775 2389 in
1790 2333 1985 2407 eaputh'um

1238 2426 1430 2484 coccineum.

1278 2525 1416 2583 attentent
1429 2533 1460 2583 et
1471 2526 1615 2600 pultium
1635 2527 1901 2601 hyacinthinum,
1920 2549 1984 2608 quo

1238 2624 1381 2698 operient
1395 2625 1627 2684 condelabrum
1641 2642 1867 2701 aureum,mem
1885 2631 1985 2687 lower-

1238 2723 1291 2778 nn's
1314 2731 1343 2780 et
1367 2722 1546 2798 forcipibus
1569 2725 1638 2783 aneis
1663 2733 1693 2782 et
1716 2727 1927 2785 emunctoriis
1951 2738 1984 2786 et

1238 2821 1361 2878 eunetis
1381 2822 1466 2880 ousia
1485 2823 1558 2891 olei,
1580 2843 1651 2900 quor
1675 2825 1719 2882 ad
1740 2825 1985 2886 concinnandas

1240 2920 1387 2978 lucernas
1402 2921 1579 2980 necessarie
1593 2931 1679 2981 sunt.
1694 2920 1842 2983 Lucernae
1859 2921 1924 2986 illae
1938 2944 1986 2987 se-

438 3024 480 3094 lo,
501 3036 576 3078 vasa
602 3017 795 3090 ministerii;
823 3026 921 3092 sexto,
948 3019 1181 3100 operimentum
1197 3020 1219 3083 C
1238 3023 1324 3095 ptem
1340 3025 1440 3092 erant,
1459 3016 1652 3099 lueruntque
1673 3018 1834 3102 lampades
1854 3021 1985 3087 inserta

438 3115 545 3182 altaris
561 3135 633 3178 cum
645 3115 837 3196 quibusdam
853 3116 1041 3179 velamentis
1057 3119 1183 3199 apposi-

437 3214 499 3288 tis3
517 3214 663 3295 septimo,
681 3213 823 3295 operitur
839 3222 869 3276 et
886 3214 1009 3276 labrum
1028 3233 1035 3276 ε
1053 3225 1085 3278 et
1101 3217 1182 3277 nihil

437 3312 551 3374 horum
573 3312 693 3375 nudum
714 3312 916 3394 relinquitur.
935 3313 1076 3395 Denique
1096 3316 1182 3378 addi-

439 3419 513 3474 tur:
531 3411 633 3474 Nolite
648 3411 857 3474 exterminare
877 3412 916 3474 de
938 3412 1023 3474 tribu
1042 3433 1100 3474 sua
1116 3413 1182 3495 ple-

437 3508 510 3571 bem
532 3509 639 3586 Caath,
665 3517 700 3570 ut
724 3508 846 3572 seilicet
870 3509 1127 3572 exterminandos
1148 3531 1182 3574 se

436 3607 565 3684 scirent,
583 3607 713 3670 silorte
733 3609 772 3670 ed
795 3609 862 3671 hac
885 3610 1041 3670 movenda
1063 3629 1179 3672 marrus

436 3725 509 3786 suas
530 3705 703 3781 mitterent,
720 3705 782 3766 nisi
803 3708 1054 3788 unumquodque
1069 3728 1180 3771 eorum

437 3803 525 3886 prius
548 3804 661 3866 luisset
680 3823 698 3866 a
718 3804 936 3867 sacerdotibus
962 3812 1090 3867 tectum.
1109 3807 1179 3870 llaec

436 3900 596 3982 Origenes
615 3905 656 3964 Et
672 3905 826 3964 inducent
843 3914 950 3963 vectes.
968 3903 1034 3966 Non
1051 3914 1099 3966 est
1113 3925 1180 3968 sen-

438 4019 503 4076 sus,
523 4009 556 4062 ut
577 4009 683 4064 vectes
705 3999 891 4064 inducerent
912 4021 1002 4078 area,
1023 4021 1123 4083 quum
1145 4004 1178 4066 in

437 4099 543 4161 Exodo
559 4099 601 4162 sit
615 4099 747 4176 dictum,
760 4101 844 4180 quod
861 4108 965 4164 vectes
978 4101 1099 4182 jugiter
1114 4121 1179 4165 ma-

1238 3114 1438 3177 eandelabro.
1465 3115 1600 3197 Foreeps
1630 3125 1760 3180 vocatur
1789 3119 1987 3184 instrumen-

1238 3220 1387 3293 tum,quo
1402 3213 1540 3276 calidum
1557 3214 1634 3295 quid
1651 3224 1776 3279 tenetur
1793 3237 1800 3280 ε
1819 3219 1984 3282 interdum

1238 3329 1295 3392 pro
1310 3311 1475 3388 novacula,
1493 3314 1683 3394 quandoque
1705 3334 1762 3396 pro
1782 3319 1984 3382 emunctorio

1237 3409 1383 3471 sumitur.
1408 3410 1500 3486 Vasa,
1525 3411 1558 3471 in
1578 3411 1694 3492 quibus
1714 3414 1819 3476 oleum
1837 3418 1986 3478 contine-

1236 3508 1329 3570 batur
1349 3526 1407 3589 pro
1427 3508 1567 3590 praelatis
1582 3509 1722 3572 lucernis
1737 3512 1982 3592 concinnandis

1237 3606 1269 3669 id
1285 3615 1333 3669 est
1347 3609 1575 3688 componendis
1595 3616 1691 3691 atque
1709 3608 1865 3688 fovendis,
1883 3633 1982 3677 aurea

1236 3714 1336 3768 erant.
1354 3705 1396 3767 lle
1412 3705 1462 3766 his
1477 3706 1601 3768 cunctis
1618 3717 1812 3788 pertranseo,
1825 3713 1981 3791 quoniam

1236 3823 1331 3885 super
1350 3804 1504 3879 Exodum,
1525 3804 1765 3887 Leviticumque
1787 3807 1909 3873 dilluse
1928 3832 1983 3874 ex·
2005 3839 2133 3883 amm,

1235 3901 1339 3982 posita
1354 3910 1438 3963 sunt.
1458 3905 1678 3983 Irrducentque
1693 3916 1801 3966 eccles.
1820 3906 1854 3968 ln
1869 3908 1978 3973 Exodo
1998 3903 2062 4006 ³⁹12
2072 3917 2118 3957 ¹⁶³·

1235 4019 1298 4062 non
1325 3999 1439 4080 legitur
1463 4000 1688 4063 candelabrum
1714 4003 1773 4066 hoc
1795 4016 1901 4068 vectes
1926 4009 1982 4072 ha·
2064 3981 2133 4008 ’ω’

1234 4098 1347 4161 buisse.
1356 4099 1579 4161 Verumtamen
1595 4119 1695 4181 quum
1706 4101 1885 4167 involutum
1897 4118 1978 4184 erat,

438 4196 557 4259 nebant
571 4198 605 4259 in
620 4217 703 4274 arca,
721 4216 778 4259 nec
793 4198 1051 4276 extrahebantur,
1068 4202 1123 4264 sed
1144 4210 1178 4263 ut
1193 4201 1219 4263 b
1233 4199 1271 4259 ad
1287 4197 1518 4287 deportandum
1535 4206 1641 4261 vectes
1662 4198 1695 4261 in
1716 4201 1888 4283 superlicio
1903 4225 1981 4288 ope-

436 4285 624 4358 inducerent
647 4315 700 4359 eos
722 4296 918 4379 portantium
945 4297 1097 4360 humeris.
1120 4299 1179 4363 ve

436 4401 612 4457 rumtamen
640 4395 760 4474 extrahi
786 4404 943 4477 poterent,
970 4398 1099 4478 quando
1124 4398 1178 4460 eli-

434 4491 511 4572 quid
532 4490 594 4554 luit
613 4494 822 4574 reparandum
846 4494 879 4555 iu
901 4494 973 4556 eis:
995 4513 1059 4575 quo
1081 4494 1175 4575 lacto,

435 4609 544 4654 rursus
559 4591 686 4653 annulis
701 4593 805 4654 aureis
821 4591 1079 4673 imponebantur.

480 4693 625 4752 Mensem
654 4711 778 4770 quoque
802 4693 1050 4767 propositione,
1082 4712 1177 4775 super

432 4781 528 4867 quam
539 4789 626 4851 omni
637 4787 768 4851 sabbato
783 4807 877 4850 mane
894 4788 1094 4869 ponebantur
1104 4791 1178 4854 duo

432 4885 535 4947 decim
557 4905 654 4966 panes
677 4886 915 4968 propositionis,
939 4889 1107 4947 involvent
1131 4909 1177 4951 sa-

431 4984 574 5048 cerdotes
584 4987 797 5061 hyacinthino
805 4989 922 5062 pullio,
931 4997 960 5046 et
971 4997 1090 5064 ponent
1101 5009 1175 5049 curn

430 5104 467 5142 ea
483 5084 651 5144 thuribula
666 5093 695 5142 et
711 5087 900 5145 mortariola
920 5102 1026 5160 aurea,
1043 5089 1174 5162 cyathos

429 5189 459 5239 et
478 5192 619 5242 craterus
637 5184 681 5242 ud
702 5184 767 5268 libo
786 5185 967 5261 fundendo.
991 5184 1033 5245 De
1057 5183 1107 5245 his
1128 5184 1175 5245 di·

297 5291 414 5338 naam.
429 5277 496 5342 viui
520 5280 625 5344 cultus
649 5279 734 5342 vasis
758 5289 789 5342 et
815 5280 1048 5356 instrumentis,
1077 5301 1173 5364 super

1234 4297 1441 4360 rimentorum
1457 4296 1666 4378 ponebantur,
1683 4307 1719 4360 ut
1733 4303 1981 4368 convenientius

1233 4394 1438 4476 bajularetur.

1273 4493 1392 4556 Deinde
1413 4492 1447 4554 in
1468 4502 1554 4555 textu
1573 4495 1778 4577 subjungitur
1797 4499 1837 4561 de
1852 4498 1981 4565 involu-

1234 4591 1319 4654 tione
1342 4590 1430 4654 aurei
1456 4591 1577 4668 altaris,
1594 4593 1802 4675 omniumque
1826 4617 1977 4662 vasorum

1234 4707 1290 4771 per
1314 4709 1385 4770 quae
1410 4688 1443 4750 in
1468 4691 1648 4754 sanctuario
1672 4693 1926 4774 ministrabatur,
1946 4709 1980 4762 et

1233 4789 1347 4871 planus
1369 4797 1417 4850 est
1443 4793 1640 4852 terraenae
1660 4801 1690 4850 et
1711 4797 1815 4853 attare
1838 4801 1978 4859 atturnia-

1232 4890 1310 4947 bunt
1328 4889 1444 4948 cinere.
1466 4888 1530 4950 lloc
1551 4889 1590 4964 de
1606 4888 1699 4950 altari
1714 4890 1974 4959 holocaustorum

1231 4986 1421 5047 sumendum
1437 4994 1597 5068 est,super
1612 5006 1675 5067 quo
1691 4977 1875 5053 holocausta
1888 5012 1977 5056 com-

1230 5082 1425 5146 burebantur
1443 5101 1450 5144 ε
1468 5093 1597 5167 propter
1618 5085 1704 5165 quod
1726 5086 1849 5150 eineres
1872 5110 1977 5154 rema-

1230 5191 1341 5245 nentes
1357 5181 1431 5244 inde
1446 5182 1666 5263 ejiciebantur,
1685 5203 1741 5265 per
1756 5204 1892 5266 quorum
1907 5192 1976 5272 ejc-

1228 5281 1365 5344 etiouem
1385 5281 1598 5344 mundabatur
1618 5281 1728 5345 altere.
1745 5286 1788 5344 Et
1804 5287 1976 5352 involvent
2069 5349 2076 5363 ,
