4309 6259
428 487 488 551 tta
807 506 981 555 1666111116
1001 509 1032 556 m
1054 509 1122 557 611.
1146 508 1411 557 1666166666116.
1434 528 1476 539 -
1495 510 1565 556 aar.
1589 510 1600 555 1

430 676 548 760 potius,
572 678 646 753 Quae
670 678 809 762 scripsit.
833 679 1063 762 Respondetur,
1089 681 1175 763 quod
1190 678 1216 743 h
1230 679 1410 744 86666166
1426 678 1580 756 Glossam,
1590 679 1650 742 ista
1665 686 1740 740 sunt
1755 677 1885 741 uomina
1899 697 1969 759 qua-

430 776 527 839 verba
550 778 716 859 sequentia
730 778 849 861 Moyses
874 778 977 861 primo
993 780 1176 862 pronuntia·
1231 788 1302 842 tuor
1316 778 1474 842 montium
1490 798 1527 842 ae
1540 779 1682 842 locorum
1698 777 1878 841 vicinorum
1892 796 1969 839 cam

430 876 477 940 rit
491 877 530 939 ad
557 876 722 959 populum,
741 878 936 942 exhortando
958 899 995 943 ac
1018 878 1176 943 iustruen-
1230 878 1402 961 pestribus,
1420 878 1586 959 inquibus
1604 876 1804 940 istalocutus
1825 883 1874 939 est
1893 875 1970 957 Moy-

430 977 490 1051 do;
508 975 623 1039 deiude
638 978 838 1060 conscripsit,
847 980 1116 1059 quemadmodum
1132 979 1177 1042 iu·
1231 996 1292 1040 ses.
1309 976 1431 1039 Pharan
1454 995 1583 1059 quoque
1607 976 1798 1058 quandoque
1820 972 1971 1055 accipitur

350 1122 355 1132 .
376 1103 415 1141 nr,
431 1075 480 1139 fra
495 1075 630 1139 babetur
648 1096 654 1140 :
673 1076 807 1159 Scripsit
821 1076 929 1159 itaque
938 1077 1057 1161 Moyses
1073 1079 1175 1158 legem
1232 1095 1291 1159 pro
1315 1076 1405 1154 urbe,
1423 1074 1583 1139 interdum
1600 1073 1849 1157 proprovincia.
1868 1072 1970 1134 bahan

315 1156 327 1195 ²
344 1185 349 1196 '
430 1175 524 1238 hanc.
541 1174 683 1257 Itemque
700 1196 707 1240 :
728 1175 896 1258 Postquam
913 1178 1041 1260 scripsit
1055 1177 1175 1262 Moyses
1232 1176 1328 1239 etiam
1343 1175 1504 1237 interdum
1519 1181 1569 1237 est
1583 1192 1700 1238 nomen
1714 1171 1881 1255 proprium
1900 1169 1970 1235 riri.

430 1273 526 1338 verba
551 1273 630 1353 legis
654 1274 750 1356 hujus
778 1284 874 1358 atque
899 1277 1082 1359 complevit.
1113 1277 1175 1340 Nec
1236 1276 1297 1338 Ubi
1319 1276 1397 1335 curi
1419 1284 1465 1334 cat
1486 1274 1682 1351 plurimum,
1696 1270 1728 1334 id
1752 1278 1812 1347 esf,
1839 1269 1971 1331 multllm

430 1373 547 1436 mirum
564 1380 618 1435 aut
643 1393 760 1451 rarum,
777 1376 863 1456 quod
883 1376 1002 1459 Moyses
1027 1376 1060 1438 in
1083 1376 1177 1439 tertia
1231 1373 1270 1436 de
1285 1391 1364 1436 auro
1379 1380 1426 1435 est
1441 1372 1474 1434 in
1491 1370 1547 1434 illo
1562 1370 1643 1434 loco.
1661 1371 1699 1432 Et
1719 1369 1805 1451 quod
1826 1368 1882 1443 ait,
1901 1367 1970 1443 Ubi,

430 1490 567 1555 persona
580 1472 722 1554 loquitur
737 1473 777 1535 de
793 1491 826 1536 se
841 1474 922 1555 ipso,
939 1474 1030 1557 quasi
1046 1476 1087 1538 de
1100 1475 1174 1553 alio,
1231 1479 1336 1554 potest
1352 1470 1463 1534 referri
1480 1470 1530 1533 vel
1545 1471 1586 1532 ad
1601 1469 1750 1539 ultimum
1765 1468 1879 1531 horum
1893 1467 1973 1530 loeo

432 1590 530 1653 quum
547 1578 578 1633 et
602 1571 679 1633 alibi
705 1570 889 1654 frequenter
914 1572 957 1635 ita
982 1573 1107 1637 locutus
1123 1574 1175 1651 sit,
1232 1590 1313 1648 rum,
1332 1569 1381 1633 vel
1402 1570 1499 1633 611616
1516 1570 1555 1631 61
1571 1568 1654 1643 61161
1671 1587 1729 1631 uec
1750 1576 1872 1631 certum
1895 1566 1974 1629 arbi-

284 1688 415 1740 tremur.
431 1668 514 1733 sicut
528 1670 605 1731 dum
620 1669 675 1748 ait,
687 1670 762 1733 Erat
775 1671 894 1753 Moyses
909 1672 959 1735 vir
974 1672 1174 1735 mitissimus.
1232 1677 1309 1745 troc,
1326 1668 1366 1731 ad
1381 1668 1459 1750 quid
1474 1668 1581 1750 potius
1596 1666 1764 1730 referatur.

430 1769 502 1831 ldeo
525 1768 569 1831 ait
590 1767 724 1831 Glossa:
746 1770 817 1833 1166
841 1770 880 1833 16
903 1789 937 1834 se
961 1779 1112 1854 tanquam
1137 1773 1177 1835 de
1270 1768 1411 1845 atvero,
1428 1767 1603 1831 secundum
1619 1765 1973 1847 Thomamsuperillud

431 1868 604 1945 alio,m0re
615 1878 732 1932 sancte
742 1868 911 1951 Scriptura
922 1870 1010 1933 dicit.
1024 1870 1075 1934 Sic
1091 1890 1178 1934 uam·
1195 1867 1298 1944 BJob,
1324 1867 1409 1929 Auro
1438 1866 1528 1929 locus
1556 1874 1606 1928 est
1634 1866 1668 1927 16
1697 1883 1761 1947 quo
1785 1863 1944 1927 conflatur
1964 1882 2112 1935 :rosum

429 1967 598 2049 queritat,
614 1975 647 2031 et
661 1968 822 2032 vitandam
836 1969 930 2032 docet
951 1970 1175 2050 arrogantiam,
1230 1966 1332 2042 Quum
1348 1986 1461 2029 aurum
1477 1966 1519 2029 sit
1534 1966 1752 2048 purissimum,
1764 1965 1927 2029 invenitur
1941 1974 1977 2026 ut

434 2086 489 2129 seu
510 2066 672 2149 propriam
689 2067 826 2131 laudem.
845 2068 997 2132 Similiter
1013 2070 1071 2133 Job
1088 2070 1128 2132 de
1144 2089 1178 2133 sc
1231 2066 1406 2150 plurimum
1417 2065 1450 2127 in
1467 2085 1524 2128 sua
1538 2064 1675 2148 puritate
1684 2073 1881 2147 generatum,
1894 2064 1978 2127 inter

309 2177 408 2227 11111.
432 2164 535 2228 dicit:
553 2165 608 2228 Vir
631 2174 698 2229 erat
713 2166 746 2228 in
767 2175 850 2230 terra
869 2168 944 2230 llus.
962 2168 1000 2229 Et
1015 2169 1175 2231 loannes:
1232 2164 1407 2228 fluviorum
1439 2182 1552 2227 arenas
1581 2171 1711 2245 propter
1739 2162 1977 2225 multitudinem

292 2263 818 2347 666161166611161161661161
836 2266 1053 2330 testimonium
1072 2267 1178 2350 perhi-
1232 2262 1467 2346 evaporatiouis
1492 2271 1524 2325 et
1548 2261 1742 2325 caliditatem
1766 2280 1882 2339 arenae,
1902 2262 1978 2342 quia

287 2340 320 2381 ²⁵¹
433 2363 487 2425 bet
505 2363 692 2426 dehis.llel
708 2384 764 2445 per
783 2364 879 2427 istum
899 2366 1028 2428 modum
1047 2366 1178 2448 loquen-
1232 2383 1270 2426 ex
1286 2361 1397 2423 multis
1411 2361 1554 2424 arenulis
1568 2361 1763 2439 colliguntur
1780 2359 1912 2440 granula
1926 2379 1978 2422 66-

433 2460 478 2537 di,
495 2461 631 2544 Spiritus
648 2462 781 2525 Sanctus
796 2462 943 2546 perhibet
959 2464 1177 2527 testimonium
1232 2463 1269 2540 ri,
1280 2481 1352 2545 11616
1368 2461 1402 2523 16
1418 2480 1518 2524 66616
1534 2462 1718 2543 liquantur:
1732 2460 1816 2542 quod
1832 2458 1872 2521 fit
1888 2459 1919 2520 in
1935 2460 1979 2521 lo

432 2560 582 2643 Moysi,ut
597 2578 691 2623 nemo
706 2561 830 2624 dubitet
845 2581 917 2623 eum
929 2562 989 2624 ista
1000 2562 1176 2643 scripsisse.
1232 2562 1278 2625 cis
1295 2560 1349 2622 ubi
1364 2558 1527 2623 concurrit
1542 2559 1649 2623 debita
1668 2558 1831 2642 proportio
1852 2557 1978 2619 virtutis

433 2660 503 2723 11166
518 2659 640 2723 Glossa.
657 2660 773 2723 Tamen
791 2669 825 2722 ut
840 2660 961 2724 dictum
979 2670 1036 2739 est,
1048 2662 1178 2743 quidam
1232 2660 1355 2736 activae,
1373 2660 1412 2721 ad
1436 2658 1601 2721 materiam
1617 2658 1656 2720 de
1677 2676 1742 2739 qua
1763 2655 1905 2737 gignitur
1922 2675 1978 2717 au-

435 2758 582 2821 11161661
597 2757 722 2841 Moysen
745 2758 806 2821 ista
827 2768 975 2823 oretenus
990 2760 1179 2843 predicasse
1233 2778 1316 2821 rum.
1333 2757 1531 2820 Generantur
1546 2756 1666 2838 quippe
1682 2755 1811 2818 metalla
1824 2774 1863 2818 611
1883 2771 1978 2836 rapo

433 2858 472 2919 ad
498 2858 665 2940 populum,
683 2866 714 2921 et
738 2858 843 2940 ipsum
864 2859 958 2922 Josue
977 2869 1033 2922 aut
1054 2861 1179 2939 (secun
1233 2857 1322 2919 ribus
1337 2855 1489 2931 humidis,
1508 2864 1645 2917 exterra
1668 2853 1827 2931 resolutis,
1845 2872 1901 2935 per
1915 2852 1979 2914 vir-

433 2957 509 3019 dum
539 2958 708 3039 quosdam)
732 2957 863 3019 Esdram
892 2976 930 3020 ca
961 2958 1121 3040 redegisse
1146 2959 1179 3021 16
1234 2965 1334 3020 161661
1349 2964 1380 3018 61
1394 2955 1532 3018 calorem
1543 2954 1620 3017 solis
1630 2972 1666 3017 ac
1677 2952 1978 3035 siderum:propter

434 3054 572 3137 scriptis.
600 3055 678 3119 Hinc
702 3054 811 3119 Petrus
835 3057 998 3120 Comestor
1023 3057 1216 3125 :Videturc
1233 3056 1319 3139 quod
1335 3053 1463 3118 metalla
1485 3053 1652 3134 liquabilia
1668 3060 1742 3115 sunt
1757 3061 1853 3133 atque
1877 3050 1978 3113 ducti-

433 3154 642 3236 Hieronymus
672 3154 766 3231 vello,
798 3156 884 3237 quod
913 3156 1006 3219 Josuc
1031 3173 1179 3239 maguam
1233 3155 1293 3232 lia3
1310 3154 1579 3236 quemadmodum
1594 3152 1716 3235 lapides
1731 3159 1764 3214 61
1779 3150 1975 3232 hujusmodi,

435 3253 531 3334 hujus
546 3252 621 3315 libri
647 3253 810 3335 scripserit
833 3262 976 3335 partem;
994 3256 1049 3317 sed
1073 3256 1181 3318 verius
1234 3273 1306 3335 11616
1331 3271 1396 3316 666
1425 3252 1615 3316 molliuntur
1639 3269 1698 3313 nec
1727 3249 1915 3327 funduntur,
1940 3268 1977 3313 611

434 3369 504 3416 esse
524 3350 660 3426 videtur,
677 3353 761 3433 quod
777 3372 795 3415 6
811 3353 914 3435 Moyse
930 3353 1067 3436 scriptus
1083 3353 1135 3430 sit,
1150 3362 1182 3416 et
1235 3352 1320 3417 sicca
1334 3350 1534 3415 exhalatione
1549 3349 1635 3412 iufra
1650 3358 1765 3413 terram
1781 3348 1979 3411 1616616111

435 3450 496 3512 ista
520 3450 553 3512 in
580 3448 740 3532 principio
761 3451 910 3534 apposuit
930 3452 1055 3530 Esdras,
1072 3471 1182 3535 quem·
1235 3449 1461 3514 versificamur
1489 3458 1596 3512 autem
1626 3446 1748 3530 species
1778 3446 1978 3510 metallorum

328 3562 393 3606 Deru·
433 3550 606 3612 admodum
623 3556 654 3611 et
670 3549 702 3611 16
720 3549 787 3613 1166
802 3549 887 3628 libri,
899 3550 937 3613 de
950 3550 1038 3614 obitu
1055 3550 1179 3633 Moysis.
1236 3550 1410 3617 secundum
1427 3551 1581 3631 maiorem
1591 3558 1628 3612 -et
1643 3548 1798 3612 minorem
1809 3547 1980 3631 puritatem

437 3648 507 3710 llaec
517 3646 634 3710 Petrus.
645 3647 869 3711 Verumtamen
886 3647 1086 3730 probabilius
1102 3666 1179 3721 reor,
1236 3651 1367 3716 resoluti
1383 3649 1522 3732 vaporis,
1539 3649 1714 3712 secundum
1728 3648 1887 3710 diversam
1902 3657 1980 3729 quo

436 3746 523 3829 quod
552 3745 667 3808 Esdras
695 3764 757 3809 uon
780 3747 928 3829 apposuit
950 3746 1071 3828 aliquid
1097 3746 1183 3828 prin·
1236 3769 1298 3833 que
1314 3748 1494 3812 efficaciam
1510 3756 1542 3810 et
1565 3746 1630 3809 vim
1655 3746 1828 3826 digerentis
1851 3745 1977 3823 caloris,

436 3845 522 3927 cipio
546 3844 642 3925 hujus
667 3844 752 3923 libri,
770 3863 869 3926 quum
894 3854 926 3908 et
951 3845 983 3908 in
1010 3848 1096 3910 teitu
1121 3845 1182 3909 isto
1236 3849 1320 3912 inter
1335 3866 1409 3929 1166
1421 3865 1534 3909 661661
1545 3846 1750 3909 videturesse
1760 3844 1978 3926 purissimum,

436 3945 561 4009 dicatur
589 3945 675 4026 quod
700 3944 820 4026 Moyses
845 3945 942 4007 verba
973 3944 1032 4007 ista
1057 3945 1182 4008 locutus
1237 3957 1269 4012 et
1283 3955 1356 4030 post
1370 3945 1451 4008 illud
1465 3953 1643 4024 argentum.
1662 3943 1818 4026 Amplius,
1837 3963 1934 4025 super
1945 3944 1981 4005 il-

437 4045 489 4120 sit,
507 4062 565 4106 nec
582 4042 702 4106 llebraei
717 4043 777 4106 hoo
792 4042 910 4106 dicant.
932 4043 1086 4106 Ultimum
1106 4062 1182 4107 vero
1237 4046 1292 4109 lud
1307 4045 1375 4122 Job,
1394 4043 1442 4106 Ab
1457 4043 1608 4124 aquilone
1622 4062 1734 4106 aurum
1751 4042 1851 4118 venit,
1870 4041 1982 4105 scribit
2063 4074 2092 4112 ,3

437 4142 534 4223 hujus
564 4140 637 4203 libri
668 4141 855 4223 capitulum,
879 4143 1019 4205 creditur
1047 4162 1066 4206 a
1090 4144 1183 4206 Josue
1236 4141 1851 4208 1111611611161661616116616116661
1872 4139 1983 4203 molio-
1997 4136 2121 4176 ¹¹¹'¹¹·²²

437 4242 558 4305 editum
577 4257 584 4301 ε
602 4238 688 4322 quod
704 4246 735 4301 et
749 4239 870 4303 Hebraei
887 4239 1036 4303 fatentur.
1197 4256 1223 4317 Ι)
1239 4244 1281 4306 ris
1297 4242 1486 4323 digestionis
1502 4249 1533 4305 61
1558 4240 1794 4305 commixtionis
1811 4260 1818 4304 ε
1836 4241 1877 4302 61
1898 4241 1982 4322 quod

477 4339 597 4421 Moyses
620 4337 716 4418 igitur
739 4338 849 4402 rolens
875 4339 908 4401 in
933 4340 1062 4404 exordio
1087 4340 1183 4421 hujus
1234 4341 1422 4424 requiritur,
1440 4350 1474 4403 ut
1491 4340 1591 4421 frigus
1606 4339 1817 4403 circumstans
1831 4338 1984 4401 extrinso

438 4436 614 4501 voluminis
639 4435 813 4513 insinuare,
831 4439 915 4518 quod
938 4438 1043 4520 primo
1068 4438 1184 4501 dixerit
1237 4460 1310 4505 cum
1326 4440 1524 4523 reprimat,et
1538 4437 1682 4519 impellat
1696 4437 1833 4501 calorem
1849 4437 1984 4501 minera-

438 4536 536 4600 rerha
552 4536 612 4598 ista
626 4536 664 4597 ad
682 4536 848 4617 populum,
865 4536 981 4600 deinde
996 4556 1033 4599 ea
1047 4537 1185 4600 conscri-
1238 4542 1300 4603 lem
1316 4540 1356 4602 ad
1372 4538 1525 4601 interiora
1540 4537 1698 4600 viscerum
1722 4544 1823 4613 161116,
1840 4543 1876 4598 61
1899 4535 1985 4599 calor

439 4636 548 4718 pserit,
567 4634 611 4697 lta
636 4651 766 4696 exorsus
788 4643 836 4696 est
858 4635 1072 4699 scriberehoc
1096 4636 1185 4699 volu·
1239 4639 1294 4701 ille
1320 4638 1467 4700 intensus
1491 4636 1534 4698 sit
1559 4636 1597 4698 ad
1624 4634 1830 4716 digerendum
1863 4634 1983 4698 metalli

439 4751 537 4797 meu:
560 4733 632 4795 11166
662 4740 737 4794 sunt
766 4733 863 4795 verba
892 4751 964 4814 (166
988 4735 1113 4798 locutus
1137 4743 1186 4798 est
1238 4736 1414 4799 materiam.
1437 4733 1556 4798 ldcirco
1582 4733 1787 4815 16611611666
1812 4732 1868 4794 ubi
1883 4731 1984 4813 frigus

438 4833 567 4915 Moyses.
585 4832 693 4913 ltaque
709 4831 834 4894 locutus
849 4840 897 4895 est
912 4832 972 4895 ista
994 4833 1027 4894 in
1044 4834 1186 4897 solitudi-
1239 4836 1433 4911 circumstat,
1450 4852 1564 4898 aurum
1580 4831 1695 4895 melius
1708 4840 1889 4910 generatur.
1914 4831 1985 4893 11166

440 4951 479 4993 66
505 4930 686 5012 campestri,
704 4940 816 4990 contra
841 4952 929 4991 mare
944 4934 1107 5003 Rubrum,
1125 4932 1185 4995 hoc
1239 4950 1368 5015 quoque
1382 4940 1431 4995 est
1446 4950 1551 5007 causa,
1568 4930 1654 5013 quod
1678 4930 1712 4992 16
1732 4928 1906 4994 fluviorum
1920 4949 1986 4992 are

439 5037 487 5091 est
502 5047 539 5091 61
565 5027 712 5110 opposito
736 5027 872 5109 alicujus
889 5028 1000 5110 partis,
1017 5037 1073 5092 aut
1096 5031 1185 5091 sinus
1240 5030 1326 5093 nulis
1343 5029 1531 5110 frigidorum
1557 5038 1726 5109 generatur
1745 5027 1907 5091 multoties
1930 5047 1986 5089 au-

439 5126 536 5189 maris
553 5125 651 5201 itlius,
663 5126 756 5208 cujus
771 5124 879 5208 6111166
890 5146 963 5209 pars
981 5127 1105 5190 videtur
1121 5146 1185 5191 666
1241 5148 1320 5205 rum,
1328 5127 1404 5209 quia
1418 5126 1577 5207 frigiditas
1592 5143 1683 5207 611616
1697 5125 1834 5208 impellit
1848 5126 1986 5188 calorem

439 5225 577 5287 multum
600 5224 721 5287 distans
747 5224 846 5287 fuisse
871 5245 888 5288 a
914 5225 983 5289 1666
999 5225 1075 5301 1116;
1100 5228 1186 5288 iuter
1239 5229 1279 5291 ad
1304 5224 1513 5308 profundum,
1539 5232 1573 5286 ut
1599 5222 1714 5286 melius
1739 5222 1861 5303 digerat
1889 5234 1987 5286 mate-

440 5327 577 5387 Pharen
595 5334 624 5385 ct
652 5326 766 5402 Tophcl
784 5335 814 5385 61
832 5327 945 5386 Lubere
964 5335 995 5386 61
1015 5329 1183 5388 Hcseroth.
1240 5325 1333 5403 riam,
1350 5333 1382 5387 et
1397 5323 1494 5387 faciat
1513 5321 1685 5404 puriorem.
1702 5320 1747 5382 Ex
1768 5320 1819 5382 his
1839 5321 1913 5384 elici
1933 5338 1987 5404 po
