4309 6259
434 472 475 535 dh
828 485 1002 535 manunno
1022 485 1054 530 m
1073 484 1144 531 cnr.
1165 482 1240 530 xxrr
1260 482 1363 530 exem.
1384 502 1425 513 —
1445 485 1516 531 aar.
1539 485 1579 531 ιιι

433 661 560 724 bantur.
577 662 654 724 Nam
674 681 747 745 pars
768 662 824 725 illa
841 680 914 744 quae
930 660 1046 724 dicitur
1062 660 1177 724 Sancta
1191 652 1217 717 t
1232 654 1387 719 habentes
1407 654 1506 719 iidem
1526 656 1629 737 magis
1649 655 1830 738 explicitam
1849 656 1889 718 de
1908 674 1975 736 my·
2135 591 2142 724 l

431 760 792 841 sanctorum,ligurabat
807 761 957 824 saeculum
973 760 1080 837 altius,
1090 759 1175 842 quod
1230 755 1338 817 steriis
1352 756 1468 818 Christi
1486 774 1494 817 :
1513 754 1583 819 ideo
1599 755 1761 818 intrabant
1779 756 1813 818 in
1833 755 1973 818 exterius

429 868 478 922 cst
497 858 711 942 spiritualium
733 859 1005 935 substantiarum;
1027 878 1102 941 pars
1121 877 1176 919 au·
1231 854 1483 930 tabernaculum,
1507 856 1592 937 quod
1618 855 1714 918 etiam
1739 856 1876 936 quodam
1900 853 1974 917 velo

428 965 493 1020 tem
507 976 579 1039 quae
593 956 710 1020 dicitur
726 956 850 1033 Sancta,
867 955 1067 1039 exprimebat
1083 974 1174 1017 mun·
1229 952 1486 1035 distinguebatur
1509 953 1551 1016 ab
1575 952 1657 1017 atrio
1681 971 1688 1015 :
1712 953 1864 1034 quoniam
1887 972 1974 1034 quae

427 1057 503 1119 dum
532 1057 740 1139 corporalem.
768 1056 839 1119 ldeo
865 1055 978 1118 Sancta
1006 1076 1025 1118 a
1050 1054 1175 1118 Sanctis
1229 1052 1302 1114 dam
1322 1061 1413 1115 erant
1428 1053 1532 1117 relata
1551 1072 1607 1117 seu
1628 1052 1735 1133 ignota
1750 1052 1870 1135 populo
1888 1051 1974 1114 circa

425 1164 608 1218 sanctorum
628 1155 766 1237 quodam
783 1154 855 1218 velo
870 1154 1172 1236 distinguebantur:
1228 1151 1345 1213 Christi
1364 1151 1527 1232 mysteria,
1548 1171 1621 1234 quae
1643 1151 1860 1215 sacerdotibus
1881 1160 1974 1214 erant

426 1254 511 1334 quod
535 1252 597 1316 luit
618 1262 755 1335 quatuor
774 1252 961 1316 distinctum
983 1252 1171 1316 coloribus:
1229 1258 1316 1328 nota,
1340 1270 1405 1316 non
1432 1260 1537 1315 tamen
1563 1260 1654 1314 erant
1677 1251 1724 1314 eis
1748 1250 1885 1314 revelata
1907 1259 1971 1313 tam
1999 1280 2105 1335 ΕΜ,

427 1371 484 1435 per
499 1370 579 1434 quos
589 1353 639 1431 (ut
654 1352 776 1414 dictum
791 1354 854 1432 est)
864 1360 1000 1433 quatuor
1015 1351 1174 1415 elementa
1228 1348 1334 1430 piene,
1356 1359 1392 1413 ut
1414 1351 1446 1413 in
1470 1368 1553 1416 novo
1573 1358 1683 1433 postea
1702 1350 1913 1428 Testamenta,
1934 1359 1971 1413 ut
1986 1348 2007 1385 ⁵·

428 1451 676 1533 intelliguntur:
696 1469 752 1533 per
772 1470 843 1532 quan
863 1450 1079 1532 incorporales
1100 1450 1175 1513 sub-
1229 1448 1369 1529 tangitur
1389 1451 1429 1512 ad
1451 1450 1617 1532 Ephesios.
1633 1449 1704 1512 llaec
1723 1449 1886 1512 Thomas·

428 1550 552 1613 stantiae
572 1549 665 1613 nobis
685 1550 842 1615 velantur.
864 1550 983 1613 ldcirco
1003 1549 1038 1612 in
1059 1549 1173 1613 &ncta
1276 1546 1334 1620 oui
1360 1548 1476 1611 iterum
1502 1548 1674 1630 loquitur:
1698 1549 1816 1625 Eorum
1840 1567 1911 1629 quae
1937 1547 1971 1609 in

428 1658 610 1713 sanctorum
635 1648 722 1712 solus
746 1658 777 1712 et
803 1667 945 1711 summus
970 1649 1118 1712 sacerdos
1141 1656 1174 1711 et
1227 1646 1348 1729 templo
1367 1648 1626 1725 continebantur,
1650 1648 1739 1711 reddi
1762 1656 1866 1730 potest
1886 1648 1967 1711 ratio

427 1748 525 1813 semel
547 1748 581 1811 in
606 1767 690 1812 anno
713 1747 854 1825 intravit,
878 1756 913 1810 ut
937 1747 1169 1828 designaretur,
1227 1746 1373 1809 litteralis
1392 1755 1424 1810 et
1443 1746 1601 1828 figuralis.
1618 1746 1788 1823 Litteralis,
1810 1766 1868 1829 per
1888 1746 1969 1809 rela-

425 1847 508 1928 quod
526 1846 633 1909 linalis
650 1846 804 1931 perfectio
824 1856 882 1924 est,
900 1848 941 1909 ad
962 1847 1114 1910 seculum
1136 1846 1171 1907 il·
1190 1843 1346 1908 Btionem
1370 1847 1410 1907 ad
1431 1846 1553 1908 cultum
1575 1846 1731 1909 divinum.
1756 1846 1794 1907 Et
1816 1846 1892 1927 quia
1915 1864 1973 1927 per

424 1943 479 2009 lud
493 1946 588 2007 altius
605 1944 773 2009 introduci.
787 1946 820 2007 ln
837 1945 1078 2009 tabernaculum
1093 1964 1169 2009 vero
1226 1943 1340 2006 Sancta
1355 1954 1537 2008 sanctorum
1553 1944 1797 2025 significabatur
1812 1944 1909 2007 altius
1924 1963 1977 2007 saa

422 2045 571 2120 exterius,
589 2045 649 2108 hoc
665 2053 713 2107 est
732 2044 765 2107 in
782 2044 908 2121 Sancta,
926 2043 1104 2108 introibant
1125 2061 1172 2104 sa·
1226 2043 1345 2119 culum,
1358 2042 1430 2106 ideo
1440 2043 1473 2105 in
1489 2042 1612 2106 Sanctis
1628 2050 1809 2107 sanctorum
1825 2042 1887 2105 tria
1902 2062 1975 2107 con·

422 2145 565 2207 cerdotes
581 2144 736 2226 quotidie,
751 2163 814 2207 non
830 2152 936 2206 autern
954 2141 1169 2225 populus,qui
1228 2140 1411 2204 tinebantur
1428 2160 1436 2203 :
1456 2141 1606 2206 videlicet
1627 2162 1701 2207 arca
1723 2142 1915 2218 testamenti,
1938 2142 1972 2203 in

423 2243 526 2305 solum
541 2243 581 2304 ad
596 2243 712 2305 atrium
727 2242 918 2306 accedebat:
931 2240 1084 2324 quoniam
1101 2241 1172 2323 ipsa
1226 2258 1291 2321 qua
1306 2239 1368 2303 luit
1383 2259 1463 2303 urna
1477 2260 1573 2304 aurea
1590 2241 1711 2305 habens
1728 2260 1856 2317 manna,
1880 2240 1971 2319 virga

422 2360 566 2424 corpora,
584 2360 639 2405 seu
660 2340 819 2405 sacrificia
834 2340 1012 2423 corporalia
1027 2339 1167 2423 populus
1226 2337 1338 2415 Aaron,
1351 2347 1383 2402 et
1398 2338 1514 2403 tabulae
1528 2339 1683 2420 Decalogi,
1696 2338 1771 2421 [duo
1785 2338 1966 2415 Cherubim,

425 2440 588 2522 percipere
604 2448 724 2523 potest3
741 2442 781 2503 ad
802 2440 969 2537 interiores
989 2447 1098 2501 autern
1121 2456 1172 2502 eo
1228 2446 1259 2500 et
1274 2438 1556 2522 propitiatoriuml.
1572 2439 1715 2520 Perque
1730 2438 1895 2518 signantur
1910 2437 1972 2501 tria

428 2558 498 2601 rum
519 2539 670 2615 rationes,
692 2538 751 2601 soli
772 2538 932 2622 sapientes
953 2556 1010 2621 per
1028 2536 1173 2601 couside-
1228 2534 1263 2597 in
1277 2536 1383 2599 altiori
1399 2538 1514 2602 seculo
1529 2536 1733 2601 exsistentia:
1750 2536 1873 2600 scilicet
1887 2536 1970 2600 Deus

431 2637 586 2701 rationem
608 2638 764 2718 attingere
786 2646 918 2720 queunt.
940 2672 980 2683 —
999 2637 1107 2712 Porro,
1129 2652 1176 2698 se·
1229 2653 1287 2717 per
1298 2634 1564 2718 propitiatorium,
1574 2636 1726 2718 quoniam
1737 2635 1819 2699 Deus
1832 2634 1975 2698 invisibi-

431 2737 571 2800 cundum
587 2737 743 2801 rationem
765 2736 944 2817 figuralem,
961 2755 1017 2819 per
1037 2735 1175 2799 exterius
1230 2733 1282 2812 lis,
1299 2734 1696 2817 incomprehensibilisque
1712 2734 1858 2799 consistit
1875 2752 1883 2797 τ
1901 2734 1973 2798 ideo

432 2834 774 2917 tabernaculum‚quod
791 2835 907 2898 dicitur
918 2834 1042 2911 Sancta,
1052 2832 1175 2913 signili-
1230 2851 1295 2896 non
1311 2831 1410 2897 liebat
1421 2834 1452 2897 ei
1466 2833 1574 2916 aliqua
1589 2833 1766 2898 similitudo
1780 2834 1815 2895 in
1831 2832 1975 2896 taberna·

431 2942 520 2997 eatur
535 2942 635 2997 status
651 2934 767 2997 veteris
786 2933 876 3014 legis,
894 2942 930 2996 ut
943 2933 989 2996 ait
1003 2933 1173 3015 Apostolus
1229 2932 1302 2996 culo
1317 2932 1385 3010 illo,
1397 2934 1453 2996 sed
1469 2933 1726 3016 propitiatorium
1740 2940 1809 2996 erat
1822 2931 1915 3013 quasi
1930 2951 1975 2995 se

284 3044 415 3097 aaaron.
429 3032 470 3095 ad
491 3032 649 3111 llebraeos,
671 3033 747 3115 quia
766 3033 807 3096 ad
829 3032 911 3096 illud
934 3031 1174 3095 tabernaculum
1188 3032 1211 3097 C
1231 3032 1286 3094 des
1302 3031 1414 3114 ipsius,
1431 3041 1463 3095 et
1477 3050 1550 3094 arca
1565 3032 1652 3095 velut
1667 3030 1840 3095 scabellum
1855 3031 1973 3113 pedum

431 3148 555 3213 semper
584 3130 759 3194 introibant
789 3130 967 3194 sacerdotes
1000 3128 1176 3193 sacrificio-
1230 3130 1341 3213 ipsius.
1351 3131 1409 3195 Per
1422 3131 1593 3195 Cherubim
1609 3149 1685 3196 vero
1700 3130 1815 3211 signati
1832 3138 1907 3193 sunt
1921 3148 1975 3192 an-

431 3248 501 3291 rum
526 3228 638 3293 cilicia
662 3238 932 3292 consummantes.
957 3229 1015 3291 Per
1040 3228 1175 3292 interius
1228 3230 1322 3310 gelici
1340 3230 1472 3313 spiritus
1488 3229 1676 3294 exsistentes
1691 3230 1725 3293 in
1743 3230 1836 3294 coelo.
1852 3229 1910 3293 Per
1925 3248 1973 3292 ar·

429 3336 536 3391 autem
564 3327 817 3405 tabernaculum,
845 3329 930 3408 quod
957 3328 1074 3391 dicitur
1099 3328 1176 3391 San·
1228 3348 1299 3391 cam
1315 3348 1403 3406 vero,
1422 3329 1560 3392 rationes
1580 3329 1814 3411 omniumque
1832 3336 1970 3410 aguntur

430 3434 482 3489 cta
501 3434 693 3503 sanctorum,
711 3425 954 3508 signilicabatur
970 3426 1019 3489 vel
1035 3425 1175 3490 coelestis
1229 3427 1263 3490 in
1279 3428 1395 3491 saeculo
1411 3428 1472 3491 isto
1485 3444 1492 3489 :
1505 3447 1577 3510 quaa
1592 3428 1732 3492 rationes
1747 3428 1838 3510 quasi
1853 3428 1970 3491 clausa

430 3524 542 3605 gloria,
571 3524 621 3588 vel
650 3523 825 3607 spiritualis
856 3532 956 3587 status
982 3524 1175 3607 evangelicae
1229 3534 1314 3604 sunt,
1332 3535 1363 3589 et
1379 3526 1585 3591 continentur
1600 3526 1634 3589 iu
1649 3526 1751 3603 coelis,
1767 3526 1971 3608 quemadmo

430 3623 521 3705 legis,
542 3642 614 3705 quaa
634 3632 683 3687 est
703 3623 863 3687 inchoatio
883 3623 1029 3705 quadam
1051 3622 1172 3706 glorie.
1229 3626 1306 3689 dum
1322 3626 1461 3690 rationes
1471 3624 1648 3689 ellectuum
1657 3625 1850 3688 clauduntur
1860 3624 1894 3687 in
1906 3625 1972 3687 suis

430 3722 478 3784 Ad
493 3741 588 3804 quern
605 3731 721 3786 statum
736 3722 880 3786 Christus
897 3742 955 3787 nos
971 3722 1148 3787 introduxit
1165 3740 1172 3784 :
1229 3724 1345 3801 causis,
1356 3734 1389 3789 et
1403 3725 1542 3788 rationes
1556 3721 1801 3787 artificiatorum
1815 3723 1850 3785 in
1861 3741 1972 3786 eorum

431 3939 501 3983 mus
517 3921 663 3985 sacerdos
679 3920 776 3983 semel
793 3920 826 3982 in
842 3938 927 3983 anno
942 3920 1029 3984 solus
1045 3920 1177 3982 intravit
1269 3922 1433 3999 Praeterea,
1450 3931 1552 3986 totum
1570 3920 1747 3985 tabulatum
1763 3920 1971 3996 tabernaculi,

431 4019 464 4081 in
481 4020 593 4083 Sancta
613 4028 806 4083 sanctorum.
822 4018 937 4083 Velum
955 4028 1061 4082 autem
1077 4018 1176 4100 signi·
1232 4018 1293 4082 luit
1312 4020 1345 4083 in
1366 4020 1566 4099 longitudine
1585 4020 1716 4099 triginta
1730 4018 1923 4096 cubitorum,
1939 4028 1972 4082 et

431 4117 543 4183 licavit
567 4117 812 4182 occultationem
835 4117 1050 4199 spiritualium
1076 4119 1173 4181 ratio·
1230 4118 1265 4180 in
1285 4118 1454 4182 latitudine
1473 4120 1600 4193 decem;
1619 4127 1651 4182 ct
1669 4118 1758 4182 locus
1777 4117 1833 4199 qui
1854 4117 1972 4180 dicitur

433 4236 509 4280 num
529 4216 563 4278 in
583 4216 743 4281 veteribus
764 4216 943 4280 sacrificiis.
960 4215 1049 4290 Quod
1068 4217 1175 4280 velum
1190 4220 1216 4285 Ι)
1231 4217 1345 4280 Sancta
1359 4226 1552 4294 sanctorum,
1561 4217 1746 4281 continebat
1760 4218 1869 4281 decern
1884 4216 1975 4279 cubi-

431 4325 567 4399 quatuor
581 4316 741 4381 coloribus
757 4323 825 4379 erat
839 4323 1002 4379 ornatum:
1017 4314 1123 4399 bysso,
1133 4317 1174 4379 ad
1232 4325 1280 4380 tos
1295 4316 1328 4377 in
1345 4316 1556 4395 longitudine,
1575 4316 1769 4398 totidemque
1785 4315 1818 4377 in
1835 4315 1973 4378 latitudi-

431 4414 679 4498 signilicandum
695 4414 800 4477 carnis
816 4413 1001 4496 puritatem;
1019 4432 1172 4495 purpura,
1230 4433 1281 4477 ne.
1300 4414 1401 4479 Locus
1415 4434 1491 4480 vero
1511 4424 1641 4479 vocatus
1656 4414 1818 4491 Sanctum,
1835 4413 1973 4477 habebut

430 4516 470 4577 ad
496 4513 744 4596 significandum
771 4511 937 4595 passiones
962 4532 1041 4594 quas
1067 4512 1174 4576 Sancti
1229 4513 1354 4577 cubitos
1369 4514 1484 4594 viginti
1498 4514 1532 4575 in
1549 4514 1689 4593 longum,
1707 4521 1739 4575 et
1753 4514 1863 4576 decem
1880 4513 1914 4575 in
1931 4513 1973 4576 la·

431 4613 652 4677 sustinuerunt
672 4629 730 4695 pro
748 4611 884 4675 Christo.
904 4611 1022 4675 Coccus
1044 4611 1094 4674 bis
1114 4611 1177 4674 tin·
1230 4622 1305 4675 tum.
1315 4614 1422 4695 ltaque
1437 4632 1493 4695 per
1504 4611 1741 4676 tabernaculum
1757 4610 1970 4693 dorsisquod

431 4722 512 4790 ctus,
535 4710 739 4795 presignavit
757 4710 920 4773 caritatem
942 4711 997 4773 Dei
1011 4718 1050 4773 et
1069 4711 1175 4793 proxi·
1229 4713 1269 4775 de
1285 4712 1354 4776 loco
1369 4713 1409 4774 ad
1423 4712 1528 4775 locum
1545 4712 1578 4772 iu
1594 4728 1701 4773 eremo
1716 4710 1972 4792 portabatur,Ec·

431 4812 487 4874 mi.
504 4811 678 4894 Hyacinthe
698 4809 899 4890 significatur
914 4810 1091 4872 ooelestium
1108 4829 1173 4873 rne-
1228 4811 1325 4874 clesia
1345 4811 1487 4874 militans
1506 4809 1701 4889 designatur,
1718 4827 1790 4890 quaa
1805 4809 1838 4870 in
1855 4809 1971 4873 saeculo

430 4910 610 4974 ditatiohd
626 4917 742 4972 statum
757 4927 833 4971 vero
849 4907 965 4971 veteris
981 4908 1071 4989 legis,
1081 4909 1174 4972 aliter
1228 4912 1289 4974 isto
1305 4910 1525 4994 peregrinatur
1536 4929 1572 4971 ac
1588 4907 1690 4971 tendit
1704 4909 1744 4970 ad
1759 4907 1903 4991 patriam,
1913 4928 1971 4972 nec

430 5028 464 5073 se
478 5009 590 5072 habuit
605 5008 754 5091 populus,
766 5016 798 5071 et
812 5006 905 5070 aliter
921 5009 1109 5071 sacerdotes.
1119 5009 1173 5072 Po
1228 5009 1283 5072 diu
1298 5010 1332 5071 in
1347 5010 1458 5072 eodem
1475 5016 1640 5090 permanet
1657 5016 1751 5069 statu.
1768 5005 1973 5080 Quemadmo

429 5109 524 5192 pulus
540 5108 626 5172 enirn
641 5107 818 5190 corporalia
833 5105 992 5169 sacrificia
1007 5125 1078 5188 quae
1093 5106 1172 5171 olle
1228 5109 1305 5170 dum
1320 5116 1427 5171 autern
1437 5106 1642 5170 tabernaculo
1654 5106 1736 5168 lacta
1748 5113 1823 5166 sunt
1835 5114 1972 5187 quatuor

429 5207 591 5285 rebantur,
601 5206 634 5269 in
650 5206 731 5269 atrio
745 5204 980 5279 considerabat;
994 5205 1173 5269 sacerdotes
1227 5206 1436 5289 operimenta,
1453 5207 1497 5269 ita
1512 5205 1653 5268 Ecclesia
1668 5223 1754 5267 nunc
1769 5212 1907 5285 quatuor
1927 5213 1973 5268 te

425 5324 505 5373 vero
514 5302 758 5371 considerabant
772 5303 912 5368 rationes
927 5302 1169 5383 sacrificiorum,
1227 5305 1313 5388 gitur
1330 5324 1367 5368 ac
1385 5305 1533 5367 lirmatur
1552 5302 1706 5367 subsidiis
1725 5311 1835 5366 contra
1854 5311 1969 5367 ventos
