4309 6259
467 512 640 558 hummaro
661 512 692 558 IN
713 513 781 558 GAP.
806 509 902 558 xxxin
923 509 1157 557 naurnnonornt.
1178 531 1218 540 -
1238 513 1310 558 Ant.
1331 513 1449 560 XXXVIII
1669 497 1729 561 685

175 682 270 744 onim
286 690 430 764 peccant,
448 683 504 764 qui
530 681 752 745 ecclesiasticae
777 682 931 764 derogant
944 679 970 741 A
985 681 1159 762 phalarum,
1172 682 1440 765 sapientialesque
1454 683 1529 746 libri
1542 703 1597 748 :ex
1612 685 1729 766 quihus

178 779 335 856 libertati,
360 790 392 843 et
416 782 536 844 clerum
563 788 809 863 persequuntur.
985 778 1134 842 omnibus
1153 779 1292 860 juvatur,
1311 781 1492 857 instruitur,
1510 782 1730 845 inflammatur

219 883 261 940 ln
271 881 449 956 Benjumin
461 881 786 941 uit:Amnntissimus
800 877 931 938 Domini
985 878 1136 940 Ecclesia.
1150 882 1336 939 Benedictio
1347 882 1439 940 itlius
1453 883 1512 958 qui
1526 884 1681 958 apparuit
1694 885 1729 942 in

178 980 344 1039 habitabit
359 981 568 1056 confidenter.
582 978 645 1040 lloc
661 978 700 1040 de
710 977 835 1040 Christo
851 973 932 1036 acci·
985 979 1074 1048 ruho,
1088 979 1197 1038 venial
1211 997 1307 1055 super
1319 989 1416 1056 caput
1429 983 1553 1057 loseph.
1566 981 1630 1044 lloc
1647 980 1679 1042 in
1695 1001 1730 1044 se

32 1091 158 1144 calanen
180 1075 217 1156 pi
234 1083 350 1157 potest,
363 1078 477 1158 dequo
493 1085 684 1158 protestatus
696 1084 743 1138 est
754 1076 843 1137 Pater
856 1091 862 1136 :
876 1073 932 1135 llic
986 1093 1055 1136 osse
1070 1074 1236 1157 impletum
1254 1083 1385 1138 testatus
1406 1085 1454 1139 est
1470 1077 1624 1154 Christus,
1646 1079 1730 1143 sicut

33 1159 159 1267 lm„
178 1181 233 1236 ost
247 1173 348 1237 Filius
363 1195 454 1238 meus
469 1175 665 1251 carissimus,
684 1176 788 1256 ipsum
809 1173 928 1237 audite.
986 1179 1017 1232 et
1031 1172 1126 1234 lsaias
1148 1173 1294 1254 praedixit
1311 1191 1318 1234 ε
1337 1173 1485 1256 Spiritus,
1504 1175 1730 1256 inquieus,l)o
1756 1197 1836 1250 aaa,
1848 1201 1867 1240 r.

179 1273 223 1334 Et
239 1273 273 1335 in
283 1274 408 1338 Christo
424 1275 554 1338 homine
569 1294 625 1336 seu
641 1275 711 1355 ejus
721 1274 929 1348 humanitate,
987 1274 1064 1335 mini
1077 1293 1172 1356 super
1187 1293 1248 1351 me,
1264 1295 1301 1338 eo
1316 1277 1403 1357 quod
1421 1276 1546 1340 unxerit
1562 1297 1622 1341 me.
1641 1279 1729 1343 Unde

179 1380 338 1454 tanquam
360 1373 392 1434 in
420 1373 538 1456 templo
558 1373 640 1436 Deus
661 1373 797 1434 Trinitas
817 1369 932 1434 indosi-
986 1380 1016 1432 et
1030 1370 1233 1434 beatissimus
1249 1372 1356 1434 Petrus
1372 1373 1416 1435 ait
1432 1375 1472 1436 de
1485 1375 1732 1439 ChristotUnxit
1744 1397 1864 1446 nunna.

180 1479 299 1534 neuter
314 1471 443 1552 quievit
466 1471 571 1535 Potest
586 1471 663 1534 item
679 1490 735 1552 per
750 1469 931 1533 amantissi·
986 1489 1057 1531 erun
1086 1471 1165 1532 lions
1182 1469 1302 1551 Spiritu
1325 1471 1438 1535 Sancto
1462 1481 1494 1534 et
1519 1473 1645 1536 virtute.
1672 1474 1731 1549 Qui

180 1586 273 1628 mum
289 1567 427 1642 Domini,
443 1567 639 1649 quicumque
658 1566 817 1630 ferventer
837 1567 932 1628 deve
986 1570 1071 1628 inter
1096 1588 1207 1631 omnes
1221 1571 1343 1646 fratres
1364 1592 1437 1630 auos
1461 1579 1493 1633 et
1517 1591 1583 1653 prae
1607 1575 1732 1636 cunctis

181 1673 278 1727 luset
294 1666 408 1728 devote
423 1684 598 1742 amorosus,
612 1665 759 1745 intelligi,
773 1665 828 1746 qui
840 1665 931 1727 valde
986 1667 1170 1730 hominihus
1196 1669 1316 1730 exstitit.
1335 1669 1508 1747 Nazareus
1527 1670 1558 1732 id
1579 1679 1638 1748 est,
1662 1693 1733 1735 san-

180 1772 309 1825 amatus
324 1771 372 1826 est
387 1764 460 1838 lieo,
475 1763 549 1827 etin
565 1765 667 1846 ipsius
682 1765 777 1828 corde
793 1764 881 1827 velut
897 1763 930 1823 in
986 1773 1054 1828 clus
1080 1774 1176 1847 atque
1200 1766 1234 1827 in
1259 1766 1409 1830 Nazareth
1434 1778 1607 1850 conceptus
1629 1779 1677 1832 est
1699 1779 1731 1834 et

182 1865 329 1922 thalamo
345 1861 498 1925 Dominus
517 1863 645 1926 assidue
659 1870 883 1938 commoratur,
900 1864 969 1925 ete
987 1864 1137 1926 nutritus.
1151 1867 1251 1933 Quasi
1258 1867 1472 1944 primogeniti
1488 1871 1577 1927 lauri
1581 1872 1732 1946 pulchri-

181 1963 272 2021 inter
298 1960 400 2043 ipsius
424 1965 572 2022 humeros
598 1962 781 2042 requiescit,
798 1961 873 2042 quia
898 1961 930 2021 in
988 1965 1063 2022 tudo
1072 1963 1153 2038 ejus,
1161 1962 1251 2043 juxta
1267 1962 1357 2040 illud,
1368 1962 1535 2045 Speciosus
1548 1965 1650 2028 iorma
1665 1985 1731 2048 pre
1743 1993 1845 2041 rann,
1869 2021 1875 2031 .

182 2059 256 2138 ejus
271 2059 446 2122 delectatur
462 2059 624 2141 operibus,
642 2060 793 2141 quoniam
810 2060 864 2122 ille
881 2079 932 2121 su·
988 2057 1066 2120 liliis
1081 2059 1247 2121 hominum
1265 2079 1272 2122 :
1298 2059 1331 2121 in
1352 2078 1417 2140 quo
1432 2080 1489 2143 por
1509 2062 1729 2126 excellentiam
1874 2046 1881 2062 ⁶

182 2177 243 2239 per
259 2177 293 2220 se
309 2167 414 2240 portat
428 2159 539 2241 jugum
557 2159 610 2221 liei
626 2167 657 2222 et
672 2178 754 2222 onus
770 2160 882 2241 ipsius.
988 2156 1049 2218 luit
1071 2157 1275 2239 pulchritudo
1301 2159 1466 2236 naturalis,
1483 2161 1624 2239 moralis,
1641 2162 1734 2244 spiri

234 2259 349 2333 loseph
374 2278 498 2337 quoque
531 2260 580 2318 uit
604 2280 615 2317 :
641 2263 687 2319 De
717 2260 933 2319 benedictione
988 2255 1090 2332 tualis,
1106 2255 1244 2336 gloriosa
1259 2275 1296 2318 ac
1311 2259 1595 2338 superessentialis,
1612 2259 1730 2323 divina

183 2357 323 2416 Domini
339 2365 423 2416 terro
440 2357 520 2432 ejus.
535 2355 623 2418 Sicut
638 2355 670 2418 in
686 2357 774 2419 omni
789 2364 934 2419 creatura
989 2341 1117 2416 Cornua
1133 2357 1353 2427 rhinocerotis,
1370 2376 1492 2418 cornua
1506 2358 1610 2431 illius,
1623 2358 1657 2421 id
1671 2368 1731 2436 est,

184 2451 443 2534 dirinaealiquid
459 2452 611 2517 bonitatis
627 2463 658 2517 et
669 2454 876 2536 perfectionis
888 2472 934 2517 re
988 2451 1159 2514 auctoritas
1187 2452 1302 2514 Christi
1331 2452 1500 2533 judiciaria
1524 2473 1561 2517 ac
1592 2464 1730 2537 potestas

185 2552 283 2628 lucet,
312 2552 357 2615 sic
383 2552 416 2613 in
441 2552 585 2632 quolibet
610 2562 792 2617 sanctorum
817 2553 933 2618 veteris
989 2550 1104 2630 regalis
1129 2549 1398 2613 victoriosissime
1420 2559 1567 2617 exstant:
1585 2554 1670 2635 quod
1692 2555 1733 2618 de

185 2650 391 2727 Testamenti,
414 2651 478 2714 imo
497 2659 529 2713 et
554 2651 632 2732 legis
658 2661 789 2728 naturae,
808 2661 855 2715 est
879 2651 934 2714 ali·
989 2647 1089 2711 clavis
1103 2667 1140 2710 ac
1156 2647 1299 2730 partibus
1315 2649 1418 2712 crucis
1429 2649 1545 2712 Christi
1555 2653 1730 2734 exponitur,

184 2748 265 2828 quid
278 2749 434 2828 invenire,
447 2768 503 2830 per
518 2751 603 2831 quod
614 2750 774 2813 Christum
790 2760 934 2814 sanctum
989 2747 1169 2828 dequibus
1192 2745 1337 2809 llabacuc
1361 2767 1367 2811 :
1395 2748 1530 2826 Cornua,
1554 2750 1671 2832 inquit,
1697 2753 1732 2814 in
1756 2774 1836 2820 naua
1839 2790 1874 2828 .....

185 2856 370 2910 sanctorum
386 2847 606 2929 designet,qui
619 2866 681 2911 non
698 2849 736 2911 ad
752 2867 934 2911 mensuram
989 2844 1137 2907 manibus
1152 2844 1221 2925 ejus
1234 2869 1241 2917 ;
1260 2843 1304 2905 ihi
1319 2844 1504 2908 abscondita
1514 2854 1563 2910 est
1578 2847 1732 2914 fortitudo
1745 2841 1766 2880 ⁴¹

186 2945 320 3009 sortitus
343 2955 392 3009 est
411 2947 557 3026 gratiam.
576 2947 626 3010 Sic
646 2966 722 3028 ergo
743 2967 799 3028 per
818 2947 933 3030 loseph
989 2944 1070 3025 ojus.
1092 2947 1134 3005 In
1160 2945 1238 3020 ipsis
1263 2945 1432 3004 ventilabit
1450 2955 1572 3020 qenes,
1587 2947 1663 3027 quia
1686 2949 1733 3010 in-

187 3043 299 3106 multis
319 3063 357 3106 ex
377 3045 481 3108 causis
503 3045 694 3126 intelligitur
710 3045 865 3123 Christus,
884 3066 935 3109 cu·
951 3051 973 3114 C
990 3042 1136 3106 credulos
1151 3042 1272 3123 perdet,
1286 3041 1402 3103 electos
1418 3051 1525 3104 autem
1539 3045 1654 3109 merito
1668 3067 1733 3111 sue

186 3143 240 3224 jus
258 3154 351 3220 terra,
365 3143 396 3205 id
412 3151 460 3206 est
475 3143 617 3206 militans
632 3145 773 3208 Ecclesia
790 3165 845 3208 seu
861 3162 934 3208 caro
990 3141 1148 3225 passionis
1159 3147 1333 3216 convertet,
1343 3140 1399 3221 qui
1416 3149 1491 3203 sunt
1505 3147 1734 3207 multitudines

187 3251 363 3324 assumpta,
392 3241 573 3324 purissima,
601 3252 764 3323 procreata
789 3252 821 3306 et
846 3243 934 3307 omni
990 3241 1152 3320 Ephraim
1166 3248 1195 3299 et
1211 3240 1319 3298 millia
1334 3243 1493 3312 Monasae,
1510 3239 1542 3302 id
1557 3251 1606 3304 est
1621 3242 1734 3308 lideles

188 3339 308 3404 virtute
323 3348 434 3402 ornata
450 3348 497 3402 est
519 3341 558 3401 de
580 3339 855 3403 benedictionibus
881 3343 936 3406 lle
990 3339 1095 3421 quiin
1118 3335 1338 3420 spiritualibus
1362 3347 1520 3416 crescunt,
1538 3348 1570 3401 et
1595 3349 1735 3407 terreno

188 3439 270 3500 mini
289 3459 296 3502 :
315 3438 348 3500 in
363 3456 428 3520 qua
442 3438 583 3501 Ecclesia
601 3447 675 3500 sunt
692 3458 783 3520 poma
799 3440 883 3516 coeli,
903 3441 934 3502 id
991 3457 1060 3500 rum
1076 3435 1311 3501 obliviscuntur
1327 3435 1510 3500 meditando
1525 3437 1645 3501 divina.

188 3545 237 3599 est
254 3536 377 3599 lruotus
392 3536 559 3599 hominnm
575 3535 608 3598 in
624 3537 716 3599 terris
733 3538 829 3600 vitam
845 3539 937 3602 coele-
1030 3539 1167 3606 Laetare,
1180 3536 1341 3603 Zabulon,
1356 3537 1393 3594 in
1409 3537 1501 3595 exitu
1517 3546 1581 3609 luo,
1599 3547 1659 3601 etc.
1677 3539 1735 3602 Per

187 3645 270 3699 stem
286 3635 490 3708 ducentium
508 3653 559 3698 ros
574 3635 694 3716 gratie,
711 3634 842 3718 abyssus
865 3637 937 3699 snb
991 3633 1143 3708 Zabulon,
1175 3631 1230 3713 qui
1261 3631 1487 3713 interpretatur
1515 3634 1733 3701 habitaculum

189 3735 358 3814 terjacens,
377 3733 407 3795 id
423 3743 471 3796 est
486 3753 569 3814 aqua
584 3733 746 3815 Baptismi,
761 3733 832 3798 lons
847 3735 937 3798 lacri-
993 3730 1201 3806 tortitudinis,
1218 3738 1249 3792 et
1265 3749 1321 3810 per
1336 3730 1486 3807 issachar,
1504 3733 1560 3813 qui
1581 3734 1736 3818 interpre-

189 3853 326 3910 marum,
353 3833 549 3895 abundantia
573 3831 816 3908 ailliotionum;
843 3853 937 3916 poma
992 3839 1075 3893 tatur
1098 3847 1232 3904 merceS,
1258 3827 1482 3908 intelliguntur
1506 3831 1648 3913 Apostoli
1669 3835 1735 3898 nali

189 3935 361 4010 srtaoluum
373 3933 450 3992 solis
472 3939 503 3994 et
519 3935 616 3992 latmo.
633 3931 737 3994 Potest
759 3951 817 4013 per
837 3934 934 3997 solem
992 3950 1030 3992 ex
1053 3927 1181 3990 Galilea
1202 3926 1235 3988 iu
1262 3934 1343 3988 terra
1357 3926 1498 3989 Zabulon
1517 3938 1549 3991 et
1568 3931 1734 3997 issachar:

190 4031 359 4113 sapientia,
378 4050 434 4112 por
450 4030 557 4092 lunam
574 4031 743 4112 prudentia
765 4031 934 4113 designari.
991 4028 1047 4109 qui
1064 4027 1098 4089 in
1113 4025 1198 4088 exitu
1213 4042 1282 4101 suo,
1299 4024 1403 4104 quoad
1418 4024 1597 4090 iudeorum
1612 4049 1650 4093 ac
1663 4049 1737 4112 gen-

113 4199 119 4210 ,
191 4129 333 4193 Ecclesia
348 4136 454 4191 antem
470 4136 602 4191 ornatur
616 4128 740 4191 actibus
755 4138 787 4192 et
801 4140 938 4194 contem·
992 4127 1073 4190 tium
1088 4123 1328 4189 conversionem
1344 4123 1463 4202 egressi
1478 4134 1564 4204 sunt,
1582 4136 1615 4190 et
1637 4128 1670 4190 in
1696 4140 1737 4194 ta-

192 4226 561 4311 plationibussapientie
571 4235 666 4308 atque
674 4229 938 4311 prudentiaequia
954 4233 977 4294 b
991 4222 1173 4289 hernaculis
1183 4229 1215 4284 et
1224 4220 1525 4301 congregationibus
1534 4243 1644 4289 eorum
1655 4247 1736 4310 quos

192 4328 224 4390 in
242 4326 401 4390 exercitiis
418 4326 491 4388 vitre
506 4326 617 4389 activae
633 4333 665 4388 et
681 4329 938 4410 contemplativas
992 4327 1228 4395 converterunt,
1255 4318 1427 4398 magnifice
1451 4331 1527 4383 sunt
1550 4324 1677 4405 gloriati
1703 4329 1736 4390 in

193 4425 335 4508 perlecta
350 4433 409 4488 est.
426 4425 464 4486 Et
485 4424 561 4506 quia
585 4425 624 4486 ad
651 4424 711 4487 ista
736 4429 939 4491 succenditur
992 4421 1137 4497 Domino,
1149 4436 1383 4498 conversosque
1398 4419 1534 4500 populos
1549 4423 1735 4504 admontes,

192 4543 230 4588 ex
262 4522 527 4598 consideratione,
551 4522 695 4585 doctrina
724 4531 755 4585 et
784 4527 938 4608 exemplis
994 4523 1024 4584 id
1040 4530 1089 4584 est
1104 4518 1317 4582 sublimitates
1333 4517 1499 4594 virtutum,
1515 4519 1631 4584 hortati
1648 4535 1734 4602 sunl,

192 4630 335 4685 veterum
351 4620 601 4683 Patriarcharum
617 4639 653 4683 ac
662 4621 889 4702 Prophetarum
905 4625 938 4687 in
993 4622 1027 4683 in
1042 4619 1158 4702 quibus
1173 4616 1319 4680 victimas
1327 4615 1457 4696 justitie
1465 4617 1661 4700 obtulerunt,
1673 4632 1736 4686 tam

193 4718 935 4799 omnivirtutesublimiumatquoconstantium,
994 4720 1055 4802 ipsi
1070 4717 1214 4800 Apostoli
1234 4734 1331 4796 quam
1355 4716 1501 4778 conversi
1523 4718 1564 4780 ab
1585 4719 1734 4800 eis‚1leo,

194 4827 279 4881 recte
294 4817 518 4899 subjungitur:
537 4820 584 4878 De
600 4819 714 4877 uertice
728 4821 938 4898 antiquorum
992 4838 1049 4901 per
1073 4817 1243 4891 orationes,
1270 4812 1442 4894 gratiarum
1464 4815 1606 4879 actiones
1628 4828 1659 4882 et
1684 4822 1737 4885 de-

195 4920 355 4978 montium
370 4926 398 4975 el
412 4919 568 4993 depromis
584 4918 716 4977 collium
731 4927 937 4988 aeternorum,
993 4917 1075 4981 bllas
1100 4915 1269 4978 servitutes
1294 4911 1399 4993 ipsum
1423 4912 1645 4993 glorificando.
1674 4924 1738 4990 Qui

193 5019 233 5075 cle
247 5016 399 5092 frugibus
415 5025 507 5076 terroe
526 5025 555 5074 ct
576 5017 616 5074 tte
626 5017 835 5091 pleuitudine
855 5018 936 5092 ejus.
992 5015 1242 5076 inundationem
1263 5012 1364 5070 muria
1383 5013 1478 5088 quasi
1497 5016 1548 5072 loc
1562 5029 1686 5092 sugent,
1704 5019 1736 5082 id

194 5112 251 5175 Per
274 5111 381 5194 fruges
415 5120 521 5188 torre,
548 5112 681 5174 virtutos
707 5122 738 5174 et
764 5131 860 5195 opera
885 5114 939 5196 Sy·
992 5123 1050 5190 est,
1069 5115 1109 5175 de
1130 5129 1284 5174 conversa
1299 5107 1489 5189 gentilitate,
1506 5120 1538 5173 et
1558 5113 1598 5175 de
1614 5115 1737 5180 thosan-

194 5230 325 5292 uagogae
350 5218 544 5284 sumuntur3
573 5219 604 5272 et
629 5229 684 5292 per
707 5210 937 5292 plenitudinem
992 5213 1036 5275 ris
1052 5213 1122 5293 ejus
1136 5207 1342 5282 ahsconditis,
1352 5205 1384 5268 id
1399 5215 1448 5268 est
1458 5209 1591 5273 occultis
1601 5215 1734 5297 meritis,

193 5309 376 5392 synagoge,
396 5309 541 5372 doctrina
567 5309 644 5387 legis
668 5318 699 5372 et
723 5310 847 5373 codices
866 5312 940 5374 Pro-
993 5307 1182 5374 suavissime
1197 5313 1273 5368 sunt
1289 5304 1410 5368 relecti.
