4309 6259
415 500 474 565 too
754 522 927 569 manuario
948 523 979 568 nr
1000 522 1068 569 cnr.
1092 520 1145 566 xrr
1165 520 1362 567 manseron.
1384 540 1425 550 -
1445 522 1516 567 sur.
1538 522 1623 567 xxvn

414 693 527 755 altiora
552 693 726 775 adspirant,
751 702 782 757 ct
806 695 985 776 praecedere
1010 692 1158 756 meliores
1173 689 1198 751 A
1213 692 1301 755 tione
1318 709 1325 753 ε
1344 695 1418 755 Νοη
1434 696 1592 763 arcuimus,
1609 692 1640 755 id
1657 700 1715 770 est,
1734 692 1883 757 nolumus
1900 693 1953 755 tibi

414 800 580 854 conantur.
1213 790 1355 867 obedire,
1373 792 1429 854 sed
1447 800 1596 872 tanquam
1613 792 1812 854 seductorem
1827 800 1860 853 et
1874 812 1955 855 men-

454 890 610 970 Dim'tque
630 910 763 951 rursum
785 894 829 951 ad
850 893 938 961 Cere,
954 890 1064 953 volens
1085 909 1158 953 eum
1214 891 1324 953 dacem
1346 898 1442 971 atque
1464 889 1668 953 ambitiosum
1695 889 1892 971 despicimus
1917 899 1955 953 te.

414 989 466 1071 pie
482 1006 611 1051 monere
621 989 661 1051 ad
671 989 889 1052 desistendum
904 1008 977 1052 cum
993 989 1060 1051 suis
1074 1007 1081 1051 :
1094 993 1160 1050 Au·
1213 988 1333 1052 ldcirco
1349 989 1548 1070 subjungunt
1566 1006 1573 1050 :
1591 991 1763 1069 Numquid
1778 1009 1902 1067 purum
1914 1001 1958 1050 est

412 1091 492 1158 dite,
502 1089 569 1167 filii
579 1090 669 1149 Levi.
683 1089 754 1151 Haec
764 1087 843 1151 dixit
853 1089 894 1151 ad
905 1087 993 1165 Coro,
1008 1097 1159 1169 tanquam
1216 1089 1287 1157 tibi,
1303 1087 1336 1149 id
1356 1096 1414 1163 est,
1432 1086 1601 1149 videturne
1620 1086 1679 1149 tibi
1699 1088 1784 1168 quod
1800 1086 1958 1151 modicum

413 1188 452 1249 ad
479 1185 675 1250 incentorem
705 1185 858 1250 iocinoris
888 1195 1076 1265 ceterorum,
1105 1188 1158 1249 sed
1215 1184 1391 1249 lorelecisti
1408 1185 1765 1265 nobis,quodedueistr'
1780 1206 1836 1247 uos
1851 1189 1961 1247 deter-

414 1284 654 1366 omnespariler
670 1293 718 1347 est
733 1285 863 1348 allatus
879 1289 967 1347 Num
978 1306 1101 1363 parum
1112 1307 1161 1345 oo-
1214 1307 1253 1345 ra
1268 1307 1339 1365 quoe
1355 1290 1435 1346 laete
1453 1296 1484 1345 et
1504 1289 1595 1345 melle
1615 1288 1779 1357 manabat,
1796 1284 1830 1347 id
1852 1294 1901 1347 est
1922 1286 1962 1347 dc

415 1386 462 1444 bis
477 1393 534 1454 est,
544 1384 605 1446 boe
621 1392 679 1459 cst,
693 1402 758 1447 non
769 1384 928 1447 deberetis
940 1392 1088 1465 reputare
1103 1404 1160 1467 pro
1216 1392 1300 1446 terra
1323 1383 1447 1465 Aigypti
1470 1383 1562 1447 valde
1587 1381 1750 1445 fructuosa
1773 1390 1805 1445 et
1829 1383 1962 1464 opulen-

415 1481 552 1559 modioo,
565 1485 652 1562 quod
661 1485 824 1560 separauit
840 1504 893 1545 uos
907 1487 994 1545 Deus
1009 1485 1112 1544 Israel
1122 1486 1162 1544 ab
1215 1492 1257 1558 ta,
1275 1494 1312 1543 ut
1331 1485 1486 1544 occideres
1507 1485 1543 1543 iu
1562 1486 1696 1551 deserto,
1718 1481 1749 1543 id
1771 1490 1830 1559 est,
1848 1482 1881 1544 iu
1902 1482 1962 1545 bac

414 1582 505 1641 omui
517 1584 650 1659 populo,
669 1580 765 1643 idest
786 1600 804 1643 a
821 1580 934 1644 ceteris
952 1581 1100 1644 tribubus
1119 1583 1162 1644 ls-
1216 1582 1388 1645 solitudine
1405 1600 1463 1644 nos
1478 1580 1599 1644 laceres
1614 1580 1707 1657 mori,
1722 1589 1754 1643 ct
1769 1579 1854 1644 lame
1867 1600 1905 1643 ac
1920 1582 1963 1643 si-

416 1678 492 1756 rael,
505 1689 534 1739 et
537 1680 658 1757 junavit
673 1681 735 1739 sibi
754 1690 790 1739 ut
803 1682 967 1742 serviretis
977 1683 1008 1741 ci
1018 1683 1055 1741 in
1070 1686 1162 1742 cuttu
1216 1680 1240 1741 ti
1256 1679 1417 1743 tabescere
1435 1697 1442 1741 :
1461 1679 1493 1741 in
1515 1679 1632 1760 quibus
1654 1678 1762 1742 verbis
1782 1680 1963 1761 perniciose

417 1780 630 1849 tabernaculi,
646 1789 676 1839 et
695 1781 822 1839 staretis
841 1800 950 1841 coram
974 1782 1161 1860 frequentia
1216 1778 1342 1841 mentiti
1368 1786 1469 1854 sunt;
1493 1781 1561 1838 uisi
1582 1788 1612 1839 et
1640 1781 1827 1839 doma-'uatus
1855 1781 1962 1855 suerr's

412 1878 543 1955 populi,
557 1886 587 1936 et
609 1878 841 1937 uriur'straretis
855 1880 886 1937 ei
897 1880 911 1937 ?
927 1880 1053 1939 Idcirco
1074 1882 1118 1938 ud
1131 1899 1163 1938 se
1181 1874 1332 1947 Buostri,
1349 1876 1381 1938 id
1403 1883 1462 1952 est,
1481 1876 1577 1939 ctiam
1597 1885 1700 1940 morte
1720 1876 1808 1939 civili
1830 1895 1888 1939 nos
1908 1896 1964 1958 op

415 1972 492 2050 fecit
512 1974 658 2032 accedere
674 1983 715 2042 te,
730 1991 749 2036 ο
767 1973 856 2049 Cure,
872 1985 902 2035 et
922 1994 1029 2035 omues
1043 1978 1163 2054 fratres
1217 1976 1354 2057 primaS,
1385 1974 1418 2037 in
1450 1975 1635 2038 servitutum
1666 1993 1724 2038 nos
1753 1975 1928 2055 redigendo
1951 1981 1963 2037 l

418 2080 487 2131 tuos
502 2072 587 2148 filios
601 2072 694 2140 Levi,
711 2070 742 2133 id
766 2079 814 2134 est
830 2071 907 2134 istos
923 2080 992 2135 tuos
1012 2081 1164 2152 cognatos
1218 2073 1338 2136 Deinde
1354 2073 1476 2136 ironice
1498 2074 1640 2135 addunt:
1657 2076 1782 2135 Revera
1798 2076 1965 2154 instructus·

418 2166 476 2230 libi
500 2185 586 2230 nunc
611 2167 812 2245 adsistentes
830 2180 866 2230 ut
890 2172 976 2230 vobis
994 2172 1094 2232 etium
1117 2192 1165 2231 sa·
1220 2192 1277 2233 uos
1301 2174 1338 2231 iu
1364 2183 1484 2233 terram
1508 2193 1579 2252 quae
1602 2174 1680 2249 fluit
1710 2173 1793 2233 riuis
1817 2175 1910 2232 lactis
1934 2184 1965 2233 et

417 2268 597 2327 cordolium
612 2267 796 2337 vindicetis,
811 2268 843 2329 id
859 2277 917 2344 est,
933 2287 1087 2350 usurpare
1102 2278 1166 2331 ten·
1219 2273 1405 2341 mellis,etc.
1418 2274 1470 2331 Au
1486 2282 1516 2330 et
1531 2276 1768 2331 oeulosuostros
1783 2274 1831 2331 vis
1840 2292 1966 2337 emere,

420 2364 513 2427 tetisl
528 2364 583 2426 Est
602 2373 709 2427 autem
727 2365 904 2447 probabile,
922 2368 1007 2447 quod
1023 2367 1102 2430 Cere
1116 2367 1165 2430 iu·
1220 2368 1316 2431 idest
1337 2368 1537 2451 tyrannidem
1558 2368 1592 2429 in
1614 2387 1672 2431 uos
1693 2386 1841 2431 exercere
1863 2388 1966 2449 usquc

420 2461 570 2525 tendebat
584 2461 688 2527 Aaron
704 2483 741 2525 ex
762 2464 954 2545 pontificatu
974 2465 1117 2547 rejicere,
1135 2476 1167 2529 ct
1219 2467 1260 2530 ad
1284 2466 1552 2529 mutilationem?
1578 2469 1653 2529 Nou
1686 2470 1843 2529 venimus.
1869 2466 1965 2540 Quasi

421 2560 513 2623 illum
540 2559 601 2623 sibi
627 2562 844 2643 appropriare.
863 2566 905 2625 lu
929 2565 1033 2624 omisis
1053 2568 1167 2641 plotus
1220 2565 1353 2629 dicant:
1375 2565 1408 2627 ln
1430 2565 1489 2628 boc
1510 2584 1620 2627 sumus
1642 2563 1763 2627 firmati
1783 2564 1833 2627 vel
1857 2565 1966 2647 potius

422 2671 507 2731 tuus,
530 2659 562 2721 id
582 2668 631 2722 est
648 2659 708 2722 ista
725 2660 872 2724 collectio
892 2669 957 2738 tua,
977 2672 1035 2723 stet
1055 2674 1165 2723 eontra
1220 2663 1384 2739 obstinati,
1402 2663 1487 2745 quod
1503 2664 1542 2725 de
1564 2671 1669 2726 cetero
1686 2681 1750 2726 non
1766 2663 1967 2745 obtempera-

421 2758 611 2828 Domiuum,
629 2757 662 2820 id
682 2766 740 2834 cst,
762 2767 872 2821 contra
896 2760 951 2823 Dei
972 2769 1167 2841 praeceptum
1221 2761 1327 2823 bimus
1344 2761 1413 2823 tibi.
1430 2760 1567 2842 Reprobi
1588 2760 1642 2823 isti
1657 2761 1725 2824 sola
1742 2770 1867 2824 terrena
1881 2780 1969 2843 quao-

423 2854 481 2917 tibi
502 2855 682 2919 adhaercatt
700 2856 767 2920 Nou
786 2859 967 2937 asserendo,
986 2859 1041 2921 sed
1062 2859 1168 2921 redar-
1221 2858 1353 2922 rebant:
1371 2858 1427 2940 qui
1450 2859 1476 2920 si
1502 2878 1576 2921 vere
1592 2857 1728 2922 luissent
1742 2860 1879 2942 desuper
1894 2859 1970 2921 illu-

422 2954 559 3037 guendo,
572 2954 652 3018 dicit
665 2955 724 3018 boc
735 2955 854 3037 Moyses
868 2974 874 3017 :
888 2975 961 3019 nam
977 2957 1168 3035 auditonis
1221 2956 1323 3033 strati,
1342 2955 1634 3038 incomparabiliter
1650 2957 1722 3038 plns
1738 2958 1970 3038 ponderassem

422 3063 467 3114 est
495 3054 583 3115 euim
607 3058 720 3115 Aaron
750 3065 786 3115 ut
816 3058 1027 3117 murmuretis
1056 3066 1168 3117 contra
1183 3050 1206 3113 C
1223 3063 1254 3118 et
1277 3054 1447 3136 appretiati
1472 3052 1620 3130 luissent,
1646 3055 1733 3136 quod
1757 3063 1803 3118 tot
1827 3064 1858 3117 et
1882 3062 1972 3117 lanta

422 3154 522 3213 euru?
538 3151 629 3232 quasi
645 3151 740 3229 dicat,
757 3153 972 3217 Consobrinus
989 3163 1093 3218 vester
1107 3162 1166 3230 est,
1223 3152 1382 3215 mirabilia
1397 3152 1452 3215 Dei
1473 3153 1567 3215 toties
1587 3162 1832 3234 conspexerunt,
1851 3154 1915 3215 imo
1937 3163 1968 3216 et

425 3268 484 3312 nec
498 3249 615 3329 justam
632 3258 742 3313 contra
757 3270 829 3314 eum
853 3252 1008 3315 rationem
1025 3272 1169 3315 murmu-
1223 3251 1368 3332 quotidie
1383 3250 1600 3327 intuebantur,
1616 3252 1700 3331 quod
1721 3250 1823 3332 legem
1839 3272 1971 3333 accepe-

425 3347 668 3425 randibabetis,
686 3349 841 3430 quianon
862 3350 994 3430 ingessit
1010 3370 1044 3414 se
1064 3352 1169 3433 ipsum
1225 3357 1298 3411 runt
1318 3350 1358 3411 de
1377 3349 1469 3426 coelo,
1493 3358 1525 3411 et
1542 3349 1711 3412 Dominum
1732 3350 1899 3412 audierunt
1920 3351 1971 3413 cis

426 3447 465 3509 ad
480 3444 689 3528 pontificatus
705 3447 869 3511 bonorem.
1225 3448 1408 3528 loquentem
1434 3466 1491 3528 per
1516 3446 1676 3528 angelum,
1702 3466 1799 3528 quam
1823 3448 1968 3511 omnium

468 3546 561 3605 Misit
584 3566 658 3623 erpo
685 3549 820 3624 Moyses,
841 3558 878 3608 ut
900 3558 1024 3608 vocaret
1039 3551 1171 3610 Datltau
1225 3545 1427 3608 effluentiam
1445 3554 1652 3608 terrenorum.

425 3644 590 3705 etAbiron
605 3646 809 3723 filioslt'liab.
823 3645 887 3709 Hoc
903 3664 1016 3709 sonare
1032 3647 1170 3724 videtur,
1266 3648 1436 3723 [ratusque
1452 3647 1576 3721 Moyses
1592 3648 1695 3706 ualde.
1713 3645 1775 3707 lsta
1790 3644 1890 3707 sancti
1905 3644 1969 3706 viri

425 3741 518 3824 quasi
543 3741 667 3805 miserit
692 3742 797 3824 primo
829 3744 989 3821 nuntium,
1015 3744 1072 3826 qui
1098 3743 1170 3807 illos
1226 3742 1401 3817 iracundia,
1428 3740 1491 3803 luit
1512 3742 1559 3803 ira
1583 3761 1640 3824 per
1663 3743 1778 3805 zelum.
1807 3742 1971 3824 Siquidem

425 3847 553 3903 vocaret
574 3840 613 3902 ad
636 3840 787 3923 Moysen:
809 3840 926 3922 quibus
947 3842 1056 3905 venire
1079 3862 1171 3904 renu-
1226 3839 1404 3904 divinitatis
1424 3858 1532 3903 amore
1551 3849 1582 3903 et
1603 3860 1677 3903 vera
1697 3841 1845 3922 equitate
1870 3842 1974 3924 reple·

427 3936 569 4013 entibuS,
594 3936 729 4019 ipsemet
750 3937 870 4020 Moyses
894 3938 952 4001 ivit
971 3940 1011 4001 ad
1031 3958 1096 4002 eos.
1114 3940 1170 4003 Vel
1227 3947 1288 4014 tus,
1306 3945 1426 3999 tantam
1442 3937 1676 4019 Omnipotentis
1698 3938 1849 4019 injuriam
1864 3948 1894 4002 et
1914 3959 1975 4022 po-

426 4054 539 4097 sensus
555 4043 613 4111 est,
626 4036 713 4116 quod
725 4036 823 4113 misit,
837 4037 868 4098 id
884 4045 942 4114 est,
955 4037 1079 4099 dimisit
1093 4038 1171 4101 Gorc
1227 4036 1451 4099 testatisalleo
1462 4035 1585 4099 collatas
1595 4046 1823 4118 contemptum,
1832 4038 1975 4119 amplius

426 4141 458 4195 et
475 4152 549 4196 suos
565 4132 611 4195 sic
627 4141 720 4211 stare,
734 4143 765 4195 et
782 4134 839 4197 ivit
856 4144 891 4197 nt
906 4144 1034 4199 vocaret
1049 4136 1170 4198 Datban
1226 4133 1310 4197 ferre
1335 4132 1492 4214 nequivit.
1509 4136 1568 4195 Au
1589 4137 1633 4194 cul
1647 4136 1846 4196 Dominum:
1862 4138 1911 4197 Ne
1926 4159 1975 4197 re

428 4236 459 4292 et
474 4228 606 4307 Abiron,
620 4238 655 4292 ut
670 4231 816 4295 venirent
839 4234 877 4295 ad
893 4233 1008 4296 atrium
1026 4233 1172 4297 taberna·
1187 4235 1210 4296 ll
1225 4234 1342 4311 spr'cias
1353 4232 1392 4294 ad
1401 4234 1565 4310 sacrificia
1575 4252 1693 4303 coruus,
1702 4231 1734 4294 id
1745 4240 1799 4308 cst,
1813 4232 1977 4299 sacrificia

428 4326 506 4403 culi,
523 4336 578 4389 aut
593 4328 678 4391 circa
694 4327 748 4391 ubi
764 4328 842 4393 Cere
857 4330 945 4393 stetit
960 4339 991 4393 et
1007 4331 1056 4393 sui
1072 4351 1108 4395 ac
1123 4351 1171 4395 ce
1225 4331 1340 4393 borum
1362 4329 1530 4393 rebellium
1546 4330 1726 4393 Levitarum
1751 4339 1881 4413 accepta
1905 4352 1972 4397 non

428 4432 503 4489 terre
529 4426 641 4489 tribus.
658 4426 765 4504 Porro,
783 4430 958 4491 secundum
983 4430 1169 4512 losepbum,
1225 4427 1354 4491 babeas.
1382 4428 1465 4490 lstud
1488 4435 1556 4491 erat
1582 4427 1735 4506 terribile,
1751 4431 1880 4510 qnando
1904 4440 1972 4493 tam

426 4524 546 4607 Moyses
576 4524 664 4587 misit
694 4526 869 4605 ministros,
899 4536 934 4591 ut
963 4530 1111 4593 venirent
1140 4537 1171 4591 ct
1225 4525 1313 4588 mitis
1328 4534 1360 4588 et
1374 4526 1447 4607 pius
1462 4525 1623 4607 praelatus,
1641 4526 1696 4607 qui
1718 4526 1882 4609 bucusque
1895 4547 1974 4591 con·

425 4623 574 4687 adessent
593 4625 721 4705 quando
739 4625 817 4688 Cora
837 4634 869 4688 et
889 4627 949 4703 sni,
969 4628 1072 4691 Aaron
1094 4646 1171 4709 quo·
1225 4623 1329 4685 suevit
1345 4642 1436 4687 orare
1456 4642 1514 4705 pro
1530 4622 1596 4684 illis
1616 4623 1712 4685 etiam
1733 4643 1831 4706 prave
1849 4628 1975 4705 agenti-

424 4740 498 4803 qnc,
516 4721 751 4800 thurificarent,
769 4724 808 4786 ad
825 4727 1059 4806 agnoscendum
1078 4726 1170 4809 cujus
1224 4722 1295 4799 bus,
1309 4730 1420 4785 contra
1434 4740 1489 4785 eos
1505 4720 1617 4783 oravit..
1629 4720 1755 4784 Sciebat
1769 4731 1872 4786 autem
1889 4724 1975 4809 Moy-

423 4818 615 4900 obsequium
631 4822 695 4885 Deo
710 4822 859 4903 placeret.
872 4823 961 4885 Unde
975 4823 1121 4903 Magister
1137 4826 1170 4886 in
1225 4841 1292 4898 scS,
1323 4820 1407 4902 quod
1438 4821 1520 4883 Deus
1550 4819 1679 4881 illorum
1711 4820 1870 4884 sacriticia
1905 4843 1974 4887 non

424 4917 569 4981 historiis
584 4918 630 4980 ait
647 4936 654 4980 ε
672 4919 738 4982 lllis
754 4920 800 4983 sic
818 4919 987 4997 stantibus,
1004 4922 1171 4985 descendit
1224 4925 1412 5001 acceptaret.
1432 4918 1491 4981 Sed
1518 4918 1551 4979 in
1572 4918 1623 4979 bis
1647 4917 1766 4998 Moyses
1792 4937 1901 4983 orasse
1926 4924 1975 4986 vi·

426 5014 546 5096 Moyses
567 5036 639 5078 cum
661 5017 840 5081 senioribus
856 5019 967 5100 populi
988 5020 1027 5081 ad
1047 5019 1168 5082 llatban
1225 5022 1328 5096 detur,
1356 5026 1391 5079 nt
1415 5018 1620 5099 omnipotens
1646 5017 1727 5079 Meus
1752 5037 1808 5099 per
1837 5021 1975 5085 evidens

425 5120 457 5175 et
476 5111 608 5175 Abiron.
627 5114 721 5179 Porro
741 5115 871 5193 Abiron,
889 5118 1065 5179 secundum
1087 5117 1171 5181 lose
1225 5117 1551 5197 signumostenderet,
1563 5087 1651 5196 quod
1665 5114 1795 5178 illorum
1810 5117 1976 5183 sacrificia

426 5210 539 5291 pbum,
557 5209 619 5273 luit
639 5230 677 5274 ex
695 5222 784 5294 parte
804 5214 903 5295 patris
922 5215 1040 5302 Levita.
1224 5214 1285 5277 sibi
1299 5222 1406 5277 essent
1427 5213 1561 5295 ingrata.
1579 5218 1627 5275 Tu
1641 5216 1703 5273 aas
1723 5217 1809 5293 quod
1829 5236 1870 5275 ue
1891 5225 1975 5278 amt-

468 5310 532 5377 Qua'
558 5314 789 5387 responderunt
814 5312 901 5394 pleni
927 5314 1085 5377 diabolica
1109 5315 1170 5378 ela·
1224 5314 1292 5374 luris
1307 5314 1437 5393 quidem
1447 5333 1593 5391 uuquam
1603 5314 1779 5391 acceperim
1788 5314 1829 5372 ab
1842 5316 1904 5386 ets,
1914 5338 1975 5378 uec
