4309 6259
621 498 797 545 urieoearro
818 499 848 544 m
869 499 1119 544 rmrrreuenuu.
1142 518 1182 527 —
1203 499 1273 544 aar.
1299 500 1315 542 ι
1676 484 1735 547 705

188 668 317 745 ddecet,
336 668 451 731 tabula
473 687 601 751 quoque
622 670 655 731 in
678 669 795 752 quibus
819 667 976 751 scriptah
992 668 1218 749 significantur
1242 677 1363 751 septem
1389 669 1534 751 planctae,
1562 672 1616 751 qui
1642 690 1735 733 mun·

190 763 323 829 fueraut
343 768 453 831 decem
476 776 644 849 precepta.
661 769 742 830 Arca
756 776 860 830 autem
877 767 938 829 sita
992 768 1068 829 dum
1085 767 1280 830 illuminant.
1289 768 1327 830 Et
1344 767 1543 849 ideoaparte
1558 770 1735 851 ponebatur

65 875 139 919 5³0³.
189 872 260 928 erat
279 864 364 927 iuter
387 865 467 929 duos
489 866 671 941 Cherubim,
690 866 747 947 qui
770 887 804 928 se
825 876 936 928 mutuo
991 866 1134 942 australi,
1152 867 1228 947 quia
1248 886 1286 929 ex
1305 866 1362 929 illa
1378 876 1466 947 parte
1480 867 1627 930 oriuntur
1642 868 1735 932 nobis

42 942 172 1051 We.
188 962 292 1025 versis
309 964 452 1027 vultibus
472 964 695 1046 respiciebant.
714 964 815 1046 Super
830 984 936 1027 arcum
992 963 1138 1045 planctae.
1156 965 1262 1028 Altare
1283 972 1388 1027 autem
1410 964 1627 1047 thymiamatis
1647 966 1736 1028 insti·

190 1079 267 1124 vero
282 1068 351 1124 erat
364 1062 510 1144 quedam
526 1062 645 1139 tabula,
662 1081 734 1143 quae
750 1062 936 1144 propitiato
992 1069 1096 1123 tutum
1113 1062 1184 1139 fuit,
1194 1071 1229 1125 ut
1242 1071 1325 1126 esset
1341 1082 1465 1145 semper
1480 1064 1513 1126 in
1530 1064 1735 1128 tabernaculo

187 1157 273 1221 rium
288 1160 418 1237 dieitur,
435 1179 507 1242 quae
530 1168 598 1224 erat
620 1161 712 1241 quasi
735 1161 825 1223 sedes
847 1161 902 1223 Dei
925 1179 932 1223 ε
992 1159 1101 1223 fumus
1116 1161 1193 1225 boni
1209 1162 1326 1239 odoris,
1339 1172 1449 1225 contra
1465 1161 1609 1225 foetorem
1626 1163 1682 1244 qui
1698 1183 1735 1227 ex

187 1266 220 1321 et
249 1258 416 1323 dicebatur
451 1258 723 1341 propitiatorium,
754 1258 831 1340 quia
861 1259 936 1322 inde
991 1259 1151 1323 occisione
1167 1261 1355 1323 animalium
1371 1261 1650 1338 accidit,etetiam
1666 1281 1736 1345 pro

187 1357 271 1420 Deus
288 1356 523 1439 propitiabatur
539 1358 658 1440 populo
673 1357 713 1420 ad
729 1376 838 1439 preces
855 1377 937 1420 sum·
991 1365 1062 1438 pter
1077 1360 1289 1422 reverentiam
1306 1360 1367 1423 loci
1378 1376 1385 1421 :
1396 1378 1467 1441 quas
1478 1360 1564 1423 enim
1577 1360 1653 1425 boni
1664 1363 1736 1425 odo·

187 1456 234 1518 mi
259 1456 445 1533 sacerdotis,
463 1462 495 1519 et
515 1455 700 1539 portabatur
719 1456 760 1518 ab
780 1456 839 1518 alis
858 1457 936 1519 Che
991 1456 1034 1517 ris
1050 1457 1623 1533 sunt,h0norantur.llensaveronon
1639 1478 1736 1542 pone

188 1553 307 1631 rubim,
325 1554 360 1616 in
379 1554 506 1635 siguum
526 1555 613 1635 quod
632 1554 737 1636 angeli
760 1554 822 1618 Deo
842 1554 936 1616 mini·
990 1552 1085 1615 batur
1110 1555 1143 1616 in
1169 1556 1275 1619 medio
1299 1563 1374 1619 ante
1402 1556 1669 1638 propitiatorium,
1695 1560 1735 1621 ad

188 1660 302 1715 strent.
320 1651 381 1715 Sed
401 1661 433 1715 et
451 1672 524 1716 arca
542 1653 734 1729 testamenti,
753 1661 821 1715 erat
843 1652 935 1734 quasi
990 1652 1222 1715 excludendum
1248 1654 1483 1717 idololatriam:
1504 1654 1579 1735 quia
1605 1655 1736 1719 idolola-

73 1735 170 1771 ''¹¹'''
188 1750 365 1813 scabellum
388 1751 529 1814 sedentis
550 1770 646 1833 super
663 1751 932 1833 propitiatorium.
989 1757 1046 1813 trae
1061 1750 1159 1814 sacris
1177 1751 1260 1813 lunae
1277 1751 1440 1833 ponebant
1462 1770 1603 1815 mensam
1620 1752 1654 1815 iu
1670 1773 1735 1817 mc-

184 1849 245 1912 Per
268 1849 337 1913 haec
361 1849 460 1930 igitur
485 1850 557 1926 tria,
582 1848 850 1931 significabantur
873 1850 935 1911 tria
951 1852 974 1913 B
989 1847 1043 1911 dio
1058 1867 1165 1911 coram
1181 1849 1278 1912 idolo.

185 1968 259 2031 quae
270 1947 304 2011 iu
314 1947 473 2030 spirituali
485 1948 706 2031 superiorique
716 1948 832 2012 saeculo
843 1957 932 2011 sunt:
1028 1946 1142 2009 Omnia
1155 1966 1284 2029 quoque
1299 1948 1452 2029 predicta
1461 1947 1620 2011 Christum
1633 1949 1734 2013 diver-

184 2047 337 2111 videlioet
351 2046 433 2110 Deus
449 2047 599 2111 omnibus
619 2046 805 2129 praesidens,
822 2056 855 2111 et
876 2048 934 2109 im·
990 2044 1112 2107 simodo
1142 2044 1400 2127 praefigurabant.
1428 2046 1505 2108 Nam
1535 2045 1733 2125 figurabatur

185 2164 330 2222 mensus,
356 2154 388 2209 et
418 2144 755 2227 incomprehensibilis
769 2170 776 2220 3
803 2156 934 2228 propter
991 2161 1048 2225 per
1062 2143 1332 2226 propitiatorium,
1349 2144 1499 2225 quoniam
1516 2144 1585 2226 ipse
1601 2154 1649 2210 est
1663 2166 1733 2229 pro
1756 2167 1878 2218 risanae,

183 2244 271 2325 quod
288 2244 376 2307 nulla
391 2244 463 2326 ejus
478 2244 656 2308 similitudo
671 2244 860 2326 ponebatur,
878 2247 932 2309 sed
990 2241 1115 2323 pitiatio
1138 2260 1196 2324 pro
1218 2242 1356 2324 peccatis
1377 2242 1506 2305 nostris.
1525 2242 1734 2323 figurabatur
1748 2232 1768 2273 ²·

185 2341 352 2407 iocabatur
375 2343 406 2407 ei
435 2342 526 2425 quasi
557 2344 658 2420 sedes,
684 2344 760 2424 quia
789 2353 933 2407 creatura
989 2358 1117 2421 quoque
1138 2359 1193 2422 per
1212 2359 1330 2403 aream.
1352 2340 1624 2414 Quemadmodum
1645 2343 1732 2407 enim

185 2459 258 2521 quae
274 2442 337 2504 lleo
353 2441 497 2523 subjecta
511 2449 560 2505 est
573 2442 802 2523 comprehendi
818 2450 931 2524 potest.
989 2457 1062 2501 area
1077 2446 1146 2502 erat
1161 2439 1201 2501 de
1218 2438 1314 2518 lignis
1330 2438 1435 2516 setim,
1455 2438 1500 2502 sic
1518 2458 1633 2522 eorpus
1648 2441 1735 2504 Chri·

185 2538 360 2603 Cherubim
374 2548 481 2603 autem
496 2540 552 2622 qui
569 2560 603 2603 se
619 2548 729 2603 mutuo
745 2540 931 2621 respiciunt,
989 2538 1029 2599 sti
1047 2557 1086 2599 ex
1101 2538 1255 2601 membris
1270 2544 1394 2601 constat
1410 2538 1602 2620 purissimis.
1614 2539 1653 2601 Et
1668 2550 1735 2603 erat

186 2637 401 2719 designabant
416 2638 600 2719 spirituales
615 2638 810 2701 substantias
824 2640 934 2720 patria
988 2655 1061 2699 areu
1071 2636 1231 2713 deaurata,
1239 2636 1316 2717 quia
1325 2635 1469 2699 Christus
1482 2636 1544 2699 fuit
1560 2637 1673 2719 plenus
1689 2658 1735 2701 sa-

187 2736 340 2813 coelestis,
357 2736 391 2798 in
414 2735 533 2818 quibus
556 2755 617 2818 pax
636 2755 762 2799 summa
776 2745 825 2800 est
839 2745 934 2819 atquo
989 2734 1110 2816 pientia
1125 2743 1156 2797 et
1171 2734 1303 2798 caritate
1315 2733 1435 2798 divina.
1445 2735 1479 2797 ln
1495 2755 1567 2799 arca
1583 2755 1657 2800 vero
1673 2736 1734 2799 fuit

49 2843 87 2885 Ιώ
94 2848 171 2892 nsi·
186 2834 370 2912 concordia,
387 2834 471 2897 sicut
492 2834 525 2896 in
544 2834 601 2898 lob
620 2834 738 2898 dicitur
755 2853 762 2897 :
780 2835 838 2909 Oui
858 2836 935 2899 facit
988 2850 1085 2896 aurea
1100 2851 1187 2908 urna,
1197 2832 1273 2913 quia
1288 2832 1322 2893 in
1332 2832 1457 2896 Christo
1470 2840 1518 2896 est
1533 2834 1734 2897 sanctissima

187 2934 392 2998 concordiam
408 2933 443 2995 iu
459 2933 651 2997 sublimibus
667 2934 744 2996 suis.
756 2934 813 2997 Per
828 2954 934 2998 aream
988 2931 1115 3009 anima;
1133 2940 1164 2993 et
1180 2950 1308 3007 manna,
1325 2930 1401 3012 quia
1416 2931 1448 2993 in
1464 2932 1588 2995 Christo
1604 2942 1652 2995 est
1667 2952 1734 2996 om·
1749 2954 1878 3007 cemus.

44 3048 171 3098 necans
186 3051 274 3111 vero,
293 3034 327 3096 iu
342 3052 406 3115 qua
423 3033 483 3095 tria
498 3033 650 3115 praedicta
668 3034 863 3111 exstiterant,
881 3028 968 3097 dec
989 3030 1038 3094 nis
1062 3031 1228 3113 plenitudo
1247 3029 1436 3093 divinitatis
1454 3030 1527 3093 Erat
1547 3032 1675 3094 demum
1698 3032 1732 3094 iu

187 3132 357 3212 signantur
380 3132 521 3196 rationes
545 3132 690 3195 omnium
715 3153 787 3214 quse
813 3133 846 3195 in
872 3133 933 3197 hor
987 3149 1060 3193 arca
1075 3130 1165 3210 virga
1179 3130 1294 3205 Aaron,
1312 3128 1345 3190 id
1365 3136 1413 3190 est
1428 3130 1631 3193 sacerdotalis
1647 3138 1733 3212 pote

187 3232 310 3295 mundo
324 3230 471 3294 sensibili
483 3230 656 3312 fiuntque
671 3231 783 3313 utique
794 3231 827 3293 in
844 3232 933 3313 spiri·
987 3237 1063 3306 stas,
1080 3227 1156 3309 quia
1177 3228 1216 3290 de
1238 3227 1362 3290 Christo
1385 3236 1550 3290 cantatur:
1568 3228 1613 3291 Tu
1630 3248 1664 3292 es
1684 3248 1733 3291 sa·
1757 3249 1878 3299 ranna,

187 3329 267 3392 tuali
283 3329 400 3393 saeculo
417 3329 473 3392 illo
493 3328 707 3392 infallibiliter
717 3329 929 3408 continentur,
987 3328 1098 3391 cerdos
1110 3326 1142 3387 in
1154 3334 1307 3389 aternum
1322 3326 1497 3389 seeundum
1507 3326 1652 3391 ordinem
1664 3328 1732 3391 blel-

186 3428 366 3512 prmsertim
382 3428 415 3490 in
432 3428 555 3490 lumine
570 3428 687 3491 mentis
702 3428 830 3491 divinae.
986 3424 1167 3488 chisedech.
1186 3423 1283 3486 Erant
1307 3441 1435 3505 quoquc
1462 3424 1494 3486 in
1519 3444 1591 3488 arca
1616 3426 1731 3493 tabule

237 3530 271 3591 ln
301 3528 450 3592 exteriori
479 3527 609 3610 insuper
639 3528 842 3593 tabernaculo
873 3531 932 3593 tria
986 3523 1179 3600 testamenti,
1196 3522 1347 3604 quoniam
1363 3522 1506 3585 Christus
1522 3531 1570 3585 est
1587 3544 1731 3589 summus

49 3637 172 3691 End-ux.
186 3637 300 3691 erant:
318 3628 467 3691 videlicet
485 3627 584 3690 altare
602 3627 828 3708 thymiamatis,
845 3631 930 3711 quod
988 3623 1160 3705 legislator,
1187 3620 1242 3703 qui
1274 3620 1473 3701 figurabatur
1499 3641 1555 3704 per
1582 3625 1730 3687 candela·
1768 3650 1797 3694 u.
1805 3664 1876 3704 ιιιιιιι

45 3702 172 3752 ‘²¹¹'¹‘³⁵'
187 3728 386 3791 eratdireete
400 3734 511 3789 eontra
525 3744 649 3799 arcam3
663 3745 773 3787 mensa
788 3728 932 3809 proposi·
986 3722 1092 3795 hrum,
1116 3720 1198 3783 sieut
1224 3719 1292 3801 ipse
1312 3727 1444 3781 testatur
1463 3737 1469 3780 :
1491 3720 1556 3799 Ego
1581 3740 1651 3783 sum
1676 3723 1730 3785 lux
1745 3715 1778 3819 ξ·
1841 3791 1846 3801 ,

188 3826 297 3902 tionis,
315 3842 522 3907 superquam
539 3823 707 3885 duodecim
724 3842 821 3905 panes
838 3844 932 3907 ponc
986 3818 1174 3883 mundiPer
1184 3826 1306 3900 septem
1322 3817 1474 3892 lucernas,
1486 3818 1652 3898 signantur
1665 3840 1732 3904 sep
1747 3790 1876 3882 rafam

187 3926 454 4004 bantur‚eratque
466 3922 499 3984 iu
511 3930 600 4003 perte
614 3922 793 4003 aquilonari
811 3923 929 4000 locata3
988 3930 1051 3983 tem
1066 3919 1149 3981 dona
1165 3915 1301 3998 Spiritus
1317 3915 1434 3978 Sancti.
1450 3915 1509 3979 Sed
1525 3926 1556 3979 et
1572 3938 1628 4000 per
1644 3938 1732 3983 men-

187 4021 511 4103 candelabrum,quod
521 4029 589 4083 erat
604 4019 636 4081 in
648 4029 738 4101 parte
747 4023 931 4086 australi.ln
988 4036 1054 4080 sam
1078 4015 1222 4079 Christus
1248 4013 1447 4094 figurabatur
1470 4030 1476 4075 :
1499 4014 1567 4097 ipso
1593 4036 1731 4100 namque

186 4119 380 4187 candelabro
395 4128 502 4181 autern
521 4118 644 4181 ratione
659 4118 837 4200 splendoris
854 4120 933 4200 figu-
986 4114 1123 4194 uitligo
1147 4132 1215 4174 sum
1240 4111 1332 4193 panis
1357 4112 1459 4173 vivus.
1481 4111 1538 4175 Per
1563 4114 1729 4179 duodecim
1744 4137 1877 4189 uranu.

187 4220 317 4284 robatur
332 4216 506 4299 sapientia3
518 4234 575 4297 pcr
590 4216 689 4280 altare
705 4217 931 4299 thymiamatis,
947 4217 972 4279 lt
987 4232 1087 4298 panes
1102 4210 1369 4293 significabantur
1383 4210 1540 4293 Apostoli,
1553 4213 1603 4277 vel
1620 4233 1730 4279 eorum
1751 4222 1754 4229 '
1795 4222 1797 4226 ’

186 4318 337 4383 officium
362 4316 582 4389 sacerdotum
607 4334 663 4396 per
688 4334 831 4385 mensam
858 4338 934 4383 vero
988 4312 1143 4377 doctrina.

187 4414 388 4498 figurabatur
402 4412 554 4476 alimonia
570 4412 652 4475 vitae.
665 4413 843 4477 Ponebatur
858 4434 934 4496 ergo
1029 4410 1171 4491 Denique
1185 4408 1225 4470 de
1242 4406 1478 4471 constructione
1493 4408 1601 4472 altaris
1616 4412 1734 4495 duplex

187 4512 416 4579 candelabrum
432 4510 466 4571 in
481 4519 571 4592 parte
586 4511 737 4573 australi:
756 4530 830 4594 pars
846 4515 932 4578 enim
988 4509 1152 4573 invenitur
1176 4527 1195 4569 a
1219 4505 1353 4569 Domino
1378 4506 1487 4568 datum
1513 4518 1705 4592 pracceptum
1724 4530 1731 4574 :

187 4612 337 4677 australis
352 4617 401 4673 est
416 4610 544 4672 dextera
553 4608 637 4686 eoeli,
647 4611 821 4673 secundum
833 4612 935 4677 Philo
989 4628 1088 4672 uuum
1105 4607 1138 4669 in
1154 4605 1236 4686 legis
1251 4603 1660 4669 exordioldandavltenim
1676 4610 1735 4674 Do
1779 4656 1781 4661 ·

188 4706 508 4793 sophumSupieutia
523 4725 597 4770 vero
609 4707 648 4768 ad
661 4707 822 4771 dexterum
839 4713 935 4793 perti·
989 4706 1095 4770 minus
1106 4706 1154 4786 (ut
1169 4704 1202 4765 in
1214 4703 1321 4765 Exodo
1337 4699 1467 4783 legitur)
1477 4702 1575 4767 altare
1589 4705 1651 4768 sibi
1661 4727 1734 4771 con·
1761 4720 1764 4727 '

189 4819 254 4887 net,
264 4809 347 4871 sicut
362 4814 395 4869 et
408 4813 514 4867 cetera
529 4804 708 4886 spiritualia
722 4806 816 4871 hona.
829 4809 934 4873 llensa
989 4806 1079 4869 stitui
1090 4805 1128 4867 de
1142 4811 1236 4879 terra,
1247 4800 1296 4863 vel
1313 4801 1424 4863 saltem
1435 4800 1475 4863 de
1490 4801 1650 4883 lapidibus
1667 4826 1732 4871 non
1761 4833 1878 4879 paoem,

187 4917 294 4973 autem
318 4923 392 4987 quae
413 4903 588 4985 temporale
613 4904 843 4968 nutrimentum
873 4908 933 4971 im·
989 4904 1094 4980 sectis,
1113 4920 1177 4964 nou
1197 4900 1307 4975 altum,
1327 4916 1366 4959 ne
1382 4916 1438 4979 per
1452 4900 1568 4977 gradus
1583 4908 1733 4971 ascende
1747 4899 1819 4940 Ἠθ-

187 5011 383 5090 portat,erat
396 5003 437 5064 ad
452 5001 729 5083 aquilonemque
741 5012 789 5065 est
804 5005 935 5070 sinistra
990 5013 1076 5067 retur
1100 5001 1140 5063 ad
1165 4998 1256 5074 illud,
1279 5015 1319 5059 ne
1343 4996 1506 5077 turpitudo
1531 5004 1733 5069 ascendentis

187 5124 262 5188 pars
284 5101 379 5165 ooeli:
397 5119 455 5183 per
474 5099 637 5161 sinistram
653 5118 729 5164 vero
746 5105 934 5185 temporalia
989 5101 1193 5166 revelaretur.
1220 5093 1294 5170 Quo
1318 5094 1425 5157 omnia
1453 5096 1730 5181 praecipiebantur,

187 5197 554 5283 designantur.llabebat
564 5216 692 5279 quoque
706 5200 935 5265 candelabrum
988 5207 1145 5284 quatenus
1156 5194 1293 5278 populus
1309 5192 1364 5255 ille
1378 5191 1418 5255 ab
1435 5191 1611 5259 idololatris
1622 5200 1733 5264 distin-

188 5308 312 5383 septem
335 5298 485 5374 calamos,
501 5295 637 5377 Josepho
663 5303 754 5373 teste,
771 5316 828 5379 per
852 5319 935 5382 quos
989 5291 1368 5382 gueretur.Fabrioabant
1382 5289 1467 5356 enim
1484 5292 1733 5365 idololotrsadiis

256 5420 260 5426 ’
313 5433 346 5484 r.
364 5432 388 5481 a.
1577 5430 1609 5481 45
