4309 6259
526 511 700 557 unannsuo
722 512 752 556 m
773 512 841 557 cer.
865 511 908 557 xu
928 512 1162 559 nsursnosonn.
1184 532 1225 543 -
1245 515 1317 560 sur.
1339 516 1395 561 run
1667 497 1726 559 sot

181 681 390 739 delectaverit
405 680 616 743 delectatione
631 680 787 757 ordinata,
805 700 876 762 quae
890 681 929 742 ad
944 680 969 741 Α
985 699 1045 742 nus
1060 682 1259 763 prohibuerit
1274 684 1431 759 israelitis,
1440 704 1536 767 super
1550 684 1725 747 Leviticum

181 776 328 839 debitum
346 776 446 840 finem
462 777 610 853 refertur,
629 789 660 842 et
677 798 733 862 per
754 790 931 863 temperau-
985 780 1180 843 dictumest.

183 875 261 938 tiam
292 877 475 957 regulatur3
502 883 620 949 occide,
646 898 702 961 per
732 888 762 942 te
792 888 846 943 aut
875 900 932 962 per
1027 882 1101 943 Non
1122 883 1245 958 poteris
1268 887 1428 944 comedere
1452 887 1489 944 in
1513 886 1642 961 oppidis
1667 885 1731 944 tuis

184 994 317 1037 manum
341 976 515 1054 carnificis,
533 978 651 1042 animal
671 978 740 1041 esui
760 988 880 1061 aptum,
902 990 932 1040 ct
986 982 1146 1040 decimam
1161 984 1321 1059 frumenti
1335 992 1365 1041 et
1379 984 1452 1043 cini
1466 992 1496 1043 ct
1510 984 1572 1042 otei
1588 986 1656 1043 tni:
1668 998 1732 1046 uon

183 1080 311 1137 comede
327 1078 431 1154 jueta
452 1079 700 1139 benedictionem
719 1080 855 1139 Domini
873 1082 934 1141 Dei
988 1078 1073 1159 quod
1090 1078 1200 1141 vinum
1217 1080 1345 1162 proprie
1356 1080 1640 1159 manducetur,uisi
1652 1080 1734 1143 forte

186 1178 251 1244 toi,
268 1174 300 1236 id
324 1182 372 1238 est
395 1176 571 1239 secuudum
591 1177 677 1258 quod
696 1177 778 1239 Deus
799 1176 935 1241 eontulit
989 1176 1062 1239 cibo
1078 1177 1290 1241 admisceatur
1305 1205 1312 1256 ;
1330 1180 1384 1242 sed
1400 1180 1571 1243 Comedere
1586 1182 1734 1258 sumitur,

186 1272 246 1335 tibi
265 1274 445 1337 necessaria
464 1273 575 1351 victui,
592 1297 691 1355 qoam
710 1278 800 1337 dedit
820 1279 879 1337 tibi
899 1278 935 1338 in
991 1282 1085 1356 prout
1101 1274 1237 1337 includit
1247 1285 1374 1358 potare;
1382 1281 1600 1357 primopenita
1611 1302 1736 1343 armen·

185 1374 322 1433 ambiens
349 1375 424 1445 tois,
447 1371 480 1434 id
504 1380 552 1435 θεῖ
577 1373 610 1436 in
635 1393 837 1456 quacumque
857 1375 936 1437 urbe
992 1385 1109 1446 torem,
1128 1374 1159 1437 id
1181 1385 1229 1437 est
1251 1376 1358 1453 bourn,
1375 1388 1405 1437 et
1421 1398 1574 1456 pecorum
1593 1386 1732 1456 tuorum,

187 1470 289 1533 fueris
305 1480 537 1535 commoratus:
555 1472 630 1555 quia
646 1492 710 1536 non
726 1473 830 1536 solum
846 1482 935 1556 potes
988 1484 1018 1533 et
1042 1475 1154 1534 omnia
1179 1495 1251 1553 qaoe
1280 1477 1403 1535 voveris
1431 1487 1461 1537 et
1484 1487 1593 1554 sponte
1621 1483 1734 1555 offerre

186 1570 340 1633 caruibus
361 1571 447 1633 vesci
468 1569 500 1633 in
522 1572 601 1635 urbe
620 1572 676 1634 ubi
696 1572 934 1635 tabernaculum
990 1574 1141 1644 nolueris,
1160 1584 1190 1633 et
1211 1576 1381 1651 primitias
1405 1596 1564 1637 mnsam
1588 1587 1733 1649 tuorem,

187 1669 316 1733 Domini
337 1678 385 1732 est
404 1679 459 1732 aut
479 1671 646 1752 templum,
664 1673 718 1735 sed
741 1671 936 1753 ubicumque
990 1670 1021 1733 id
1042 1679 1091 1733 est
1111 1670 1254 1734 laborum
1275 1691 1330 1735 seu
1352 1671 1534 1749 fructuum;
1554 1678 1610 1735 sed
1625 1695 1733 1738 coram

186 1769 407 1845 habitaveris3
425 1773 492 1830 sive
515 1774 723 1833 imnmndnm
744 1772 846 1849 suerit
868 1772 936 1834 aui·
989 1771 1126 1831 Ilomino
1142 1774 1207 1831 Deo
1224 1781 1277 1831 too
1292 1776 1431 1832 comedes
1445 1794 1483 1833 ea
1499 1776 1535 1833 in
1555 1778 1619 1834 loco
1639 1796 1734 1854 quem

185 1869 331 1945 maldios
345 1880 390 1929 est
405 1874 606 1931 rnoctdntnm
622 1892 660 1930 oc
674 1870 935 1953 debile‚itaquod
950 1868 973 1929 B
989 1870 1120 1944 eiecerit
1144 1854 1313 1940 Donamus,
1340 1868 1372 1931 id
1396 1877 1444 1931 est
1467 1869 1501 1931 iu
1526 1871 1605 1934 urbe
1628 1872 1733 1936 cultus

187 1988 252 2033 nou
270 1969 311 2031 sit
327 1976 437 2051 aptum
453 1967 566 2031 offerri
581 1970 655 2047 Deo,
673 1970 820 2052 quamvis
835 1989 936 2033 come

186 2070 219 2133 di
245 2068 357 2150 possit.
379 2067 493 2149 Aliqua
518 2088 655 2150 nemque
677 2069 827 2131 animalia
847 2076 937 2131 erant

188 2170 356 2231 immunda
375 2177 530 2250 quantum
547 2168 586 2230 ed
601 2168 858 2245 sacrificandum,
872 2188 936 2232 non

182 2278 298 2331 ‚tamen
320 2276 476 2349 quantum
500 2268 539 2330 ad
561 2268 829 2331 manducandum.
847 2268 938 2330 Deni-

187 2384 252 2448 que
282 2365 388 2447 quoad
418 2363 663 2427 sacrificandum
690 2384 745 2428 seu
774 2364 938 2428 immolan-

188 2466 279 2541 dum,
297 2464 420 2545 aliquid
436 2462 498 2526 fuit
516 2464 718 2527 immundum
740 2464 911 2547 dupliciter
929 2481 936 2526 :

189 2565 306 2642 Primo,
324 2583 363 2627 ex
379 2582 435 2625 sua
450 2564 568 2645 specie,
586 2572 620 2625 ut
636 2582 747 2645 equus,
763 2564 824 2641 leo,
837 2564 935 2641 cauis,

189 2682 262 2745 quae
284 2662 375 2725 nullo
398 2662 492 2724 modo
515 2670 605 2724 erant
626 2661 843 2725 immolaticia.
861 2663 937 2725 Nam

189 2760 399 2824 immolaticia
411 2778 474 2823 uon
491 2768 581 2822 erant
592 2760 631 2823 de
646 2760 839 2824 animalibus
855 2781 939 2843 gres·

189 2860 352 2935 sibilibus,
366 2858 429 2920 uisi
446 2866 510 2921 tres
526 2858 660 2940 species,
674 2868 783 2941 utpote
794 2860 938 2937 b0s‚ovis

190 2969 220 3023 et
238 2975 360 3041 capra:
384 2957 592 3038 intelligendo
613 2964 723 3021 tamen.
735 2978 791 3041 pcr
811 2958 936 3036 bovem,

990 1966 1093 2028 divini
1114 1974 1146 2029 et
1172 1966 1366 2030 tabernaculi
1387 1969 1462 2043 llei3
1486 1979 1515 2030 et
1530 1973 1688 2031 tetaberis
1705 1982 1735 2033 et

991 2066 1158 2142 reficieris,
1176 2083 1241 2127 non
1256 2065 1411 2130 dissolute
1425 2075 1457 2130 et
1472 2069 1662 2149 petulanter,
1680 2071 1734 2133 sed

992 2162 1201 2246 spiritualiter
1216 2182 1323 2227 coram
1339 2165 1413 2228 Deo.

1031 2262 1121 2325 Circa
1150 2262 1217 2325 bec
1246 2261 1355 2327 Glossa
1384 2271 1492 2329 movet
1515 2267 1734 2348 questionem,

992 2381 1088 2444 quam
1111 2380 1175 2424 non
1195 2362 1290 2424 solvit
1308 2379 1314 2423 :
1331 2362 1549 2443 Quaerendum,
1575 2365 1735 2448 iuquiens,

992 2462 1153 2543 quomodo
1160 2460 1271 2542 jubeat
1281 2461 1508 2526 decimationes
1518 2464 1662 2527 omnium
1674 2464 1738 2528 fru-

993 2568 1114 2635 ctuum,
1135 2567 1167 2621 ct
1188 2560 1400 2641 primogenita
1420 2562 1563 2625 omnium
1585 2582 1737 2645 pecorum

993 2676 1058 2721 nou
1081 2658 1277 2734 manducari,
1295 2657 1357 2722 nisi
1379 2658 1413 2721 iu
1435 2660 1564 2723 civitate
1584 2661 1640 2724 ubi
1661 2670 1738 2726 tem·

993 2758 1083 2840 plum
1099 2764 1192 2834 esset,
1210 2774 1309 2837 quum
1328 2776 1381 2819 eas
1396 2758 1514 2821 Levitis
1536 2760 1604 2822 dari
1624 2780 1739 2843 pratee

992 2856 1047 2939 pit
1061 2856 1132 2919 flac
1142 2853 1259 2919 Glossa
1267 2855 1375 2936 ltaque
1390 2857 1523 2937 questio
1538 2858 1739 2939 est,qualiter

990 2954 1078 3017 istud
1102 2952 1239 3033 intelligi
1262 2953 1386 3016 debeat.
1410 2954 1441 3017 Si
1467 2954 1553 3018 euim
1578 2957 1738 3022 solventes

189 3059 287 3122 ctiam
314 3075 442 3121 vaccam
468 3063 500 3118 et
520 3055 677 3133 vitulum;
701 3065 733 3119 et
754 3076 811 3139 per
832 3076 936 3135 ovem,
956 3057 1140 3137 Cpoterant
1169 3072 1241 3115 cum
1272 3071 1328 3113 sua
1358 3052 1467 3116 sobole
1495 3061 1591 3135 atque
1616 3053 1739 3118 familia

191 3158 288 3221 ctiam
310 3174 429 3236 agnum
451 3163 547 3237 atque
569 3154 721 3229 arietem;
740 3175 796 3237 per
812 3176 938 3238 capram

191 3275 279 3333 vcro,
298 3254 394 3318 etiam
409 3253 547 3315 hircum.
566 3252 721 3330 Secundo,
739 3254 861 3335 aliquid
878 3254 940 3316 fuit

192 3354 395 3417 immundum
413 3352 518 3433 quoad
540 3351 798 3429 sacrificandum,
817 3373 881 3418 nou
901 3372 939 3416 ex

191 3472 248 3515 sua
263 3451 382 3534 specie,
400 3451 455 3513 sed
471 3469 508 3512 ex
524 3450 713 3513 accidentali
729 3450 866 3527 defectu,
884 3452 939 3533 qui

190 3551 316 3615 macula
338 3558 551 3631 nuncupatur,
571 3568 633 3613 nou
656 3550 780 3613 macula
799 3551 937 3627 velleris,

190 3652 245 3715 sed
262 3648 387 3712 macula
402 3646 615 3711 deformitatis
630 3657 686 3710 aut
700 3649 940 3712 monstruosita-

191 3749 230 3811 tis
252 3748 304 3811 vcl
328 3745 539 3809 infirmitatis.
557 3746 644 3809 Talia
666 3756 771 3809 tamen
795 3755 940 3830 poteraut

189 3845 388 3921 manducari,
414 3845 478 3907 imo
505 3853 537 3907 et
561 3844 624 3907 alia
649 3846 795 3926 quaedam
826 3864 940 3928 pecora

192 3946 281 4011 nullo
308 3944 403 4007 modo
428 3943 647 4007 immolaticia.
675 3946 753 4006 Sive
780 3948 940 4005 mimdnm

193 4044 290 4107 fuerit
306 4042 437 4119 animal,
447 4046 505 4102 boc
519 4052 563 4103 est
580 4045 755 4119 inthrnm,
766 4042 797 4104 id
813 4050 940 4105 estnon

179 4142 415 4207 defectuosum
440 4140 474 4201 in
503 4140 648 4204 membro
672 4140 791 4222 aliquo,
818 4151 848 4201 et
871 4144 941 4201 stne

993 3152 1185 3213 manducare
1204 3148 1343 3213 decimas
1358 3158 1389 3213 ct
1403 3152 1576 3233 primitiva,
1594 3171 1665 3234 quac
1679 3155 1738 3217 Le·

994 3250 1069 3313 vitis
1095 3270 1131 3312 ac
1156 3249 1373 3312 sacerdotibus
1398 3250 1606 3329 debebantur,
1624 3252 1685 3317 boe
1704 3252 1738 3315 in

994 3350 1145 3411 damnum
1161 3348 1359 3410 sacerdotum
1380 3367 1417 3411 ac
1433 3349 1614 3413 Levitarum
1630 3369 1739 3431 verge-

994 3448 1058 3511 bat.
1077 3448 1123 3509 nd
1143 3447 1211 3509 haec
1230 3446 1330 3527 aliqui
1353 3448 1594 3529 responderunt,
1619 3458 1739 3523 textum

994 3547 1080 3609 hunc
1110 3544 1198 3626 loqui
1224 3546 1264 3607 de
1288 3544 1508 3626 primogenitis
1538 3547 1736 3627 animalium,

994 3663 1065 3726 quae
1088 3652 1217 3726 propter
1241 3643 1399 3708 maculam
1425 3662 1488 3706 non
1512 3643 1643 3708 fuerunt
1666 3654 1740 3729 apta

995 3741 1109 3806 offerri
1134 3759 1141 3803 :
1166 3749 1294 3824 propter
1319 3742 1404 3824 quod
1429 3742 1678 3823 redimebantur,
1695 3753 1740 3807 at-

995 3861 1057 3924 que
1084 3841 1116 3902 iu
1142 3839 1276 3903 urbibus
1300 3839 1486 3918 edebantur,
1509 3850 1541 3903 et
1565 3843 1605 3905 de
1629 3862 1739 3907 eorum

996 3940 1098 4023 pretio
1114 3938 1302 4002 emebantur
1316 3937 1469 4001 animalia
1484 3938 1690 4004 immolaticia
1706 3941 1739 4004 iu

996 4038 1074 4101 urbe
1091 4035 1286 4100 tabernaculi
1303 4056 1359 4098 seu
1374 4036 1498 4119 templi,
1516 4038 1681 4119 exquibus
1697 4049 1742 4103 ta-

994 4138 1042 4201 les
1061 4135 1273 4199 comestiones
1293 4134 1416 4198 fiebant
1436 4135 1566 4200 ibidem.
1584 4138 1645 4201 Sed
1665 4138 1741 4201 huic

195 4245 323 4303 innecto
345 4236 616 4302 monstruositiatis
639 4247 693 4300 aut
715 4237 938 4316 deformitatis,
955 4238 980 4301 l)
995 4234 1147 4299 solutioni
1158 4233 1410 4314 objicitur,quod
1426 4234 1511 4298 istud
1526 4236 1742 4317 quoquefuis-

66 4355 178 4411 epeam
193 4343 280 4421 qood
303 4340 415 4416 offerri
438 4339 521 4409 licet,
542 4339 626 4397 sicut
647 4340 807 4415 capram*
829 4348 858 4398 et
879 4359 942 4399 cer·
996 4343 1042 4399 set
1058 4333 1275 4397 sacerdotibus
1291 4340 1323 4396 ct
1337 4333 1455 4397 Levitis
1475 4335 1694 4417 derogativum
1709 4344 1741 4399 et

194 4460 284 4507 tanin,
300 4439 459 4505 comedes,¹
469 4434 501 4497 id
522 4443 579 4511 est,
597 4434 748 4497 animalia
768 4435 863 4498 etiam
883 4436 942 4497 im·
996 4432 1153 4506 nocivum,
1162 4450 1199 4493 eo
1214 4431 1299 4512 quod
1311 4431 1447 4512 pretium
1465 4431 1537 4494 talis
1553 4433 1740 4515 redemptio

194 4534 357 4599 molaticia
381 4542 471 4616 potes
497 4533 585 4597 licite
610 4534 800 4596 manducare
821 4534 942 4616 absque

195 4637 254 4699 boc
280 4634 366 4716 quod
393 4632 633 4696 immolentur:
661 4633 835 4694 secundum
856 4634 941 4713 quod

194 4752 291 4816 capra
316 4751 388 4814 quae
413 4738 462 4793 est
485 4730 604 4793 animal
630 4730 884 4806 immolaticium,
911 4740 942 4795 et

194 4851 311 4896 corvus
340 4830 397 4912 qui
424 4848 488 4893 nou
516 4837 564 4892 est
592 4827 828 4905 immolaticias,
856 4830 942 4893 licite

195 4936 387 5005 mactantur,
406 4934 599 5008 coquuntur,
622 4927 779 5003 eduntur,
792 4927 836 4989 ita
856 4929 941 5009 quod

196 5028 277 5091 nihil
299 5028 339 5089 de
359 5027 405 5089 eis
426 5024 584 5099 offertur;
607 5029 723 5103 absque
744 5047 799 5086 eso
816 5029 943 5086 dumta-

194 5137 254 5187 ιπαῖ
273 5126 459 5203 sonpm'nis,
477 5145 571 5203 quem
590 5143 688 5199 seper
711 5133 827 5183 terram
849 5126 943 5203 qnasi

996 4532 1047 4595 nis
1062 4530 1237 4612 pertineret
1252 4529 1291 4590 ad
1307 4547 1360 4591 cos
1378 4530 1418 4591 dc
1435 4529 1518 4610 jure.
1536 4529 1642 4612 Aliqui
1663 4549 1739 4595 vero

996 4631 1118 4705 dicunt,
1132 4634 1252 4690 textum
1267 4627 1353 4689 hunc
1369 4627 1457 4709 loqui
1473 4628 1513 4690 de
1527 4628 1640 4692 hostiis
1655 4629 1741 4711 paci-

998 4728 1158 4809 ficisque
1178 4732 1354 4806 spontanea
1372 4725 1542 4790 devotione
1561 4725 1742 4790 offereban-

997 4835 1058 4902 tur,
1076 4842 1213 4906 quarum
1233 4842 1344 4887 carnes
1366 4833 1530 4887 cesserunt
1551 4825 1585 4887 iu
1606 4823 1744 4888 offeren-

999 4924 1078 4985 tium
1100 4940 1187 4997 usus,
1204 4928 1318 5002 praeter
1338 4940 1463 4984 armum
1483 4922 1628 4984 dextrum
1647 4928 1743 5003 atquc

998 5019 1230 5104 pectusculum,
1247 5038 1317 5100 quas
1342 5020 1496 5082 sacerdoti
1519 5018 1671 5083 offerenti
1691 5020 1744 5083 de

997 5119 1202 5202 putabantur.
1220 5116 1280 5179 Sed
1296 5116 1371 5180 huic
1387 5117 1588 5199 responsioni
1605 5117 1742 5193 obsistit,

62 5238 180 5289 reuss.
196 5246 318 5304 aquom
341 5225 498 5300 effundes.
517 5222 579 5283 Cur
598 5239 687 5283 esum
714 5220 890 5301 sauguinis,
911 5220 942 5283 id
998 5216 1084 5299 quod
1114 5222 1217 5277 textus
1251 5214 1310 5277 iste
1343 5215 1506 5279 evidenter
1535 5216 1676 5297 loquitur
1705 5216 1745 5278 de

195 5332 244 5387 est
264 5322 374 5386 cibum
395 5340 433 5383 ex
453 5320 609 5399 sanguiue
629 5319 821 5397 confectum,
843 5320 944 5383 Domi·
998 5313 1133 5380 decimis
1158 5321 1190 5375 ct
1213 5312 1397 5394 primitivis,
1423 5322 1455 5376 et
1476 5314 1516 5377 de
1537 5313 1588 5376 his
1609 5331 1681 5395 que
1705 5332 1743 5376 cx
