4309 6259
588 531 762 577 nnnnnnrrc
784 529 813 574 tn
835 529 903 574 cns.
927 530 938 574 r
958 529 1155 577 nunanonuu.
1176 551 1217 562 -
1236 533 1307 578 nar.
1330 534 1342 577 1
1675 513 1736 578 327¹

57 705 170 780 tart-¹1¹2
188 696 428 780 scriptumest:
446 699 581 763 Profecti
602 708 675 763 sunt
698 699 760 762 iilii
781 699 874 764 lsrael
895 699 934 764 de
949 700 975 762 Α
990 719 1060 780 que
1075 701 1170 765 etiam
1194 703 1226 765 in
1246 705 1442 768 tabernaculi
1463 724 1540 788 gyro
1560 725 1617 768 sua
1636 713 1734 768 statu-

60 789 74 810 ''
188 798 510 862 RamesseinSocoth
526 797 751 863 sexcentaiere
767 799 868 862 millia
884 819 948 882 par
989 811 1082 863 arunt
1107 803 1252 865 tentoria.
1276 808 1443 885 Quumque
1462 809 1733 883 proficiscendum

187 897 291 960 ditum
307 897 462 975 virorum,
480 898 601 981 absque
617 899 804 962 mulieribus
821 907 851 961 et
867 917 935 981 par·
987 904 1102 979 facerit,
1120 902 1179 964 hoc
1194 912 1254 981 est,
1271 905 1348 966 dum
1363 905 1449 968 nube
1465 905 1657 986 procedente
1677 923 1735 986 po-.

186 994 293 1058 vulis:
312 996 474 1077 quomodo
492 1015 569 1078 ergo
590 1007 762 1080 potuerunt
780 998 845 1079 jam
862 1006 935 1080 post
988 1001 1083 1083 pulus
1099 1010 1220 1065 motum
1237 1003 1332 1065 nubis
1347 1012 1507 1085 sequetur,
1522 1008 1689 1081 deponent,
1699 1003 1731 1066 id
1833 1060 1837 1065 .

148 1167 154 1180 ¹
186 1114 288 1156 unum
308 1114 429 1157 annum
446 1099 478 1158 θῖ
496 1115 639 1160 mensem
660 1116 760 1160 unum
781 1115 850 1160 esse
869 1102 934 1158 tam
988 1109 1083 1176 est,a
1104 1119 1161 1163 suo
1179 1100 1249 1164 loco
1269 1102 1490 1178 removebunt,
1508 1110 1540 1163 et
1559 1120 1666 1164 secum
1687 1102 1733 1165 le-

185 1193 292 1269 multi,
310 1201 346 1254 ut
360 1192 482 1255 dictum
497 1203 556 1271 θεῖ,
574 1194 748 1276 presertim
763 1195 839 1277 quia
854 1214 934 1276 quos
989 1209 1060 1263 rent
1084 1203 1205 1262 tenne
1226 1203 1489 1272 tubernaculum
1504 1221 1606 1281 quum
1625 1212 1731 1262 austra

47 771 56 808 l

185 1291 317 1354 interim
333 1300 524 1372 genuerunt,
541 1311 605 1355 non
621 1301 696 1356 sunt
710 1294 934 1356 annumeratit
989 1303 1153 1369 metanda,
1172 1298 1203 1361 id
1225 1307 1285 1376 est,
1303 1299 1379 1361 dum
1400 1299 1486 1362 nube
1506 1298 1625 1362 alicubi
1645 1299 1732 1381 quie

184 1390 361 1453 Dicendum
377 1389 516 1468 videtur,
531 1391 615 1473 quod
632 1391 716 1455 inira
732 1392 792 1456 hoc
809 1401 933 1474 tempus
989 1407 1097 1462 scente
1112 1397 1248 1461 tentoria
1263 1397 1384 1461 luerint
1400 1398 1538 1479 figenda,
1550 1400 1684 1475 crepent,
1699 1398 1731 1461 id

184 1489 279 1551 multi
295 1490 336 1552 ad
352 1489 478 1552 virilem
494 1501 710 1573 pervenerunt
724 1500 859 1568 aetatem,
878 1492 933 1574 qui
987 1505 1046 1572 est,
1058 1497 1297 1560 tabernaculum
1316 1497 1348 1559 in
1363 1498 1463 1560 altuni
1480 1495 1583 1578 ligent
1598 1496 1661 1579 ipsi
1676 1499 1732 1561 Le·

183 1594 258 1651 ante
275 1588 419 1650 nondum
435 1596 527 1651 erant
541 1588 657 1670 viginti
672 1607 841 1652 annorum.
987 1595 1071 1658 vitae.

224 1691 428 1767 baculusque
443 1698 488 1748 cst
503 1690 662 1750 Dominus
678 1693 722 1749 ad
733 1688 933 1766 Moysendi-
1028 1697 1182 1775 Quisquis
1195 1706 1402 1756 externorum
1417 1696 1660 1765 occe.sserit,hoc
1670 1705 1729 1774 θεῖ,

181 1807 279 1846 cens:
298 1787 433 1846 Tribuni
456 1789 536 1847 Leni
559 1789 628 1846 noli
652 1807 835 1848 numerare.
852 1785 932 1859 Ouid
987 1793 1183 1875 quicumque
1208 1794 1265 1875 qui
1296 1813 1359 1856 nen
1388 1803 1436 1856 est
1462 1794 1502 1857 de
1532 1794 1617 1857 tribu
1641 1795 1728 1873 Levi,

62 1899 124 1940 :un
136 1913 165 1949 ιιι,
182 1893 231 1946 θεῖ
257 1885 330 1961 boc,
348 1902 447 1964 quum
472 1883 558 1946 infra
583 1884 716 1965 legatur,
733 1885 869 1948 Locutus
885 1893 932 1948 est
951 1889 1190 1974 Busurpaverit
1205 1892 1266 1955 sibi
1282 1891 1431 1956 oliicium
1446 1891 1626 1956 Levitarum
1646 1895 1731 1957 circa

69 1993 73 2001 '
182 1983 339 2046 Dominus
364 1983 404 2044 ud
429 1983 565 2065 Moysen,
584 1983 721 2046 Numera
745 1983 832 2047 filies
857 1983 932 2048 Levi
988 1991 1204 2054 sanctuarinm
1227 1991 1293 2069 Dei,
1310 1993 1599 2067 occideturmorte‚
1617 1991 1648 2055 id
1669 2000 1727 2070 est,

182 2101 240 2164 per
257 2082 370 2145 domos
386 2090 512 2162 patrum
528 2087 678 2145 suorumt
689 2082 727 2144 Et
741 2083 932 2164 responden·
988 2090 1163 2153 secundum
1179 2089 1281 2170 legem
1299 2088 1379 2152 mori
1400 2097 1550 2166 meretur,
1566 2090 1619 2152 vel
1633 2110 1652 2152 a
1666 2091 1730 2154 Deo

181 2183 272 2258 dum,
290 2180 377 2261 quod
393 2180 545 2244 Dominus
570 2200 654 2244 nunc
677 2181 826 2263 prohibet
845 2181 932 2245 lilios
986 2187 1179 2272 plagabitun
1204 2197 1259 2250 aut
1286 2187 1516 2251 sententialiter
1540 2187 1731 2269 dijudicabi-

180 2278 259 2343 Levi
277 2279 441 2341 numerari
457 2279 540 2342 inter
554 2279 632 2342 alias
648 2279 803 2356 tribuS‚et
815 2299 853 2344 θθ
869 2299 933 2344 mo·
988 2295 1058 2349 tur:
1077 2286 1196 2349 idcirco
1215 2286 1303 2350 Ozias
1328 2304 1382 2348 rex
1407 2284 1593 2350 thurificare
1614 2305 1731 2368 praesu-
1771 2308 1789 2350 n
1808 2308 1864 2352 nar.

181 2381 222 2442 do
238 2396 306 2460 quo
321 2377 392 2440 aliae
409 2377 512 2442 tribus
528 2387 603 2440 sunt
619 2386 802 2454 numerate,
821 2378 933 2443 videli-
988 2405 1089 2461 meus,
1099 2403 1269 2466 percussus
1284 2394 1333 2448 est
1347 2383 1592 2467 lepratledeoni
1602 2403 1730 2466 quoque
1744 2374 1875 2478 mm·

181 2476 429 2541 oetavicesimo
444 2495 530 2540 anno
544 2485 576 2539 et
592 2496 700 2559 supra.
710 2477 815 2541 Tertio
826 2487 931 2541 autern
987 2494 1018 2548 et
1034 2483 1228 2564 domnicius
1244 2482 1362 2547 iactum
1378 2482 1473 2546 estin
1490 2483 1626 2560 minam,
1644 2485 1778 2565 quodni.
1820 2466 1825 2476 '
1867 2468 1873 2486 ’

180 2576 327 2658 capitulo
352 2574 498 2659 precipit
523 2595 577 2639 eos
603 2577 764 2639 numerari
789 2595 931 2640 seorsum
988 2603 1021 2648 sa
1037 2585 1076 2646 de
1091 2581 1278 2646 sacerdotali
1293 2579 1407 2645 alticio
1421 2581 1493 2663 plus
1511 2601 1606 2664 quam
1626 2581 1727 2660 licuit,

181 2674 382 2758 specialique
405 2675 510 2748 modo,
533 2682 609 2757 puta
629 2674 669 2736 ab
689 2693 752 2736 uno
773 2694 882 2738 mense
901 2684 932 2738 et
988 2680 1166 2745 intromisit
1178 2679 1384 2763 Septuaginta
1399 2679 1731 2744 transtuleruntznlie

182 2793 292 2855 supra,
310 2780 406 2855 prout
430 2770 515 2834 inire
539 2772 673 2836 dicetur·
690 2773 735 2834 Ex
759 2772 810 2836 his
835 2773 931 2836 etiem
987 2781 1104 2860 nigena
1118 2779 1174 2860 qui
1188 2778 1368 2854 accesserit,
1385 2778 1549 2842 moriatur.
1562 2778 1595 2840 ln
1611 2779 1730 2860 quibus

182 2871 358 2935 innotescit
372 2871 511 2950 dignitas
527 2870 742 2934 sacerdotalis·
757 2875 866 2952 Neque
877 2893 932 2950 pe
987 2878 1094 2942 verbis
1118 2877 1298 2956 alienigena
1322 2876 1498 2958 improprie
1519 2876 1666 2954 sumitur,
1683 2887 1731 2940 ut-

181 2993 242 3032 nus
260 2991 424 3031 summum
442 2991 555 3031 eorum
574 2991 648 3030 cum
668 2972 751 3049 filiis
767 2974 883 3041 Israel,
899 2970 931 3033 id
987 2985 1061 3059 pote
1077 2995 1141 3039 non
1158 2993 1216 3057 pro
1231 2973 1354 3054 gentili,
1372 2974 1428 3036 scd
1448 2991 1506 3056 pro
1521 2973 1651 3037 Hebraeo
1666 2993 1731 3038 non

180 3077 229 3133 θεῖ
253 3087 328 3132 cum
355 3068 562 3131 multitudine
588 3069 747 3150 populari,
764 3068 815 3132 cui
839 3069 933 3132 debet
949 3075 970 3138 C
986 3073 1106 3149 Levita,
1125 3080 1160 3134 ut
1174 3071 1370 3151 Augustinus
1386 3079 1530 3135 testatur.

179 3185 327 3250 praeesse.
337 3166 443 3230 Coetus
460 3185 601 3248 namque
617 3167 855 3245 sacerdotalisa
871 3167 933 3249 ple·
1027 3171 1437 3240 Metabunturautem,hoc
1447 3178 1496 3234 est
1508 3168 1734 3251 iigent‚custra

179 3267 254 3329 beia
269 3265 427 3328 concione
442 3264 537 3328 debet
552 3265 796 3329 conversatione
812 3273 844 3328 et
863 3265 932 3329 loco
986 3273 1055 3350 filii
1069 3274 1186 3339 Israel,
1202 3271 1422 3349 unusquisque
1437 3289 1498 3347 per
1519 3279 1641 3330 turmae
1659 3289 1734 3330 suus

180 3362 352 3444 distingui,
369 3373 404 3424 ut
427 3361 498 3425 aliis
522 3363 759 3445 inexemplum
784 3371 930 3444 ponatur,
987 3380 1016 3431 et
1041 3390 1156 3430 cuneos
1181 3380 1277 3448 atque
1300 3369 1479 3428 exercitum
1502 3387 1609 3438 suum,
1630 3365 1662 3429 id
1687 3374 1735 3430 θεῖ

181 3473 214 3527 ct
224 3465 290 3526 Deo
302 3461 441 3525 vicinius
456 3462 693 3544 appropinquet
707 3482 744 3525 ac
759 3471 858 3525 vacet.
869 3466 934 3524 Sed
988 3467 1211 3550 unusquisque
1233 3467 1267 3528 iu
1287 3467 1358 3529 loco
1377 3485 1443 3528 suaa
1463 3464 1562 3527 tribui
1582 3474 1614 3527 ct
1632 3465 1735 3528 tribus

181 3565 358 3624 constitues
382 3581 431 3620 eos
455 3580 551 3638 super
577 3563 820 3622 tabernaculum
848 3564 933 3622 teeti·
989 3587 1054 3630 suae
1074 3565 1228 3630 exercitui
1250 3565 1442 3647 deputando,
1460 3572 1495 3626 ut
1515 3562 1599 3626 inira
1618 3564 1736 3627 descri-

184 3663 302 3732 mom'i,
325 3670 356 3720 et
377 3669 492 3720 cuncta
518 3680 595 3720 uasa
619 3660 701 3736 ejus,
721 3669 751 3720 et
772 3662 934 3739 quidquid
987 3666 1083 3729 bitur.
1092 3669 1194 3728 Porro
1205 3666 1326 3726 Leuitoe
1336 3683 1524 3740 perpurum
1535 3666 1735 3724 tabenaculi

182 3763 228 3820 aet
250 3759 455 3821 caerinwnius
473 3759 622 3835 pertinet.
641 3761 749 3835 Super
771 3775 835 3820 non
855 3757 934 3820 dicit
987 3771 1087 3844 fiuent
1104 3765 1253 3833 tentoria,
1263 3761 1346 3823 sicut
1355 3760 1534 3842 expositum
1550 3769 1608 3838 cst,
1621 3781 1661 3821 nc
1674 3766 1734 3838 fiat

184 3859 238 3920 hic
255 3857 365 3933 situm,
384 3856 440 3917 sed
461 3874 580 3932 curam,
598 3855 826 3937 provisionem,
843 3855 934 3918 obse
988 3864 1174 3939 indipnau'o
1198 3880 1296 3937 super
1319 3861 1564 3920 multitudinem
1586 3861 1733 3936 fitiorum

184 3957 311 4038 quium,
339 3954 609 4035 quemadmodum
637 3953 756 4016 Pharao
785 3953 865 4015 dixit
894 3957 933 4017 ad
988 3965 1101 4031 Israel,
1118 3959 1151 4021 id
1170 3967 1229 4033 est,
1247 3976 1341 4020 near
1358 3956 1731 4020 inordinataLevitarum
1771 3979 1876 4028 namn,

49 4069 162 4118 runnu
184 4053 324 4136 loseph:
343 4053 389 4114 Tu
405 4052 468 4116 cris
484 4071 581 4134 super
596 4053 725 4115 domum
743 4071 856 4114 meam.
874 4053 933 4114 lta·
988 4057 1197 4140 dispositione
1222 4065 1254 4119 et
1279 4055 1495 4119 inobedientia
1519 4055 1574 4119 alii
1598 4057 1732 4119 scanda—
1746 4043 1780 4084 ²⁰·

185 4151 452 4234 quc,Ccnstitues
468 4169 521 4212 eos
538 4168 633 4232 super
648 4149 887 4213 tabernaculum
902 4160 934 4214 et
989 4157 1134 4232 licentur,
1155 4163 1187 4217 et
1211 4153 1334 4236 percuti
1360 4161 1551 4216 mereantur.
1570 4154 1731 4217 Interdum

184 4270 283 4333 super
306 4269 382 4312 vasa
403 4257 434 4312 θῖ
457 4267 552 4330 super
572 4246 679 4310 omnia
699 4267 770 4329 quaa
789 4250 827 4312 ad
847 4251 935 4312 caeri-
949 4253 974 4314 D
988 4256 1109 4338 quippe
1123 4262 1189 4317 tota
1203 4252 1415 4316 communitas
1434 4251 1651 4335 temporaliter
1666 4272 1733 4317 eor-

185 4349 312 4413 monias
323 4347 497 4430 pertinent,
507 4347 539 4408 id
555 4353 602 4410 est
618 4365 714 4428 super
730 4347 888 4411 sacrificia
903 4357 935 4412 et
989 4352 1204 4436 poraliterque
1232 4349 1365 4433 punitur
1391 4368 1449 4431 pro
1476 4359 1605 4432 peccato
1634 4351 1734 4434 partis

183 4457 293 4512 cetera
307 4445 590 4521 cerimonialia,ut
606 4445 749 4508 omnium
761 4446 874 4509 horum
885 4467 935 4510 cu·
990 4471 1064 4526 suae,
1083 4450 1116 4512 in
1137 4457 1290 4531 quantum
1308 4466 1420 4511 omnes
1439 4457 1514 4510 sunt
1529 4450 1735 4529 quodammo

187 4567 265 4622 ram,
274 4544 502 4628 provisionem,
512 4563 549 4606 ac
564 4543 778 4606 ministerium
792 4545 935 4623 habeant,
989 4552 1030 4614 do
1054 4568 1166 4611 unum.
1184 4547 1230 4609 nd
1255 4547 1380 4610 Levites
1404 4564 1534 4629 quoque
1555 4548 1734 4628 pertinebat

61 4659 157 4708 stan.
187 4653 284 4728 prout
310 4641 397 4705 inira
420 4642 550 4724 copiose
577 4641 721 4704 habetur.
749 4642 838 4706 Unde
863 4664 935 4709 mor
989 4667 1079 4712 orare
1095 4664 1153 4729 pro
1174 4645 1304 4728 populo,
1324 4653 1357 4708 et
1377 4646 1473 4707 Deum
1490 4644 1536 4707 eis
1552 4646 1734 4709 reconcilia-

186 4743 337 4806 subditur
362 4758 369 4804 :
396 4743 467 4818 Ipsi
490 4743 664 4818 portabunt
691 4743 935 4805 tabernaculum
989 4767 1042 4812 re:
1061 4748 1134 4810 ideo
1149 4747 1175 4809 si
1192 4754 1223 4809 et
1238 4745 1356 4809 Levitae
1371 4754 1565 4826 peccassent,
1579 4745 1734 4827 potuisset

186 4842 220 4904 in
246 4839 447 4924 proiectione
472 4847 503 4901 et
529 4839 705 4901 mutatione
730 4839 882 4918 locorum,
906 4852 934 4903 et
989 4846 1127 4928 populus
1153 4843 1406 4923 indignationem
1430 4841 1485 4905 Dei
1511 4842 1637 4906 facilius
1661 4862 1733 4924 gra-

184 4941 300 5001 cmniu
318 4938 473 4998 utensilia
490 4938 571 5012 ejus,
588 4955 662 4998 vasa
677 4945 709 4999 et
724 4936 935 5002 instrumenta
989 4944 1125 5025 viasque
1155 4943 1329 5005 incurrere.
1355 4940 1400 5002 Ex
1427 4940 1612 5004 scandaloso
1637 4942 1732 5004 etiam

184 5037 294 5101 cultus
315 5034 416 5098 divini
431 5059 439 5108 ς
455 5045 485 5095 et
505 5044 601 5094 erunt
617 5036 652 5094 in
669 5037 848 5096 ministerio
865 5056 936 5099 san·
990 5041 1205 5123 spiritualium
1236 5057 1445 5121 personarum
1469 5037 1678 5121 dispositione
1703 5047 1734 5101 θῖ

185 5135 766 5213 ctuarii,ucpereyrutntabernaculi
777 5138 937 5198 tttciabtttt-
990 5139 1067 5214 vita,
1093 5137 1262 5220 populares
1284 5136 1347 5199 cito
1369 5136 1530 5213 labuntur,
1552 5145 1584 5199 et
1606 5135 1734 5200 illorum

187 5248 256 5305 tur,
272 5233 305 5295 id
321 5241 381 5307 cst,
400 5230 535 5295 tentoria
551 5250 608 5292 sua
625 5229 727 5312 ligent
748 5233 779 5292 in
801 5232 937 5298 circuitu
991 5244 1122 5318 peccata
1142 5235 1175 5296 in
1197 5255 1230 5297 sc
1251 5244 1361 5296 mutuo
1382 5235 1559 5297 redundare
1575 5235 1733 5310 videntur,

186 5329 727 5413 tubernaculi,propinquiusqnam
741 5331 934 5410 aliaetribus,
992 5353 1029 5398 ac
1051 5332 1149 5396 variis
1172 5333 1275 5396 modis
1296 5332 1534 5395 communicant
1553 5331 1615 5394 sibi
1636 5331 1735 5415 invi*
