4309 6259
434 488 454 552 6
655 500 659 503 ·
843 500 1017 548 manuario
1038 501 1068 547 ut
1090 498 1158 545 exa.
1183 497 1225 542 xx
1246 497 1348 543 arom.
1371 518 1410 529 -
1431 498 1503 543 aar.
1526 498 1565 543 xc

434 680 707 761 Possuutquoque
722 677 761 740 ad
778 676 925 739 ultimum
943 674 1027 737 istud
1043 671 1180 755 pertine
1195 669 1220 732 t
1235 670 1345 733 sertim
1361 671 1517 752 quianon
1533 670 1576 732 ita
1592 669 1713 751 infligit
1731 689 1842 752 poenas
1859 678 1979 753 tempo

435 797 469 839 re
484 784 689 860 praeceptum,
707 776 751 838 ita
771 782 806 837 ut
829 773 1024 853 intelligatur
1044 771 1181 834 circaea
1235 769 1317 831 ralos
1333 788 1391 851 pro
1407 769 1545 852 peccatis
1560 769 1676 846 cordis,
1690 778 1726 832 ut
1739 769 1856 852 operis.

435 895 505 939 esse
530 874 691 957 prohibita
716 873 821 936 omnis
846 869 1107 954 coucupiscentia
1127 868 1181 931 be
1277 873 1417 930 Cunctas
1432 879 1541 930 actem
1553 872 1695 947 populas
1709 868 1915 941 videbathoc
1930 877 1979 931 est

435 974 699 1037 stialisetcontra
713 967 1180 1034 naturamllerumtameuOri·
1235 965 1430 1031 sensibiliter
1454 966 1597 1049 percepit
1621 975 1653 1029 et
1676 966 1810 1043 audivit,
1831 987 1928 1039 voees,
1945 967 1977 1029 id

435 1092 542 1155 genes,
568 1072 723 1154 losephus
754 1078 786 1133 et
814 1069 938 1133 Hebrai
964 1068 1085 1145 dicunt,
1113 1067 1179 1129 haec
1234 1073 1283 1128 est
1303 1065 1443 1129 tonitrua
1459 1066 1509 1127 vel
1527 1065 1624 1130 verba
1644 1066 1699 1128 Dei
1720 1065 1842 1148 prolata
1863 1084 1901 1128 ex
1921 1085 1979 1127 uu-

434 1173 546 1236 ultima
556 1173 619 1234 duo
629 1172 669 1233 ad
680 1190 780 1233 unum
797 1168 957 1252 pertinere
972 1175 1177 1250 praeceptum,
1235 1163 1274 1226 be
1294 1173 1325 1226 et
1345 1164 1429 1246 igne.
1453 1164 1538 1228 Solet
1556 1172 1662 1227 autem
1688 1164 1722 1226 in
1742 1164 1912 1246 Scripturis
1932 1165 1979 1227 vi·

435 1271 587 1354 quoniam
598 1270 637 1334 de
653 1268 870 1351 prohibitione
885 1266 1051 1347 utriusque
1066 1284 1181 1328 concu-
1234 1282 1287 1324 sus
1304 1281 1361 1345 pro
1371 1281 1574 1345 quocumque
1588 1263 1736 1326 exteriori
1751 1262 1854 1345 accipi
1869 1282 1975 1339 sensu,

434 1368 598 1455 piscentiae
620 1368 762 1450 loquitur
785 1376 887 1430 textus
908 1367 968 1429 iste
983 1365 1176 1448 permixtim,
1233 1361 1413 1443 specialiter
1436 1380 1493 1444 pro
1512 1362 1635 1439 auditu,
1655 1363 1923 1444 quemadmodum
1943 1362 1976 1425 in

435 1470 547 1532 saltem
564 1467 739 1531 secundum
755 1485 852 1529 unam
867 1462 1178 1547 expositionem.Sed
1233 1461 1422 1543 Apocalypsi
1442 1461 1643 1525 :Conversus
1668 1481 1750 1539 sum,
1776 1470 1812 1524 ut
1834 1463 1975 1526 viderem
1999 1484 2123 1540 amera.

435 1568 548 1632 melior
573 1573 621 1629 est
645 1565 880 1629 catholicorum
903 1562 1078 1627 distinctio.
1101 1562 1178 1625 Nam
1232 1578 1342 1623 vocem
1362 1578 1433 1641 quae
1452 1559 1650 1642 loquebatur.
1667 1564 1710 1622 Et
1725 1564 1900 1639 tampades,
1917 1562 1977 1625 hoc

434 1667 562 1730 aliaest
582 1664 663 1727 ratio
677 1663 754 1727 boni
777 1663 877 1739 utilis,
890 1671 922 1725 et
942 1662 1005 1725 alia
1026 1660 1104 1725 boni
1126 1660 1179 1723 de·
1233 1667 1282 1723 θεῖ
1297 1659 1496 1722 coruscantia
1519 1659 1657 1741 fulgura,
1674 1679 1745 1741 quae
1758 1660 1829 1723 visu
1849 1661 1977 1744 proprie

436 1762 612 1837 lectabilis3
635 1770 665 1825 et
686 1761 779 1824 multi
800 1762 996 1824 inclinantur
1017 1761 1056 1823 ad
1078 1778 1179 1822 uuum
1235 1765 1362 1839 sumpto
1381 1756 1652 1839 percipiebantur,
1673 1771 1703 1821 et
1716 1762 1859 1821 sonitum
1874 1763 1978 1821 bucci-

436 1863 573 1939 illorum,
581 1860 636 1943 qui
647 1861 687 1923 ad
697 1860 784 1924 aliud
796 1878 860 1923 non
870 1858 1179 1942 afficiuntur,quem-
1194 1856 1217 1919 B
1236 1880 1298 1928 nte,
1315 1867 1515 1937 montemque
1529 1858 1821 1935 fumantemmmut
1835 1859 1869 1922 iu
1884 1879 1979 1943 expo

435 1961 605 2025 admodum
617 1960 748 2042 quidam
763 1958 928 2022 libidinosi
944 1966 1099 2040 appetunt
1111 1977 1181 2040 pro
1236 1957 1352 2019 sitione
1367 1956 1575 2037 praecedentis
1589 1957 1721 2039 capituli
1737 1958 1846 2041 patuit
1858 1962 1980 2039 Etper-

435 2060 512 2121 ximi
528 2060 708 2141 conjugem,
719 2058 776 2140 qui
792 2067 897 2121 tamen
914 2056 1036 2120 furtum
1051 2066 1083 2121 et
1098 2058 1180 2139 rapi·
1237 2057 1344 2117 territi
1354 2058 1794 2133 menteacpovoreconcussi
1803 2057 1837 2119 in
1847 2075 1981 2140 corpora

436 2178 510 2222 nam
526 2158 709 2221 abhorrent.
722 2157 801 2220 Hinc
817 2156 913 2220 etiam
928 2157 1044 2219 dantur
1055 2155 1181 2219 diversa
1237 2153 1454 2235 sensitivaque
1477 2163 1577 2237 parte,
1600 2166 1756 2217 steterunt
1770 2162 1900 2234 procul,
1915 2176 1979 2221 uon

436 2266 593 2341 praecepta
615 2258 655 2320 de
675 2255 876 2319 refrenandis
898 2254 1178 2336 concupiscentiis,
1237 2251 1340 2315 solum
1364 2271 1427 2316 non
1452 2254 1713 2335 transgrediendo
1735 2255 1888 2319 terminos
1904 2276 1981 2339 praa

435 2365 467 2421 et
481 2357 521 2419 de
535 2354 735 2419 refrenandis
751 2374 860 2417 earum
875 2353 1057 2418 effectibus.
1237 2352 1376 2427 stitutos,
1399 2352 1454 2414 sed
1478 2361 1511 2414 et
1536 2354 1792 2433 retrogrediendo
1810 2378 1818 2429 ;
1842 2358 1980 2417 dicentes

476 2456 606 2537 iusuper
622 2454 707 2517 circa
722 2454 789 2516 brac
812 2454 891 2535 Lyra
912 2452 1023 2516 recitat
1041 2470 1048 2513 :
1066 2452 1181 2516 Dicunt
1236 2453 1345 2528 Moysi
1360 2472 1371 2511 :
1387 2454 1528 2531 Loquere
1546 2462 1580 2513 tc
1596 2454 1686 2513 nobis
1700 2471 1739 2515 ex
1758 2461 1848 2534 parte
1866 2454 1934 2530 Dei,
1950 2466 1980 2515 et

435 2552 569 2631 Hebraei,
588 2571 645 2634 per
666 2553 733 2615 hac
757 2570 820 2614 non
845 2551 1008 2633 prohiberi
1030 2552 1181 2634 coucupi—
1236 2552 1407 2610 audiemus
1421 2549 1553 2613 auribus
1568 2550 1672 2614 cordis
1687 2570 1724 2614 ac
1739 2552 1892 2635 corporis.
1906 2557 1979 2615 Non

436 2651 603 2727 scentiam,
631 2650 693 2713 uisi
724 2649 906 2731 aliqualiter
932 2659 1118 2733 prorumpat
1147 2650 1180 2712 in
1238 2651 1389 2727 loquatur
1400 2651 1490 2709 nobis
1500 2653 1659 2711 Dominus
1671 2649 1830 2714 locutione
1841 2651 1902 2713 ista
1912 2670 1981 2715 seu-

436 2754 550 2814 aetum*
563 2749 762 2824 exteriorem,
784 2748 934 2811 videlicet
953 2749 1182 2831 concupiscen-
1237 2745 1324 2809 sibili
1339 2746 1531 2824 terrifica,et
1547 2768 1603 2830 per
1619 2768 1653 2811 se
1663 2768 1719 2812 seu
1734 2769 1790 2832 per
1804 2751 1980 2831 angelicam

437 2850 514 2912 tiam
525 2848 673 2931 conjugis
683 2846 874 2925 alieuae,uisi
891 2855 1036 2929 erumpat
1052 2847 1085 2909 iu
1097 2866 1182 2911 osou-
1237 2853 1425 2923 creaturam,
1451 2868 1493 2907 ne
1510 2849 1595 2925 forte
1616 2851 1799 2910 moriamur
1819 2869 1857 2912 ex
1880 2850 1981 2913 nimia

437 2949 503 3011 lum
519 2947 570 3010 vel
590 2947 771 3029 amplexum
791 2954 846 3008 aut
867 2946 1071 3009 consimilia:
1090 2948 1181 3028 quus
1238 2945 1412 3027 corporalis
1438 2947 1613 3010 harmonia
1634 2948 1867 3026 immutatione,
1886 2958 1981 3031 atquc

436 3045 599 3129 opinionis
625 3044 687 3107 fuit
710 3053 741 3107 et
759 3044 925 3127 losepbus.
949 3045 1038 3109 Unde
1057 3054 1089 3109 et
1113 3045 1218 3127 qui-C
1237 3042 1420 3121 formidine,
1437 3063 1475 3107 ex
1497 3045 1661 3127 nimiaque
1682 3046 1869 3110 excellentia
1893 3048 1982 3130 objc-

437 3147 509 3208 dam
529 3142 683 3207 Catholici
705 3143 827 3220 dicunt,
844 3144 928 3225 quod
951 3144 1001 3206 lex
1018 3154 1109 3209 vetus
1131 3163 1182 3207 co·
1237 3150 1360 3205 ctorum
1376 3143 1515 3221 illorum,
1533 3145 1682 3209 videlicet
1697 3165 1810 3210 vocum
1825 3166 1861 3210 ac
1877 3146 1981 3229 fulgu-

436 3242 542 3305 bibuit
566 3260 707 3317 manum,
732 3259 795 3304 non
821 3240 973 3303 animum.
996 3242 1055 3306 Sed
1081 3243 1181 3306 Rabbi
1237 3261 1307 3303 rum
1323 3251 1419 3323 atque
1434 3243 1596 3305 sonituum
1613 3244 1707 3321 tubae,
1724 3264 1782 3326 per
1801 3255 1980 3327 respectum

436 3340 549 3404 Paulus
560 3348 670 3402 eontra
684 3339 751 3402 heac
766 3339 878 3402 scribit
891 3359 897 3403 :
910 3340 1008 3418 Multi,
1020 3342 1180 3423 inquiens,
1237 3340 1276 3402 ad
1293 3348 1435 3403 nostrum
1457 3342 1600 3404 auditum
1617 3352 1649 3405 et
1664 3344 1780 3406 visum.
1798 3345 1860 3407 Nec
1877 3354 1981 3427 potest

437 3441 602 3503 doctorum
622 3438 824 3501 Hebraeorum
844 3437 1022 3517 affirmant,
1039 3459 1096 3522 per
1116 3441 1182 3505 haec
1237 3438 1375 3501 humana
1398 3440 1555 3521 fragilitas
1579 3441 1655 3504 talia
1674 3442 1729 3504 diu
1753 3441 1891 3506 sufferre
1912 3444 1981 3507 sine

436 3537 600 3622 prohiberi
620 3536 912 3618 concupiscentiam
938 3538 1051 3603 alienae
1074 3539 1182 3604 uxoris
1237 3537 1471 3601 confortatione
1486 3539 1616 3621 speciali
1631 3550 1663 3604 et
1676 3541 1825 3621 gratiosa.

436 3638 635 3718 aliarumque
654 3654 772 3713 rerum,
794 3636 918 3699 etiamsi
940 3638 973 3700 iu
993 3640 1181 3703 exteriorem
1278 3642 1320 3699 Jt't
1342 3640 1391 3697 ait
1414 3642 1538 3716 Moyses
1557 3642 1601 3700 ad
1616 3645 1777 3718 poputum
1793 3663 1804 3701 .·
1820 3644 1928 3705 Nolite
1943 3644 1982 3703 ti-

437 3746 544 3800 aotum
566 3753 632 3798 non
654 3742 842 3799 moveatur:
860 3739 991 3820 etquod
1014 3738 1057 3801 ita
1081 3740 1181 3802 teneri
1237 3757 1320 3797 mere
1343 3736 1549 3800 immoderato
1573 3738 1697 3816 timore,
1715 3738 1765 3803 vol
1787 3741 1873 3821 quod
1896 3759 1981 3804 nunc

436 3843 591 3919 oporteat,
606 3833 701 3898 facile
716 3842 763 3898 est
780 3836 1030 3918 probare,quum
1045 3838 1182 3900 exterior
1237 3834 1431 3912 moriemini,
1445 3835 1527 3899 siout
1543 3837 1672 3899 timetis.
1683 3842 1720 3899 Ut
1731 3842 1818 3898 enlm
1829 3842 1981 3917 probaret

426 3944 525 4000 actus
548 3935 704 4001 rationem
720 3934 822 4018 culpae
838 3953 901 3998 non
921 3935 1047 4012 habeat,
1066 3936 1127 3997 nisi
1143 3955 1181 3999 ex
1237 3955 1303 4005 cos,
1319 3938 1407 3995 venit
1422 3939 1518 4007 Deos,
1540 3936 1600 3998 hoo
1615 3945 1673 4012 est,
1690 3936 1732 4000 ob
1746 3937 1807 4001 hoc
1823 3957 1880 4020 per
1894 3957 1981 4002 crea-

437 4033 581 4097 interiori
604 4031 853 4095 deordinatione.
877 4033 965 4096 Ratio
981 4052 1110 4116 quoque
1129 4053 1181 4097 vo
1237 4041 1340 4096 turam
1362 4033 1536 4116 subjectam
1558 4034 1604 4096 sic
1623 4035 1797 4113 descendit,
1818 4038 1978 4119 apparuit,

438 4132 580 4209 luntarii,
598 4131 683 4213 quod
706 4137 754 4193 est
775 4130 863 4209 origo
886 4131 991 4195 meriti
1012 4141 1108 4214 atque
1129 4133 1181 4195 de
1235 4142 1332 4214 atque
1348 4132 1471 4195 loeutus
1487 4142 1534 4195 ost
1549 4133 1701 4196 hominus
1717 4134 1864 4213 vobis,ut
1878 4146 1981 4200 osteu-

438 4230 554 4307 meriti,
564 4230 668 4313 primo
679 4238 711 4292 et
726 4228 863 4292 maxime
878 4230 1040 4294 invenitur
1051 4232 1085 4295 in
1101 4230 1181 4295 inte·
1195 4232 1220 4293 D
1237 4232 1325 4295 deret
1340 4250 1404 4293 non
1420 4230 1483 4293 sibi
1498 4231 1606 4295 omnia
1621 4234 1837 4312 cognoscenti,
1855 4236 1909 4298 sed
1925 4255 1980 4299 vo

437 4329 576 4394 rioribus
589 4328 715 4391 animae.
728 4327 872 4409 Denique
887 4329 920 4391 in
936 4330 1180 4395 Deuteronomio
1236 4330 1287 4392 bis
1303 4330 1381 4412 ipsis
1396 4350 1433 4393 ac
1448 4330 1532 4407 aliis,
1544 4330 1654 4412 quales
1670 4331 1751 4409 sitis,
1764 4340 1797 4395 et
1811 4342 1847 4395 ut
1863 4332 1980 4397 faceret

288 4444 352 4487 near.
363 4448 420 4496 md.
435 4430 571 4493 babetur
590 4448 597 4493 :
615 4428 659 4491 Ne
674 4426 792 4490 dixeris
808 4426 842 4488 in
858 4429 951 4491 corde
968 4437 1032 4505 tun,
1050 4429 1180 4512 Propter
1235 4446 1292 4492 vos
1308 4428 1457 4511 probatos
1472 4448 1509 4491 ac
1526 4429 1699 4492 timoratos.
1717 4430 1789 4494 ldeo
1805 4432 1952 4494 subditur
1969 4450 1976 4495 :

434 4527 591 4610 justitiam
608 4544 711 4589 meam
727 4526 904 4589 introduxit
918 4527 1178 4589 moDominusin
1236 4538 1265 4587 et
1290 4537 1327 4588 at
1351 4538 1453 4588 terror
1477 4530 1570 4588 itlius
1595 4531 1732 4589 assatio
1756 4532 1852 4601 vobis,
1875 4531 1907 4592 id
1931 4541 1980 4594 est

435 4635 551 4689 terram
568 4624 650 4688 haue
674 4640 756 4705 :per
772 4624 858 4705 quod
874 4643 968 4706 prava
983 4633 1015 4687 et
1032 4623 1113 4688 falsa
1128 4645 1179 4689 co·
1236 4625 1332 4688 timor
1353 4624 1465 4688 filialis
1485 4626 1535 4689 vel
1559 4625 1670 4688 saltem
1694 4627 1838 4706 initialis,
1861 4640 1891 4691 et
1914 4651 1978 4692 raon

433 4724 555 4805 gitatio,
573 4731 604 4787 et
626 4723 702 4786 item
726 4722 932 4804 praesumptio
953 4724 1176 4804 prohibentur.
1230 4728 1416 4801 peccaretis,
1428 4725 1581 4807 quoniam
1598 4724 1694 4789 timor
1708 4728 1762 4789 Dei
1779 4727 1911 4792 retrahit
1926 4728 1979 4792 ho-

310 4838 418 4891 scam,
435 4822 494 4885 Sed
510 4830 541 4885 et
556 4822 589 4883 in
604 4821 745 4885 Levitico
762 4820 916 4902 scriptum
932 4822 1056 4885 estzNe
1072 4824 1178 4886 oderis
1234 4822 1397 4885 minema
1428 4832 1567 4906 peccato.
1596 4828 1754 4906 Stetitque
1774 4832 1915 4906 popalus
1937 4833 1979 4889 de

286 4904 363 4953 ¹⁷’¹⁸'
434 4920 563 4983 fratrem
581 4928 669 4984 tuum
686 4920 720 4981 in
736 4919 831 4983 eorde
848 4926 912 4980 tuo.
922 4918 960 4980 Et
975 4922 1178 4985 rursustNeo
1234 4926 1335 5000 tanae.
1363 4925 1488 5000 Moyses
1511 4934 1621 4984 aretem
1644 4927 1774 4986 accessit
1796 4929 1840 4987 ad
1863 4931 1979 5005 calipi-

432 5040 554 5084 momor
570 5020 633 5082 eris
651 5018 777 5099 iujuriae
794 5016 914 5080 civium
935 5024 1070 5080 tuorum.
1089 5020 1176 5094 Quod
1233 5041 1317 5090 artem,
1344 5023 1381 5081 in
1403 5042 1468 5102 qao
1490 5033 1560 5083 erat
1582 5026 1678 5095 Deua,
1696 5023 1729 5086 id
1754 5033 1802 5087 est
1823 5026 1976 5089 verticem

431 5138 507 5183 vero
531 5117 684 5181 Catholici
705 5116 826 5192 dicunt,
849 5115 1090 5196 intelligendum
1115 5127 1173 5197 est,
1232 5118 1350 5180 montis
1374 5119 1527 5195 aseendit,
1554 5120 1586 5181 in
1611 5138 1676 5202 quo
1701 5120 1763 5184 fuit
1787 5122 1978 5187 densissima

429 5218 514 5301 quod
538 5217 587 5279 lex
601 5223 692 5277 vetus
716 5231 779 5276 non
803 5221 867 5276 tam
883 5214 1047 5278 evidenter
1061 5226 1093 5278 et
1115 5216 1176 5280 fre·
1232 5216 1344 5293 nubes,
1362 5216 1396 5280 iu
1418 5236 1481 5299 qua
1496 5217 1577 5281 Deus
1599 5237 1654 5301 per
1676 5220 1827 5301 angelum
1847 5240 1977 5305 appare

425 5324 562 5402 quenter
572 5312 700 5378 cohibet
714 5311 869 5389 animum,
877 5312 932 5375 sed
949 5331 1175 5397 manum,prm
1230 5315 1294 5392 bat,
1316 5321 1351 5376 ut
1371 5313 1460 5396 juxta
1483 5316 1669 5398 petitionem
1692 5319 1804 5402 populi
1821 5320 1975 5384 mediaret
