4309 6259
430 500 490 569 tot

817 520 990 570 uuannntto
1012 522 1043 568 IN
1063 521 1132 569 GAP.
1156 521 1188 568 xl
1209 521 1345 568 bElllTlGl.
1369 539 1409 552 ···
1429 519 1500 567 ant.
1525 520 1585 568 XXV

430 699 610 763 debuerunt
625 718 695 763 csse
709 697 817 780 aliqua
832 697 993 782 specialia,
1003 715 1177 778 congruen-
1192 694 1218 757 Α
1232 703 1361 778 propter
1386 714 1548 786 excessum
1575 694 1774 758 humiditatis
1790 719 1798 771 ς
1826 693 1971 758 similiter

429 800 475 861 tia
490 800 528 861 ad
544 799 666 862 cultum
682 798 827 861 divinum
843 797 893 861 vel
909 797 1115 878 corporalem,
1126 796 1174 858 vel

432 899 641 980 spiritualem.
659 897 769 960 Cultus
785 904 890 959 autem
916 896 995 975 legis
1017 895 1176 976 figurabat

432 997 580 1080 mysteria
596 997 722 1075 Christi,
741 997 784 1059 ita
799 996 885 1078 quod
901 996 1009 1058 omnia
1029 1005 1117 1074 gesta
1139 995 1177 1056 il-

432 1097 534 1160 lornm
556 1096 805 1179 praefigurabant
825 1115 953 1178 eaquae
978 1103 1122 1178 spectant
1137 1095 1175 1157 ad

284 1201 414 1253 icarum.
431 1195 602 1273 Christum,
619 1197 710 1278 juxta
725 1195 804 1258 illud
820 1193 963 1277 Apostoli
981 1212 988 1256 ε
1005 1194 1118 1258 Omnia
1143 1195 1175 1255 in

432 1293 538 1373 figura
553 1294 781 1375 contingebant
796 1295 872 1356 iltis.
891 1295 962 1357 ldeo
978 1293 1117 1357 rationes
1134 1293 1177 1356 le-

432 1393 549 1475 galium
572 1394 846 1457 observantiarum
868 1393 900 1455 in
922 1393 1003 1456 cibis
1022 1401 1052 1456 et
1073 1381 1177 1456 consi·

432 1491 574 1567 milibus,
602 1492 772 1574 dupliciter
796 1493 998 1571 assignantur
1024 1513 1031 1556 ε
1059 1491 1173 1575 primo,

430 1592 605 1655 secundum
629 1592 868 1670 congruentiam
890 1592 928 1654 ad
953 1592 1073 1654 cultum
1100 1591 1177 1653 divi-

431 1709 529 1761 num3
554 1690 705 1767 secunde,
730 1699 823 1773 prout
845 1691 966 1772 aliquid
993 1690 1176 1772 figurabant

429 1789 515 1852 circa
528 1788 686 1851 Christum
703 1798 734 1851 et
753 1789 850 1851 vitam
861 1789 1124 1852 Christianorum.
1137 1826 1178 1834 —

1231 796 1330 879 aliqui
1361 796 1463 878 pisces
1494 815 1557 859 non
1587 797 1739 859 hahentes
1768 814 1915 876 squamas
1940 803 1969 856 et

1231 895 1400 981 pennulas,
1412 905 1445 958 ut
1461 896 1619 977 anguillae,
1631 903 1760 978 propter
1775 893 1969 957 humiditatis

1231 1013 1406 1058 excessum,
1419 994 1498 1058 Sunt
1513 1005 1617 1058 autem
1629 996 1674 1058 eis
1690 996 1729 1056 ad
1745 1013 1833 1056 esum
1848 1011 1971 1057 conces-

1232 1113 1267 1155 sa
1281 1094 1433 1157 animalia
1455 1095 1659 1170 ruminantia,
1677 1093 1893 1174 ungulamque
1914 1091 1971 1154 fin·

1231 1192 1349 1270 dentia,
1382 1193 1534 1274 quoniam
1565 1193 1683 1255 habent
1712 1191 1863 1254 humores
1891 1192 1971 1253 benc

1231 1293 1381 1372 digestos,
1414 1301 1445 1355 et
1475 1301 1549 1354 sunt
1576 1292 1688 1354 mediae
1717 1289 1969 1372 complexionis:

1232 1391 1383 1473 quoniam
1410 1410 1475 1455 nen
1500 1400 1574 1453 sunt
1599 1390 1695 1453 nimis
1720 1389 1861 1466 humida,
1888 1390 1973 1471 quod

1232 1490 1418 1571 significant
1444 1491 1586 1572 ungulam
1605 1511 1662 1554 nec
1685 1489 1781 1551 nimis
1803 1489 1887 1551 sicca
1909 1489 1974 1551 sive

1232 1591 1404 1668 terrestria,
1433 1610 1532 1673 quum
1564 1609 1626 1652 non
1657 1589 1794 1652 habeant
1822 1587 1975 1668 ungulam

1231 1690 1426 1768 continuam,
1445 1691 1499 1753 sed
1515 1689 1662 1752 divisam.
1683 1689 1717 1750 lu
1738 1687 1881 1770 piscibus
1901 1707 1975 1768 quo

1231 1809 1294 1871 que
1305 1789 1446 1852 concussi
1459 1798 1533 1851 sunt
1545 1789 1592 1851 eis
1603 1789 1706 1871 pisces
1718 1787 1877 1863 sicciores,
1889 1787 1975 1869 quod

429 1885 668 1968 Consequenter
697 1889 911 1969 pensandum,
943 1888 1028 1970 quod
1058 1888 1177 1970 duplex
1195 1884 1217 1946 B
1232 1887 1434 1968 significatur
1449 1907 1505 1970 per
1521 1888 1581 1951 boc
1597 1888 1683 1969 quod
1698 1886 1817 1949 habent
1828 1904 1975 1967 squamas

431 1986 566 2069 pollutio
582 2005 638 2050 scu
660 1986 865 2049 immunditia
888 1987 1118 2050 observabatur
1143 1987 1175 2049 in

431 2084 500 2166 lege
517 2104 524 2148 :
544 2104 607 2146 una
622 2085 734 2166 culpae,
751 2105 919 2168 perquam
936 2086 1089 2168 polluitur
1109 2086 1176 2148 ani·

430 2203 499 2260 ma3
513 2184 575 2246 alia
589 2184 754 2265 cujusdam
771 2185 996 2267 corruptionis
1007 2205 1063 2267 per
1078 2204 1175 2266 quam

430 2301 546 2365 corpus
568 2283 802 2365 quodammodo
819 2284 1015 2365 inquinatur.
1035 2283 1177 2365 Loquen-

430 2383 472 2445 do
487 2399 562 2460 ergo
577 2381 617 2444 de.
633 2382 735 2462 prima
752 2382 966 2460 immunditia,
984 2382 1073 2445 nulla
1094 2382 1177 2444 ciba·

431 2480 480 2542 ria
494 2488 584 2542 erant
600 2479 773 2557 immunda,
785 2501 841 2543 nec
857 2481 1020 2545 hominem
1031 2490 1178 2564 poterant

432 2577 602 2660 inquinare
622 2598 660 2642 en
685 2599 741 2642 sua
763 2589 883 2657 natura,
907 2583 1174 2663 quemadmodum

296 2685 416 2739 Mutat-u,
432 2677 477 2739 ait
506 2677 648 2741 Salvator
679 2694 685 2740 :
717 2679 785 2742 Nou
815 2681 900 2761 quod
932 2681 1029 2743 intrat
1060 2681 1093 2742 in
1124 2700 1174 2757 os,

432 2775 617 2858 coinquinat
636 2776 808 2855 hominem,
827 2779 882 2841 sed
907 2799 978 2860 quaa
1000 2781 1177 2862 procedunt

431 2876 470 2940 dc
495 2894 560 2939 ore.
578 2875 803 2940 Verumtamen
828 2878 928 2960 aliqui
953 2879 1017 2941 cibi
1043 2888 1176 2960 possunt

429 2994 487 3058 per
502 2974 649 3038 accidens
664 2976 828 3039 hominem
846 2977 1021 3058 inquinare,
1033 2979 1065 3039 in
1081 2998 1177 3060 quan·

1231 1998 1263 2051 et
1279 1989 1445 2071 pennulas.
1455 1989 1512 2050 Per
1527 1988 1587 2050 hoc
1603 1987 1687 2050 enim
1703 1985 1880 2049 ostenditur
1894 2004 1976 2049 com-

1231 2089 1337 2171 plexio
1353 2087 1490 2168 piscium
1506 2087 1636 2148 humida
1658 2093 1841 2168 temperata.
1858 2084 1891 2147 ln
1911 2085 1976 2147 avi-

1231 2189 1292 2250 bus
1316 2187 1410 2250 ctiam
1432 2205 1590 2248 concessae
1612 2193 1686 2247 sunt
1706 2185 1752 2246 cis
1776 2183 1876 2264 magis
1898 2192 1976 2247 tem·

1231 2295 1358 2369 perata,
1386 2286 1468 2347 sicut
1493 2285 1619 2365 gallinae
1646 2292 1677 2347 et
1702 2283 1856 2366 perdices,
1880 2290 1975 2364 atquc

1231 2383 1552 2467 hujusmodi—Alia
1568 2383 1648 2446 ratio
1663 2382 1884 2464 praedictorum
1901 2380 1972 2458 fuit,

1232 2485 1265 2546 in
1277 2483 1517 2546 detestationem
1529 2481 1726 2545 idololatriae.
1739 2479 1879 2543 Gentiles
1891 2500 1976 2543 nam-

1231 2602 1305 2664 quo,
1323 2582 1497 2665 presertim
1513 2580 1660 2663 AEgyptii,
1679 2580 1762 2642 inter
1776 2597 1858 2660 quos
1875 2579 1975 2642 Judaei

1232 2681 1363 2744 fuerunt
1385 2680 1508 2757 nutriti,
1526 2679 1677 2742 animalia
1697 2677 1880 2760 hujusmodi
1904 2697 1976 2760 pro

1231 2781 1333 2843 hibita
1358 2781 1424 2842 suis
1450 2779 1543 2843 idolis
1568 2777 1785 2854 immolabant,
1803 2775 1853 2840 vel
1874 2776 1920 2839 eis
1935 2778 1974 2840 ad

1232 2877 1393 2942 maleficia
1416 2877 1605 2954 utebantur;
1631 2875 1782 2938 animalia
1807 2893 1880 2938 vero
1905 2894 1976 2957 quae

1230 2977 1345 3040 ludaeis
1361 2985 1435 3038 suut
1449 2995 1599 3039 concessa
1614 2976 1652 3037 ad
1669 2993 1769 3051 esum,
1788 2992 1850 3037 non
1873 2991 1976 3036 come

430 3082 497 3138 tum
522 3083 631 3137 contra
656 3083 777 3149 votum,
794 3076 843 3137 vel
869 3076 1096 3149 obedientiam,
1122 3085 1176 3139 aut
1191 3073 1212 3136 C
1231 3076 1358 3154 debant,
1372 3077 1426 3138 sed
1442 3095 1479 3138 ea
1494 3084 1642 3156 tanquam
1660 3074 1735 3136 deos
1751 3071 1910 3144 colebant3
1924 3071 1975 3135 vel

429 3191 467 3235 ex
488 3172 588 3234 nimia
607 3174 864 3256 concupiscentia
886 3176 1107 3251 comeduntur,
1126 3177 1174 3238 vel

430 3273 464 3334 in
487 3280 642 3353 quantum
663 3273 806 3354 prebent
831 3272 1007 3336 fomentum
1033 3275 1173 3351 luxuriae,

430 3378 560 3454 propter
589 3372 674 3451 quod
704 3371 834 3452 quidam
860 3371 1022 3435 abstinent
1052 3394 1070 3436 a
1100 3374 1175 3437 vino

430 3476 461 3532 et
475 3469 636 3531 carnibus.
654 3507 693 3514 —
709 3470 814 3544 Porro,
833 3472 1009 3534 secuudum
1029 3491 1176 3555 corpora-

429 3566 491 3629 lem
519 3566 765 3645 immunditiam,
792 3588 863 3650 quae
887 3579 934 3632 est
960 3571 1175 3653 corruptionis

427 3666 604 3748 cujusdam,
614 3667 728 3748 aliquae
744 3667 929 3730 animalium
940 3689 1051 3732 carnes
1067 3690 1176 3751 quam-

427 3765 500 3826 dam
516 3765 752 3828 immuuditiam
769 3766 902 3840 habeut;
917 3767 966 3830 vel
986 3767 1061 3848 quia
1076 3789 1114 3831 cx
1131 3789 1176 3830 re

427 3862 487 3924 bus
511 3863 685 3925 immundis
708 3873 892 3942 vescuntur,
911 3875 945 3928 ut
970 3885 1103 3948 porcus3
1121 3874 1175 3928 aut

427 3961 502 4043 quia
518 3961 682 4024 immunde
706 3973 946 4041 conversantur,
965 3975 999 4027 ut
1024 3966 1175 4028 animalia

427 4058 570 4141 quaedam
586 4058 645 4120 sub
668 4067 752 4122 terra
774 4060 962 4138 habitantia,
979 4063 1062 4124 sicut
1082 4063 1174 4144 talpae

427 4165 459 4218 ct
474 4175 590 4233 mures,
600 4157 683 4219 unde
699 4167 730 4220 ct
745 4159 887 4239 quaedam
906 4179 1014 4222 eorum
1029 4161 1172 4224 furtorum

1231 3175 1272 3236 ob
1288 3175 1382 3236 aliam
1399 3194 1526 3237 causam
1543 3171 1746 3236 abstinebant
1765 3171 1804 3232 ab
1830 3169 1887 3233 eis.
1904 3170 1976 3232 'ler-

1231 3275 1275 3336 tia
1300 3275 1378 3337 ratio
1404 3273 1477 3350 fuit,
1496 3273 1533 3334 ad
1560 3271 1731 3334 tollendam
1758 3269 1887 3331 nimiam
1904 3268 1975 3330 dili-

1230 3372 1368 3452 gentiam
1386 3372 1470 3434 circa
1485 3369 1615 3433 cibaria.
1634 3368 1712 3430 Hinc
1732 3385 1881 3430 concessa
1901 3374 1976 3428 sunt

1231 3471 1277 3532 eis
1308 3469 1472 3546 arrimalia‚
1506 3487 1576 3549 quae
1606 3474 1740 3549 possunt
1771 3464 1906 3528 faciliter
1941 3465 1973 3526 in

1231 3576 1380 3650 promptu
1397 3565 1641 3639 haberi.Quarta
1656 3565 1735 3626 ratio
1752 3562 1813 3625 fuit
1828 3562 1974 3645 figuralis

1231 3674 1262 3727 rt
1277 3666 1463 3747 spiritualia,
1482 3685 1552 3746 quaa
1576 3662 1720 3745 sequenti
1740 3670 1885 3741 tangetur
1900 3661 1975 3722 arti·

1231 3765 1314 3828 culo.
1332 3765 1401 3827 llaec
1417 3765 1563 3826 Thomas

1270 3864 1433 3940 Praeterea,
1448 3864 1486 3925 de
1503 3863 1562 3924 ista
1578 3860 1709 3924 materia
1726 3859 1975 3922 scribitGuillel-

1231 3983 1301 4024 mus
1316 3962 1502 4024 Parisiensis
1525 3960 1606 4023 libro
1622 3961 1662 4022 dc
1676 3959 1752 4022 Fide
1776 3966 1807 4021 et
1823 3957 1946 4040 legibus
1963 3977 1971 4021 :

1230 4063 1302 4124 Post
1326 4063 1391 4124 haec
1416 4078 1644 4141 prosequemur
1669 4057 1886 4120 immunditias
1907 4058 1974 4119 ani-

1231 4161 1373 4222 malium.
1392 4159 1451 4222 Ubi
1471 4159 1575 4241 primo
1592 4155 1767 4234 sciendum,
1786 4157 1868 4238 quod
1891 4175 1974 4237 qua,L

427 4253 638 4330 contrahunt,
664 4256 712 4318 vel
737 4257 813 4337 quia
837 4277 945 4319 eorum
972 4279 1083 4322 carnes
1108 4281 1174 4322 eer—
1191 4264 1215 4325 D
1231 4261 1300 4322 riam
1318 4259 1469 4322 animalia
1483 4253 1650 4320 immunda
1665 4263 1755 4319 erant
1770 4255 1972 4317 immunditia

428 4360 538 4434 ruptos
566 4363 719 4432 generant
748 4356 909 4431 humores,
937 4366 1065 4439 propter
1091 4360 1174 4440 ipso-

428 4471 498 4514 rum
520 4453 716 4535 superfluam
736 4454 958 4517 humiditatem
980 4466 1034 4519 aut
1054 4458 1175 4520 siccita-

428 4558 491 4612 tem
502 4570 509 4614 :
521 4551 639 4613 idcirco
656 4552 824 4634 prohibita
841 4562 915 4615 sunt
931 4554 1046 4616 ludaeis
1062 4577 1174 4618 earnes

426 4649 613 4712 animalium
630 4650 815 4713 habentium
830 4654 980 4730 ungulam
997 4674 1093 4717 tinam
1110 4675 1173 4716 ιιοιι

427 4747 537 4810 fissam
554 4769 609 4812 seu
626 4750 810 4827 indivisam,
829 4761 959 4833 propter
981 4773 1090 4817 eorum
1113 4763 1174 4816 ter-

426 4848 655 4923 restreitatem;
687 4869 799 4912 carnes
829 4869 955 4932 quoque
985 4853 1172 4916 animalium

426 4945 612 5009 habentium
644 4948 760 5010 multas
791 4947 924 5011 fissuras
954 4951 987 5012 in
1018 4953 1171 5033 pedihus,

426 5045 502 5125 quia
523 5054 597 5107 sunt
621 5046 718 5108 nimis
744 5046 912 5110 cholerica
933 5057 964 5110 et
989 5051 1121 5128 adusta,
1139 5061 1175 5113 ut

426 5162 537 5207 carnes
568 5143 680 5207 leonis.
704 5145 820 5208 Eadem
851 5147 973 5210 ratione
1004 5149 1174 5231 prohibitae

426 5251 501 5307 sunt
511 5242 557 5304 eis
568 5262 643 5306 aves
654 5245 797 5327 quaedam
810 5265 947 5328 rapaces,
957 5248 1034 5328 quia
1045 5256 1119 5310 sunt
1131 5249 1175 5311 ni-

427 5342 499 5406 mie
516 5341 688 5416 siccitatis3
706 5352 737 5406 et
752 5345 895 5428 quaedam
912 5366 987 5410 aves
1007 5348 1172 5429 aquatica,

1229 4359 1386 4441 corporali
1411 4367 1440 4420 ct
1466 4355 1669 4418 immunditia
1691 4354 1973 4437 repudiationis'et

1231 4456 1471 4539 irregularitatis
1485 4482 1492 4532 ;
1509 4455 1654 4536 quadarn
1671 4472 1745 4517 vero
1761 4453 1827 4515 sola
1838 4453 1973 4514 immun-

1230 4557 1308 4618 ditia
1325 4553 1578 4635 irregularitatis,
1599 4572 1662 4633 qua
1678 4552 1798 4614 scilicet
1812 4550 1972 4634 prohibita

1230 4664 1319 4718 eant
1335 4675 1352 4716 a
1370 4655 1421 4716 uei
1449 4651 1609 4715 sacrificio
1632 4659 1663 4713 ct
1677 4651 1717 4713 ab
1738 4670 1794 4713 esu
1819 4651 1969 4714 humano.

1229 4756 1291 4818 Nec
1308 4755 1426 4816 scimus
1442 4751 1573 4833 aliquod
1590 4748 1719 4826 animal,
1736 4750 1820 4830 quod
1837 4749 1972 4812 immun-

1230 4855 1304 4916 dum
1323 4859 1503 4934 reputatum
1521 4850 1563 4911 sit
1578 4856 1708 4931 propter
1723 4848 1822 4911 solam
1838 4847 1972 4909 immun-

1229 4953 1341 5016 ditiam
1364 4950 1573 5033 corporalem.
1600 4949 1716 5010 Porcus
1738 4965 1823 5024 vcro,
1848 4948 1886 5009 dc
1908 4965 1971 5028 que

1230 5052 1336 5113 minus
1355 5049 1454 5112 videri
1472 5055 1589 5130 posset,
1608 5065 1671 5108 non
1689 5045 1789 5108 solum
1805 5044 1899 5108 babet
1914 5045 1973 5106 im-

1230 5148 1421 5211 munditiam
1452 5145 1660 5226 corporalem,
1686 5143 1740 5205 sed
1770 5153 1801 5206 et
1825 5143 1970 5223 legalem.

1229 5248 1340 5310 Adhuc
1363 5247 1448 5309 enim
1472 5244 1586 5327 pagani
1612 5242 1778 5306 immolant
1802 5261 1924 5324 porcos,
1941 5251 1974 5306 et

1231 5347 1350 5410 loedcra
1368 5364 1425 5406 sua
1440 5364 1475 5407 ac
1491 5350 1582 5425 pacta
1598 5340 1752 5420 sauguine
1763 5339 1891 5404 firmant
1902 5359 1975 5422 por-
