4309 6259
433 506 492 571 376

798 522 971 570 manuario
992 521 1022 566 tu
1044 517 1112 566 CAP-
1136 516 1168 561 ΣΙ
1189 516 1385 564 Nvttttnoltb'tt.
1408 537 1448 548 ·-
1469 519 1539 565 aar.
1563 518 1616 564 xlx

434 697 473 759 le.
493 696 604 759 Simila
620 697 741 778 quippe
763 705 809 758 est
832 694 1059 758 delicatissima
1081 688 1177 751 tritici
1192 683 1218 746 A
1234 690 1384 770 guntione
1402 701 1457 754 aut
1477 691 1686 774 impatientia,
1704 690 1759 752 scd
1778 709 1816 752 ex
1837 688 1972 769 quadam

435 793 547 857 farina.
560 794 675 875 Sicque
691 795 783 876 panis
800 794 859 856 iste
873 802 940 856 erat
950 793 1041 855 valde
1057 791 1176 864 suavis,

434 893 533 954 instar
556 892 647 973 panis
670 892 806 955 conlecti
827 912 864 955 ex
885 891 991 954 simila
1011 890 1106 952 melle
1125 888 1179 949 ad-

433 991 541 1053 mixta.
558 991 620 1053 Cur
644 1009 719 1071 crgo
744 991 935 1072 quibusdam
961 1008 1024 1052 non
1051 987 1178 1069 sapuitl

432 1090 742 1172 despondetur,quod
754 1098 884 1171 propter
893 1107 1001 1152 eorum
1014 1086 1177 1149 malitiam.

433 1187 590 1250 Naturalis
603 1189 720 1250 etenim
738 1206 966 1270 sapormannae
982 1185 1179 1248 exstititdul·

432 1285 489 1362 cis,
510 1293 541 1348 et
566 1285 638 1347 talis
663 1294 698 1347 ut
722 1284 841 1348 dictum
867 1292 925 1348 cst.
953 1284 1178 1365 Supernatura·

433 1383 472 1444 lis
490 1402 565 1447 vero
581 1402 675 1466 sapor
691 1383 792 1466 ipsius
809 1383 955 1464 luit‚quo
970 1382 1062 1446 bonis
1078 1381 1178 1462 sapie

432 1481 487 1544 bat
504 1484 679 1545 seeundum
696 1482 892 1545 voluntatem
909 1500 1029 1544 eorum.
1043 1480 1075 1542 Si
1091 1480 1177 1542 enim

433 1580 596 1661 optabant,
610 1581 717 1662 sapuit
732 1581 777 1642 eis
795 1589 829 1642 ut
844 1599 928 1655 earo,
941 1588 972 1642 ct
988 1579 1063 1642 item
1080 1585 1116 1640 ut
1130 1577 1178 1659 pi-

1234 791 1288 872 pia
1304 791 1518 856 familiaritate
1534 801 1628 872 atque
1644 790 1772 852 tristitia
1786 789 1892 851 bona:
1912 790 1972 847 Cur

1234 894 1384 967 affliut'sti
1398 914 1525 952 serrum
1542 894 1660 952 ttturu?
1676 890 1707 951 id
1723 899 1781 964 est,
1793 907 1850 950 cur
1865 906 1918 948 me
1933 885 1973 947 la·

1234 990 1355 1052 mulum
1373 1000 1461 1052 tuum
1475 991 1634 1072 permittis
1650 989 1694 1051 ita
1708 985 1972 1067 allegataque

1234 1088 1304 1171 paci
1320 1089 1453 1152 interna
1468 1099 1499 1152 et
1515 1087 1774 1170 contemplationi
1786 1105 1899 1149 vacare
1911 1103 1972 1145 non

1233 1206 1316 1268 queo
1332 1197 1367 1250 ut
1382 1192 1477 1270 optol
1487 1192 1592 1257 Quare
1606 1209 1672 1248 nou
1687 1189 1817 1248 t'uecuio
1830 1186 1973 1260 qratiam

1233 1309 1341 1348 coram
1358 1288 1448 1348 retia
1465 1296 1630 1368 est‚quarc
1646 1305 1710 1349 non
1726 1284 1823 1346 babes
1839 1301 1891 1343 me
1905 1300 1975 1361 sup

1234 1394 1392 1467 portatum
1419 1385 1459 1447 ab
1483 1403 1580 1448 onere
1605 1384 1677 1460 isto,
1694 1391 1729 1444 ut
1748 1401 1832 1463 saepe
1854 1378 1972 1460 rogari,

1234 1503 1293 1546 nec
1308 1484 1517 1546 desideratam
1534 1481 1795 1563 tranquillitatem
1816 1478 1896 1540 mibi
1917 1477 1975 1539 lar-

1233 1582 1333 1662 girisl
1349 1586 1391 1644 Et
1406 1604 1465 1642 cur
1485 1584 1668 1658 imposuisti
1683 1583 1811 1658 pondus
1830 1579 1975 1638 uniuersi

433 1679 507 1754 seis,
528 1679 637 1760 sieque
657 1679 879 1742 descendendo
895 1676 1177 1740 ulteriusl'crtius
1230 1683 1347 1760 pepuli
1371 1683 1471 1759 tejas
1494 1701 1591 1757 super
1616 1682 1690 1740 me?
1704 1679 1764 1740 boe
1787 1686 1846 1752 est,
1869 1693 1975 1737 euram

433 1796 509 1840 vero
525 1787 557 1841 et
572 1777 778 1840 accidentalis
795 1795 888 1858 sapor
904 1777 973 1858 ejus
993 1775 1063 1851 luit,
1082 1793 1177 1856 quem

1235 1786 1329 1840 tantm
1345 1779 1448 1860 plebis
1465 1778 1544 1840 mibi
1560 1775 1760 1851 commisisti,
1770 1794 1882 1856 exque
1895 1792 1977 1835 com·

434 1875 548 1937 babuit
564 1876 595 1937 in
613 1876 753 1957 injustis,
771 1875 887 1956 quibus
908 1875 970 1937 luit
989 1873 1176 1955 insipidum.
1197 1872 1386 1939 Bmissione
1411 1877 1491 1938 mibi
1516 1875 1673 1938 incumbit
1694 1874 1837 1938 omnium
1864 1873 1976 1934 borum

286 1990 418 2044 saniant.
433 1975 512 2036 llinc
533 1974 567 2035 in
589 1974 758 2056 Sapientia
778 1973 940 2036 volumine
960 1973 1077 2035 dicitur
1092 1973 1176 2034 Deo:

288 2091 419 2197 u·sunaun·
434 2072 747 2154 Supersubstantiam
768 2073 779 2094 '
800 2081 886 2134 tuam
916 2080 947 2134 et
976 2070 1178 2133 dulcedinem

304 2167 338 2196 um

433 2189 529 2251 quam
552 2169 650 2233 babes
672 2170 704 2233 in
727 2170 825 2246 lilios,
843 2170 1032 2233 ostendebas
1050 2187 1056 2230 :
1075 2170 1182 2230 deser-

435 2267 527 2332 viens
557 2268 642 2330 enim
667 2268 921 2349 uniuscujusque
947 2267 1114 2342 voluntati,
1141 2267 1180 2328 ad

434 2367 520 2448 quod
532 2366 669 2448 quisque
682 2366 818 2443 volebat,
829 2368 1083 2430 convertebatur.
1092 2365 1181 2427 Unde

436 2465 636 2547 praeallegata
660 2465 831 2529 auctoritas
856 2485 918 2546 qua
944 2464 1069 2540 dicitur,
1095 2464 1180 2544 quod

300 2581 361 2625 uta.
375 2585 408 2627 ro.
436 2583 530 2627 omne
546 2564 812 2626 delectamentum
827 2563 995 2638 continuit,
1006 2562 1182 2642 intelligen-

436 2664 477 2724 da
492 2671 541 2724 est
555 2671 709 2743 quantum
726 2663 765 2724 ad
782 2662 1004 2725 virtuosos.De
1020 2661 1070 2722 bis
1086 2679 1182 2742 super

437 2761 579 2823 Exodum
597 2761 724 2842 plenius
741 2760 866 2842 scripsi.
879 2763 1047 2839 Quumque
1059 2763 1183 2820 deseen-

436 2862 524 2919 deret
545 2869 636 2920 nocte
655 2879 751 2936 super·
770 2869 877 2918 eastra
896 2879 958 2930 ros,
975 2860 1182 2918 descendebat

434 2959 562 3036 puriter
571 2967 601 3018 et
611 2980 740 3018 mortue
750 2957 811 3019 Ros
827 2975 890 3020 non
904 2956 1006 3019 solum
1018 2956 1183 3019 descendit

1233 1994 1344 2037 causas
1360 1983 1392 2035 et
1407 1975 1663 2056 importunitates
1679 1971 1828 2043 sullerre,
1845 1979 1876 2032 et
1892 1969 1977 2032 solli-

1234 2072 1324 2136 citari
1351 2092 1409 2154 pro
1433 2073 1490 2135 eis.
1511 2073 1626 2135 Contra
1652 2071 1711 2134 boe
1735 2070 1832 2150 objici
1859 2076 1974 2150 posset,

1235 2172 1319 2252 quod
1331 2173 1413 2234 Deus
1422 2179 1621 2234 concesserat
1632 2169 1727 2251 lloysi
1741 2169 1774 2230 in
1784 2166 1976 2248 adjutorium

1235 2269 1340 2332 Aaron
1356 2269 1486 2332 fratrem
1503 2289 1595 2330 suum
1612 2276 1644 2331 et
1659 2268 1738 2330 alios
1753 2266 1882 2340 multos,
1895 2264 1978 2325 ride-

1237 2369 1311 2431 lieet
1335 2368 1492 2444 tribunos,
1514 2367 1726 2442 centuriones,
1749 2366 1906 2436 decanos3
1925 2363 1978 2424 sed

1237 2467 1297 2528 ista
1320 2467 1458 2548 objectio
1473 2486 1511 2527 ex
1531 2465 1739 2546 sequentibus
1758 2463 1867 2527 verbis
1887 2479 1980 2541 auge

1237 2574 1299 2640 tur,
1310 2565 1382 2627 ideo
1397 2563 1483 2627 inira
1498 2565 1650 2627 solvetur.
1661 2565 1833 2642 thcrupuid
1845 2581 1901 2638 epo
1911 2583 1980 2620 cou-

1236 2665 1305 2739 cepi
1319 2683 1442 2722 omnem
1456 2664 1540 2722 hauc
1556 2664 1812 2730 multitudinem,
1822 2661 1980 2735 veterani

1236 2782 1307 2821 eam
1318 2779 1329 2820 :
1345 2761 1435 2841 quasi
1459 2761 1555 2838 dieat,
1573 2777 1636 2822 non
1658 2778 1728 2820 sum
1744 2767 1844 2820 mater
1859 2765 1914 2818 aut
1929 2777 1978 2838 pa-

1237 2876 1311 2920 rcns
1326 2857 1462 2919 carnalis
1478 2875 1607 2930 eorum3
1621 2867 1657 2916 ut
1671 2859 1762 2916 dicas
1778 2858 1979 2923 milri,Porta

1237 2977 1287 3015 teos
1302 2958 1338 3016 iu
1353 2958 1429 3016 sinu
1446 2965 1512 3025 tuo,
1529 2955 1561 3016 id
1577 2963 1635 3031 est,
1652 2954 1705 3035 pie
1720 2962 1751 3016 et
1766 2961 1897 3035 paterne
1916 2951 1981 3014 sul-

438 3073 534 3136 supcr
558 3063 671 3132 castra,
692 3056 747 3118 sed
773 3062 804 3117 et
829 3073 925 3135 super
951 3063 1076 3129 terram,
1094 3053 1183 3134 juxta
1200 3043 1224 3108 C
1239 3053 1287 3116 ler
1302 3062 1333 3116 ct
1349 3052 1450 3132 dirige
1460 3055 1619 3128 cessaret
1630 3062 1762 3129 portare
1773 3054 1850 3111 solet
1866 3053 1981 3111 autriu

302 3171 421 3223 amm.
438 3153 524 3234 quod
538 3153 570 3214 in
582 3153 689 3216 Exodo
704 3153 832 3230 dicitur,
842 3153 930 3215 llane
946 3171 997 3215 ros
1011 3152 1112 3233 jacuit
1127 3171 1183 3233 per

1238 3155 1457 3229 t'rtsarttulum,
1474 3161 1504 3211 ct
1525 3153 1617 3227 deser
1638 3152 1674 3210 iu
1691 3161 1822 3220 terrum,
1841 3171 1903 3228 pro
1917 3170 1981 3228 qtae

438 3250 606 3314 circuitum
628 3259 824 3324 castrorum3
843 3259 874 3312 el
890 3251 933 3312 ita
949 3269 1066 3313 manne
1087 3251 1181 3313 simul
1230 3252 1358 3328 jrtrarti
1377 3252 1527 3326 putribus
1551 3252 1689 3309 cortun?
1709 3251 1797 3310 Unde
1818 3249 1901 3308 milri
1915 3269 1982 3308 car·

438 3367 510 3411 cum
535 3367 605 3411 rore
627 3348 811 3411 descendit:
829 3348 913 3429 quod
930 3367 1025 3430 super
1041 3349 1182 3411 Exodum

438 3445 593 3508 dillusius
608 3454 656 3508 est
672 3446 861 3528 expositum.

478 3547 618 3606 Audiuit
639 3565 712 3622 erpo
735 3549 858 3622 Moyses
877 3549 1008 3623 statutam
1026 3549 1183 3622 populum

433 3663 493 3720 per
508 3645 679 3722 familias:
698 3642 773 3723 quia
799 3643 830 3704 in
854 3643 963 3705 eadem
987 3642 1071 3704 tribu
1094 3651 1184 3703 erant

438 3740 571 3802 diverse
594 3739 725 3802 familiae
747 3741 839 3821 juxta
862 3740 1056 3821 praebabita3
1074 3748 1105 3801 et
1119 3741 1184 3799 siu-

434 3843 527 3914 putos
543 3847 812 3900 murmuratorum
833 3838 973 3913 illorum,
991 3856 1054 3900 uon
1076 3837 1184 3915 singu-

438 3936 484 3997 los
511 3936 608 3998 totius
634 3935 756 4017 populi,
770 3956 830 4012 per
852 3937 934 3995 ostiu
958 3937 1089 3996 tentorii
1108 3937 1183 3995 sui:

436 4033 513 4114 quia
528 4033 562 4094 in
580 4033 704 4096 loribus
720 4033 930 4095 tentoriorum
948 4050 1078 4095 suorum
1097 4033 1185 4094 sedc-

437 4131 514 4192 bant
535 4131 702 4212 plorando.
720 4130 944 4193 Verumtamen
972 4148 1034 4192 non
1060 4130 1183 4192 audivit

1240 3369 1305 3416 nes,
1321 3358 1357 3408 ut
1378 3351 1451 3408 dem
1475 3358 1572 3408 tertre
1595 3348 1805 3407 multitudini
1821 3346 1907 3407 illoc
1923 3354 1979 3415 est,

1240 3445 1378 3507 bumana
1394 3445 1536 3526 potentia
1552 3464 1616 3507 non
1627 3445 1718 3508 valeo
1734 3442 1919 3506 satisfacere
1933 3464 1982 3525 pe·

1239 3543 1345 3606 titioni
1359 3563 1481 3606 corum.

1286 3646 1381 3702 Fient
1405 3663 1513 3702 eorem
1539 3663 1598 3714 ure,
1625 3643 1765 3701 dieentes
1785 3662 1796 3700 .·
1818 3644 1870 3701 Da
1896 3644 1983 3700 uobis

1238 3761 1350 3799 earnes
1360 3751 1396 3800 ut
1406 3741 1691 3801 concedamuslam
1705 3739 1824 3801 dictum
1840 3739 1981 3818 estquod

1239 3839 1399 3915 dixerunt,
1417 3838 1493 3912 Quis
1512 3838 1601 3900 dabit
1621 3839 1714 3900 nobis
1737 3839 1775 3900 ad
1791 3837 1982 3899 vescendum

1239 3940 1370 3998 earnesl
1382 3937 1415 3998 in
1432 3938 1549 4017 quibus
1566 3937 1672 4000 verbis
1689 3955 1753 4000 non
1765 3936 1984 3998 videnturcar·

1241 4053 1296 4096 nos
1321 4034 1438 4115 petisse
1464 4055 1482 4097 a
1507 4035 1622 4117 Moyse,
1643 4035 1699 4096 sed
1724 4035 1819 4096 tacite
1843 4035 1945 4112 magis
1967 4053 1985 4093 a

1240 4132 1313 4207 lle-o,
1331 4152 1348 4192 a
1363 4151 1427 4212 quo
1442 4142 1472 4194 et
1488 4142 1592 4197 cetera
1608 4133 1654 4195 eis
1670 4132 1838 4195 dabantur.
1855 4131 1985 4206 Quomo-

437 4228 586 4290 distincte
599 4228 794 4308 singulorum
813 4228 1026 4303 lamenta‚sed
1038 4227 1181 4289 omnium
1200 4226 1280 4291 Ddo
1305 4247 1380 4308 ergo
1405 4229 1525 4312 Moyses
1550 4230 1604 4303 ait,
1622 4231 1714 4292 Flent
1733 4249 1838 4292 eoram
1859 4249 1923 4305 me,
1941 4228 1996 4290 di-.

437 4327 550 4389 fletum
565 4327 688 4388 audivit
702 4326 845 4402 confuse,
855 4326 904 4388 vel
920 4326 1028 4408 aliquo
1038 4325 1100 4387 sibi
1115 4345 1184 4388 nar-

435 4432 525 4486 rante
546 4425 699 4506 percepit,
717 4425 854 4506 qualiter
875 4443 985 4487 omnes
1002 4424 1050 4485 illi
1068 4443 1104 4485 ae
1119 4424 1184 4485 siu-

435 4522 501 4604 guli
520 4522 645 4586 flerent.
664 4527 774 4584 Iratus
788 4534 832 4583 eat
847 4527 944 4602 furor
960 4525 1107 4590 Domini,
1124 4522 1183 4584 hoo

435 4629 494 4696 cst,
518 4621 603 4700 rigor
627 4620 745 4684 divinae
769 4619 900 4701 justitiae
926 4620 1018 4681 valde
1043 4618 1184 4681 exercuit

435 4719 590 4782 ultionem
607 4719 640 4781 in
657 4737 722 4794 cos,
740 4727 834 4800 prout
855 4717 940 4779 inlra
955 4717 988 4779 in
1005 4717 1066 4779 isto
1089 4717 1184 4780 habe·

435 4826 487 4879 tur
503 4818 655 4898 capitulo.
666 4821 731 4878 Seri
746 4828 775 4878 et
791 4819 897 4892 Moysi
912 4819 1119 4877 intoleranda
1134 4838 1183 4876 res

435 4917 505 4974 vise
525 4924 581 4986 est,
599 4914 695 4977 idest
713 4914 871 4977 resvelde
891 4913 1036 4989 molesta,
1055 4921 1086 4974 et
1106 4932 1184 4994 quo-

434 5013 604 5075 dammodo
621 5011 845 5088 intolerabilis,
864 5020 927 5073 tam
945 5010 1136 5074 insolentem
1153 5021 1184 5074 et

434 5109 614 5191 improbam
647 5110 729 5172 lcrre
761 5110 885 5171 turbam
912 5110 945 5170 in
971 5109 1183 5190 querimoniis

432 5216 465 5270 et
485 5206 792 5270 murmurationibus
807 5227 843 5270 ac
860 5206 1028 5269 malitiosis
1051 5205 1182 5269 fletibus

433 5305 511 5370 suiS.
537 5308 579 5367 lu
601 5307 649 5366 ait
670 5308 713 5364 orl
734 5307 924 5376 Demittutu,
948 5322 1011 5367 non
1035 5324 1073 5366 ex
1099 5304 1183 5366 indi-

1239 4336 1358 4403 centeS,
1383 4328 1427 4390 Da
1452 4329 1545 4390 nobis
1569 4348 1680 4390 earnes
1698 4332 1710 4389 l
1730 4328 1775 4390 nd
1801 4328 1861 4390 hoc
1886 4327 1986 4390 Rabbi

1238 4424 1353 4486 Paulus
1371 4426 1695 4507 respondet‚dieendo
1706 4427 1790 4507 quod
1803 4425 1917 4507 petitio
1933 4425 1988 4487 illa

1240 4522 1351 4604 populi
1378 4524 1481 4604 potuit
1507 4523 1678 4605 dupliciter
1703 4523 1851 4602 intelligi.
1869 4524 1986 4600 Primo,

1239 4621 1325 4701 quod
1343 4621 1551 4683 intendebant
1574 4630 1681 4703 petere
1702 4621 1768 4684 dari
1791 4620 1854 4683 sibi
1875 4641 1988 4684 carnes

1239 4737 1257 4779 a
1274 4719 1336 4780 [leo
1352 4719 1553 4797 miraculose,
1563 4728 1595 4782 et
1610 4720 1671 4783 boc
1687 4721 1788 4802 major
1798 4721 1894 4802 eulpa
1911 4721 1990 4782 luis·

1241 4822 1298 4876 set.
1316 4814 1393 4876 Nam
1419 4825 1526 4896 petere
1549 4818 1635 4897 quod
1661 4819 1742 4880 [leus
1768 4817 1988 4898 praetermittat

1241 4911 1386 4975 ordinem
1410 4922 1541 4991 naturae,
1560 4915 1599 4976 ad
1625 4914 1887 4976 satisfaciendum
1913 4933 1990 4978 eon-

1240 5009 1446 5091 cupiscentiae
1466 5013 1601 5077 aliorum
1623 5013 1822 5085 inordinatae,
1840 5012 1988 5076 vitiosius

1240 5115 1298 5182 est,
1317 5127 1415 5188 quum
1440 5109 1479 5171 ab
1502 5111 1614 5172 ordine
1635 5119 1755 5173 naturae
1774 5110 1848 5191 plus
1867 5111 1985 5172 deviet.

1240 5205 1386 5270 Secundo
1411 5217 1514 5289 potest
1544 5209 1692 5288 intelligi,
1719 5208 1805 5290 quod
1836 5208 1988 5289 petebant

1240 5304 1303 5366 sibi
1323 5306 1485 5385 provideri
1508 5309 1547 5370 de
1567 5306 1717 5370 carnibus
1737 5325 1793 5388 per
1813 5307 1987 5370 humanam
