4309 6259
754 520 928 569 manuario
949 522 979 568 IN
1001 521 1069 568 CAP.
1093 520 1156 567 xvu
1176 520 1410 567 neurauonolttt.
1433 540 1473 550 -
1493 520 1564 566 ΛΒΤ.
1587 518 1663 564 xvul

951 887 1278 975 ARTICULUS
1315 889 1464 973 XVIII

798 1138 989 1186 nxetnnnrlo
1009 1138 1184 1184 tirrannus
1206 1137 1343 1183 caelium
1366 1137 1588 1182 summouent!
1610 1138 1618 1182 ἶ

617 1241 676 1289 NON
698 1241 861 1286 tuuotnssts
883 1237 1001 1301 nouitio,
1018 1238 1076 1283 DEO
1097 1237 1155 1282 Tuo
1177 1235 1277 1281 bova!
1299 1236 1335 1280 m
1356 1236 1437 1280 otuu
1459 1236 1489 1280 IN
1510 1236 1568 1290 Quo
1590 1237 1643 1281 EST
1664 1237 1797 1281 uacum.

849 1339 885 1383 ΕΤ
901 1338 939 1382 DE
955 1336 1107 1382 divisione
1121 1335 1311 1380 Juutctnttdtt
1326 1335 1562 1380 inlecebrosum

440 1593 533 1755 Al)
550 1590 792 1671 Intelligendum
805 1586 977 1671 perfectius
989 1587 1072 1649 diota
1088 1593 1183 1666 atque
1196 1573 1222 1635 Α
1237 1583 1392 1663 habitum,
1404 1586 1490 1667 quod
1505 1585 1605 1667 aliqui
1621 1586 1731 1650 dicunt
1745 1588 1783 1649 ad
1800 1588 1982 1669 praecedens

520 1690 664 1765 dicenda,
689 1688 899 1771 pensandum,
921 1686 996 1767 qnia
1021 1686 1054 1747 in
1081 1684 1183 1767 prima
1238 1684 1399 1764 pertinere
1418 1684 1605 1765 capitulum.
1629 1688 1703 1747 Noa
1722 1688 1905 1747 immolabis
1925 1691 1983 1748 Do

440 1790 598 1865 secundae,
621 1788 797 1869 quaestione
824 1787 892 1863 till,
910 1785 1022 1848 asserit
1045 1784 1076 1847 S.
1103 1785 1184 1846 Tho·
1238 1784 1327 1842 mt‘rto
1347 1785 1453 1842 booern
1475 1794 1506 1844 et
1526 1806 1625 1856 ovem,
1644 1787 1680 1844 in
1702 1805 1764 1863 quo
1783 1794 1829 1845 est
1853 1786 1983 1844 mamito.

440 1910 507 1952 mas
526 1908 532 1951 :
550 1888 650 1962 Ouum
676 1888 726 1949 lox
743 1885 784 1947 sit
806 1886 952 1967 quadam
968 1904 1020 1946 ars
1035 1884 1109 1947 vitae
1129 1884 1184 1944 hu·
1238 1890 1296 1940 out
1311 1884 1483 1959 quidpiam
1499 1884 1585 1955 vitii,
1603 1882 1634 1944 id
1655 1891 1704 1945 est
1719 1882 1844 1944 nullum
1865 1881 1982 1945 animal

438 2006 541 2050 manae
563 1985 766 2049 instituenda
782 2003 819 2046 ac
839 1983 1034 2059 ordinandae,
1052 1983 1134 2044 siout
1150 1981 1183 2043 in
1239 1981 1983 2062 monstruosumdelormeaclanguidum3quia

439 2104 631 2166 unaquaque
651 2092 718 2145 arte
738 2090 786 2145 est
806 2090 891 2145 certa
910 2080 1074 2143 distinctio
1095 2098 1185 2161 regu·
1239 2079 1436 2139 abominatio
1455 2090 1500 2140 est
1524 2082 1662 2141 Domirm
1679 2084 1744 2141 Deo
1767 2090 1831 2142 tuo.
1858 2077 1982 2140 Animal

439 2186 539 2247 larum
555 2183 643 2260 artis,
659 2183 704 2244 ita
718 2189 842 2263 oportet
859 2182 891 2242 in
909 2198 1099 2261 unaquaque
1115 2179 1184 2259 lege
1240 2174 1302 2237 tale
1317 2177 1490 2239 seeundum
1507 2198 1541 2241 se
1552 2197 1615 2241 non
1626 2177 1982 2252 estabominabilelieo,

439 2301 508 2347 esse
523 2289 640 2344 certam
664 2288 894 2362 praeceptorum
917 2279 1157 2341 distinctionem
1175 2296 1182 2339 :
1240 2274 1295 2355 qui
1313 2275 1392 2336 nihil
1403 2276 1471 2338 odit
1486 2295 1595 2339 eornm
1606 2297 1677 2358 quae
1689 2276 1775 2354 lecit,
1787 2295 1846 2339 neo
1862 2275 1983 2357 aliquid
1996 2282 2103 2341 Soror-²⁴·

440 2382 532 2444 aliter
554 2380 640 2442 enim
664 2378 732 2460 ipsa
753 2378 900 2442 conlusio
917 2377 1087 2440 utilitatem
1106 2376 1186 2458 logis
1241 2374 1274 2435 in
1298 2374 1364 2436 suis
1388 2375 1541 2436 creaturis
1562 2375 1691 2458 proprie
1715 2376 1900 2449 detestatur,
1923 2373 1983 2435 nisi

442 2480 591 2543 auferret.
609 2478 686 2541 HIne
708 2486 865 2560 praecepta
884 2476 1049 2558 judicialia
1071 2476 1187 2539 veteris
1242 2481 1428 2554 peecatum3
1446 2473 1501 2535 sed
1516 2473 1732 2537 abominabile
1746 2482 1795 2536 est
1808 2474 1883 2551 Deo,
1900 2472 1984 2553 quod

442 2580 533 2661 logis,
551 2597 607 2661 per
632 2596 702 2658 quat
724 2576 869 2639 homines
886 2577 924 2639 ad
946 2575 1084 2641 invicem
1105 2574 1188 2637 ordi·
1243 2572 1317 2634 talia
1328 2571 1442 2635 viliora
1452 2571 1512 2633 sibi
1522 2571 1703 2635 ollerantur
1712 2580 1822 2635 contra
1832 2572 1903 2653 ejus
1914 2590 1987 2653 prm

443 2677 609 2751 nubantur,
622 2674 858 2738 distInctionem
871 2674 999 2751 habent,
1013 2673 1186 2735 seeundum
1242 2678 1486 2751 ceptumquum
1497 2670 1526 2732 ei
1538 2679 1687 2752 tanquam
1704 2669 1987 2752 superdignissimo

443 2773 680 2838 distinctionem
704 2772 914 2835 ordinationis
936 2772 1095 2834 humanat.
1112 2770 1226 2845 Qua-B
1243 2768 1393 2845 Creatori,
1406 2788 1442 2832 ao
1458 2768 1763 2832 munificentissimo
1776 2769 1987 2845 Domino‚me

443 2875 576 2956 druplex
591 2881 696 2935 autem
713 2872 791 2935 ordo
808 2871 946 2935 inveniri
962 2878 1066 2953 potest
1082 2871 1114 2931 in
1131 2888 1189 2952 po·
1243 2866 1323 2929 liora
1339 2866 1403 2929 sint
1418 2867 1622 2943 immolanda,
1641 2867 1674 2929 in
1690 2868 1817 2948 signum
1839 2874 1871 2929 et
1886 2876 1988 2949 prote

443 2972 530 3055 pulo.
547 2971 633 3033 Unus
650 2970 849 3053 superiorum
867 2970 906 3031 ad
923 2968 1089 3042 subdit0s3
1107 2968 1189 3030 alius
1244 2966 1412 3028 stationem
1438 2984 1474 3028 ao
1499 2966 1708 3028 reverentiam
1734 2965 1930 3028 excellentias
1953 2984 1988 3027 ao

443 3070 642 3133 subditorum
658 3070 697 3131 ad
714 3067 873 3142 invicem;
892 3067 1003 3130 tertius
1023 3067 1134 3149 populi
1150 3068 1190 3129 ad
1244 3062 1475 3126 munificentiae
1501 3082 1576 3126 suaa.
1594 3064 1723 3146 Propter
1746 3064 1832 3145 quod
1858 3064 1988 3145 mystico

443 3177 629 3241 extraneos3
658 3174 789 3248 quartus
816 3166 854 3229 ad
880 3166 1082 3242 domestiooS,
1109 3166 1191 3229 siout
1245 3161 1521 3243 reprehenduntur
1538 3161 1644 3243 ‘aliqui
1670 3162 1858 3237 Christiani,
1881 3162 1937 3245 qui
1962 3162 1986 3222 si

445 3266 544 3349 patris
566 3266 605 3328 ad
627 3264 743 3341 lilium,
762 3264 867 3327 mariti
893 3264 932 3326 ad
954 3264 1136 3346 conjugem,
1160 3272 1192 3327 et
1245 3259 1416 3322 habuerint
1436 3260 1576 3341 aliquam
1601 3260 1722 3342 prolem
1743 3269 1986 3336 monstruosam,

445 3364 567 3429 domini
598 3365 637 3427 ad
662 3363 836 3426 ministros
864 3363 903 3424 Et
933 3363 1108 3425 secundum
1134 3363 1191 3425 hos
1245 3359 1433 3435 delormem,
1452 3366 1548 3440 atque
1563 3359 1602 3421 ad
1622 3360 1777 3421 mnndum
1799 3378 1930 3440 prorsus
1945 3360 1988 3421 in-

445 3472 581 3546 quatuor
605 3462 732 3525 ordines
758 3462 999 3541 distinguuntur
1027 3462 1192 3543 judicialia
1247 3458 1368 3535 utilem,
1386 3459 1467 3521 bane
1483 3457 1626 3521 olierunt
1641 3458 1691 3521 vel
1708 3459 1813 3541 potius
1828 3468 1989 3540 exponunt

445 3562 561 3628 vetoris
577 3561 656 3641 logis
678 3568 846 3643 precepta.
863 3562 982 3622 llantur
1003 3560 1088 3623 enim
1111 3580 1193 3641 quoa·
1245 3557 1309 3619 Deo
1324 3556 1358 3618 in
1374 3557 1522 3633 claustro,
1541 3576 1603 3619 non
1628 3565 1733 3619 tamen
1752 3576 1790 3619 ex
1805 3575 1880 3620 vera
1899 3558 1989 3620 dero

445 3662 518 3723 dam
544 3667 701 3742 precepta
726 3660 765 3721 do
787 3658 990 3721 institutione
1010 3658 1191 3741 principum
1247 3655 1344 3732 tione,
1357 3656 1411 3718 sed
1429 3656 1529 3736 magis
1544 3654 1985 3737 excupiditatevelelatione.

426 3779 482 3833 ,ac
497 3758 639 3839 judicum
656 3766 687 3821 et
702 3756 815 3819 ollicio
832 3758 1026 3833 corumdem,
1045 3766 1074 3819 et
1091 3758 1130 3820 de
1146 3778 1193 3820 re·
1247 3754 1394 3817 Sobolem
1418 3773 1495 3816 vcro
1516 3754 1632 3817 saeculo
1655 3762 1772 3835 aptam,
1798 3772 1863 3816 non
1888 3754 1985 3817 solum

444 3856 588 3919 verentia
598 3855 645 3918 eis
656 3854 893 3917 exhihendazet
904 3854 970 3916 hmo
986 3862 1034 3917 est
1045 3874 1109 3916 una
1120 3874 1192 3936 pars
1248 3870 1311 3915 non
1328 3851 1473 3915 oiierunt
1487 3852 1561 3928 Deo,
1579 3851 1643 3915 imo
1658 3852 1764 3934 potius
1784 3872 1803 3914 a
1826 3852 1987 3934 reilgionis

444 3953 645 4034 judicialium
658 3953 1023 4035 praeceptorumllantur
1034 3952 1129 4014 etiam
1147 3953 1193 4015 ibi
1208 3954 1230 4017 C
1248 3950 1392 4029 ingressu
1409 3950 1599 4031 impediunt,
1612 3958 1666 4011 aut
1683 3949 1858 4030 ingressam
1874 3969 1932 4032 pro
1947 3949 1987 4011 ri-

445 4052 589 4134 quaedam
607 4058 765 4133 praecepta
781 4049 974 4131 pertinentia
990 4051 1028 4112 ad
1045 4051 1193 4114 concives
1247 4048 1335 4110 rihus
1354 4048 1518 4110 retrahunt
1538 4065 1545 4109 ε
1563 4047 1682 4111 idcirco
1703 4048 1819 4130 ingrati
1839 4058 1914 4111 sunt
1929 4050 1986 4111 ileo

445 4150 484 4212 ad
500 4148 650 4227 invicem,
661 4148 811 4211 videlicet
826 4147 910 4210 eirea
921 4148 1110 4229 emptiones,
1120 4168 1194 4212 ren·
1247 4165 1284 4209 ao
1299 4145 1402 4227 impii.

445 4248 594 4325 ditiones,
613 4265 724 4329 poenas
739 4254 834 4328 atque
855 4246 1000 4327 judicia:
1019 4256 1049 4309 et
1064 4248 1131 4310 haeo
1146 4257 1194 4311 est
1288 4248 1456 4324 mumque
1480 4248 1600 4324 reperti
1620 4246 1748 4322 saarim
1767 4249 1821 4306 vir
1841 4258 1902 4307 out
1918 4267 1986 4306 mrt-

446 4346 586 4408 secunda
615 4364 688 4427 pars
717 4343 917 4424 judicialium
950 4353 1191 4427 praceptorum.
1248 4347 1383 4424 tierqui
1404 4346 1532 4421 fociant
1552 4349 1676 4405 molum
1697 4346 1734 4405 in
1752 4350 1987 4423 compectolio

445 4444 565 4506 Dantur
579 4461 707 4524 quoque
723 4441 767 4503 ihi
778 4450 936 4524 praecepta
951 4443 1144 4523 pertinentia
1154 4446 1193 4506 ad
1247 4445 1344 4513 mini,
1362 4453 1398 4503 ut
1422 4446 1544 4503 vadant
1568 4452 1597 4502 et
1615 4445 1760 4503 serviant
1774 4445 1840 4503 diis
1861 4446 1986 4513 alienis,

445 4550 622 4617 extraneos
635 4548 712 4621 puta
728 4540 767 4601 de
781 4537 875 4600 bellis
891 4548 923 4602 et
938 4540 977 4602 de
993 4542 1194 4623 susceptione
1246 4552 1276 4602 ot
1291 4545 1425 4602 adorent
1440 4561 1501 4611 eos,
1514 4545 1610 4601 sole-m
1630 4551 1660 4602 et
1684 4545 1795 4602 tunam
1816 4552 1846 4602 et
1866 4562 1986 4602 onmem

445 4640 685 4721 peregrinorum
709 4657 745 4701 ac
768 4638 961 4700 advenarum
980 4655 987 4699 :
1005 4648 1037 4700 et
1055 4640 1121 4702 haee
1146 4648 1194 4703 est
1247 4642 1404 4700 mititiam
1427 4641 1510 4709 omli,
1528 4647 1587 4702 ete.
1613 4640 1729 4701 Toxius
1755 4640 1870 4721 planus
1891 4648 1986 4703 estet

445 4738 538 4800 tertia
558 4756 631 4819 pars
657 4743 889 4817 praeceptorum
916 4736 1056 4800 illorum.
1075 4738 1193 4800 Dantur
1247 4737 1406 4819 prolixus,
1438 4736 1732 4819 sententialiterque
1760 4738 1952 4820 praehabitus
1976 4756 1983 4799 :

445 4836 520 4899 item
538 4834 583 4897 ibi
600 4842 758 4916 praecepta
779 4834 818 4895 ad
834 4834 1040 4898 domesticam
1061 4854 1193 4899 eonver—
1247 4834 1397 4916 quoniam
1428 4853 1540 4897 sensus
1570 4843 1631 4911 est,
1663 4836 1747 4917 quod
1781 4855 1984 4919 quoecumque

444 4934 597 4996 sationem
614 4932 800 5013 spectantia,
813 4931 895 4994 siout
906 4932 945 4994 de
956 4934 1056 4995 sorvis
1067 4942 1099 4995 et
1114 4932 1191 4996 liliis
1246 4951 1383 5014 persona
1398 4952 1435 4996 ex
1458 4933 1550 4996 lsrael
1574 4932 1787 4996 idololatriam
1804 4933 1914 4998 iecerit
1934 4944 1983 4997 aot

442 5040 538 5112 atque
552 5029 726 5093 uxoribus:
746 5038 777 5091 et
793 5030 853 5091 ista
868 5038 916 5091 est
931 5039 1043 5111 quarta
1057 5050 1130 5113 pars
1144 5033 1192 5113 ju·
1245 5030 1336 5093 alteri
1357 5031 1560 5111 suggesserit,
1578 5040 1651 5114 post
1671 5032 1911 5114 inquisitionem
1931 5053 1982 5095 seu

442 5129 607 5191 dioialium
624 5136 867 5210 praeceptorum.
886 5129 955 5191 limo
971 5129 1120 5193 Thomas.
1204 5132 1229 5193 D
1244 5128 1459 5206 cognitionem
1471 5128 1510 5189 de
1521 5128 1744 5203 hoc,dueenda
1759 5128 1800 5190 sit
1809 5130 1849 5191 ad
1865 5139 1981 5211 portam

477 5226 583 5307 Itaque
595 5225 627 5287 in
639 5224 798 5307 principio
810 5225 905 5306 hujus
917 5225 1047 5307 capituli
1060 5227 1190 5309 ponitur
1244 5226 1383 5289 civitatis
1399 5226 1432 5288 in
1452 5245 1516 5308 qua
1536 5235 1687 5304 moratur,
1705 5227 1755 5290 rel
1776 5227 1816 5288 ad
1833 5228 1924 5309 cujus
1940 5228 1982 5289 io

444 5322 656 5387 carimoniale
682 5332 874 5405 preceptum
902 5322 1085 5403 frequenter
1110 5345 1189 5406 prro-
1246 5343 1314 5386 rum
1339 5343 1375 5385 ae
1399 5322 1483 5386 ilnes
1503 5324 1651 5406 pertinet,
1669 5333 1704 5386 ut
1730 5324 1772 5385 ibi
1794 5326 1980 5407 perjudicrs
