4309 6259
436 511 495 574 art
800 525 973 573 annumero
994 527 1025 571 ur
1046 526 1116 571 aaa.
1138 525 1170 570 xv
1190 522 1387 569 nunanomnr.
1409 540 1450 550 -
1470 522 1541 566 aar.
1563 521 1618 566 xxx

438 699 564 763 stolida.
585 700 704 781 Nempe
728 699 814 780 quod
837 697 950 760 asserit
975 696 1055 780 duos
1078 695 1181 758 Aaron
1198 693 1223 756 b
1240 692 1472 755 innumerabile
1487 693 1631 755 ascendit
1644 711 1718 754 cum
1734 692 1793 754 eis.
1810 695 1982 768 Flagrracr'r

438 799 526 862 lilios
542 797 694 873 seniores,
712 807 743 860 ct
759 795 961 880 septuaginta
981 813 1084 870 senes,
1102 812 1184 856 mor·
1237 795 1397 852 desiderio
1412 791 1616 861 carniron,id
1629 801 1687 866 est,
1697 791 1846 854 ardenter
1860 790 1981 872 optavit

438 903 503 959 tem
524 893 749 976 promeruisse,
767 893 896 974 quando
916 892 1065 955 viderunt
1087 891 1182 952 Deum
1240 893 1384 954 carnium
1412 909 1513 961 esum,
1541 891 1749 970 intelligendo
1774 910 1832 974 per
1858 910 1980 958 carnes.

439 993 564 1056 visione
582 993 621 1056 dc
638 1012 701 1073 qua
716 993 837 1054 dictum
853 999 901 1054 est
917 989 1014 1053 Exodi
1032 989 1185 1052 vicesimo
1239 1010 1458 1072 quoscumque
1473 990 1677 1054 delectabiles
1691 990 1789 1054 cibos.
1799 991 1875 1052 Nam
1888 990 1982 1072 paulo

438 1101 563 1173 quarto,
573 1091 791 1154 irrationabile
807 1098 854 1152 cst
869 1089 1011 1163 omnino,
1023 1087 1186 1168 textuique
1241 1100 1312 1172 post
1329 1091 1361 1152 in
1378 1089 1580 1171 querimonia
1590 1090 1716 1166 borum,
1730 1089 1767 1151 lit
1782 1089 1905 1152 mentio
1921 1108 1982 1151 non

438 1189 646 1252 contrarium.
673 1189 741 1252 Non
766 1189 852 1251 cuim
878 1188 1027 1251 viderunt
1052 1206 1125 1248 eum
1151 1185 1184 1247 in
1241 1191 1347 1252 solum
1361 1189 1401 1251 dc
1415 1187 1576 1264 carnibus,
1588 1189 1644 1251 sed
1659 1190 1699 1251 dc
1714 1188 1787 1250 aliis
1802 1188 1904 1250 cibis:
1922 1188 1983 1249 imo

438 1307 504 1350 suae
520 1288 647 1350 deitatis
662 1287 810 1362 essentia,
822 1306 879 1350 nec
890 1286 982 1348 aliter
994 1304 1051 1347 nec
1068 1283 1186 1346 clarius
1243 1297 1276 1351 ut
1301 1287 1413 1361 lertur,
1431 1287 1564 1348 verbum
1579 1287 1651 1357 boc,
1668 1287 1828 1364 Carnium,
1848 1305 1912 1349 non
1932 1286 1985 1348 ba·

440 1405 513 1449 eum
530 1386 690 1462 viderunt,
708 1405 802 1468 quam
826 1386 895 1466 ipse
914 1403 948 1447 se
967 1383 1013 1446 eis
1034 1382 1184 1445 ostendit.
1243 1388 1334 1450 betur
1357 1385 1408 1447 bic
1433 1384 1465 1445 in
1488 1384 1628 1447 llebraeo.
1641 1385 1713 1448 t'idt
1734 1403 1862 1466 quoquc
1884 1393 1985 1446 textus

440 1485 503 1547 Nec
528 1483 624 1546 altius
646 1485 858 1547 ascenderunt
880 1502 975 1564 quarn
1000 1481 1120 1563 Moyses
1140 1479 1187 1542 eis
1241 1494 1412 1559 correctos,
1437 1484 1470 1545 in
1496 1484 1613 1564 quibus
1638 1503 1702 1547 non
1727 1484 1912 1547 habebatur.
1934 1483 1985 1545 lsti

442 1581 592 1665 praefixit,
611 1601 670 1644 nec
690 1582 852 1663 Scriptura
872 1580 990 1644 alicubi
1013 1579 1114 1660 tangit
1133 1597 1188 1640 eos
1245 1584 1374 1646 tuterunt
1389 1583 1538 1664 Aigyptii,
1556 1591 1586 1644 et
1608 1584 1783 1645 secundum
1806 1582 1986 1662 llagistrnm

443 1691 519 1744 tunc
536 1688 669 1744 mortem
688 1681 923 1762 promeruisse:
942 1679 1005 1741 imo
1026 1677 1189 1759 Scriptura
1243 1682 1277 1742 in
1300 1681 1453 1753 historiis,
1473 1679 1601 1742 luerunt
1624 1681 1709 1742 servi
1725 1689 1757 1743 ct
1773 1680 1910 1742 ancillae.
1926 1680 1987 1740 xli-

442 1779 575 1842 Levitici
601 1778 736 1854 decimo,
760 1788 791 1842 ct
817 1779 850 1840 in
876 1777 986 1840 multis
1011 1777 1085 1839 aliis
1110 1775 1189 1838 locis
1244 1781 1299 1861 qui
1309 1798 1437 1862 quoque
1452 1777 1720 1860 allirmant,quod
1734 1799 1772 1843 ex
1787 1779 1987 1841 mirabilibus

318 1893 427 1938 Numan.
443 1878 608 1941 evidenter
625 1879 717 1940 docet
734 1877 841 1939 Nadab
863 1885 895 1938 et
910 1876 990 1937 Abiu
1014 1893 1083 1938 esse
1104 1894 1189 1938 com-
1207 1880 1229 1940 B
1245 1880 1278 1941 in
1303 1879 1436 1960 AEgppto
1461 1878 1550 1954 visis,
1576 1877 1705 1940 luerunt
1729 1880 1768 1941 ad
1792 1878 1987 1939 ludaismum

296 1955 428 2007 ⁴³¹¹'''⁶¹'
443 1976 566 2051 bustos,
577 1994 614 2038 eo
630 1976 715 2056 quod
733 1975 837 2055 ignem
853 1974 993 2042 alienum
1010 1992 1116 2037 coram
1132 1974 1192 2036 Do
1244 1977 1402 2041 conversi.
1422 1981 1540 2037 &dens
1563 1989 1594 2037 et
1613 1981 1695 2054 flexas
1717 1997 1755 2040 ex
1776 1977 1897 2051 dolore,
1915 1976 1988 2056 quia

443 2073 532 2137 mino
547 2073 852 2136 obtulerunt.Porro
868 2073 1070 2154 septuaginta
1085 2091 1188 2145 senes,
1245 2076 1372 2138 carebat
1395 2074 1469 2137 cibo
1494 2083 1614 2156 optato,
1629 2077 1757 2152 junctis
1779 2077 1843 2134 sibi
1863 2076 1989 2152 pariter

444 2191 525 2255 quos
551 2172 650 2234 llabbi
676 2171 822 2234 Salomon
849 2171 926 2234 dicit
952 2170 984 2232 in
1012 2171 1071 2232 bac
1100 2169 1192 2251 plaga
1245 2177 1327 2253 filiis
1342 2178 1455 2246 Israel,
1473 2174 1528 2254 qui
1548 2183 1639 2236 erant
1659 2173 1865 2255 procliviores
1880 2173 1919 2234 ad
1935 2173 1990 2233 bu-

445 2291 515 2336 esse
531 2269 653 2334 occisos
672 2269 712 2332 ab
734 2269 818 2351 igne,
836 2270 1011 2331 secundum
1033 2287 1106 2331 eum
1127 2285 1191 2330 non
1245 2273 1383 2354 jusmodi
1400 2272 1518 2352 gulam,
1537 2273 1797 2355 voluptatemque
1811 2279 1945 2350 gustus3
1960 2281 1989 2330 er

449 2369 580 2432 luerunt
595 2368 797 2450 septuaginta
816 2386 919 2444 senes,
936 2367 992 2448 qui
1014 2367 1046 2428 in
1068 2368 1129 2429 isto
1149 2367 1193 2428 le
1247 2374 1296 2433 air
1311 2373 1425 2452 vulgus
1447 2371 1526 2433 illud
1546 2390 1619 2432 curn
1635 2371 1697 2432 sibi
1713 2368 1895 2451 adjunctis:
1914 2371 1990 2438 Quis

449 2476 568 2550 guntur
582 2466 724 2548 capitulo
739 2465 894 2548 assumpti
915 2466 953 2527 ad
975 2465 1116 2545 regimen
1139 2483 1194 2546 po·
1247 2473 1339 2532 dabit
1361 2473 1451 2530 nobis
1472 2474 1516 2530 ad
1542 2473 1730 2531 vescendum
1751 2472 1895 2530 carnes?
1916 2487 1991 2550 qua-

450 2565 518 2650 puli
550 2564 582 2626 in
612 2564 807 2646 adjutorium
836 2565 960 2647 Moysis,
988 2566 1043 2627 scd
1069 2564 1125 2626 alii
1156 2564 1195 2625 de
1248 2569 1275 2630 si
1292 2569 1410 2644 dicant,
1428 2568 1558 2630 llulturn
1579 2577 1726 2650 optamus
1746 2576 1781 2629 ut
1799 2566 1918 2648 aliquis
1938 2566 1991 2628 det

309 2678 435 2727 emona
450 2664 570 2747 quibus
595 2683 691 2745 supra
715 2662 869 2745 scriptum
892 2672 950 2726 est.
969 2663 1194 2726 Verumtamen
1249 2668 1353 2731 nobis.

303 2744 338 2787 ²⁵·
452 2762 532 2826 ratio
543 2760 642 2825 ltabbi
658 2761 747 2824 Pauli
762 2769 872 2824 contra
884 2761 982 2824 Rabbi
995 2761 1193 2824 Salomonem
1289 2763 1378 2826 Circa
1402 2762 1463 2824 boc
1486 2759 1598 2824 scribit
1621 2761 1752 2842 qnidam
1771 2778 1778 2822 :
1797 2761 1884 2822 Patet
1907 2761 1992 2840 quod

452 2861 592 2937 inducta,
603 2878 667 2923 non
684 2859 830 2922 includit.
840 2860 956 2922 Eadem
971 2859 1056 2923 enim
1074 2859 1196 2922 ratione
1249 2862 1361 2946 petitio
1386 2860 1447 2922 ista
1473 2858 1533 2922 luit
1556 2859 1686 2941 injusta,
1704 2859 1780 2940 quia
1798 2859 1994 2921 adduxerant

452 2959 620 3023 duodecim
637 2957 806 3041 principes
818 2958 874 3039 qui
885 2959 934 3038 (ut
950 2959 1034 3035 inira
1049 2958 1196 3037 babetur)
1251 2980 1358 3024 secum
1374 2961 1414 3022 de
1429 2960 1563 3040 AEgvpto
1578 2957 1729 3020 animalia
1744 2957 1853 3019 multa.
1863 2958 1926 3019 Nec
1941 2976 1994 3038 po

451 3058 533 3139 jussi
549 3065 623 3121 sunt
639 3057 790 3139 suspendi
808 3075 865 3138 pro
880 3057 1062 3120 excessibus
1072 3056 1232 3139 populi,C
1252 3069 1313 3124 test
1329 3059 1392 3121 dici
1411 3058 1496 3139 quod
1516 3064 1606 3118 erant
1626 3065 1824 3138 consumpta,
1841 3056 1993 3137 quoniam

453 3174 518 3219 non
531 3156 668 3219 luissent
683 3155 783 3236 magis
793 3175 888 3237 quam
900 3156 1019 3237 Moyses
1030 3155 1198 3235 Aaronque
1253 3159 1337 3221 inira
1361 3155 1554 3230 continetur,
1571 3153 1643 3216 Filii
1666 3155 1775 3217 Ruben
1800 3163 1832 3216 et
1850 3153 1914 3216 Gad
1939 3155 1994 3215 ha·
2007 3181 2121 3224 asana,

454 3253 616 3336 culpandi.
1254 3258 1370 3321 bebant
1392 3273 1506 3337 pecora
1528 3253 1649 3315 multa:
1668 3253 1739 3315 ideo
1754 3252 1829 3314 inde
1848 3261 1995 3333 poterant
2010 3249 2028 3286 ῑ·

490 3357 659 3431 Quumque
672 3357 838 3413 clamasset
847 3357 989 3431 populus
999 3356 1042 3412 ad
1054 3355 1199 3429 Moysen,
1253 3375 1365 3420 carnes
1390 3354 1526 3426 babere3
1545 3352 1601 3414 sed
1621 3371 1659 3414 ex
1678 3350 1810 3412 avaritia
1824 3350 1996 3433 parcebant

455 3459 491 3514 ut
505 3459 610 3514 oraret
625 3469 681 3533 pro
691 3451 753 3512 eis
771 3450 830 3524 Qui
852 3449 982 3513 luerunt
997 3451 1050 3513 isti
1066 3451 1122 3532 qui
1137 3451 1201 3513 cla·
1253 3452 1446 3517 animalibus
1468 3451 1545 3526 suis,
1563 3459 1593 3512 et
1616 3449 1691 3530 quia
1714 3448 1866 3530 optabant
1886 3467 1997 3510 carnes

455 3557 624 3612 maverunt
645 3549 685 3611 ad
711 3549 858 3631 Moysent
879 3549 971 3612 Forte
991 3551 1076 3630 quod
1100 3548 1201 3630 aliqui
1254 3551 1546 3615 delicatioresflaec
1562 3547 1998 3628 ille.Circaquaedico,qnod

456 3647 512 3729 qui
530 3665 593 3710 non
615 3655 905 3723 murmuraverunt,
924 3666 962 3708 ex
981 3647 1201 3729 compassione
1256 3651 1366 3731 utiquc
1382 3648 1494 3731 petitio
1511 3647 1566 3710 illa
1582 3646 1644 3709 luit
1661 3646 1790 3727 injusta,
1806 3653 1838 3707 et
1857 3645 1942 3726 quod
1962 3664 1999 3706 ex

456 3754 628 3810 oraverunt
639 3765 696 3828 pro
708 3746 923 3828 pereuntibus,
936 3747 985 3808 vel
998 3755 1202 3808 murmurato
1256 3749 1390 3829 AEgvpto
1405 3747 1564 3807 duxerunt
1578 3743 1729 3806 animalia
1749 3762 1857 3805 secum
1878 3741 1998 3814 multa3

458 3864 508 3907 res
523 3864 587 3907 non
604 3843 733 3907 fuerunt
747 3862 858 3907 omnes
874 3844 970 3906 simul
982 3844 1136 3917 succensi,
1146 3845 1201 3906 scd
1257 3847 1312 3909 sed
1328 3846 1407 3908 ratio
1422 3864 1486 3926 qua
1506 3843 1619 3926 probat
1641 3843 1696 3904 illa
1719 3861 1782 3904 non
1805 3839 1905 3904 luisse
1926 3859 2001 3904 con-

458 3943 505 4004 illi
525 3943 559 4004 in
580 3942 692 4025 primis
712 3943 767 4023 qui
788 3952 878 4005 erant
897 3942 997 4020 magis
1013 3942 1199 4024 culpabiles
1257 3952 1393 4025 sumpta,
1417 3961 1480 4006 non
1506 3941 1670 4004 invenitur
1693 3941 1818 4004 idonea.
1836 3939 2000 4020 Siquidem

458 4060 592 4122 quorum
612 4041 757 4123 exemplo
772 4041 827 4103 alii
848 4041 949 4104 territi
970 4041 1201 4122 poenituerunt,
1257 4042 1341 4123 quod
1364 4041 1480 4120 allegat
1501 4040 1541 4100 de
1565 4037 1644 4100 liliis
1667 4037 1776 4100 Ruben
1798 4045 1830 4099 et
1845 4036 1922 4112 Gad,
1941 4035 1999 4098 luit

457 4148 489 4203 et
503 4139 616 4220 Moysis
632 4139 857 4217 flagitaverunt
873 4138 1075 4219 suffragium.
1090 4141 1203 4202 Oracr‘t
1257 4149 1329 4221 post
1344 4137 1600 4201 interiectionem
1615 4137 1751 4198 duorum
1767 4154 1877 4217 regum
1893 4136 2001 4199 Amor-

456 4240 578 4314 Moyses
588 4240 632 4297 od
641 4239 859 4306 Dominum,at
869 4240 1035 4314 absorptos
1045 4247 1090 4297 est
1100 4239 1203 4313 tynis:
1219 4235 1242 4296 [l
1257 4238 1416 4301 rhaeorum
1439 4235 1544 4298 Sehon
1568 4243 1598 4297 et
1613 4233 1669 4312 Og,
1686 4235 1725 4296 de
1740 4251 1876 4315 quorum
1893 4234 2001 4314 regnis
2033 4253 2123 4297 raam

457 4335 596 4416 itaquod
613 4334 734 4396 meritis
747 4343 778 4397 et
792 4335 939 4416 precibus
951 4335 1063 4416 lloysis
1079 4334 1203 4415 ignovit
1256 4335 1475 4416 acquisierunt
1501 4331 1748 4394 innumerabilia
1773 4323 1898 4411 pecora,
1915 4339 1952 4392 ut
1968 4332 1999 4393 in
2015 4321 2081 4365 Μ

352 4477 354 4480 -
457 4432 609 4496 Dominus
634 4441 665 4495 et
689 4433 842 4515 pepercit.
868 4437 910 4495 m
936 4437 1060 4494 vocavit
1086 4454 1202 4494 conten
1256 4431 1500 4496 Deuteronomio
1517 4431 1670 4493 habetur:
1687 4429 2002 4492 ideoauctoritasal·
2040 4452 2124 4493 natu.

458 4534 520 4592 loci
541 4533 821 4602 illecebrando.
839 4531 1041 4595 Consuetudo
1064 4550 1202 4611 namque
1258 4532 1358 4611 legata
1384 4537 1492 4610 posset
1517 4528 1557 4590 de
1585 4528 1649 4589 illis
1677 4526 1792 4610 exponi
1818 4527 1999 4609 pecoribus.
2015 4512 2123 4557 W*

457 4631 529 4707 luit,
541 4631 714 4712 praesertim
732 4629 880 4706 Hebraeis,
892 4630 1055 4711 imponere
1072 4629 1202 4693 nomina
1256 4631 1481 4693 Verumtamen
1498 4628 1576 4689 satis
1591 4625 1757 4708 probabile
1772 4633 1831 4701 est,
1849 4627 1935 4708 quod
1950 4645 2002 4708 pc

457 4729 551 4792 rebus
576 4729 615 4791 ab
641 4729 748 4810 aliqua
773 4729 977 4810 proprietate,
1005 4736 1122 4791 eventu
1146 4736 1201 4789 aut
1256 4746 1329 4791 cora
1354 4745 1464 4790 eorum
1490 4746 1528 4789 cx
1550 4725 1683 4806 AEgypto
1708 4725 1832 4800 educta,
1858 4724 2001 4786 nondum

456 4827 592 4891 actione.
1256 4834 1346 4888 crant
1360 4832 1559 4906 consumpta.
1576 4823 1658 4885 Nam.
1674 4823 1709 4884 in
1725 4822 1831 4886 Exodo
1851 4822 2002 4903 leguntur
2028 4843 2123 4887 rma.

493 4929 610 5002 Vulpes
621 4925 1019 5005 quoquepromiscnum,id
1030 4934 1078 4987 est
1090 4925 1201 4986 utrius·
1254 4925 1294 4986 dc
1310 4923 1455 4986 carnium
1473 4940 1688 4983 murmurasse
1702 4919 1880 4996 delectu,et
1891 4939 2000 4982 earum
2016 4911 2034 4949 ³·

439 5043 519 5106 -que
544 5043 647 5100 sexus,
670 5029 756 5104 quod
780 5027 965 5086 ascenderat
990 5046 1063 5085 cam
1087 5028 1146 5093 ets,
1168 5024 1199 5086 id
1255 5041 1345 5084 osum
1364 5028 1491 5103 optasse
1510 5027 1681 5099 antequam
1697 5019 1736 5080 ad
1752 5027 1892 5080 montem
1913 5017 1999 5080 Sinai

455 5129 513 5198 cst,
532 5141 603 5184 cum
620 5121 769 5184 Israelitis
792 5121 891 5185 exivit
912 5123 951 5184 de
966 5123 1111 5204 AEgppm,
1128 5141 1200 5202 quae
1254 5121 1504 5195 devenerunt,et
1520 5135 1634 5199 pecora
1649 5115 1748 5178 multa
1764 5115 1935 5179 habebant.
1943 5117 2000 5177 Au-

455 5220 518 5282 situ
534 5219 656 5282 bassior
672 5218 742 5296 tuit,
754 5239 848 5300 quam
867 5229 949 5282 terra
964 5219 1197 5302 promissionis.
1253 5217 1400 5299 gustinus
1415 5235 1491 5279 vero
1507 5215 1602 5277 aliam
1624 5214 1726 5294 tangit
1745 5233 1841 5295 super
1855 5214 1998 5278 Exodum

309 5343 342 5382 aa.
434 5311 541 5382 'Unde
553 5318 585 5380 in
597 5318 702 5382 llxodo
714 5318 961 5398 legitur,Vulgus
978 5318 1197 5400 promiscuum
1253 5335 1392 5391 causam,
1410 5333 1466 5378 cur
1490 5315 1558 5376 suis
1583 5322 1795 5396 pepercerunt
1818 5313 1995 5394 jumentis:

321 5277 396 5320 It'aod.
405 5292 431 5321 ιιι
