4309 6259
563 522 736 569 ENAllllA'l'lO
758 523 788 567 ΙΝ
809 523 877 570 CAP.
901 523 942 568 llll
963 524 1160 570 NUMEllOllUM.
1182 544 1222 556 -
1242 527 1313 571 All'l'.
1337 525 1391 572 xllt

1687 509 1745 572 357

201 690 359 755 subtecto
376 692 682 776 testimonii.ltaque
697 694 801 776 prima
817 694 869 760 die
886 693 947 779 pri·
961 693 986 754 A
1002 696 1113 776 populi
1140 697 1405 775 numerationem,
1433 717 1532 779 quum
1561 707 1668 760 tamen
1694 696 1746 761 bic

199 789 242 852 mi
263 791 385 854 mensis
407 793 483 853 anni
506 793 637 856 secundi
657 794 698 855 ab
719 813 847 874 egressu
866 796 947 860 lilio-

200 907 268 950 rum
292 889 387 952 lsrael
414 891 453 952 de
474 890 618 972 AEgypte,
636 893 808 974 complevit
828 895 947 976 Moyses

199 988 452 1064 tabernaculum,
472 989 505 1051 id
531 998 589 1066 est,
612 992 762 1071 ungendo
787 1001 883 1074 alque
907 996 945 1057 ed

197 1087 306 1148 divina
330 1086 376 1148 ibi
401 1088 524 1168 agenda
546 1090 696 1169 aptand0‚
714 1093 947 1154 consummavit

197 1186 438 1248 tabernaculum
465 1205 520 1248 seu
543 1189 752 1265 consecravit,
776 1191 861 1270 quod
881 1190 945 1271 jem

196 1284 292 1365 paulo
307 1291 382 1346 ante
397 1285 438 1346 ab
460 1283 641 1347 artificibus
658 1285 762 1348 luerat
778 1289 946 1351 materiali-

195 1391 242 1444 ter
268 1382 486 1464 completum;
515 1391 546 1445 et
568 1383 651 1446 sieut
666 1386 785 1467 Moyses
808 1386 884 1450 lecit
909 1388 946 1449 il-

196 1480 262 1557 lud,
282 1481 314 1543 id
331 1489 390 1557 est,
405 1481 478 1544 lieri
494 1481 601 1562 jussit,
619 1483 663 1544 ita
679 1485 778 1546 crexit
794 1484 873 1547 illud
889 1505 945 1568 per

195 1597 311 1640 manus
342 1577 497 1655 alierum,
524 1579 580 1659 qui
611 1589 717 1661 partes
749 1581 944 1645 tabernaculi

194 1678 554 1758 compaginaverunt‚et
565 1698 639 1741 vasa
653 1699 690 1742 ac
706 1681 855 1744 utensilia
866 1701 946 1763 qnae·

195 1780 269 1842 dam
286 1796 377 1839 saera
400 1779 578 1841 intulerunt
598 1780 632 1840 in
649 1779 728 1842 illud
747 1797 754 1840 :
772 1781 944 1861 dequibus

1002 803 1166 856 enarretur
1187 804 1260 876 post
1283 795 1423 877 praefatae
1445 796 1674 860 numerationis
1694 798 1747 859 de-

1002 891 1221 973 scriptionem.
1239 893 1318 956 llinc
1333 894 1432 975 aliqui
1449 895 1570 970 dicunt,
1584 896 1669 976 qued
1686 895 1747 958 bec

1003 991 1071 1053 loeo
1094 1009 1157 1053 nen
1180 1001 1324 1054 servatur
1346 994 1423 1056 erdo
1445 993 1597 1069 historiae,
1614 1001 1647 1055 et
1661 995 1745 1074 quod

1003 1089 1061 1150 ista
1093 1089 1276 1152 scribuntur
1301 1109 1357 1172 per
1386 1091 1682 1172 recapitulationem
1712 1091 1745 1153 in

1002 1188 1149 1269 praesenti
1171 1189 1322 1269 capitulo.
1340 1189 1459 1263 Quibus
1475 1190 1605 1254 obviare
1620 1191 1746 1253 videtur

1000 1287 1086 1368 qued
1110 1287 1143 1347 in
1164 1286 1270 1350 littera
1289 1287 1406 1349 dicitur
1424 1308 1430 1352 :
1448 1287 1638 1351 Obtulerunt
1660 1289 1746 1370 prin-

1000 1385 1100 1467 cipes,
1117 1393 1190 1463 etc,
1208 1385 1351 1467 praelecti
1374 1405 1483 1450 cerum
1506 1385 1561 1467 qui
1587 1389 1743 1449 numerati

1001 1482 1128 1546 luerent
1148 1501 1154 1544 :
1173 1503 1248 1564 ergo
1268 1492 1410 1566 apparet,
1428 1485 1513 1566 quod
1533 1493 1677 1566 tempore
1691 1484 1745 1547 ha-

1001 1601 1070 1643 rum
1102 1581 1301 1646 oblationum
1336 1583 1438 1644 tribus
1471 1583 1536 1664 jam
1572 1591 1743 1646 numeratae

1000 1679 1140 1742 luerunt.

1039 1779 1192 1841 Praeterea
1212 1779 1245 1841 in
1261 1779 1402 1842 Levitico
1418 1779 1620 1856 describitur,
1637 1799 1743 1862 quem·
1780 1798 1833 1841 rev.
1846 1812 1888 1849 nu,

194 1875 348 1939 omnibus
364 1877 612 1958 superllxedum
628 1887 676 1940 est
692 1886 870 1940 tractatum.
889 1883 945 1941 Ob·
964 1876 985 1936 B
999 1878 1170 1939 admodum
1196 1879 1392 1940 consecratio
1412 1878 1516 1940 Aaron
1537 1877 1742 1960 liliorumque
1757 1863 1790 1903 ³³·

196 1979 344 2036 tulerunt
365 1976 531 2052 principes
556 1979 669 2048 Israel,
685 1987 725 2048 et,
743 1995 800 2059 pre
826 1977 856 2038 id
883 1986 942 2054 est,

193 2075 316 2150 eapite,
334 2073 431 2136 idest
450 2073 620 2154 capitanei,
642 2078 863 2154 familiarum,
885 2079 943 2154 qui

194 2171 359 2253 principes
389 2183 482 2232 erent
507 2192 568 2249 per
592 2175 740 2249 stropulos
772 2175 886 2243 tribus,
912 2173 943 2236 id

194 2279 254 2346 est,
268 2269 389 2350 singuli
413 2270 446 2332 in
469 2271 604 2351 singulis
628 2271 772 2335 tribubus
797 2273 969 2354 praeside-V

194 2370 284 2446 bant,
305 2369 455 2432 videlieet
472 2370 693 2451 unusquisque
713 2389 821 2433 eorum
839 2371 871 2432 in
888 2391 944 2433 sua

195 2468 293 2544 tribu,
314 2477 420 2530 tamen
446 2469 506 2530 sub
529 2468 643 2550 Moyse,
661 2471 753 2550 cujus
778 2469 830 2531 isti
855 2478 946 2532 erent

194 2567 398 2647 coadjutores
416 2566 448 2628 in
466 2567 544 2629 tanti
563 2567 716 2647 regimine
733 2567 853 2650 populi,
866 2588 945 2645 pre-

193 2669 273 2744 seeti
287 2687 400 2726 eorem
416 2669 474 2745 qui
495 2669 661 2726 reuereretl
680 2668 815 2744 fuerent
830 2689 851 2727 e
866 2669 946 2726 viee-

192 2768 276 2826 simo
292 2785 380 2825 eene
394 2775 424 2824 et
438 2785 549 2842 supra,
569 2774 602 2826 ut
628 2765 731 2847 prime
752 2765 848 2846 hujus
870 2765 945 2828 libri

194 2853 339 2945 capitulo
362 2862 476 2944 patuit,
501 2885 639 2923 euertere
664 2884 770 2924 cerem
794 2865 943 2936 Domine,

194 2962 365 3042 dequibus
380 2961 568 3024 muneribus
585 2962 668 3024 inira
685 2962 717 3023 in
729 2962 868 3044 capitulo
885 2962 946 3025 iste

999 1976 1069 2056 ejus
1089 1976 1122 2036 in
1142 1975 1344 2056 pontificium
1362 1985 1393 2038 et
1410 1977 1633 2053 sacerdotium,
1650 1977 1743 2038 dura-

1000 2075 1046 2136 vit
1068 2081 1189 2155 septem
1211 2074 1336 2137 diebus.
1354 2076 1473 2138 Deinde
1489 2076 1522 2137 in
1538 2076 1649 2138 eedem
1669 2076 1743 2138 sub

998 2172 1144 2253 jungitur
1161 2190 1168 2233 :
1185 2172 1278 2236 Facto
1294 2182 1398 2236 autem
1415 2181 1527 2237 octavo
1542 2174 1604 2249 die,
1618 2176 1744 2239 vocavit
1769 2191 1889 2244 recep.

999 2271 1119 2353 Moyses
1141 2272 1245 2334 Aaron
1270 2280 1302 2333 et
1328 2271 1414 2334 lilios
1439 2272 1530 2353 ejus3
1554 2281 1584 2334 et
1609 2271 1666 2336 ille
1691 2258 1855 2336 die⁸‘''⁶⁹'

999 2377 1166 2451 emperunt
1180 2369 1283 2432 Aaron
1301 2378 1332 2432 et
1350 2369 1413 2431 lilii
1434 2371 1504 2451 ejus
1522 2389 1580 2432 sna
1597 2390 1743 2435 exercere

999 2467 1123 2545 ollicia,
1141 2469 1225 2548 quod
1247 2487 1310 2531 non
1331 2469 1436 2551 potuit
1452 2488 1521 2533 esse
1541 2477 1615 2532 ente
1633 2471 1744 2533 erecti-

1000 2585 1094 2630 onem
1121 2567 1342 2631 tabernaculi:
1366 2569 1476 2648 sicque
1498 2567 1634 2644 videtur,
1657 2570 1743 2649 qued
1771 2567 1777 2585 “

1001 2673 1072 2746 pest
1087 2663 1160 2726 illes
1180 2673 1302 2746 septem
1323 2665 1391 2727 dies
1413 2666 1663 2728 consecrationis
1684 2686 1746 2730 cee-

1001 2772 1117 2844 perunt
1127 2763 1289 2844 principes
1304 2763 1357 2825 isti
1368 2762 1499 2840 ollerre‚
1513 2771 1588 2845 puta
1598 2764 1651 2827 die
1661 2775 1746 2845 ecta-

1001 2880 1051 2924 ve.
1062 2861 1150 2935 Quod
1166 2880 1275 2922 rursus
1291 2862 1478 2943 reprobatur
1495 2861 1594 2943 perid
1609 2864 1695 2944 quod
1710 2863 1744 2926 in

1001 2960 1061 3022 isto
1073 2959 1212 3041 capitulo
1228 2959 1355 3040 legitur,
1363 2961 1448 3040 qued
1463 2959 1515 3022 dio
1526 2978 1590 3040 quo
1605 2970 1745 3024 erectum

195 3058 334 3120 habetur
352 3077 445 3140 :quae
464 3077 597 3121 munera
614 3058 746 3121 Domino
762 3059 947 3122 obtulerunt
965 3058 986 3121 C
1001 3067 1049 3122 est
1074 3057 1325 3135 tabernaculum,
1347 3058 1532 3121 obtulerunt
1549 3075 1556 3119 :
1574 3060 1659 3141 qued
1684 3058 1746 3121 luit

196 3157 230 3218 in
257 3157 330 3237 ojus
354 3161 533 3238 conspeetu
559 3164 654 3236 atque
684 3157 864 3238 praesentia,
890 3157 947 3239 qui

195 3255 307 3320 omnia
338 3255 490 3331 intuetur,
517 3263 548 3317 et
578 3253 698 3336 ubique
722 3263 770 3317 est
795 3275 944 3337 praesens,

196 3354 361 3436 praecipue
381 3361 487 3416 tamen
513 3353 544 3414 in
571 3353 650 3416 locis
673 3353 702 3415 ei
728 3353 945 3428 consecralis3

195 3475 253 3514 sen
263 3458 419 3531 plaustra
436 3462 528 3522 tecta,
538 3452 571 3513 id
588 3459 636 3513 est
650 3461 771 3533 operta,
789 3457 949 3512 meleduc-

195 3554 302 3612 decim
314 3551 499 3613 bobus-due
510 3550 596 3613 enim
607 3551 703 3612 duces
716 3569 770 3613 seu
787 3550 948 3632 principes

196 3669 299 3712 unum
317 3648 495 3730 plaustrum
512 3668 584 3711 eum
601 3650 725 3712 duobus
741 3650 843 3712 bobus
858 3649 949 3711 dede-

197 3757 273 3810 runt
295 3756 328 3810 et
351 3746 566 3810 exhibuerunt
589 3748 627 3808 ad
650 3747 705 3810 Dei
731 3747 896 3823 bonorem,
915 3757 949 3809 ut

198 3847 358 3911 servirent
374 3847 413 3907 ad
430 3865 551 3926 eaquae
568 3846 746 3909 necessaria
760 3855 850 3908 crant
865 3847 949 3908 eirca

61 3963 181 4012 sanese
199 3944 412 4020 tabernaculi,
431 3943 724 4025 pertinentiumque
741 3945 778 4005 ad
795 3944 887 4021 illud,
899 3945 949 4006 de-

198 4043 428 4126 portationem,
453 4050 548 4123 preut
573 4041 605 4102 in
632 4050 729 4118 textu,
753 4042 808 4122 qui
835 4041 949 4122 plenus

197 4151 258 4217 est,
269 4141 433 4212 recitatur,
444 4159 540 4222 supra
555 4159 682 4220 queque
698 4141 874 4221 expositum
891 4149 947 4203 est.

1002 3156 1106 3238 prima
1120 3157 1172 3218 die
1187 3157 1264 3218 anui
1280 3157 1420 3219 secundi.
1443 3157 1569 3233 lterum,
1588 3157 1614 3218 si
1635 3166 1747 3220 octavo

1002 3256 1054 3317 die
1074 3253 1194 3317 mensis
1219 3254 1350 3316 secundi
1375 3253 1496 3317 ollerre
1516 3264 1682 3337 eoeperunt
1701 3254 1747 3317 ibi

1003 3352 1320 3435 principcs‚quorum
1336 3350 1456 3415 oblatio
1470 3352 1598 3417 duravit
1613 3352 1748 3433 perdies

1004 3451 1182 3528 duodecim,
1200 3459 1235 3512 ut
1257 3450 1444 3532 paulopost
1469 3449 1570 3512 fertur
1591 3450 1624 3513 in
1648 3459 1746 3526 textu,

1004 3558 1163 3632 protracta
1179 3548 1241 3611 luit
1255 3548 1375 3611 oblatio
1395 3567 1505 3621 eorum
1521 3550 1676 3631 usquead
1693 3567 1748 3613 no-

1005 3646 1242 3711 numdecimnm
1258 3647 1342 3709 diem
1364 3647 1495 3708 secundi
1517 3646 1591 3709 anni
1612 3667 1619 3711 :
1637 3647 1748 3728 sicque

1004 3747 1066 3809 lilii
1088 3746 1182 3808 lsrael
1202 3753 1273 3826 pest
1294 3745 1365 3807 illas
1381 3744 1558 3808 oblationes
1580 3763 1645 3808 non
1666 3746 1748 3809 erle

1004 3847 1150 3909 bressent
1164 3844 1282 3905 Pascha
1303 3844 1542 3924 quartodecimo
1562 3843 1614 3906 die
1636 3845 1674 3906 ad
1697 3865 1748 3908 ve·

1004 3962 1141 4026 speram,
1159 3950 1194 4002 ut
1213 3950 1280 4005 erat
1301 3950 1504 4023 preceptum,
1522 3942 1586 4005 imo
1607 3951 1642 4004 ut
1662 3941 1748 4005 inira

1005 4043 1037 4104 in
1049 4040 1209 4124 principie
1220 4039 1296 4102 noni
1312 4039 1443 4121 capituli
1462 4039 1574 4103 iecisse
1590 4040 1745 4120 leguntur.

1005 4141 1036 4203 si
1059 4156 1134 4217 erge
1154 4138 1345 4201 concedatur
1364 4138 1449 4217 qued
1471 4137 1575 4218 primo
1598 4138 1651 4200 die
1671 4139 1748 4201 anni

240 4241 359 4303 Verum
384 4238 468 4300 cirea
492 4239 559 4300 lraee
581 4238 683 4301 oritur
704 4239 837 4318 quaestio
861 4239 950 4299 intri-
965 4243 989 4303 D
1005 4236 1137 4301 secundi
1152 4243 1318 4316 coeperunt
1337 4232 1457 4297 ollerre
1476 4234 1629 4317 praelecti,
1648 4255 1750 4299 sacer-

198 4347 270 4404 cata
285 4339 326 4401 de
342 4336 454 4400 ordine
471 4336 515 4399 rei
532 4346 637 4417 gestae,
658 4337 734 4417 quia
747 4336 948 4417 jamdictum

78 4437 360 4518 uter.1t‚est,qued
379 4433 618 4496 tabernaculum
635 4436 676 4496 sit
692 4444 830 4498 erectum
847 4435 950 4517 prima

65 4521 89 4558 '³'
199 4537 253 4600 dic
276 4534 398 4598 mensis
419 4534 514 4615 primi
539 4534 614 4596 anni
640 4534 781 4596 secundi.
798 4533 893 4597 Perre
915 4535 949 4596 in

64 4650 182 4701 neers.
198 4634 334 4699 exordio
349 4633 445 4714 hujus
461 4631 535 4694 libri
554 4631 705 4714 seriptum
723 4639 771 4694 est
788 4649 795 4694 ;
814 4633 949 4694 Locutus

198 4743 250 4796 est
276 4731 433 4794 Dominus
462 4731 502 4792 ad
526 4730 652 4811 Moysen
683 4729 716 4790 in
747 4730 950 4794 tabernaculo

201 4831 348 4905 laederis
368 4827 471 4910 prima
492 4829 544 4891 die
567 4828 685 4891 mensis
710 4829 840 4891 secundi
867 4848 950 4892 anne

198 4931 314 5005 altero,
334 4929 365 4989 id
389 4935 438 4990 est
463 4927 602 4989 seeundo
624 4927 815 5006 egressionis
841 4947 949 4990 eorum

199 5049 239 5092 ex
255 5028 402 5109 AEgypte,
421 5025 532 5088 dicens
550 5044 556 5088 :
575 5025 688 5088 Tollite
709 5045 865 5088 summam
883 5027 952 5088 uni·

199 5146 303 5190 versae
329 5125 585 5204 congregationis
612 5123 754 5186 liliorum
780 5124 884 5187 lsrael.
908 5125 951 5187 Ex

199 5245 267 5307 quo
284 5223 375 5303 sequi
394 5223 530 5299 videtur,
544 5223 629 5303 quod
647 5221 777 5298 oblatio,
791 5224 829 5284 de
840 5241 902 5302 qua
919 5224 950 5284 in

202 5325 266 5387 isto
282 5321 426 5403 capitulo
441 5321 555 5399 agitur,
567 5339 774 5403 parmensem
791 5321 951 5402 praecessit

1005 4335 1132 4399 dotibus
1155 4334 1297 4396 nendum
1323 4333 1526 4410 consecratis
1550 4342 1625 4396 tuuc
1650 4355 1750 4398 saeer-

1005 4437 1095 4498 dotes
1116 4432 1290 4496 consecrati
1313 4441 1388 4494 sunt
1403 4432 1452 4494 vel
1476 4441 1548 4513 post
1568 4433 1644 4495 istas
1660 4435 1748 4498 obla-

1007 4534 1121 4608 tiones,
1139 4532 1190 4594 vel
1215 4530 1300 4592 inira
1320 4531 1388 4594 dies
1410 4549 1519 4592 earum
1544 4549 1551 4592 ε
1574 4540 1605 4593 et
1626 4541 1750 4595 constat

1005 4632 1091 4713 qued
1114 4649 1178 4693 nen
1201 4629 1266 4691 sint
1287 4629 1462 4691 consecrati
1486 4637 1557 4710 post
1573 4628 1645 4691 illas
1667 4631 1751 4694 ebla-

1009 4731 1110 4794 tioncs
1130 4748 1168 4790 ex
1190 4736 1287 4802 textu,
1311 4745 1369 4789 nec
1391 4725 1476 4788 infra
1497 4745 1560 4789 eas.
1575 4726 1643 4790 Non
1662 4729 1749 4791 enirn

1007 4836 1148 4911 apparet,
1173 4827 1258 4908 qued
1279 4826 1364 4888 solus
1386 4826 1504 4906 Moyses
1524 4827 1662 4907 potuerit
1684 4846 1750 4891 em·
1801 4813 1804 4818 ’

1007 4929 1060 4990 nia
1084 4927 1139 4988 illa
1163 4944 1309 4988 exercerc
1333 4944 1396 4986 una
1414 4924 1476 5001 die,
1500 4943 1571 5006 quea
1596 4925 1680 4988 circa
1704 4946 1750 4988 sa-

1007 5027 1171 5090 cerdotum
1189 5023 1459 5087 consecrationem
1476 5032 1508 5086 et
1525 5023 1681 5106 principis
1696 5027 1750 5088 ob

1007 5125 1158 5187 lationem
1172 5123 1304 5191 fiebant,
1318 5123 1583 5203 quemadmodum
1595 5143 1633 5185 ex
1643 5124 1749 5187 Exodo
1790 5140 1866 5182 exea.

1008 5232 1037 5286 et
1054 5242 1092 5282 rx
1108 5221 1247 5284 levitice
1266 5229 1362 5300 atque
1377 5240 1413 5281 ex
1436 5221 1496 5283 isto
1516 5220 1642 5302 probari
1665 5223 1750 5302 cepi-
1763 5217 1818 5308 {2¹¹¹
1838 5202 1891 5245 Μ’

1008 5320 1075 5382 tulo
1088 5318 1288 5400 petest.Hinc
1298 5317 1398 5398 aliqui
1414 5319 1749 5399 responderunt‚quod
