4309 6259
548 505 722 552 nunnunrto
744 506 774 551 ΙΝ
796 508 863 553 (ΞΑΡ.
888 507 920 553 lx
941 505 1176 552 bsurcnonottlt.
1199 526 1239 535 -
1259 508 1329 553 Aur.
1354 509 1374 554 X

757 917 1083 1004 ARTICULUS
1121 920 1159 1003 ll

326 1190 503 1237 utuolunrlo
525 1190 701 1236 tirrannus
722 1190 861 1236 centrum
882 1189 954 1235 Nom
976 1189 982 1234 :
1010 1190 1094 1250 1111111,
1118 1191 1225 1237 tsnnst
1247 1193 1253 1238 :
1278 1194 1315 1239 l'U
1336 1193 1597 1239 runnscttsolsms

817 1288 909 1333 llODlE
929 1288 1101 1335 JOllDrlNllld.

257 1570 367 1633 DHUG
388 1570 551 1651 legislator
571 1571 680 1635 volens
697 1569 851 1652 populum
872 1566 934 1630 sibl
949 1565 973 1628 Α
988 1569 1120 1627 cervicis
1139 1571 1184 1629 sis
1194 1572 1345 1646 populus,
1365 1568 1396 1631 id
1419 1569 1527 1631 estad
1549 1568 1736 1632 inobedien-

265 1669 484 1746 commissum,
502 1670 565 1733 Deo
585 1668 719 1732 allicere
733 1676 870 1748 gratum,
883 1668 934 1730 de
989 1666 1064 1728 tiam
1081 1675 1112 1729 et
1122 1666 1303 1748 superbiam
1315 1686 1446 1749 pronus,
1458 1675 1490 1730 et
1504 1667 1683 1731 difficulter
1694 1669 1734 1731 ad

181 1777 307 1845 votum,
330 1776 361 1830 et
386 1768 504 1849 jugiter
530 1768 743 1843 obedientem,
767 1786 803 1829 ec
824 1774 934 1830 contra
987 1763 1121 1827 virtutes
1138 1764 1449 1846 flexibilis.'Propter
1463 1766 1549 1848 quod
1568 1766 1613 1827 ait
1628 1766 1734 1829 Domi-

184 1866 296 1929 lutura
316 1874 511 1929 tentamenta
531 1887 568 1930 ac
588 1875 717 1949 peccate
735 1884 868 1942 armare,
890 1884 934 1927 re
989 1883 1048 1924 nus
1065 1882 1121 1944 per
1135 1863 1245 1925 isaiam
1264 1882 1271 1925 :
1291 1863 1362 1926 Seio
1385 1864 1622 1944 quiaduruses
1640 1873 1878 1943 tu,et1,‚,1„.„‚i,

182 1965 263 2028 colit
284 1963 444 2027 beneficia
460 1965 513 2027 Dei
536 1965 715 2027 exhibenda
735 1973 832 2045 atque
850 1963 935 2026 exhi·
988 1980 1105 2024 nervus
1116 1961 1238 2025 terreus
1248 1962 1354 2025 cervix
1366 1970 1462 2036 iuuet
1473 1962 1560 2026 frons
1572 1971 1625 2026 tuo
1635 1983 1731 2027 enea.

180 2063 264 2139 bite,
281 2072 312 2126 et
336 2063 497 2127 maleficia
518 2082 573 2127 seu
594 2063 672 2127 vitia
693 2062 806 2145 plebis.
829 2065 934 2133 Audi,
988 2060 1095 2141 ltaque
1111 2080 1167 2143 per
1182 2060 1340 2124 cervicem
1360 2061 1552 2143 intelligitur
1573 2082 1675 2139 mens,
1692 2064 1732 2125 ad

181 2166 290 2223 Israel
305 2182 316 2221 .·
340 2167 388 2224 Ta
412 2164 660 2239 transpredieris
682 2164 786 2233 nodie,
805 2161 864 2223 boc
886 2151 934 2223 est
988 2178 1084 2239 quam
1107 2160 1245 2242 pertinet
1259 2160 1322 2223 Deo
1345 2160 1510 2223 humiliter
1531 2161 1681 2224 inclinari
1697 2181 1734 2224 ac

183 2260 217 2321 in
240 2260 343 2337 brevi,
361 2280 417 2323 seu
438 2270 580 2342 ternpore
601 2260 672 2337 isto,
690 2264 877 2330 Iordanem,
899 2270 934 2320 ut
989 2258 1094 2337 subdi,
1106 2266 1138 2322 et
1147 2278 1218 2340 quae
1229 2258 1330 2321 instar
1344 2258 1480 2323 cervicis
1491 2280 1576 2323 nunc
1588 2260 1731 2336 inclinat,

179 2361 360 2437 possideas,
371 2359 403 2421 id
420 2359 644 2436 est,voluntcti
661 2367 721 2421 tue
737 2358 868 2420 traditas
884 2358 936 2419 ba·
991 2377 1075 2420 nunc
1091 2356 1186 2439 erigit
1202 2376 1247 2419 se.

183 2458 263 2519 beas
288 2458 329 2519 ad
353 2457 575 2533 occidendum,
595 2460 740 2518 nationes
760 2458 933 2529 inanimes,
1031 2460 1202 2527 Memento,
1225 2467 1255 2518 et
1279 2479 1319 2518 ne
1343 2459 1556 2528 obliuiscaris,
1578 2460 1735 2537 quamodo

185 2556 309 2619 scilicet
326 2563 448 2637 septem
468 2564 579 2637 gentes
602 2554 761 2638 praelatas,
775 2560 934 2634 poputum
990 2559 1034 2617 ad
1050 2557 1260 2616 iracundiam
1271 2560 1496 2633 provocaveris
1506 2559 1683 2617 Dominum
1699 2559 1735 2618 in

184 2674 345 2730 mappam
365 2664 462 2735 atque
475 2657 657 2726 sublimem,
675 2658 761 2734 filios
783 2656 932 2724 Idnacim,
989 2656 1175 2715 solitudine.
1192 2653 1387 2734 Frequenter
1412 2653 1497 2717 enim
1523 2647 1736 2736 peccaverunt

184 2760 264 2834 puta
292 2753 448 2833 gigantes,
476 2774 553 2832 quos
584 2756 650 2831 ipse
678 2755 799 2814 uidisti.
826 2750 933 2833 Aliqui
990 2752 1024 2813 in
1048 2771 1166 2827 eremo,
1188 2752 1284 2814 etiarn
1310 2760 1483 2832 antequem
1514 2754 1736 2815 veneruntad

183 2852 275 2913 onim
291 2870 329 2914 ex
342 2851 421 2913 liliis
432 2851 537 2928 lsrael,
550 2851 671 2915 seilicet
685 2852 819 2915 losueet
829 2851 935 2928 Calah,
953 2852 976 2914 B
991 2850 1088 2913 Sinai.
1106 2850 1227 2914 Dicitur
1242 2859 1347 2913 autem
1369 2850 1567 2913 invariabilis
1582 2859 1614 2913 et
1630 2870 1737 2934 super-

184 2968 241 3013 eos
257 2951 419 3027 viderunt,
437 2959 468 3012 et
482 2950 522 3012 ab
544 2950 609 3012 illis
625 2951 749 3014 duobus
771 2950 825 3012 alii
842 2952 935 3013 lsrae
989 2949 1616 3030 tranquillissimus[leusadiraccndiam
1628 2969 1738 3033 provo·

186 3049 254 3111 litte
267 3048 439 3112 audierunt
462 3048 580 3111 lamam
601 3049 739 3113 illorum.
757 3052 845 3112 Scies
860 3070 933 3127 erpo
989 3047 1067 3123 ceri,
1085 3066 1148 3111 non
1164 3066 1220 3130 per
1237 3046 1395 3129 passionis
1412 3048 1669 3123 commotionem,
1679 3049 1735 3111 sed

185 3150 293 3218 hodic,
305 3152 391 3228 quod
400 3151 560 3209 Dominus
571 3153 657 3210 Deus
669 3152 821 3226 cumipse
833 3159 935 3209 trans·
989 3154 1143 3230 quantum
1170 3148 1209 3209 ad
1225 3145 1361 3209 ellectus
1383 3145 1640 3224 similitudinem,
1659 3148 1735 3209 dum

184 3249 248 3306 ibit
263 3257 339 3307 ante
355 3257 383 3307 te
398 3265 454 3328 per
469 3247 619 3327 angelum
636 3267 741 3324 suum,
758 3254 790 3310 et
806 3266 863 3329 per
878 3266 934 3329 po·
990 3255 1119 3329 propter
1149 3245 1226 3308 vitia
1257 3244 1424 3308 bominum
1449 3253 1573 3308 exercet
1598 3245 1734 3325 rigorem

185 3345 312 3407 testatis
328 3364 393 3408 suas
408 3344 560 3408 ellectum
577 3354 673 3427 atque
684 3346 874 3408 subsidium.
886 3349 934 3407 Ne
988 3343 1169 3428 justitiario
1186 3351 1320 3420 tantum,
1334 3344 1419 3425 quod
1436 3342 1524 3407 furor
1539 3344 1568 3407 ei
1584 3344 1736 3407 attribua-

185 3448 279 3505 dz'cas
305 3447 341 3504 in
366 3448 460 3505 corde
491 3456 557 3515 tna,
583 3464 684 3525 quum
709 3449 861 3507 deiecerit
885 3466 934 3505 eos
990 3452 1051 3506 tur.
1069 3443 1295 3506 Verumtamen
1312 3442 1373 3504 ista
1393 3450 1425 3505 ct
1447 3442 1674 3523 subsequentia
1690 3443 1737 3505 di-

185 3545 350 3605 Dominus
360 3546 445 3603 Deus
457 3553 530 3604 tuus
541 3545 577 3603 in
588 3554 754 3623 conspectu
771 3554 824 3604 tuo
835 3547 936 3606 :Pro
990 3550 1106 3605 cuntur
1126 3542 1165 3605 ad
1188 3541 1342 3623 populum
1365 3540 1473 3618 istum,
1491 3560 1555 3604 non
1575 3542 1660 3622 quod
1683 3542 1736 3604 isti

180 3651 257 3719 pter
264 3644 436 3718 justitiam
453 3644 936 3705 meamtnrrodueumebamt-
991 3640 1201 3723 personaliter
1225 3640 1292 3702 berc
1314 3647 1457 3719 egerunt,
1474 3640 1529 3702 sed
1555 3648 1661 3723 patres
1685 3659 1738 3703 eo·

186 3761 264 3809 nus,
287 3750 323 3800 ut
349 3750 468 3801 terram
492 3743 576 3801 lianc
601 3743 808 3817 possiderem,
832 3762 934 3821 quum
992 3759 1074 3817 rum,
1086 3739 1142 3821 qui
1157 3738 1198 3801 ob
1214 3757 1288 3800 suos
1303 3756 1448 3801 excessus
1460 3737 1504 3799 ita
1520 3737 1650 3800 luerunt
1667 3758 1736 3821 pro

56 3854 171 3910 napura-
183 3848 319 3915 propter
334 3840 526 3917 iniquitates
541 3839 552 3863 *
566 3859 642 3899 suas
663 3840 731 3900 istae
745 3843 855 3901 deletae
870 3840 936 3900 sint
992 3839 1093 3901 strati.
1111 3839 1166 3900 Est
1180 3846 1286 3900 autem
1302 3837 1510 3913 consuetudo,
1523 3836 1611 3918 loqui
1626 3838 1666 3899 de
1682 3856 1737 3919 po

49 3922 77 3957 '³'
188 3939 349 4007 natioiaes,
367 3936 426 3999 hoe
446 3936 543 3999 estin
565 3936 709 4017 proximo
733 3938 934 4012 occidendae;
992 3938 1069 4019 pulo
1083 3936 1202 4018 aliquo,
1215 3934 1305 4016 quasi
1322 3935 1362 3997 de
1377 3954 1441 3998 uno
1457 3936 1670 4016 aggregativa,
1684 3936 1736 3999 eui

187 4045 218 4095 et
240 4045 277 4095 ut
301 4040 471 4112 compleret
486 4037 646 4096 Dominus
675 4037 802 4095 ambram
827 4036 973 4105 sunm,C
992 4037 1167 4099 seeundum
1178 4034 1319 4097 diversas
1331 4042 1436 4115 partes
1447 4053 1521 4096 suas
1531 4034 1737 4098 diversacon·

189 4134 221 4196 id
237 4142 287 4196 est
301 4152 339 4196 ea
354 4152 425 4214 quae
439 4132 629 4195 Patriarobis
645 4134 791 4215 promisit
806 4134 845 4197 de
861 4134 938 4196 dan·
991 4136 1136 4199 veniunt.
1155 4137 1196 4195 Et
1220 4155 1261 4192 ee
1279 4153 1313 4192 eo
1334 4135 1389 4193 die
1410 4153 1472 4213 qna
1493 4154 1635 4211 epressus
1648 4154 1679 4194 es
1698 4137 1738 4194 de

187 4232 228 4294 da
244 4232 304 4295 hac
320 4240 404 4294 terra
419 4231 597 4314 posteritati
612 4231 766 4313 ipsorum.
779 4232 846 4294 lstae
863 4241 937 4294 sunt
991 4237 1146 4311 AEpppto,
1168 4253 1268 4311 usqne
1287 4236 1331 4293 ad
1353 4236 1458 4291 locum
1479 4234 1592 4302 istum,
1611 4253 1735 4310 semper

186 4332 258 4393 duae
274 4349 389 4407 causae,
406 4329 447 4392 eb
463 4348 543 4411 quas
559 4329 703 4393 nationes
719 4330 783 4393 illae
800 4330 936 4394 vitiosis·
990 4336 1143 4393 divesne
1167 4332 1344 4392 Dominum
1368 4332 1572 4391 contendisti.
1596 4330 1663 4394 Non
1689 4338 1738 4394 est

187 4430 277 4493 simae
294 4429 424 4491 luerunt
439 4428 561 4505 deleta,
579 4428 728 4492 videlicet
743 4437 872 4511 propter
887 4448 937 4493 eo
991 4432 1051 4495 boo
1065 4430 1321 4511 intelligendum,
1333 4428 1418 4509 quod
1435 4427 1654 4493 indesinenter
1668 4448 1735 4494 om·

187 4548 258 4591 rum
282 4526 437 4605 facinora,
462 4534 493 4589 et
515 4535 643 4609 propter
665 4527 782 4591 divinae
802 4528 936 4610 promis·
991 4531 1023 4592 ni
1039 4529 1091 4592 die
1109 4537 1141 4591 et
1163 4529 1241 4591 hora
1257 4535 1302 4591 tot
1323 4545 1492 4603 annorum,
1508 4536 1619 4591 contra
1633 4529 1732 4591 11111111

186 4628 289 4691 sionis
314 4626 547 4709 impletionem.
570 4627 632 4690 Gur
655 4636 762 4689 autem
788 4628 935 4709 promisit
989 4628 1187 4692 contentiose
1202 4626 1298 4690 locuti
1315 4626 1391 4701 sint,
1403 4626 1467 4689 imo
1478 4625 1637 4690 interdum
1653 4628 1734 4691 bene

187 4728 269 4789 Deus
296 4726 378 4788 liliis
392 4725 487 4788 lsrael
509 4726 584 4788 dere
605 4734 720 4789 terram
741 4726 829 4788 illam
850 4744 935 4806 egre
991 4748 1024 4790 se
1040 4726 1230 4790 babuerunt.
1248 4724 1412 4807 Siquidem
1428 4724 1460 4786 in
1476 4724 1583 4788 Exodo
1603 4744 1734 4810 respon-

186 4826 284 4906 giam,
299 4825 362 4886 nisi
378 4824 504 4905 quiade
519 4824 742 4906 populolsracl
760 4824 929 4902 incarnari,
991 4826 1075 4889 disse
1100 4825 1277 4905 leguntur:
1304 4825 1516 4905 Cunctaque
1540 4824 1664 4887 locutus
1686 4836 1735 4889 est
1762 4852 1880 4908 amada,

187 4934 284 5007 atque
307 4924 342 4985 in
362 4932 445 4985 terra
465 4923 521 4985 illa
535 4924 682 4985 humanae
705 4924 932 5005 redemptionis
990 4926 1154 5001 Dominus,
1173 4924 1337 4986 iaciemus.
1354 4923 1392 4985 Et
1414 4923 1496 4986 libro
1512 4924 1623 4987 eodem
1638 4926 1734 4989 babe-
1749 4918 1769 4961 ⁸·

187 5024 340 5107 mysteria
361 5040 508 5085 exercere
527 5021 623 5101 elegit
643 5042 679 5084 ac
702 5023 833 5084 statuit?
848 5026 935 5086 Scite
991 5031 1052 5101 tur,
1064 5025 1150 5104 quod
1165 5022 1351 5085 obtulerunt
1361 5040 1493 5084 munera
1502 5022 1636 5086 Domino
1647 5042 1735 5087 men·
1758 5053 1880 5097 nram.

186 5145 259 5201 erpo
274 5126 363 5203 quad
377 5142 442 5183 non
462 5132 593 5199 propter
608 5122 758 5199 justitias
780 5132 851 5183 tuas
871 5127 933 5184 Do
991 5130 1020 5185 to
1031 5123 1154 5185 devota.
1164 5122 1282 5201 ltaque,
1294 5120 1381 5201 quod
1391 5120 1541 5183 dicuntur
1551 5122 1735 5185 contendis·
1748 5118 1783 5159 ²¹·

187 5226 297 5284 minus
322 5223 460 5292 dederit,
482 5221 543 5283 hoc
571 5228 620 5283 est
644 5220 719 5283 dare
745 5220 931 5297 decreverit,
949 5219 973 5280 D
989 5240 1023 5283 se
1037 5228 1148 5282 contra
1157 5218 1326 5281 Dominum
1337 5236 1473 5299 semper,
1486 5218 1731 5301 intelligendum

187 5333 308 5383 terram
331 5322 417 5383 banc
440 5322 606 5397 optimam,
623 5340 724 5400 quum
749 5322 933 5381 durissimae
989 5318 1138 5401 estquod
1152 5316 1240 5380 omni
1258 5324 1478 5397 temporeorta
1495 5317 1662 5382 occasione
1676 5319 1731 5381 ali·
