4309 6259
420 492 460 557 88
820 509 991 557 csxnnxrro
1014 510 1043 556 rx
1066 510 1133 556 car.
1157 509 1222 556 xxx
1242 510 1344 557 axem.
1366 530 1407 541 -
1427 510 1497 556 nur.
1521 510 1570 557 ux

422 684 444 747 li
460 684 545 767 quod
561 682 724 747 dividebat
746 683 816 746 illas
835 683 1029 747 tabernaculi
1045 692 1161 766 partes.
1179 684 1275 766 Aqui
1291 684 1324 745 in
1340 684 1421 747 atrio
1438 682 1633 747 tabernaculi
1644 682 1830 745 causabatur
1844 700 1881 745 ex
1896 700 1964 744 ma-

420 783 578 847 Pondebat
600 791 705 845 autem
728 783 835 847 velum
858 781 937 845 illud
960 792 1034 845 ante
1059 802 1164 845 aream

421 882 724 957 testimonii,corana
736 882 1072 964 propitiatorio,quod
1088 882 1166 943 erni-

421 982 517 1045 nebat
541 1000 632 1057 arear,
657 989 687 1043 et
713 1000 782 1043 earn
808 980 943 1062 operuit.
970 984 1036 1049 Qua
1059 980 1166 1063 propi-

422 1081 548 1143 tiatorio
570 1082 688 1157 trpe'trrr
710 1082 939 1151 testimonium,
964 1079 995 1142 id
1021 1086 1068 1142 est
1093 1099 1166 1142 arco

422 1179 608 1255 testimonii,
628 1180 678 1243 rel
700 1178 814 1241 tabulae
831 1179 1022 1256 testamenti,
1039 1198 1110 1261 quae
1128 1187 1168 1241 ta—

422 1298 495 1341 men
513 1279 653 1340 nondum
670 1285 760 1339 erant
776 1277 809 1338 in
825 1296 907 1354 arca,
920 1276 984 1339 imo
1001 1297 1058 1339 nec
1075 1276 1167 1340 factm

424 1386 524 1453 orant,
549 1377 676 1457 quando
701 1375 768 1438 haec
791 1376 943 1438 Dominus
970 1376 1094 1439 locutus
1120 1385 1168 1438 est

423 1476 530 1556 Mopsi.
561 1478 619 1554 b'bi
644 1479 758 1553 loquar·
784 1478 852 1536 tibi.
879 1476 956 1537 Nam
982 1474 1169 1558 propitiato

426 1575 508 1637 rium
533 1572 593 1634 luit
615 1574 707 1654 quasi
731 1574 821 1635 sedes
843 1574 908 1649 Dei,
932 1575 1059 1637 atinde
1082 1592 1168 1654 egre-

426 1672 571 1735 diebatur
591 1671 749 1733 interdum
766 1692 825 1735 vox
841 1673 895 1735 nei
915 1672 1075 1754 loquentis
1096 1692 1167 1735 cum

426 1766 539 1852 llop'so.
550 1772 772 1833 Verumtamen
789 1771 900 1833 beatus
915 1772 1110 1853 Augustinus
1126 1772 1170 1833 vi-

1220 783 1413 846 olationibus
1428 782 1628 858 animalium,
1641 790 1673 845 et
1687 780 1963 845 combustionibus

1219 881 1540 946 holocaustorumEx
1551 901 1615 965 quo
1624 889 1763 964 apparet
1771 900 1880 945 verum
1895 899 1962 943 non

1220 1002 1290 1045 esse
1305 983 1390 1064 quod
1405 981 1506 1064 aliqui
1522 982 1642 1058 dicunt,
1655 981 1739 1063 quod
1755 979 1787 1043 in
1804 980 1871 1062 ipso
1886 980 1965 1042 alta-

1222 1080 1249 1143 ri
1269 1082 1308 1144 de
1328 1100 1422 1144 mane
1443 1099 1506 1143 non
1522 1080 1721 1143 cremabatur
1736 1079 1798 1142 nisi
1813 1079 1894 1156 thus,
1909 1099 1965 1142 ve

1222 1199 1314 1262 spere
1333 1188 1438 1242 autem
1455 1178 1627 1261 thymiama
1644 1196 1651 1240 :
1669 1178 1755 1260 quod
1769 1186 1801 1240 et
1814 1196 1851 1240 ex
1865 1176 1964 1239 verbo

1222 1278 1367 1361 sequenti
1389 1278 1552 1361 probatur.
1570 1280 1643 1338 Nan
1661 1279 1797 1354 offeretis
1814 1296 1907 1354 super
1927 1297 1963 1336 ea

1224 1382 1406 1457 tbymiama
1426 1380 1561 1439 atterius
1580 1379 1829 1455 comissationis,
1849 1376 1961 1451 idest,

1223 1497 1319 1559 super
1344 1477 1443 1539 altare
1470 1475 1555 1538 istud
1582 1476 1704 1538 incensi
1730 1494 1793 1537 non
1820 1474 1966 1537 immola-

1223 1577 1298 1638 bitis
1321 1576 1383 1638 uisi
1406 1576 1579 1658 thymiama
1600 1584 1631 1637 et
1647 1574 1846 1638 sacrificium
1867 1573 1966 1636 unius

1223 1675 1458 1739 commixtionis
1477 1694 1484 1737 ε
1502 1694 1573 1757 qum
1593 1674 1697 1757 qualis
1717 1673 1823 1751 luerit,
1842 1674 1874 1734 in
1895 1672 1968 1737 line

1223 1774 1319 1855 hujus
1336 1782 1483 1837 narratur
1498 1773 1641 1855 capituli.
1653 1776 1717 1835 Nec
1731 1774 1919 1833 oblationem
1935 1784 1968 1833 et

428 1869 762 1945 dotu1·scntire‚ollaro
778 1870 862 1932 istud
878 1872 961 1933 intra
977 1871 1090 1934 Sancta
1106 1891 1171 1933 sart·
1185 1878 1208 1939 B
1225 1876 1405 1942 uictimam,
1421 1894 1478 1933 uec
1493 1875 1635 1933 libabitis
1656 1874 1824 1933 libamina.
1841 1872 1897 1933 Per
1910 1871 1968 1935 ob-

281 1978 414 2025 rauna.
428 1978 550 2031 ctorum
570 1969 706 2045 stetisse,
727 1988 826 2051 quum
846 1978 877 2033 ot
898 1970 1094 2032 thuribulum
1116 1990 1171 2033 au-

428 2088 516 2131 reum
533 2068 630 2130 luerit
647 2068 745 2145 ibi,ut
760 2068 876 2131 dieitur
891 2070 929 2131 ad
945 2070 1100 2132 Hebraeos.
1110 2070 1169 2132 Sed

429 2168 514 2250 prior
530 2168 685 2248 expositio
701 2168 805 2230 verior
821 2177 994 2250 reputatur,
1009 2169 1072 2231 nisi
1089 2168 1170 2231 torte

427 2266 593 2348 Augustini
620 2267 754 2330 intentio
777 2267 884 2345 luerit,
911 2270 995 2349 quod
1020 2269 1103 2330 istud
1125 2268 1171 2329 al-

428 2375 493 2429 taro
513 2367 553 2429 ob
579 2387 667 2428 suam
689 2368 876 2447 dignitatem
894 2368 1012 2431 dictum
1036 2367 1077 2429 sit
1100 2388 1171 2429 san-

427 2476 512 2530 ctum
534 2476 726 2543 sanctorum,
749 2474 783 2528 ut
803 2467 886 2529 inlra
906 2469 1038 2550 patebit,
1061 2468 1171 2550 sieque

428 2567 684 2630 communionem
702 2566 848 2629 habuerit
867 2585 938 2629 cum
956 2567 1078 2630 Sanctis
1100 2587 1171 2629 san-

428 2674 562 2741 ctorum,
586 2685 621 2728 ao
647 2684 703 2747 per
728 2665 787 2728 hoc
814 2666 941 2729 nomino
970 2686 1007 2729 ac
1036 2666 1171 2747 dignita·

429 2764 468 2825 tis
495 2763 737 2846 participatione
763 2764 824 2825 luit
850 2764 932 2827 intra
963 2764 1075 2828 Sancta
1100 2785 1171 2827 san-

427 2872 561 2926 ctorum.

467 2966 509 3023 Et
531 2965 668 3023 adolebit
692 2965 858 3024 incensum
879 2985 974 3041 super
996 2985 1028 3023 eo
1045 2968 1168 3042 Aaron,

1225 1972 1387 2049 lationem,
1412 1971 1601 2052 intelligitur
1623 1970 1797 2033 immolatio
1820 1969 1902 2033 iacta
1924 1971 1968 2033 dc

1225 2070 1319 2133 rebus
1335 2090 1399 2133 non
1416 2070 1593 2135 virentibus
1613 2090 1649 2132 ac
1669 2068 1787 2144 aridis3
1804 2088 1859 2151 per
1874 2070 1970 2133 ricti-

1224 2189 1320 2247 mam‚
1339 2170 1514 2233 immolatio
1531 2170 1570 2232 de
1584 2168 1796 2243 animalibus;
1816 2188 1871 2250 per
1885 2169 1969 2232 liba-

1224 2288 1310 2346 men,
1336 2269 1512 2331 immolatio
1537 2268 1621 2330 lacta
1645 2268 1684 2330 de
1709 2267 1849 2330 materiis
1871 2267 1968 2349 liqui-

1224 2368 1284 2430 dis.
1302 2369 1410 2449 ltaquc
1431 2367 1556 2428 nullum
1576 2368 1690 2429 horum
1710 2366 1800 2429 licuit
1819 2366 1851 2429 in
1871 2366 1966 2429 altari

1225 2467 1347 2529 incensi
1370 2466 1494 2543 ollerri,
1522 2468 1577 2529 scd
1603 2467 1642 2529 ad
1667 2466 1766 2530 altare
1789 2465 1967 2529 holocausti

1225 2566 1291 2628 hmc
1309 2566 1523 2648 pertinebant.

1258 2669 1301 2727 Et
1315 2667 1539 2743 deprecabitur
1549 2668 1660 2727 Aaron
1675 2686 1770 2743 super
1784 2686 1905 2725 cornua
1919 2669 1968 2726 al-

1226 2769 1307 2826 taris
1326 2771 1421 2826 sepiat
1438 2787 1498 2845 par
1517 2786 1643 2825 ararium
1663 2786 1674 2823 .·
1694 2764 1726 2826 id
1747 2772 1804 2841 est,
1822 2764 1968 2846 pontifex

1224 2863 1376 2926 cornibus
1397 2864 1506 2926 altaris
1529 2863 1707 2939 innitendo,
1728 2862 1890 2940 adstando,
1911 2873 1969 2925 aut

1225 2982 1259 3025 sc
1278 2963 1480 3045 applicando,
1498 2961 1602 3025 orabit
1617 2962 1714 3025 semel
1730 2962 1764 3023 in
1779 2980 1872 3038 anno,
1890 2972 1968 3045 puta

426 3082 523 3123 artace
538 3066 693 3141 sraprans
714 3084 725 3122 .·
746 3062 856 3138 idest,
877 3082 971 3145 super
992 3063 1090 3125 altare
1111 3064 1170 3127 hoc
1188 3072 1209 3135 (1
1226 3062 1258 3125 in
1284 3064 1337 3126 dic
1361 3062 1564 3145 expiationis,
1588 3082 1659 3144 quae
1683 3070 1732 3125 est
1756 3060 1878 3125 decima
1897 3063 1967 3127 dies

426 3161 528 3223 Aaron
553 3169 584 3223 et
609 3159 671 3221 lilii
696 3162 765 3241 ejus
789 3161 961 3241 thymiama
986 3162 1168 3240 incendent,

427 3260 511 3341 quod
533 3259 672 3321 suaviter
692 3260 858 3337 redolebit,
876 3269 910 3322 ut
932 3260 1016 3323 intra
1036 3262 1167 3343 patebit.

427 3359 498 3421 Fuit
519 3358 637 3439 quippo
660 3378 697 3419 cx
718 3359 884 3440 speciebus
904 3361 1085 3423 aromaticis
1106 3362 1171 3423 val-

428 3460 467 3520 de
488 3457 637 3519 suavibus
658 3456 838 3520 corilectum
859 3467 890 3521 ot
909 3460 1054 3521 mixtum.
1074 3464 1171 3523 Mane

427 3560 556 3636 perarida
567 3567 729 3634 corrrponet
740 3562 898 3630 lrrcerrras,
908 3562 1055 3621 incendet
1072 3562 1167 3621 illud.

281 3662 411 3767 gebun
428 3655 465 3716 Ut
481 3655 566 3717 enirn
583 3655 615 3716 in
633 3655 828 3737 expositione
843 3657 985 3720 vicesimi
1001 3658 1107 3741 quinti
1122 3679 1171 3722 ea-

428 3753 520 3834 pituli
541 3754 653 3835 patuit,
672 3754 705 3815 in
726 3754 928 3819 tabernaculo
945 3757 1006 3819 luit
1025 3758 1171 3820 candela-

427 3851 531 3929 brum,
554 3872 648 3934 supra
671 3855 754 3935 quod
777 3864 866 3917 erant
888 3864 1009 3938 septem
1032 3855 1169 3919 lucerna

426 3969 482 4013 sou
499 3950 750 4033 lampadesque
766 3972 877 4016 omnes
892 3956 1045 4017 ardebant
1061 3956 1101 4018 de
1117 3975 1170 4019 no·

425 4050 578 4113 ctellano
594 4069 668 4113 vero
684 4060 819 4131 quatuor
835 4053 1128 4135 exstinguebantur,
1139 4063 1170 4117 et

425 4155 500 4210 tuno
521 4148 694 4230 thymiama
714 4150 953 4213 incendebatur.
976 4155 1168 4233 Ecquando

1226 3161 1431 3244 Septembris,
1441 3182 1499 3243 pro
1514 3162 1647 3244 populo;
1660 3164 1696 3221 ira
1711 3163 1870 3238 sanquine
1884 3162 1965 3242 ejus,

1225 3267 1310 3342 quad
1326 3265 1468 3323 oblatam
1483 3272 1527 3321 cst
1538 3282 1601 3338 pro
1612 3271 1739 3338 peccato
1755 3282 1766 3319 .·
1783 3260 1814 3322 id
1829 3269 1888 3336 est,
1901 3279 1969 3323 cor-

1226 3381 1289 3423 nua
1304 3360 1414 3423 altaris
1430 3360 1552 3423 incensi
1569 3360 1720 3439 tingendo
1736 3359 1889 3439 sanguine
1904 3359 1968 3422 hir-

1225 3460 1254 3523 ci
1274 3480 1310 3523 ae
1332 3460 1435 3535 rituli,
1458 3459 1514 3540 qui
1535 3466 1611 3521 tunc
1630 3476 1688 3539 pro
1708 3466 1836 3539 peccato
1856 3459 1968 3540 populi

1225 3559 1415 3622 offerentur.
1425 3561 1468 3619 Et
1480 3559 1624 3635 placabit
1638 3577 1775 3635 srtpcrco
1791 3559 1826 3617 iu
1837 3579 1969 3636 panera-

1227 3661 1366 3719 tiouibas
1382 3660 1503 3729 cestris,
1521 3656 1552 3718 id
1573 3664 1632 3732 est,
1650 3656 1710 3717 isla
1724 3657 1845 3737 agendo
1861 3675 1970 3720 recon-

1225 3755 1347 3819 ciliabit
1367 3756 1457 3820 vobis
1477 3755 1587 3817 Deum.
1609 3758 1766 3816 Soractem
1784 3765 1970 3816 sanctonum

1223 3858 1286 3917 erit
1306 3857 1444 3916 Domina
1461 3876 1472 3913 .·
1489 3854 1520 3915 id
1540 3862 1598 3931 est,
1621 3852 1721 3916 altare
1741 3852 1825 3915 istud
1845 3853 1968 3917 incensi

1224 3974 1281 4017 seu
1297 3953 1492 4017 sacrificium
1513 3954 1583 4035 ejus
1603 3952 1664 4014 erit
1684 3952 1777 4015 valde
1797 3961 1967 4029 sacratum,

1222 4054 1312 4135 juxta
1328 4072 1467 4129 sensum,
1486 4070 1550 4135 quo
1571 4052 1604 4112 in
1621 4050 1811 4133 praecedenti
1827 4052 1969 4133 capitulo

1223 4153 1321 4215 altaro
1341 4151 1529 4228 holocausti,
1547 4159 1691 4213 sanctum
1712 4160 1893 4213 sanctorum
1915 4170 1968 4215 ro

424 4250 587 4307 collocabit
598 4269 650 4307 eas
660 4252 704 4307 art
716 4250 981 4327 cesper·une.Tunc
997 4252 1083 4313 enim
1095 4273 1168 4334 qua·
1184 4260 1208 4321 D
1223 4261 1328 4314 catum
1345 4260 1403 4314 est.
1421 4251 1508 4325 Quod
1530 4259 1634 4312 tamen
1655 4249 1730 4312 huic¹
1745 4248 1837 4311 altari
1852 4268 1968 4314 conve·

423 4352 495 4408 tuor
506 4343 568 4407 illm
584 4344 720 4409 lucernae
736 4366 844 4408 rursus
860 4350 1125 4429 accendebantur,
1136 4361 1168 4414 et

423 4444 466 4505 ita
483 4442 627 4525 pontifex
643 4464 695 4507 eas
712 4444 880 4527 disposuit,
898 4456 929 4509 et
949 4450 1094 4511 accendit
1110 4470 1167 4532 per

422 4562 455 4605 sc
476 4550 530 4603 aut
546 4561 602 4624 per
618 4542 785 4606 interiores
806 4543 970 4609 ministros
988 4563 995 4607 :
1015 4555 1100 4624 tunc,
1118 4548 1167 4609 in-

420 4640 502 4723 quit,
521 4652 591 4702 erret
609 4642 790 4719 tbymiama
809 4646 1039 4723 sempiternum
1057 4667 1165 4708 coram

420 4742 558 4801 Douu'no
576 4743 610 4800 iu
623 4744 843 4817 praecationes
862 4754 994 4813 cestrae,
1009 4744 1040 4805 id
1056 4753 1104 4807 est
1117 4746 1165 4826 ju·

418 4838 501 4918 giler
522 4837 724 4901 alterandum
750 4858 807 4921 per
830 4841 1046 4904 successiones
1068 4844 1164 4907 lsrae

420 4938 558 5015 litorum,
577 4938 710 5000 durante
728 4938 920 5001 Testamenti
940 4941 1057 5003 veteris
1079 4950 1163 5005 statu

418 5044 449 5098 et
470 5056 574 5097 cursu.
593 5036 745 5118 Denique,
764 5037 937 5099 seeundum
955 5039 1107 5102 Thomam
1128 5043 1162 5103 in

418 5133 521 5216 prima
544 5134 699 5210 secundae,
724 5133 870 5197 litteralis
896 5137 975 5199 ratio
997 5138 1093 5220 hujus
1116 5140 1162 5202 in·

337 5222 344 5237 '
417 5233 505 5296 censi
530 5232 601 5309 luit,
619 5240 775 5314 quatenus
799 5233 832 5295 in
855 5234 1058 5301 tabernaculo
1077 5250 1160 5303 esset

416 5333 494 5395 odor
516 5331 623 5394 suauis
648 5340 758 5395 eontra
782 5333 911 5397 odorem
937 5354 998 5398 non
1026 5337 1156 5415 bonum,

1223 4351 1270 4412 nit
1290 4350 1391 4430 magis
1412 4370 1507 4431 quam
1523 4349 1582 4426 illi,
1600 4348 1750 4429 quoniam
1772 4348 1913 4411 sanctius
1933 4350 1966 4411 in

1222 4450 1427 4512 tabernaculo
1443 4448 1515 4511 luit.
1534 4449 1618 4510 lstud
1634 4456 1740 4510 autem
1761 4448 1794 4510 in
1814 4448 1966 4510 cornibus

1220 4549 1317 4630 hujus
1332 4548 1441 4611 altaris
1456 4548 1569 4628 agebat
1579 4566 1723 4609 summus
1738 4548 1883 4610 sacerdos
1894 4555 1966 4629 post

1219 4666 1381 4728 egressum
1403 4667 1495 4709 suum
1517 4666 1554 4709 ex
1571 4645 1694 4708 Sanctis
1715 4654 1908 4724 sanctorum,
1930 4655 1966 4710 ut
1980 4655 2122 4708 tec-svcce-

1220 4746 1253 4809 in
1269 4746 1411 4809 Levitico
1427 4746 1589 4809 scribitur.

1256 4849 1458 4924 baculusque
1473 4856 1517 4905 est
1532 4844 1692 4906 Dominus
1707 4847 1751 4905 ad
1764 4846 1966 4922 Amymnai-

1216 4965 1288 5005 carra
1308 4965 1319 5003 .·
1341 4947 1477 5013 orcanae
1499 4946 1612 5005 tuleris
1637 4964 1798 5004 summam
1817 4944 1965 5020 fitiorum

1215 5048 1329 5116 Israel,
1348 5044 1379 5106 id
1402 5054 1461 5121 est,
1479 5044 1688 5107 determinate
1709 5043 1790 5105 scire
1811 5043 1962 5120 volueris,

1216 5152 1294 5223 quot
1310 5144 1374 5205 sint
1390 5143 1451 5205 viri
1468 5143 1501 5205 in
1518 5141 1637 5225 populo
1654 5142 1837 5220 israelitico,
1855 5151 1886 5205 et
1907 5162 1965 5204 nu-

1215 5261 1338 5304 merum
1365 5241 1454 5303 illum
1477 5240 1638 5323 acceperis
1652 5266 1659 5316 ;
1670 5243 1775 5319 juncia
1791 5262 1964 5302 rarrrncruna

1213 5342 1472 5418 ‹Iabrrutsinpuli
1483 5342 1627 5418 pretium
1639 5360 1700 5417 pro
1713 5339 1886 5401 aru‘mabus
1895 5341 1963 5400 suis
