4309 6259
554 532 727 579 numanus
749 532 779 577 m
801 532 869 579 mr.
885 532 966 595 ¹,xum
987 531 1089 579 avom.
1111 550 1151 562 —
1171 531 1242 577 aar.
1265 530 1347 577 xnvn
1680 509 1723 573 ll¹

171 704 336 765 &minus
351 707 512 766 vobiscum
521 724 618 783 super
632 708 756 767 eunctis
769 707 923 768 sermoni·
936 704 962 766 Α
977 705 1148 787 puritatem
1162 713 1194 767 et
1208 701 1470 785 tranquillitatem
1486 700 1542 763 liei
1557 700 1590 762 in
1606 708 1738 763 semet.

173 804 231 863 bus
251 805 314 875 lais,
333 802 365 866 id
386 812 435 867 est
456 804 495 867 de
520 804 670 868 omnibus
695 804 802 868 verbis
827 812 922 886 atque
977 804 1065 887 ipso;
1084 805 1235 881 secundo,
1252 803 1291 865 ad
1307 802 1506 864 innuendum
1521 800 1606 881 quod
1622 817 1721 881 popu·

174 900 356 983 praeceptis,
383 922 455 984 quae
480 902 571 965 vobis
596 922 634 967 ex
658 902 822 967 volumine
846 903 919 985 legi.
976 902 1026 964 lus
1040 903 1140 966 Deum
1155 902 1275 978 colens,
1292 900 1405 963 debeat
1419 918 1484 981 praa
1499 897 1613 961 celeris
1628 897 1721 960 clari-

173 998 303 1062 Eteuim
320 1000 454 1082 sanguis
475 1000 529 1064 ille
550 999 613 1063 luit
632 1000 758 1081 signum
775 1000 854 1083 legis
875 1020 923 1064 re
977 1010 1040 1065 tate
1055 1000 1210 1064 virtutum
1221 1000 1436 1082 splendere‚ct
1446 996 1719 1063 conversationem

173 1107 275 1180 cepte
286 1119 304 1161 a
316 1099 493 1182 populo,ac
504 1098 577 1162 initi
589 1100 718 1163 loederis
730 1101 813 1164 inter
823 1102 920 1163 Deum
976 1101 1010 1163 in
1026 1100 1107 1164 coelo
1122 1100 1250 1163 habere.

173 1205 206 1260 et
221 1196 357 1279 plebem.
368 1198 506 1281 Populus
517 1198 603 1261 enim
614 1199 763 1281 promisit
775 1218 808 1262 se
818 1200 923 1263 Domi·
1018 1203 1085 1261 Nec
1103 1220 1200 1277 super
1213 1219 1263 1259 eos
1277 1200 1336 1279 qui
1348 1202 1462 1276 procul
1477 1205 1667 1257 recesserant
1680 1199 1720 1255 de

175 1316 218 1359 no
237 1297 433 1360 serviturum
451 1316 486 1359 ac
505 1296 727 1374 obediturum;
744 1299 826 1361 Deus
847 1318 922 1363 vero
976 1301 1058 1378 filiis
1072 1301 1188 1371 Israel,
1197 1300 1287 1359 misit
1302 1317 1438 1358 manum
1452 1317 1558 1357 suam.
1574 1295 1632 1357 Per
1646 1293 1719 1355 mis-

173 1395 324 1477 promisit
340 1395 471 1478 populo,
489 1395 515 1458 si
531 1396 591 1459 hoc
611 1396 770 1478 impleret,
787 1397 921 1478 gratiam
977 1398 1100 1461 sionem
1116 1417 1231 1459 manus
1250 1395 1376 1459 Domini
1397 1414 1492 1477 super
1513 1413 1718 1476 quemquam,

173 1514 278 1570 suam,
300 1494 466 1575 multaque
486 1494 570 1558 bana
591 1496 781 1577 praecedenti
803 1497 923 1579 capitu·
977 1497 1162 1576 designatur
1183 1495 1242 1559 boc
1268 1495 1338 1558 loco
1362 1492 1542 1570 occultatio,
1560 1511 1624 1574 qua
1638 1492 1720 1554 Deus

174 1593 205 1656 lo
224 1592 356 1675 scripta.
373 1591 453 1655 Hinc
474 1600 505 1655 et
525 1592 576 1656 lex
597 1602 726 1657 vocatur
747 1593 851 1659 loedus
867 1615 922 1659 seu
976 1594 1072 1659 alicui
1093 1612 1128 1659 se
1152 1593 1328 1670 abscondit,
1355 1612 1410 1656 seu
1436 1610 1499 1655 non
1524 1589 1718 1667 manifestat,

173 1700 317 1774 pactum,
334 1690 410 1772 quia
427 1690 461 1753 iu
477 1710 514 1754 ea
529 1690 711 1755 continetur
727 1692 788 1756 hoc
805 1692 920 1773 loedus,
977 1695 1020 1757 ita
1035 1696 1121 1775 quod
1137 1692 1248 1756 missio
1263 1711 1375 1755 manus
1389 1691 1470 1774 ejus,
1487 1699 1536 1754 est
1549 1689 1641 1770 quasi
1657 1707 1722 1752 me

172 1800 270 1872 atque
286 1809 344 1872 per
354 1790 516 1853 dationem
528 1810 565 1853 aa
578 1791 812 1874 susceptionem
826 1792 921 1877 [ejus]
977 1793 1065 1857 dium
1088 1792 1249 1874 quoddam
1273 1782 1436 1854 occultans
1457 1807 1557 1851 unum
1581 1788 1621 1852 ab
1644 1787 1717 1851 alio.

173 1908 363 1973 percussum
390 1908 445 1953 seu
472 1888 589 1952 initum
614 1899 663 1953 est
692 1891 752 1955 hoc
781 1900 919 1974 pactum.
939 1892 1065 1955 BUnde
1080 1889 1166 1953 inira
1179 1890 1333 1955 Dominus
1348 1887 1721 1970 loquiturlloysimatau·

175 1989 318 2071 Denique
343 2008 400 2071 per
425 1988 591 2070 sanguinis
616 1988 854 2072 adspersiouem
870 1992 923 2054 de·
977 1990 1101 2054 sionem
1126 1989 1228 2052 divini
1254 1989 1361 2053 vultus
1385 1986 1531 2069 petenti:
1555 1986 1721 2067 Quumque
1766 2002 1841 2047 aaa.

173 2087 373 2169 signabatur,
396 2088 482 2170 quod
505 2088 635 2169 sanguis
657 2087 846 2153 violantium
868 2109 923 2172 pa·
977 2088 1127 2152 transibit
1141 2087 1243 2168 gloria
1257 2106 1336 2163 mea,
1349 2084 1721 2169 ponamtcinloramine
1734 2081 1805 2173 ἔξω
1827 2067 1861 2116 ΞΞ

172 2195 260 2251 ctum
292 2186 371 2263 hoc,
402 2205 457 2250 seu
487 2187 789 2269 transgredientium
819 2188 921 2270 legem
977 2196 1085 2271 petra,
1103 2195 1134 2249 et
1153 2194 1317 2269 protegam
1338 2193 1368 2248 te
1387 2185 1516 2248 dextera
1536 2204 1606 2247 mea
1620 2185 1720 2247 donee

174 2285 240 2363 Dei,
250 2294 337 2349 esset
352 2284 546 2348 fundendus.
560 2286 649 2349 Unde
663 2286 701 2349 ad
717 2287 863 2351 Hebraeos
878 2288 923 2350 ait
977 2296 1136 2350 transeam
1149 2309 1157 2359 ;
1175 2284 1348 2366 tollamque
1363 2302 1492 2347 menum
1508 2292 1663 2359 meam,et
1677 2283 1722 2347 vi·

42 2402 159 2454 masas.
173 2384 366 2467 Apostolus:
380 2382 502 2446 lrritam
518 2385 591 2465 quis
608 2383 729 2449 iaciens
744 2384 846 2467 legem
854 2386 921 2464 Dei,
977 2385 1067 2449 debis
1088 2383 1264 2468 posteriora
1279 2402 1360 2460 mea,
1373 2391 1433 2446 etc.
1452 2381 1566 2463 Sicque
1581 2381 1722 2463 loquitur

174 2481 245 2545 sine
261 2481 328 2543 ulla
341 2480 596 2557 contradictione
612 2481 735 2545 duobus
750 2492 805 2545 aut
820 2483 923 2547 tribus
978 2484 1141 2566 Scriptura
1165 2483 1204 2546 de
1228 2483 1302 2560 Deo,
1330 2482 1422 2564 quasi
1444 2481 1483 2545 de
1507 2480 1649 2557 homine,
1665 2479 1722 2562 qui

176 2580 312 2643 testibus
328 2580 474 2643 moritur.
977 2584 1053 2646 dum
1069 2582 1138 2645 vult
1152 2581 1248 2645 alicui
1264 2601 1299 2646 se
1312 2589 1368 2644 aut
1382 2580 1481 2644 alium
1491 2580 1662 2657 occultare,
1671 2597 1724 2662 po-

213 2682 502 2759 Aseenderuntque
525 2682 649 2757 Moyses
665 2690 694 2741 et
714 2683 839 2752 Aaron,
857 2685 923 2744 Na·
978 2682 1026 2743 nit
1041 2700 1171 2745 manum
1187 2700 1276 2744 suam
1293 2699 1388 2762 super
1403 2678 1517 2743 oculos·
1537 2678 1635 2740 illius.
1652 2678 1725 2740 Por-

172 2782 236 2841 dab
252 2790 282 2839 et
298 2780 401 2849 Abiu,
416 2787 445 2839 et
464 2780 671 2856 septuaginta
685 2783 726 2839 de
745 2780 924 2841 senior-ibus
979 2799 1024 2857 ro,
1042 2799 1099 2863 per
1114 2798 1168 2843 eos
1183 2777 1239 2860 qui
1255 2781 1294 2841 de
1311 2777 1390 2840 liliis
1411 2777 1505 2842 lsrael
1527 2785 1725 2840 recesserant

172 2881 405 2958 Israet,usque
420 2876 459 2939 ad
476 2875 630 2940 terminos
645 2877 763 2940 montis
778 2876 876 2955 Sinai,
888 2887 924 2940 ut
979 2878 1100 2961 procul,
1118 2876 1309 2957 intelligitur
1331 2876 1468 2959 populus
1489 2875 1545 2957 qui
1571 2877 1724 2940 remansit

174 2976 296 3039 dictum
314 2976 412 3039 estin
428 2974 589 3057 principio
605 2975 813 3057 expositionis
828 2976 924 3058 huJ'us
979 2976 1012 3038 in
1028 2976 1210 3052 castris,vel
1225 2976 1337 3039 saltem
1349 2994 1413 3039 non
1429 2975 1640 3038 ascenderunt
1650 2995 1722 3037 cum

174 3074 319 3157 capituli,
337 3085 368 3136 et
391 3076 546 3135 viderunt
570 3078 673 3135 Deum
699 3076 812 3137 Israel.
834 3074 961 3141 ExteC
979 3075 1082 3157 Moyse
1097 3082 1128 3138 et
1143 3075 1246 3137 Aaron
1270 3093 1371 3155 usque
1393 3074 1432 3136 ad
1448 3073 1568 3136 radices
1590 3074 1720 3137 montis.

174 3173 251 3237 riori
267 3173 355 3236 euim
367 3172 439 3235 visu
454 3172 794 3250 videruntbeurmnon
810 3173 843 3235 in
859 3193 925 3237 suaa
978 3174 1033 3235 Est
1059 3174 1167 3254 itaque
1192 3192 1304 3235 sensus
1321 3190 1328 3232 :
1346 3172 1408 3235 Nec
1434 3190 1530 3253 super
1554 3191 1620 3249 eos,
1646 3182 1720 3251 etc,

176 3270 353 3335 invisibilis
378 3280 410 3333 et
435 3270 772 3351 incomprehensibilis
796 3271 924 3336 deitatis
979 3273 1060 3339 Deus
1076 3290 1141 3335 uon
1156 3269 1330 3335 occultavit
1348 3289 1382 3333 se
1401 3269 1529 3352 penitus
1548 3290 1566 3333 a
1587 3270 1665 3334 liliis
1681 3272 1723 3335 ls-

176 3379 301 3447 natura,
328 3370 384 3432 sed
411 3369 445 3430 in
471 3368 574 3432 forma
599 3370 736 3451 quadam
762 3378 925 3453 assumpta
980 3371 1055 3449 rael,
1074 3369 1130 3452 qui
1153 3370 1246 3449 longe
1271 3368 1419 3431 abierunt
1441 3374 1473 3431 et
1497 3378 1684 3433 manserunt
1704 3390 1723 3433 a

175 3488 230 3533 seu
246 3469 389 3531 humana
406 3466 538 3547 elligie:
555 3470 640 3549 quod
661 3476 761 3532 totum
783 3467 925 3531 ministe-
980 3468 1149 3546 montana
1159 3468 1244 3550 quod
1254 3476 1286 3531 et
1298 3467 1359 3549 ipsi
1366 3468 1515 3531 viderunt
1525 3470 1722 3550 maiestatem

175 3567 222 3631 rio
236 3566 344 3647 angeli
362 3565 396 3629 in
411 3566 467 3630 liei
487 3586 623 3648 persona
642 3567 836 3649 apparentis,
858 3586 925 3630 cre
979 3569 1034 3631 liei
1050 3568 1085 3630 in
1101 3566 1234 3650 prealato
1249 3568 1318 3647 ejus
1334 3565 1455 3629 ellectu
1471 3587 1526 3631 seu
1541 3566 1724 3631 similitudi-

174 3667 262 3729 ditur
287 3665 420 3729 lactum.
446 3666 497 3729 Sic
522 3674 629 3729 autem
651 3667 750 3729 licum
773 3666 921 3743 videndo,
979 3688 1019 3731 ne
1044 3665 1241 3750 sapphirina,
1264 3666 1315 3730 vel
1337 3665 1401 3729 alio
1425 3666 1532 3730 modo.
1553 3669 1724 3729 Viderunt-

175 3765 327 3829 videruut
342 3784 416 3828 eum
433 3764 577 3828 interiori
592 3764 718 3829 visione
738 3784 795 3847 per
808 3765 924 3846 gratio·
978 3787 1039 3846 que
1053 3770 1158 3828 Deum
1173 3765 1348 3828 secundum
1371 3766 1501 3828 modum
1524 3766 1722 3847 predictum,

175 3884 241 3927 sam
259 3862 530 3927 illuminationem
545 3871 577 3926 et
592 3862 702 3941 iidem,
715 3863 923 3927 clarificatam
978 3864 1096 3927 elarius
1121 3872 1227 3926 tamen
1243 3863 1362 3946 Moyses
1382 3871 1414 3926 et
1437 3864 1625 3927 exsistentes
1649 3883 1723 3927 curn

175 3963 376 4045 maJestatem
393 3960 495 4043 ipsius
511 3961 693 4042 aliqualiter
708 3962 925 4043 contemplari·
979 3964 1060 4045 ipso,
1078 3982 1174 4044 quam
1190 3963 1329 4045 populus
1344 3963 1384 4025 de
1399 3962 1494 4043 longe
1509 3982 1653 4027 manens.
1670 3964 1725 4026 Ta·

175 4062 225 4126 do.
244 4065 288 4124 Et
306 4062 366 4121 sub
380 4060 680 4139 pedissequam
700 4080 763 4142 quo
785 4060 922 4137 elicitur,
979 4081 1052 4125 men
1077 4071 1115 4125 ut
1139 4060 1251 4140 fertur,
1268 4061 1391 4125 Hebraei
1413 4061 1524 4125 dicunt
1547 4062 1630 4126 hanc
1654 4065 1723 4125 esso

174 4160 259 4243 quod
274 4159 308 4221 in
324 4159 429 4222 forma
444 4158 584 4222 bumana
598 4160 755 4242 apparuit,
765 4160 805 4222 ad
820 4159 924 4242 praeli·
979 4159 1119 4224 litteram
1134 4180 1241 4226 veram
1260 4177 1267 4222 :
1284 4161 1347 4224 Nec
1363 4178 1458 4242 super
1474 4160 1620 4224 dominos
1636 4160 1724 4224 lilio·

175 4258 357 4339 gurandum
373 4258 459 4339 quod
475 4258 571 4321 homo
587 4256 715 4321 futurus
730 4267 807 4322 erat.
817 4259 924 4340 ltaque
939 4265 964 4327 li
979 4277 1048 4321 rum
1059 4258 1154 4322 lsrael
1169 4258 1258 4321 misit
1271 4278 1401 4322 manum
1417 4260 1558 4335 suam,id
1575 4261 1724 4336 est,lleus

176 4356 235 4420 sub
250 4354 389 4440 pedibus
406 4356 477 4437 ejus
500 4356 648 4438 apparuit
663 4359 759 4435 quasi
780 4377 859 4435 opus
880 4362 924 4418 ta·
979 4376 1043 4420 nou
1063 4356 1232 4421 abscondit
1251 4377 1284 4420 se
1305 4379 1324 4421 a
1345 4357 1546 4441 principibus
1569 4358 1721 4422 tribuum.

171 4459 261 4535 pidia
285 4442 487 4533 sapphirini,
512 4454 544 4516 id
568 4462 617 4517 est
638 4454 816 4518 similitude
840 4475 926 4537 quae-
979 4456 1095 4538 Sisque
1109 4456 1504 4539 populusllomiuumnou
1519 4456 1722 4533 vidissatsed

175 4556 247 4618 dam
264 4552 421 4637 sapphiri,
431 4572 503 4634 quaa
519 4560 568 4615 est
582 4552 722 4616 ooelestis
737 4554 864 4617 coloris.
881 4555 925 4618 ld·
979 4554 1142 4638 principes
1164 4554 1278 4637 plebis.
1301 4560 1344 4618 Et
1362 4560 1567 4617 comederunt
1587 4576 1625 4616 ac
1645 4558 1724 4616 bibe-

176 4654 260 4717 circo
277 4652 483 4733 subjungitur
501 4662 554 4714 :et
573 4654 669 4731 quasi
687 4656 803 4713 eoelum
822 4673 924 4733 quum
979 4663 1069 4726 rent,
1096 4653 1129 4715 id
1154 4662 1212 4731 est,
1238 4672 1311 4715 cum
1337 4653 1496 4735 spirituali
1525 4655 1724 4735 jucunditate

175 4772 323 4814 menum
339 4761 395 4813 est.
413 4750 500 4813 Hanc
515 4750 758 4814 similitudinem
775 4750 925 4814 formavit
979 4751 1192 4833 epulabantur
1206 4759 1278 4833 post
1293 4750 1449 4815 visionem
1465 4760 1528 4814 tam
1540 4752 1722 4833 gratiosam,

178 4851 210 4913 iu
225 4869 299 4915 aere
321 4848 472 4932 angelus3
489 4859 521 4913 et
545 4858 613 4913 erat
635 4849 726 4931 quasi
750 4849 924 4914 scabellum
979 4849 1145 4913 exhilarati
1171 4850 1210 4912 de
1231 4869 1278 4927 ea,
1296 4848 1373 4931 quia
1397 4869 1461 4914 non
1483 4858 1550 4915 erat
1572 4851 1724 4914 terribilis

177 4950 235 5013 sub
260 4948 398 5033 pedibus
423 4948 619 5031 apparentis,
643 4948 764 5011 habens
788 4948 925 5013 coelilor-
980 4957 1015 5011 ut
1033 4948 1100 5025 illa,
1123 4967 1187 5029 qua
1209 4948 1357 5012 viderunt
1378 4958 1411 5011 et
1430 4949 1601 5013 audierunt
1625 4952 1724 5015 Deum

178 5068 259 5113 mem
280 5047 460 5111 claritatem
483 5055 514 5110 et
537 5046 760 5129 sapphirinum
785 5048 924 5111 colorem
980 5050 1020 5111 de
1041 5048 1147 5111 medio
1163 5046 1257 5129 ignis.
1280 5047 1370 5111 Unde
1390 5067 1447 5130 per
1465 5049 1623 5114 visionem
1643 5050 1725 5113 hanc

179 5148 340 5212 coelestem
355 5171 362 5221 3
380 5144 615 5228 videbaturque
630 5166 667 5209 ex
690 5147 840 5229 sapphiro
855 5166 926 5229 per·
981 5147 1116 5211 hilarem
1146 5148 1227 5210 Deus
1257 5147 1458 5224 monstravit,
1475 5167 1569 5229 quam
1600 5158 1724 5231 gratum

178 5256 254 5308 acta.
271 5245 390 5309 Habuit
411 5252 517 5308 autem
539 5244 724 5327 hujusmodi
749 5245 924 5310 claritatem
980 5247 1102 5311 exstitit
1117 5246 1179 5310 sibi
1195 5244 1281 5327 quod
1296 5244 1358 5308 lilii
1378 5245 1472 5309 lsrael
1494 5247 1595 5327 legem
1611 5247 1658 5311 sic
1678 5268 1725 5310 rc·

177 5352 270 5427 atque
288 5344 431 5409 colorem
449 5361 456 5406 :
475 5342 591 5426 primo,
613 5344 653 5406 ad
674 5343 924 5425 significandum
979 5353 1144 5429 ceperunt,
1162 5353 1194 5408 et
1208 5342 1338 5408 obedire
1354 5352 1430 5407 sunt
1444 5344 1541 5427 pacti.
