4309 6259
745 507 920 556 &annoanlo
942 509 972 554 tt
994 510 1062 556 GAP·
1086 509 1139 556 xtt
1159 508 1356 556 numeneus.
1380 529 1420 540 -·-
1440 509 1512 556 ART.
1535 508 1609 555 ml

930 921 1255 1009 ARTICULUS
1293 922 1433 1008 XXIV

486 1195 678 1242 axetnnntto
700 1196 874 1242 almannus
896 1197 1032 1243 GAPlTULl
1053 1195 1268 1251 donantnootut
1290 1197 1297 1240 :
1321 1196 1422 1243 lottutt
1444 1197 1632 1244 VOCIFERANS
1653 1197 1744 1243 DllNlS
1765 1197 1876 1243 wasa.

470 1471 733 1536 onttnttarttn
758 1475 817 1538 hoc
848 1475 918 1538 loco
947 1474 1091 1553 historia,
1117 1475 1151 1536 in
1169 1479 1307 1559 Agnum
1332 1481 1465 1541 extremi
1490 1480 1540 1542 sui
1565 1480 1694 1558 doloris,
1710 1491 1741 1541 et
1762 1484 1808 1541 od
1827 1501 1956 1541 omnem

479 1569 546 1634 line
560 1573 769 1653 ptaeoedenlis
780 1573 911 1655 capituli
927 1573 1153 1650 inchoalani-
1209 1578 1457 1638 multitudinem
1474 1582 1573 1639 locuti
1585 1589 1662 1639 surrt
1677 1597 1688 1639 .'
1703 1581 1812 1641 Nolito
1826 1581 1956 1638 rebelles

411 1679 467 1730 tur
482 1673 663 1748 noer'feruns
673 1675 778 1733 omnis
794 1673 1057 1743 turbu,videlieel
1073 1672 1154 1733 mul·
1208 1695 1272 1734 esse
1285 1686 1398 1736 contra
1411 1678 1602 1746 Doncinzun,
1616 1676 1815 1757 desperando
1828 1677 1868 1738 de
1882 1677 1956 1756 ejus

410 1767 514 1831 titudo
539 1769 594 1832 illa
616 1769 739 1832 turbata
762 1779 792 1833 et
816 1770 951 1853 perlida,
969 1772 1008 1834 ad
1033 1771 1152 1833 malum
1210 1772 1387 1854 promissis,
1412 1783 1444 1836 et
1467 1773 1649 1855 abjiciendo
1671 1775 1795 1856 Moysen
1822 1774 1956 1837 vobisa

411 1866 615 1949 pronissime,
632 1871 722 1946 nonu
738 1880 825 1930 nocte
846 1873 918 1940 itta,
933 1889 971 1933 ex
987 1889 1074 1932 meru
1091 1889 1155 1934 tna·
1210 1870 1274 1933 Deo
1299 1871 1486 1953 praelatum3
1510 1894 1612 1952 neque
1635 1875 1774 1934 timeatis
1792 1876 1955 1950 populien

411 1964 500 2040 litim
524 1976 554 2026 et
574 1969 776 2027 ntnrmuruti
794 1978 870 2028 sunt
890 1977 1000 2028 contro
1021 1971 1154 2043 Moysen
1212 1978 1304 2030 terrm
1326 1971 1427 2047 liujus
1442 1992 1453 2031 .·
1469 1973 1548 2051 quio
1571 1974 1655 2032 sieut
1676 1991 1807 2048 ponem,
1832 1973 1879 2030 itu
1903 1991 1956 2031 eos

410 2074 439 2124 et
450 2067 561 2125 Aaron
577 2068 687 2125 cuncti
695 2067 762 2141 filit
778 2068 890 2136 Israel,
907 2064 1083 2146 praesertim
1099 2064 1153 2145 qui
1207 2088 1377 2144 possumus
1401 2072 1566 2140 deuorare,
1584 2069 1615 2130 id
1642 2077 1700 2146 est,
1727 2078 1791 2131 lam
1817 2068 1956 2131 faciliter

412 2163 570 2225 numerati
593 2162 735 2240 luerunt,
753 2162 845 2226 valde
867 2164 978 2246 paucis
1002 2162 1153 2244 exceptis,
1212 2182 1269 2247 per
1283 2165 1517 2247 Omnipotentis
1539 2167 1692 2229 auxilium
1715 2187 1883 2249 possumus
1898 2186 1955 2230 eos

413 2261 551 2341 demptis
580 2280 710 2343 quoquo
734 2260 925 2344 quibusdam
949 2262 1080 2338 Levitis,
1106 2263 1156 2321 ui·
1211 2281 1409 2342 consumere,
1427 2265 1509 2327 sieut
1523 2266 1735 2329 escam.Unde
1750 2264 1957 2348 Septuaginta

412 2369 514 2420 erutos
539 2378 576 2422 ex
602 2361 823 2442 desperatione
850 2381 856 2425 :
882 2362 1011 2422 Utinam
1036 2361 1157 2421 mortui
1213 2361 1456 2440 transtulerunt,
1473 2362 1627 2436 Quoniam
1642 2365 1733 2428 cibus
1756 2364 1847 2427 nobis
1866 2372 1954 2426 sunt.

412 2479 548 2520 essemus
570 2461 605 2519 in
622 2463 816 2537 ,egyptom
841 2480 904 2521 tton
926 2463 961 2521 in
984 2463 1043 2520 huc
1066 2468 1156 2519 vasta
1213 2463 1350 2522 Recessit
1379 2465 1419 2522 ub
1451 2465 1518 2522 illis
1543 2484 1635 2524 ontrte
1658 2466 1863 2541 proest'ditun.
1888 2463 1956 2525 lloo

412 2559 600 2628 solitudine,
624 2557 655 2619 id
681 2566 741 2634 est,
771 2559 891 2620 utinam
919 2577 1083 2641 nunquam
1112 2557 1158 2618 in·
1213 2559 1343 2639 quidam
1360 2561 1405 2622 sic
1420 2561 1549 2641 glossat,
1571 2562 1647 2642 quia
1662 2561 1780 2623 virtute
1795 2561 1904 2623 divina
1919 2561 1958 2622 ti-

415 2667 585 2719 trassemus
595 2657 678 2720 hane
694 2657 788 2720 latam
800 2666 831 2720 et
847 2676 994 2738 magnam
1005 2675 1157 2731 eremum,
1177 2665 1200 2726 Β
1214 2677 1303 2720 more
1318 2668 1409 2719 erant
1424 2661 1578 2740 percussi,
1592 2660 1636 2722 ita
1651 2661 1734 2740 quod
1752 2677 1814 2721 non
1832 2677 1958 2720 reman-

415 2775 473 2820 nec
489 2775 631 2819 essemus
652 2755 684 2817 in
707 2776 754 2832 ea,
773 2758 827 2818 scd
849 2755 955 2838 potius
976 2756 1008 2817 in
1025 2756 1158 2836 AEgypto

414 2873 556 2918 essemus
581 2853 737 2931 defuncti,
765 2854 814 2916 vel
842 2873 905 2918 non
931 2853 964 2915 in
990 2855 1048 2916 hac
1070 2861 1159 2914 vasta

415 2953 588 3016 solitudine
608 2971 750 3016 essemus
774 2952 932 3029 morituri,
950 2961 981 3015 ct
1002 2953 1159 3034 Jamque

415 3053 584 3116 dammodo
604 3051 721 3115 mortui
744 3071 782 3114 ex
804 3051 1025 3134 desperatione
1044 3069 1080 3112 ac
1108 3059 1159 3112 tre-

415 3151 479 3227 dio,
503 3151 719 3233 periculisque
745 3149 948 3212 instantibus.
967 3151 1085 3212 Tamen
1109 3149 1159 3227 (ut

415 3251 545 3330 dieitur)
561 3250 593 3311 in
606 3249 734 3312 Hebraeo
751 3249 896 3326 habetur,
913 3247 969 3312 tet
987 3249 1020 3310 in
1037 3248 1097 3310 hae
1112 3265 1159 3309 so

415 3349 552 3412 litudine
574 3347 689 3410 mortui
714 3367 866 3410 essemus.
883 3347 972 3410 Unde
994 3347 1159 3428 subjungi-

416 3456 468 3510 tur
495 3466 501 3510 :
525 3451 654 3510 Utinam
671 3467 852 3524 percamus,
879 3457 909 3506 ct
935 3467 998 3506 raon
1024 3449 1159 3506 indurat

417 3566 473 3608 nos
495 3547 652 3606 Dominus
678 3547 712 3605 in
739 3556 858 3606 terrore
883 3547 1042 3615 r'stotn,ne
1066 3549 1160 3604 eudo-

417 3667 488 3706 rnus
495 3647 619 3722 plodio,
629 3643 793 3706 moriendo
806 3652 935 3724 repente
951 3643 983 3704 in
1000 3643 1070 3705 loeo
1086 3642 1158 3717 isto,

417 3752 589 3825 antequam
618 3743 658 3805 ad
682 3741 827 3822 graviora
853 3741 1018 3803 veniamus
1049 3740 1160 3803 mortis

1214 2764 1298 2818 serat
1314 2757 1347 2818 in
1363 2757 1409 2819 eis
1424 2757 1594 2820 consilium
1610 2767 1641 2821 ct
1653 2757 1754 2820 virtus
1770 2757 1954 2819 resistendi:

1213 2855 1298 2935 quod
1323 2873 1386 2916 non
1410 2864 1542 2936 apparet
1563 2873 1702 2935 congrue
1721 2855 1853 2931 dietum,
1879 2854 1959 2935 quia

1215 2962 1249 3015 ut
1275 2952 1360 3015 inira
1385 2954 1419 3015 in
1444 2954 1506 3016 isto
1532 2955 1668 3018 habetur
1687 2955 1839 3036 capitulo,
1860 2953 1959 3035 paulo

1214 3060 1286 3132 post
1301 3051 1369 3114 dies
1392 3053 1470 3115 istos
1493 3053 1760 3134 impugnaverunt
1778 3062 1810 3115 et
1832 3071 1961 3134 supera-

1215 3159 1329 3213 verunt
1344 3151 1461 3214 multos
1477 3171 1515 3215 ex
1529 3153 1758 3215 lsrael.Verum
1775 3160 1823 3214 est
1837 3161 1956 3226 autem,

1214 3249 1299 3331 quod
1322 3249 1377 3311 diu
1399 3250 1557 3331 posthaec
1579 3249 1693 3313 occisis
1711 3251 1834 3312 duobus
1849 3249 1961 3312 Amor-

1214 3349 1371 3411 rhaeorum
1395 3349 1524 3429 regibus
1539 3350 1644 3412 Sehon
1666 3358 1696 3412 et
1716 3350 1771 3430 Dg,
1787 3347 1956 3411 Chananaei

1216 3444 1345 3509 luerunt
1364 3447 1477 3510 timore
1497 3447 1657 3529 prostrati,
1676 3466 1734 3510 nec
1754 3445 1904 3509 remansit
1922 3445 1957 3507 in
1975 3474 2134 3516 ammo,

1214 3546 1261 3608 eis
1283 3545 1452 3609 eonsilium
1475 3544 1706 3627 resistendique
1727 3545 1839 3620 virtus,
1858 3553 1889 3606 ut
1905 3545 1959 3606 lo-

1215 3663 1272 3706 sue
1291 3643 1454 3706 describit.
1472 3645 1527 3705 Est
1547 3644 1644 3724 igitur
1664 3663 1775 3705 sensus
1793 3661 1800 3704 :
1817 3642 1959 3704 Recessit

1215 3743 1255 3805 ab
1271 3741 1336 3804 illis
1351 3761 1446 3806 omne
1462 3741 1656 3824 presidium,
1674 3742 1706 3804 id
1726 3750 1784 3817 est,
1801 3741 1892 3803 nobis
1909 3738 1961 3801 in-

418 3840 586 3923 supplicio.
617 3844 732 3904 Noniae
759 3843 874 3900 turtius
902 3850 947 3900 cst
978 3841 1095 3900 renuti
1126 3841 1160 3900 ln
1177 3841 1199 3904 C
1217 3842 1418 3905 troeuntibus
1442 3841 1482 3903 ad
1508 3859 1572 3918 eos,
1600 3859 1673 3903 mox
1697 3841 1784 3903 omni
1815 3838 1961 3901 subsidio

417 3943 598 4018 AEquptum
608 3943 622 3999 ,θ
633 3938 735 4000 Miseri
748 3938 812 4014 isti,
823 3937 965 4001 omnium
978 3937 1161 3999 divinorum

418 4037 613 4100 mirabilium
634 4057 705 4118 quaa
723 4055 780 4119 pro
799 4037 845 4100 eis
862 4035 980 4099 lecerat
996 4036 1160 4112 Dominus,

418 4144 508 4199 erant
524 4135 736 4213 immemores,
749 4143 844 4216 atque
859 4135 898 4197 ad
915 4135 1074 4197 naturales
1090 4153 1163 4196 cau-

419 4255 470 4298 sas
499 4242 706 4315 respexerunt
736 4235 909 4296 dumtaxat.
936 4235 1163 4313 Dineruntqne

420 4339 502 4394 alter
517 4336 561 4393 ad
576 4337 714 4393 altinum
724 4353 735 4391 .·
746 4334 986 4394 Constituamus
1002 4333 1092 4392 nodis
1106 4334 1164 4391 du·

419 4441 533 4504 retract
543 4441 743 4492 reuertemur
759 4432 793 4490 in
804 4429 1029 4508 ,suppremo
1044 4439 1164 4510 quanta

420 4538 468 4592 ost
497 4529 698 4612 perversitas,
726 4528 808 4591 velle
839 4527 1020 4609 relinquere
1049 4528 1163 4589 ducem

421 4638 483 4692 tam
495 4637 639 4690 sanetum
648 4627 772 4708 Moysen
785 4647 875 4689 suum
890 4625 1163 4707 legiferumquem

421 4728 583 4791 sciuerunt
599 4726 660 4788 sibi
676 4746 695 4789 a
710 4728 772 4788 Deo
788 4745 858 4788 esse
875 4726 1038 4807 prelatum
1054 4729 1060 4785 ἱ

463 4829 529 4895 Quo
544 4827 669 4894 uttdito,
680 4829 802 4900 Moyses
812 4837 842 4885 et
853 4829 965 4886 Aaron
981 4827 1164 4885 recido-unt

419 4927 518 5002 proni
530 4927 562 4984 ln
577 4935 696 4984 terrem
705 4923 875 5003 :quoniam
893 4923 1068 4986 timuerunt
1086 4923 1164 4985 iram

1217 3950 1290 4004 suut
1314 3940 1461 4022 privandi
1484 3940 1591 4017 aDeo,
1609 3940 1660 4002 eui
1684 3939 1791 4001 nullus
1813 3936 1961 4000 resistcre

1218 4038 1312 4101 valet.
1330 4038 1384 4099 Est
1408 4036 1494 4100 enim
1520 4037 1715 4100 consuetudo
1740 4035 1900 4117 loquendi,
1925 4044 1964 4096 ut

1217 4138 1257 4200 de
1272 4156 1306 4199 re
1321 4136 1498 4200 certissime
1510 4135 1626 4213 lutura,
1644 4137 1810 4216 loquamur
1825 4152 1881 4216 per
1895 4152 1964 4197 mo

1218 4235 1294 4297 dum
1311 4233 1473 4317 preteriti.
1495 4234 1585 4297 Unde
1600 4233 1807 4315 Septuaginta
1822 4239 1964 4293 transtu-

1219 4334 1336 4408 lerunt,
1353 4333 1515 4395 Abscessit
1535 4332 1638 4395 abeis
1660 4340 1796 4412 tempus,
1814 4330 1872 4392 hoc
1896 4339 1960 4405 est,

1220 4431 1297 4492 finis
1323 4431 1542 4513 prosperitatis
1567 4448 1676 4493 eorum
1703 4431 1767 4511 jam
1794 4428 1899 4502 instat,
1929 4434 1963 4489 ot

1220 4539 1345 4611 tempus
1359 4529 1433 4590 vitas
1447 4547 1557 4591 eorum
1573 4545 1646 4590 mor
1660 4527 1859 4609 praecidetur.
1869 4524 1964 4588 Circa

1218 4628 1304 4710 quod
1322 4627 1462 4708 loquitur
1477 4626 1671 4706 Augustinus
1688 4642 1696 4686 t
1714 4624 1822 4706 lmpiis
1835 4624 1964 4686 occulta

1220 4725 1458 4808 dispensatione
1467 4725 1560 4786 datur
1576 4733 1702 4804 tempus
1717 4722 1854 4786 florendi
1865 4731 1964 4802 atque

1220 4823 1385 4903 regnandi,
1411 4823 1467 4885 sed
1495 4821 1649 4886 Dominus
1675 4822 1765 4902 juxta
1794 4819 1964 4900 sapientire

1220 4941 1284 4985 sue
1306 4923 1479 4996 decretum,
1499 4919 1598 4982 linem
1621 4918 1765 5000 imponit.
1786 4917 1865 4978 Hinc
1889 4917 1966 4978 sub

422 5021 476 5085 Dei
493 5021 611 5103 populo
627 5021 949 5102 superventuram,de
966 5030 1051 5084 tanto
1067 5040 1166 5104 popu·
1182 5023 1206 5084 D
1220 5020 1306 5083 ditur
1323 5039 1331 5083 :
1349 5020 1508 5079 Dominus
1530 5019 1690 5077 trobiseum
1712 5026 1768 5084 est,
1785 5017 1882 5075 nolite
1899 5035 1968 5074 mc-

423 5121 444 5184 li
463 5119 631 5201 iniquitate
647 5119 850 5182 veliementer
865 5120 1020 5184 dolentes.
1033 5125 1076 5182 At
1093 5143 1165 5182 uero
1221 5131 1321 5188 tuere,
1336 5118 1396 5180 ltoc
1418 5125 1477 5189 est,
1496 5125 1624 5198 paratus
1644 5123 1693 5176 cst
1713 5133 1770 5176 nos
1791 5113 1913 5194 juvare,
1932 5122 1969 5174 et

420 5223 516 5282 Josrrc
539 5227 568 5278 ct
595 5221 698 5290 Cotto,
718 5221 777 5299 qui
800 5230 829 5280 ct
856 5221 919 5298 ipe·
945 5223 1166 5280 lustraverunt
1221 5237 1279 5280 sua
1301 5215 1435 5298 implere
1457 5214 1625 5296 promissa,
1643 5212 1705 5274 nisi
1727 5211 1850 5274 obicem
1873 5210 1970 5273 indu·

424 5329 555 5388 onata,
580 5319 745 5378 set'rlerunt
772 5321 958 5380 destituente
982 5339 1042 5378 suo
1066 5317 1100 5379 in
1125 5316 1167 5380 si·
1221 5333 1341 5378 eamus
