4309 6259
433 474 492 540 682
713 497 886 544 manuario
908 500 938 545 tlt
959 499 1027 546 CAP.
1051 499 1150 546 xxxin
1169 499 1403 547 oauraaonoutx.
1425 521 1467 530 -
1486 501 1557 547 ΑΜ.
1580 502 1698 548 xxxvtn

434 663 586 727 Dominus
602 684 676 747 ergo
696 677 783 731 ortus
798 677 846 732 ost
866 669 958 732 nobis
982 669 1181 732 Christilide·
1194 667 1220 730 Α
1235 669 1324 732 Unde
1345 671 1385 732 ad
1406 670 1553 733 Hebraeos
1578 671 1689 734 scribit
1710 671 1904 753 Apostolus:
1923 673 1980 733 lla-
2006 690 2111 731 neem..

435 762 520 824 libus
545 765 585 828 de
610 765 689 842 Scir,
705 767 780 847 quia
800 769 839 830 de
861 769 979 850 populo
1001 770 1180 832 ludaeorum
1233 768 1375 830 cessistis
1390 770 1429 831 ad
1445 779 1586 832 montem
1603 769 1732 846 Sion,et
1745 770 1907 833 civitatem
1924 771 1979 832 llei
1994 754 2065 796 Μ·

434 862 523 926 venit
536 865 576 927 ad
593 865 814 946 gentilitatem,
828 877 859 930 et
874 869 1093 951 copiosissime
1109 869 1182 932 illu·
1236 867 1423 943 viventis,et
1435 869 1609 932 Jerusalem
1625 870 1796 946 coelestem,
1807 869 1979 932 multorum

437 962 572 1025 minavit
595 967 749 1028 eamdem.
767 967 846 1029 Hinc
871 967 904 1028 in
927 968 1005 1030 lsaia
1029 969 1181 1031 Dominus
1236 966 1374 1029 millium
1390 969 1575 1049 angelorum
1592 969 1816 1051 frequentiam,
1833 978 1864 1031 et
1878 968 1983 1031 Eccle

437 1070 468 1124 et
484 1061 637 1140 Salvator,
650 1065 828 1128 ludaeorum
845 1067 1095 1145 derelictionem,
1107 1086 1183 1148 gen·
1236 1065 1315 1128 siam
1332 1067 1579 1149 primitivorum.

289 1182 421 1233 lexmea.
436 1161 581 1244 tiumque
606 1165 804 1228 vocationem
830 1165 1007 1244 insinuans,
1025 1167 1069 1229 ait
1087 1186 1094 1229 :
1111 1168 1182 1230 llaec
1276 1169 1316 1227 Ia
1328 1169 1648 1244 dexteroejurr'goea
1660 1172 1721 1228 lea.
1733 1166 1885 1241 Quamvis
1894 1167 1984 1247 juxta

437 1260 516 1324 dicit
531 1263 694 1340 Dominus
714 1263 855 1327 formans
877 1286 928 1327 me
950 1286 988 1329 ex
1010 1275 1101 1329 utero
1116 1285 1182 1329 ser-
1237 1263 1467 1346 expositionem
1493 1265 1711 1347 praehabitam,
1729 1266 1814 1327 istud
1836 1266 1877 1327 ad
1902 1265 1984 1327 litte

438 1380 515 1422 vum
537 1361 612 1438 sibi,
639 1370 673 1422 ut
699 1365 847 1426 reducam
863 1364 958 1427 Jacob
980 1366 1018 1427 ad
1040 1384 1134 1437 eum3
1152 1373 1184 1453 et
1238 1382 1303 1424 ram
1327 1372 1503 1445 exponatur
1524 1363 1563 1425 dc
1585 1364 1654 1444 lege
1675 1364 1816 1438 llosaica,
1833 1362 1983 1424 subtilius

439 1460 532 1522 lsrael
560 1479 623 1523 non
648 1463 903 1544 congregabitur,
930 1471 961 1526 et
985 1462 1184 1544 glorificatus
1237 1469 1343 1522 tamen
1360 1463 1400 1524 dc
1424 1462 1609 1541 evangeliea
1624 1462 1793 1544 exponitur
1807 1461 1890 1542 lege.
1918 1462 1983 1522 Ete-

439 1577 507 1619 sum
525 1557 557 1618 in
574 1559 675 1620 oculis
691 1559 835 1636 llomini;
853 1569 884 1622 et
899 1561 978 1624 dixit
995 1562 1126 1624 :Parum
1137 1569 1186 1623 θεῖ
1239 1560 1306 1621 nim
1324 1560 1356 1621 in
1373 1559 1709 1624 libroProverbiorum
1724 1561 1764 1622 de
1779 1561 1923 1622 increata
1933 1559 1984 1622 Sa-

440 1665 475 1718 ut
495 1656 539 1718 sis
559 1657 638 1718 mihi
655 1659 693 1720 ad
714 1659 911 1722 suscitandas
927 1659 1028 1723 tribus
1043 1661 1138 1724 Jacob
1154 1669 1185 1722 et
1240 1657 1360 1739 pientia
1374 1658 1492 1720 dicitur
1510 1675 1517 1719 :
1535 1658 1713 1738 longitudo
1727 1658 1852 1721 dierum
1878 1659 1913 1719 in
1934 1659 1983 1720 de
1997 1673 2109 1715 emanet·

440 1754 532 1818 laeoes
551 1755 645 1817 lsrael
671 1760 916 1834 convertendam
943 1761 1014 1822 dedi
1039 1769 1068 1822 te
1091 1760 1124 1822 in
1141 1760 1186 1821 lu·
1239 1765 1327 1818 xtera
1350 1757 1432 1837 ejus,
1458 1764 1489 1818 et
1512 1757 1544 1817 in
1571 1755 1699 1818 sinistra
1723 1757 1793 1837 ejus
1817 1755 1985 1819 divitiaeet

440 1875 508 1917 eem
533 1855 688 1936 gentium,
707 1865 741 1918 ut
765 1856 808 1918 sis
832 1859 916 1920 salus
933 1878 1002 1920 mea
1024 1878 1124 1940 usque
1146 1860 1184 1921 ad
1202 1853 1350 1935 Bgloria.
1367 1854 1468 1929 Quum
1485 1874 1559 1934 crgo
1576 1856 1609 1917 in
1631 1855 1814 1936 evangelica
1830 1855 1902 1933 lege
1917 1873 1986 1936 pro

441 1962 616 2016 extremum
643 1961 743 2016 terrae.
761 1955 839 2018 Hinc
865 1956 896 2017 in
913 1956 1085 2036 Evangelio
1107 1957 1186 2018 dixit
1241 1954 1383 2016 mittatur
1405 1972 1463 2036 pro
1489 1954 1618 2036 praemio
1640 1938 1756 2016 aeterna
1777 1954 1832 2015 illa
1847 1953 1986 2016 coelcstis

320 2057 403 2100 Metti·
440 2052 555 2114 ludaeis
577 2073 584 2116 τ
608 2052 815 2134 Relinquetur
835 2052 925 2116 vobis
945 2055 1057 2117 domus
1083 2065 1187 2118 vestra
1242 2053 1389 2128 felicitas,
1416 2071 1489 2134 quae
1513 2072 1569 2134 per
1599 2052 1832 2132 longitudinem
1861 2052 1985 2114 dierum

292 2124 390 2171 '‘⁸¹¹¹'³⁸'
441 2151 575 2213 deserta.
593 2150 650 2213 Per
672 2151 838 2214 Jeremiam
864 2173 992 2235 quoque
1015 2155 1184 2236 predixit:
1241 2153 1441 2235 exprimitur,
1460 2153 1492 2213 in
1504 2153 1603 2214 veteri
1618 2170 1694 2215 vero
1709 2151 1780 2232 lege
1793 2151 1986 2232 temporales

293 2265 426 2316 ventas.
442 2248 567 2330 Reliqui
583 2251 712 2312 domum
729 2269 843 2328 meam,
856 2252 963 2314 dimisi
979 2253 1186 2316 hereditatem
1241 2251 1361 2314 divitia
1390 2259 1421 2313 et
1447 2250 1550 2330 gloria
1578 2251 1725 2312 humane
1754 2249 1986 2332 prosperitatis,

442 2367 544 2410 meam
559 2371 566 2422 3
585 2347 667 2410 lacta
683 2357 730 2411 est
745 2349 824 2411 mibi
841 2350 999 2414 hereditas
1010 2371 1082 2414 mea
1097 2351 1187 2432 quasi
1242 2349 1426 2429 evangelica
1446 2349 1496 2411 lex
1515 2349 1631 2410 merito
1651 2347 1824 2411 consistere
1841 2347 1988 2428 perhibe

442 2448 492 2509 leo
509 2447 542 2507 in
559 2445 657 2520 silva3
675 2446 762 2509 dedit
777 2456 948 2510 contremo
959 2468 1067 2512 vocem
1080 2469 1185 2512 suam:
1242 2448 1343 2510 turin
1360 2448 1487 2510 dextera
1502 2447 1568 2523 llei,
1585 2447 1718 2509 Mosaica
1733 2449 1838 2508 autem
1855 2446 1889 2507 in
1914 2445 1988 2507 sini·

443 2545 514 2608 ideo
529 2544 616 2607 odivi
632 2563 712 2606 eam.
971 2566 975 2574 ·
1243 2555 1307 2608 stra
1334 2547 1445 2628 ipsius.
1468 2546 1598 2622 Rursus,
1616 2564 1715 2626 quum
1737 2545 1787 2607 lex
1811 2544 1932 2607 Christi
1947 2544 1988 2605 sit

482 2645 647 2720 Apparuit
671 2647 710 2704 cla
735 2655 840 2706 moute
864 2649 1009 2707 Pharan.
1033 2647 1090 2708 Per
1113 2646 1188 2707 Pha·
1243 2645 1294 2706 lex
1313 2645 1430 2706 amoris
1455 2653 1485 2707 et
1506 2644 1644 2725 pietatis,
1664 2643 1713 2706 lex
1735 2652 1840 2705 autem
1862 2642 1986 2723 llloysis,

443 2761 512 2820 ran,
532 2743 616 2823 quod
638 2761 701 2805 uno
727 2744 821 2806 modo
842 2744 1067 2826 interpretatur
1087 2745 1188 2826 frugi·
1244 2743 1293 2806 lex
1311 2743 1433 2806 timoris
1458 2751 1491 2805 et
1513 2741 1700 2813 severitatis,
1718 2749 1803 2803 recte
1827 2741 1878 2804 lex
1892 2759 1988 2802 cvan-

444 2841 502 2917 ler,
519 2840 722 2921 significatur
742 2841 882 2904 Ecclesia
901 2844 1044 2905 omnium
1064 2844 1189 2906 divino-
1243 2842 1345 2922 gelica
1370 2841 1472 2904 lertur
1491 2860 1562 2903 esse
1584 2841 1617 2901 in
1642 2840 1770 2903 dextera
1790 2839 1857 2914 Dei,
1885 2847 1919 2900 et
1940 2839 1987 2900 lex

443 2959 514 3002 rum
539 2940 764 3002 charismatum
785 2941 983 3004 ubertatibus
1004 2943 1186 3025 adimpleta,
1245 2941 1357 3024 Moysis
1388 2941 1421 3002 in
1449 2940 1504 3001 llei
1534 2938 1671 3001 sinistra.
1697 2938 1751 2999 Est
1780 2939 1908 3000 demum
1940 2937 1988 2998 lex

444 3039 476 3101 in
499 3039 651 3102 virtutum
668 3059 704 3102 ac
724 3039 888 3121 sapientiae
904 3041 1020 3103 vertice
1038 3050 1188 3122 tanquam
1207 3037 1372 3115 CChristi,
1395 3039 1442 3101 lex
1467 3039 1569 3119 ignea,
1597 3037 1629 3099 id
1655 3045 1703 3099 est
1723 3045 1789 3099 tota
1812 3037 1930 3098 ardens
1952 3055 1987 3096 ac

446 3139 478 3202 in
495 3148 602 3201 monte
618 3138 798 3214 constituta,
812 3139 851 3200 de
862 3157 925 3219 qua
941 3140 1127 3221 praedictum
1143 3148 1190 3202 est
1246 3139 1379 3213 fervida,
1399 3136 1575 3219 spiritualis
1590 3145 1622 3198 et
1638 3134 1870 3197 inflammativa
1885 3134 1924 3196 ad
1941 3153 1987 3195 ar-

299 3252 429 3298 menon.
445 3257 463 3299 a
479 3235 606 3298 lliehrea
623 3254 629 3298 :
648 3234 714 3296 Erit
730 3235 762 3296 in
781 3235 955 3298 novissimo
971 3237 1094 3298 dierum
1115 3256 1191 3319 prae
1245 3236 1467 3300 dentissimum
1489 3235 1544 3297 llei
1564 3253 1711 3307 amorem,
1731 3252 1788 3314 per
1803 3233 1888 3314 justa
1913 3251 1989 3314 pra-L

325 3315 416 3364 ’Μ’
446 3343 573 3417 paratus
591 3352 682 3396 mons
698 3334 823 3396 llomini
845 3335 877 3396 in
898 3334 1016 3397 vertice
1033 3336 1189 3397 montium
1245 3344 1336 3417 cepta
1360 3355 1396 3398 ac
1422 3332 1656 3416 sapientissima
1684 3332 1818 3395 consilia
1842 3349 1990 3413 compen-

446 3432 597 3496 Dominus
623 3451 698 3514 ergo
721 3433 753 3494 in
781 3433 849 3514 ipsa
874 3433 1024 3495 militanti
1051 3434 1190 3496 Ecclesia
1245 3435 1334 3498 diose
1357 3434 1529 3496 deducens.
1546 3433 1584 3493 Et
1604 3431 1636 3492 in
1660 3432 1729 3513 ipsa
1752 3429 1868 3492 caritas
1894 3428 1989 3492 totius

447 3532 584 3612 gratiose
600 3532 747 3615 apparuit
764 3552 820 3615 per
835 3533 961 3595 diversa
972 3533 1192 3616 miracula,per
1246 3530 1631 3615 supersanctaeTrinitatis
1641 3530 1679 3592 ad
1691 3547 1792 3608 genus
1804 3529 1985 3598 humanum,

448 3631 707 3694 sacramentalem
732 3631 943 3713 presentiam,
962 3651 1018 3714 per
1034 3632 1190 3694 internam
1247 3630 1485 3696 evidentissime
1499 3628 1688 3692 declaratur.
1699 3627 1829 3707 Propter
1844 3627 1932 3706 qnod
1946 3625 1990 3687 di-

449 3730 722 3805 inhabitationem,
741 3730 804 3792 ime
827 3739 858 3792 ct
888 3729 1057 3792 visibiliter
1079 3731 1112 3792 in
1135 3731 1193 3793 bu·
1248 3731 1293 3792 xit
1314 3729 1480 3792 Salvator:
1504 3728 1610 3807 lgnem
1632 3725 1706 3788 veni
1729 3725 1856 3786 mittere.
1878 3724 1911 3786 in
1935 3733 2106 3786 ter-amae-

450 3829 600 3891 manitate
616 3837 788 3910 assumpta,
807 3829 943 3910 implens
960 3829 1037 3891 illud
1054 3830 1190 3894 Psalmi:
1249 3847 1326 3905 ram,
1344 3827 1468 3908 etquid
1483 3826 1557 3889 volo
1578 3824 1640 3886 nisi
1666 3832 1701 3885 ut
1725 3823 1939 3886 accendatur?
1953 3822 1990 3883 Et

309 3950 342 3992 Ρ,
344 3964 393 4002 xxxxx
401 3953 433 3993 n.
451 3927 589 3990 Narrabo
606 3945 720 3989 nomen
747 3936 836 3989 tuum
864 3927 1015 3990 iratribus
1040 3929 1141 4004 mcis3
1159 3929 1192 3990 in
1249 3945 1382 3989 rursus:
1400 3926 1735 4005 Hocestpraeceptum
1762 3941 1881 3997 meum,
1898 3929 1934 3983 ut
1947 3920 1991 3982 di·
2009 3935 2107 4004 amu.

450 4025 556 4088 medio
586 4021 734 4087 Ecclesia
764 4025 898 4087 laudabo
925 4035 965 4087 te.
993 4029 1036 4087 Et
1061 4047 1134 4086 cem
1159 4048 1193 4086 eo
1249 4024 1353 4104 ligatis
1369 4024 1507 4085 invicem
1523 4022 1606 4084 sicut
1621 4020 1719 4082 dilexi
1733 4038 1800 4082 vos.
1818 4019 1852 4080 ln
1869 4019 1929 4081 hoc
1944 4037 1991 4081 eo
2004 3997 2108 4042 ’ΜΝ

449 4128 642 4186 Sanctorum
661 4125 777 4184 mittio.
796 4124 829 4185 ln
845 4123 896 4186 die
911 4124 1105 4187 ascensionis
1121 4144 1192 4187 euru
1249 4131 1403 4205 gnoseent
1416 4140 1528 4184 omnes
1543 4118 1777 4201 quiadiscipuli
1789 4117 1852 4179 mei
1868 4118 1953 4191 estis,
1965 4117 1991 4178 si

450 4222 559 4284 multis
584 4221 727 4283 millibus
750 4221 948 4298 Sanctorum,
975 4241 1055 4304 quos
1077 4224 1117 4285 de
1141 4243 1195 4305 pa·
1210 4224 1234 4284 D
1249 4221 1452 4285 dilectionem
1464 4219 1684 4282 habueritisad
1694 4216 1992 4296 invicemllcniquc

452 4330 534 4383 trum
552 4320 650 4383 limbo
668 4321 700 4381 in
723 4321 800 4383 hora
827 4321 1066 4384 resurrectionis
1083 4323 1195 4384 eduxe-
1249 4321 1288 4383 ad
1315 4319 1398 4381 istud
1424 4317 1664 4393 insinuandum,
1686 4315 1833 4397 apparuit
1848 4314 1992 4404 'Spiritus

452 4428 509 4495 rat,
538 4418 685 4500 apparuit
714 4420 779 4480 suis
808 4419 839 4480 in
867 4427 974 4481 monte
999 4419 1125 4495 Oliveti,
1153 4420 1196 4482 ita
1250 4420 1382 4482 Sanctus
1399 4416 1431 4478 in
1448 4415 1551 4494 igneis
1566 4413 1685 4494 linguis
1699 4432 1794 4494 super
1806 4411 1990 4494 discipulos,

451 4519 536 4599 quod
557 4517 700 4580 millibus
720 4517 784 4579 illis
805 4516 866 4579 luit
886 4518 1031 4593 vallatus,
1049 4518 1195 4600 quamvis
1249 4526 1407 4598 quatenus
1433 4514 1535 4593 igneis
1560 4512 1680 4593 linguis
1702 4520 1733 4574 et
1760 4509 1992 4572 ardentissimis

451 4616 602 4699 discipuli
618 4616 1017 4679 exterioriintuitueanon
1030 4618 1193 4690 viderunt,
1250 4614 1399 4678 cordibus
1420 4613 1520 4691 legem
1544 4612 1671 4690 igneam
1692 4607 1913 4691 praedicarent,
1931 4625 1990 4669 non

452 4725 528 4778 tune
545 4717 620 4778 item
642 4733 715 4777 eum
738 4714 858 4790 multis,
878 4715 942 4778 imo
964 4725 995 4777 et
1016 4715 1197 4778 innumera·
1250 4713 1362 4793 utique
1378 4711 1433 4772 uni
1444 4711 1607 4771 dumtaxat
1619 4706 1991 4788 genti‚quemadm0dum

453 4814 572 4876 bilibus
589 4821 769 4876 sanctorum
787 4813 930 4875 millibus
947 4813 1131 4893 angelorum
1149 4833 1198 4875 as·
1251 4811 1327 4874 solis
1342 4808 1456 4871 Judaeis
1472 4809 1545 4870 data
1565 4814 1614 4868 est
1629 4814 1720 4868 vetus
1743 4804 1802 4878 lex,
1820 4804 1875 4865 sed
1897 4802 1992 4884 genti-

452 4913 572 4985 eendit;
585 4921 680 4993 atque
696 4919 767 4992 post
782 4910 966 4974 missionem
979 4912 1116 4994 Spiritus
1127 4912 1199 4974 San·
1251 4912 1311 4974 bus
1327 4907 1486 4970 universis
1504 4923 1511 4967 :
1532 4905 1570 4967 ad
1593 4904 1679 4986 quod
1702 4901 1917 4981 figurandum,
1939 4920 1991 4982 ap

453 5011 495 5074 cti
526 5010 631 5072 statim
664 5017 710 5072 tot
740 5008 841 5072 millia
870 5009 999 5071 luerunt
1030 5011 1067 5071 ad
1099 5009 1196 5072 iidem
1253 5013 1427 5089 paruerunt
1441 5003 1616 5085 dispertitas
1631 5000 1748 5082 lingua
1768 4999 1945 5080 discipulis,
1962 5007 1988 5060 et
2004 5008 2103 5055 raras·-

454 5128 618 5184 conversa,
645 5108 731 5188 quod
756 5127 828 5169 eum
849 5108 974 5171 Christo
1000 5107 1032 5169 in
1058 5108 1198 5171 Ecclesia
1252 5108 1325 5168 data
1349 5111 1396 5167 cst
1420 5102 1467 5164 eis
1496 5101 1640 5164 omnium
1666 5098 1845 5179 linguarum
1871 5097 1987 5161 notitia.

456 5209 586 5270 luerunt
601 5206 786 5270 Sanctorum
800 5205 1018 5288 milliazquod
1034 5207 1150 5270 deinde
1166 5208 1198 5269 in
1253 5203 1372 5267 idcirco
1403 5220 1488 5263 nunc
1517 5199 1674 5272 subditur,
1701 5198 1825 5258 Diteer't
1846 5201 1988 5276 populos,

454 5304 603 5369 Ecclesiis
619 5303 762 5386 gentium
773 5303 932 5386 copiosius
950 5304 1011 5367 luit
1022 5305 1197 5386 impletum.
1254 5301 1405 5385 quoniam
1420 5297 1562 5379 undique
1578 5296 1654 5359 lecit
1670 5294 1715 5358 eis
1731 5295 1864 5357 verbum
1885 5293 1989 5357 salutis
