4309 6259
414 496 471 560 loe
792 512 966 561 nnannurro
988 513 1018 558 ru
1040 512 1108 559 cur.
1132 510 1220 559 xxxu
1241 512 1342 559 axoni.
1364 531 1405 542 -
1426 513 1496 559 aar.
1520 511 1581 557 usu

415 687 486 750 lieri
505 687 659 771 palaestrm
674 697 706 751 et
720 685 918 770 praebitionis
934 688 1007 768 ejus
1018 686 1156 767 injustus,
1172 684 1198 747 A
1212 706 1320 758 suum,
1338 686 1370 747 id
1386 693 1444 762 cst,
1463 684 1682 766 unusquisque
1697 691 1838 746 vestrum
1854 702 1889 745 se
1908 702 1963 745 ac·

414 796 444 849 et
468 788 501 849 in
525 786 685 850 exercitiis
707 786 797 850 disci.
817 786 934 849 Verum
957 786 1030 866 quis
1052 784 1159 847 dicere
1213 786 1322 866 cingat
1342 787 1381 849 ad
1402 785 1559 868 praelium.
1576 785 1679 847 Potest
1701 791 1807 847 autem
1828 784 1962 846 nominc

416 894 533 968 posset,
552 886 669 948 librum
685 885 933 948 blachabaeorum
956 903 1019 946 non
1039 902 1108 946 csse
1126 881 1159 943 in
1214 885 1312 966 gladii
1335 885 1501 966 quodlibet
1523 883 1675 948 bellicum
1696 882 1959 958 instrumentum,

416 1004 548 1047 canone.
574 985 726 1047 Praetcrea
751 984 783 1046 in
808 983 954 1047 ludicum
981 983 1062 1045 libro
1086 981 1160 1044 sori·
1214 986 1389 1066 prasertim
1413 984 1585 1047 secativum
1609 982 1823 1063 ferreumque,
1843 981 1963 1044 intelli-

416 1093 506 1166 ptum
527 1092 585 1159 est,
604 1083 740 1164 qualiter
763 1083 864 1145 tribus
886 1084 952 1145 Dan
971 1081 1071 1145 coluit
1094 1081 1160 1143 ido·
1214 1082 1257 1164 gi.
1282 1083 1358 1145 Nam
1382 1093 1418 1146 et
1437 1082 1594 1147 Ezechieli
1619 1081 1761 1162 loquitur
1782 1081 1958 1144 Dominus:

417 1183 481 1244 lum
496 1183 613 1245 llichae.
626 1182 865 1263 Posueruntquc
881 1182 942 1244 sibi
959 1180 1160 1263 sculptilc,et
1214 1183 1330 1265 Accipe
1347 1183 1404 1245 tibi
1419 1183 1561 1263 gladium
1577 1182 1739 1243 radentem
1755 1179 1848 1262 pilos.
1864 1185 1913 1241 Ite
1929 1191 1961 1241 et
1976 1205 2120 1252 &maan

416 1283 571 1345 Ionathan
598 1281 703 1343 lilium
728 1281 867 1357 Gersam,
893 1280 955 1343 lilii
981 1280 1104 1363 hlcysiS,
1129 1287 1160 1342 et
1214 1285 1474 1360 reditedepcrta
1490 1303 1589 1361 usque
1601 1284 1645 1341 od
1655 1290 1797 1358 portam,
1807 1279 1839 1340 id
1854 1288 1903 1342 est
1917 1281 1961 1342 de

419 1380 506 1443 lilios
522 1382 602 1461 ejus,
618 1382 795 1443 sacerdotes
811 1380 843 1441 iu
862 1379 946 1442 tribu
957 1378 1160 1442 candianus
1217 1399 1279 1442 uno
1294 1381 1452 1443 exercitus
1468 1380 1566 1461 hujus
1587 1379 1720 1441 introitu
1741 1397 1797 1441 seu
1816 1387 1961 1441 extremo

417 1499 545 1561 quoquc
567 1480 735 1543 idololatra
757 1479 858 1541 dixit:
877 1480 964 1541 Nunc
987 1478 1052 1541 scio
1075 1478 1161 1559 quod
1215 1498 1317 1560 usque
1341 1480 1380 1541 ad
1406 1479 1505 1555 aliud,
1526 1499 1585 1557 per
1610 1480 1756 1539 medium
1779 1487 1960 1538 castrorum

417 1578 597 1641 benefaciet
617 1578 696 1640 mihi
718 1579 798 1641 Deus
815 1577 942 1641 habenti
959 1576 1092 1640 Levitici
1109 1596 1161 1657 gc·
1215 1578 1446 1641 considerando
1469 1577 1612 1658 undique
1634 1576 1767 1651 noxi0s3
1784 1587 1814 1637 et
1835 1578 1962 1636 occidat

418 1677 503 1740 neris
527 1678 733 1740 sacerdotem.
750 1676 807 1751 Oui
831 1676 894 1738 luit
915 1677 1050 1755 Levites,
1070 1684 1105 1738 ut
1128 1677 1161 1737 in
1216 1680 1436 1757 urtrtsqu-r'sqce
1450 1685 1604 1752 vestrum,
1620 1679 1757 1756 fratrem
1771 1685 1801 1736 et
1815 1677 1961 1736 aramum

418 1776 499 1838 libro
509 1777 656 1838 ludicum
672 1776 805 1856 legitur:
820 1775 884 1837 imo
900 1774 961 1836 lilii
977 1774 1090 1857 lloysis
1106 1774 1162 1837 ho·
1215 1787 1244 1837 et
1256 1779 1446 1854 proximum
1460 1797 1569 1846 sarum,
1588 1773 1619 1835 id
1641 1783 1700 1850 est,
1719 1774 1788 1836 sine
1809 1790 1963 1856 persona-

417 1874 515 1936 minis
537 1875 604 1951 Dei,
627 1875 659 1936 in
688 1874 765 1936 liliis
791 1874 864 1936 Lori
892 1874 1048 1936 numerati
1073 1882 1158 1950 suut,
1174 1869 1198 1931 B
1217 1894 1287 1936 rum
1314 1874 1498 1956 acceptione
1523 1874 1659 1937 occidite
1684 1892 1766 1951 reos,
1787 1880 1963 1954 quantum-

416 1974 492 2054 quia
513 1982 544 2036 et
564 1974 683 2055 Moyses
704 1974 765 2035 suit
781 1974 820 2036 dc
837 1974 921 2036 tribu
936 1973 1023 2037 Lori.
1041 1973 1161 2036 idcirco
1216 1994 1354 2055 cumque
1365 1974 1455 2036 robis
1467 1973 1640 2056 propinqui
1652 1972 1758 2036 etcari
1773 1971 1964 2035 exstiterint.

418 2090 480 2133 non
497 2072 589 2135 video
606 2072 726 2134 dictum
745 2071 825 2133 illud
844 2071 1047 2135 Hebraeorum
1067 2090 1161 2154 possc
1216 2074 1277 2135 Scd
1299 2092 1336 2135 ex
1359 2073 1419 2136 hoc
1442 2081 1584 2154 apparet,
1606 2072 1692 2153 quod
1713 2072 1807 2134 ctiam
1828 2070 1961 2152 quidam

418 2170 554 2245 salrari;
574 2190 631 2232 nec
647 2170 866 2252 apparentiam
883 2170 988 2245 habet,
1006 2171 1093 2251 quod
1114 2170 1162 2231 in·
1215 2172 1333 2236 Levita
1359 2172 1487 2235 lucrant
1511 2171 1690 2247 occidendi,
1711 2178 1744 2233 et
1771 2188 1826 2251 per
1850 2187 1966 2232 conse-

417 2267 550 2331 lcriorcs
561 2268 677 2331 Levitae
693 2268 793 2349 magis
805 2268 1047 2330 declinaverunt
1064 2268 1162 2331 idolo
1215 2290 1320 2352 quens
1341 2271 1374 2334 in
1397 2270 1577 2334 idololatria
1597 2270 1652 2332 illa
1667 2270 1734 2333 rei:
1752 2269 1837 2352 quod
1854 2277 1964 2330 tamen

417 2366 553 2445 latriam,
571 2387 667 2448 quam
683 2367 862 2430 sacerdotes
878 2375 972 2447 atquc
988 2367 1161 2448 pontifices
1216 2370 1377 2452 predictis
1401 2390 1464 2433 non
1486 2371 1627 2450 derogat.
1650 2368 1755 2432 Nihilo
1777 2367 1883 2430 minus
1904 2367 1965 2429 ali-

416 2468 455 2530 de
477 2466 561 2529 tribu
580 2466 667 2528 Levi.
685 2467 837 2528 Praeterea
856 2465 1012 2528 minorem
1035 2466 1161 2528 videtur
1216 2469 1289 2550 quis
1311 2469 1428 2531 dicitur
1450 2468 1546 2531 irater
1568 2468 1665 2531 variis
1681 2466 1796 2544 modis,
1812 2466 1965 2529 videlicet

417 2565 533 2629 habere
559 2566 709 2642 colorem,
733 2564 819 2645 quod
845 2564 943 2627 llabbi
970 2565 1083 2626 Paulus
1108 2565 1160 2628 hic
1217 2567 1293 2643 lide,
1312 2568 1476 2649 religione,
1494 2567 1646 2644 amicitia,
1663 2566 1888 2630 communione
1905 2585 1965 2627 na-

417 2664 516 2739 addit,
534 2663 684 2727 videlicet
706 2662 842 2739 Levites,
861 2672 955 2745 prout
976 2682 994 2725 a
1017 2664 1162 2726 sacerdo
1218 2674 1306 2742 tura,
1324 2676 1356 2729 et
1377 2666 1543 2745 sanguinis
1568 2665 1806 2749 propinquitate
1830 2673 1862 2727 et
1886 2683 1963 2727 con-

418 2763 504 2825 tibus
521 2763 772 2842 distinguuntur,
790 2781 852 2825 non
875 2762 973 2824 luisse
989 2763 1160 2845 participes
1217 2766 1440 2846 sanguinitate,
1454 2766 1519 2828 imo
1534 2774 1566 2829 et
1581 2765 1722 2847 qualibet
1737 2764 1964 2827 convenientia

417 2862 562 2924 criminis
586 2861 806 2924 crucifixionis
831 2861 960 2938 Christi,
985 2863 1160 2943 pracsertim
1217 2866 1249 2926 in
1276 2865 1480 2947 proprietate,
1506 2865 1539 2927 in
1566 2865 1727 2940 socictate,
1751 2863 1887 2937 actione,
1906 2872 1963 2924 out

417 2980 515 3042 quum
531 2962 620 3042 juxta
635 2960 894 3035 doctores,multi
909 2960 1025 3023 Scrihae
1040 2969 1071 3023 ct
1086 2961 1162 3023 Pha·
1216 2965 1321 3046 culpa.
1344 2965 1380 3026 lli
1406 2973 1512 3027 autem
1534 2964 1590 3045 qui
1615 2963 1854 3039 occidebantur,
1871 2972 1963 3025 erant

417 3059 499 3122 risaei
516 3079 553 3122 ex
571 3059 698 3121 illorum
715 3058 835 3121 luerint
851 3078 993 3122 numero.
1176 3063 1198 3128 C
1216 3064 1310 3126 amici
1326 3063 1552 3140 occidentium,
1569 3071 1723 3144 quantum
1738 3062 1779 3123 ad
1793 3062 1894 3143 ipsam
1911 3080 1964 3123 na-

457 3158 516 3221 Scd
534 3159 623 3239 juxta
643 3158 709 3219 hmo
731 3166 836 3220 manet
856 3156 1000 3239 questio,
1023 3159 1161 3239 qualiter
1218 3170 1321 3224 turam
1337 3182 1393 3225 seu
1410 3161 1578 3243 pristinam
1593 3158 1877 3239 conversationem.

416 3275 527 3318 omnes
539 3256 600 3317 lilii
613 3256 687 3318 Levi
707 3255 825 3319 fuerint
838 3258 1018 3336 congregali
1030 3258 1069 3319 ad
1080 3258 1162 3340 bloy—
1258 3265 1475 3340 bbceruntquc
1489 3263 1556 3339 filr't'
1571 3263 1651 3321 Levi
1664 3262 1769 3336 juata
1783 3280 1963 3319 aerumnam

417 3375 484 3431 sen,
503 3356 528 3415 si
545 3355 675 3435 quidam
692 3354 819 3416 illorum
837 3354 919 3416 circa
935 3356 1027 3417 vituli
1043 3356 1162 3419 confla·
1217 3362 1351 3436 Moysis.
1376 3361 1624 3438 (brideruntquc
1647 3360 1680 3418 r'n
1703 3360 1758 3417 die
1782 3358 1964 3437 inaquosi

417 3454 536 3515 tionem
562 3462 651 3515 crant
675 3453 862 3535 culpabiles.
884 3454 930 3515 Ad
953 3456 1038 3535 quod
1060 3455 1160 3537 aliqui
1216 3459 1337 3535 or'qinti
1359 3460 1423 3518 trio
1444 3460 1554 3518 taillia
1568 3459 1748 3518 coruinum.
1766 3455 1835 3518 Alia
1855 3455 1963 3518 littera

417 3552 877 3638 responderunt,quodomncs
893 3555 1075 3635 congregati
1093 3575 1162 3617 nar·
1216 3556 1323 3633 habet,
1340 3556 1433 3630 Quasi
1457 3556 1517 3619 tria
1537 3556 1640 3642 millia
1656 3555 1834 3631 hominum,
1851 3564 1882 3618 et
1903 3555 1960 3632 ita,

417 3659 537 3725 rantur,
560 3652 648 3731 juxta
673 3652 803 3713 modum
829 3651 992 3732 loquendi,
1015 3673 1079 3734 quo
1104 3655 1162 3716 ali·
1217 3664 1252 3716 ut
1269 3654 1546 3732 icrtur,llcbraica
1561 3654 1678 3717 veritas
1693 3652 1963 3726 habet.Qu0circa

416 3748 493 3829 quid
514 3748 706 3811 adscribitur
724 3750 792 3826 toti,
810 3750 886 3832 quia
907 3751 1057 3815 convenit
1077 3753 1160 3835 parti
1216 3754 1316 3835 aliqui
1344 3772 1400 3835 pro
1428 3753 1597 3817 concordia
1619 3753 1741 3830 dicunt,
1765 3753 1849 3834 quod
1873 3752 1963 3834 prin-

416 3846 485 3927 ejus
502 3848 614 3928 majori
630 3868 666 3910 ac
682 3847 864 3929 principali,
881 3851 970 3929 juxta
985 3870 1081 3932 quem
1097 3871 1162 3914 mo·
1216 3853 1336 3934 cipalcs
1354 3852 1385 3913 in
1404 3851 1583 3915 idololatria
1599 3852 1664 3928 illa,
1683 3851 1814 3914 luerunt
1833 3851 1961 3915 circiter

270 3959 398 4010 torinna.
415 3945 490 4007 dum
518 3946 550 4006 in
578 3945 660 4008 libro
684 3946 829 4008 ludicum
862 3948 976 4029 legitur
1001 3966 1008 4010 :
1034 3950 1160 4029 Egressi
1217 3952 1277 4013 tria
1289 3951 1401 4027 millia,
1412 3961 1444 4014 ct
1460 3951 1531 4013 illos
1545 3950 1694 4032 exprimit
1709 3950 1771 4012 alia
1787 3950 1963 4027 litterate

416 4053 490 4105 suut
509 4063 619 4107 omncs
641 4044 703 4105 l'ilii
722 4045 827 4121 lsrael,
841 4055 872 4107 et
886 4049 1068 4126 congregati
1084 4070 1161 4130 qua·
1216 4051 1356 4131 ritasquc
1371 4050 1544 4123 Hebraica;
1562 4048 1698 4111 aliorum
1714 4068 1789 4112 vcro
1805 4049 1861 4132 qui
1876 4068 1963 4113 com-

268 4156 399 4209 means.
416 4142 442 4203 si
468 4142 516 4204 rir
542 4162 634 4204 unus¹
660 4144 697 4204 Et
723 4151 828 4205 tamen
853 4144 1047 4209 habitatores
1068 4147 1160 4211 labes
1215 4149 1459 4212 municavcrunt
1476 4147 1659 4210 incrimine
1679 4147 1745 4224 illo,
1764 4147 1893 4211 fuerunt
1913 4156 1962 4211 tot

414 4240 529 4303 Galaad
548 4260 610 4303 non
628 4241 756 4304 luerunt
774 4243 903 4320 ibidem,
917 4254 1010 4326 prout
1027 4246 1059 4307 in
1074 4247 1162 4309 Judi-
1175 4252 1200 4315 Ι)
1215 4247 1480 4328 inter·lccti‚quod
1492 4247 1641 4328 usquead
1653 4246 1768 4326 viginti
1785 4246 1845 4309 tria
1856 4246 1961 4309 millia

414 4359 486 4401 cum
511 4339 593 4401 libro
610 4340 812 4403 describitur.
835 4342 990 4425 Amplius,
1009 4344 1072 4407 dici
1089 4365 1161 4427 pos·
1215 4346 1342 4409 circiter
1367 4347 1574 4409 devenerunt.
1590 4344 1697 4427 Aliqui
1713 4353 1819 4408 autem
1834 4346 1956 4421 dicunt,

308 4450 312 4459 ·
415 4446 472 4514 set,
490 4438 576 4518 quod
597 4438 748 4519 perpauci
769 4440 807 4501 dc
828 4440 947 4503 Levitis
973 4442 1104 4505 luerunt
1127 4444 1159 4506 in
1214 4446 1300 4526 quod
1316 4444 1412 4508 occisi
1427 4444 1534 4524 gladio
1553 4444 1683 4507 suerunt
1703 4444 1787 4507 circa
1806 4445 1867 4507 tria
1886 4444 1960 4506 mil-

413 4536 548 4599 crimine
574 4536 628 4600 illo
654 4547 827 4601 consortes.
852 4540 939 4613 Quod
964 4550 1069 4605 antem
1096 4563 1160 4608 mo
1216 4544 1278 4619 lia3
1295 4544 1350 4607 alii
1366 4551 1472 4606 autem
1489 4542 1621 4605 fuerunt
1640 4542 1703 4605 alio
1724 4544 1818 4606 modo
1840 4542 1958 4625 plagati

415 4635 520 4698 dicum
543 4644 602 4712 est,
626 4656 683 4717 pro
706 4636 808 4701 nihilo
831 4647 1005 4720 reputatur.
1029 4642 1158 4705 Interim
1214 4644 1327 4719 olleo,
1351 4651 1385 4704 ut
1410 4640 1496 4703 iufra
1521 4650 1677 4728 tangetur.
1699 4644 1742 4703 Et
1763 4644 1811 4703 ait
1834 4646 1959 4719 Moyses

412 4734 487 4795 addi
513 4742 627 4816 potest,
650 4736 735 4815 quod
762 4755 799 4798 ex
821 4756 884 4818 quo
909 4737 1025 4803 Levitae
1051 4750 1159 4806 mente
1213 4741 1331 4805 Levitis
1350 4743 1390 4804 ad
1412 4760 1445 4804 se
1465 4740 1601 4805 reversis
1616 4749 1689 4822 post
1704 4740 1958 4805 interfectionem

414 4851 478 4895 non
494 4842 736 4911 consenserunt,
757 4854 813 4897 nec
830 4837 1042 4900 adoraverunt
1061 4839 1159 4902 simu·
1214 4839 1451 4903 idololatrarum
1464 4858 1471 4900 ε
1484 4842 1694 4901 consecrastis
1709 4860 1826 4900 mantas
1838 4850 1960 4901 vestras

413 4929 546 5007 lacrum,
566 4930 684 4995 idcirco
706 4933 890 5014 paenitendo
906 4936 1032 4998 veniam
1057 4936 1160 5001 facili·
1213 4942 1307 5000 hodie
1322 4943 1472 5009 Domino,
1491 4937 1522 4999 id
1539 4946 1597 5014 est,
1614 4938 1677 5001 Deo
1694 4937 1826 5020 placitas
1841 4947 1872 5001 et
1886 4938 1959 5020 ejus

412 5038 460 5090 tcr
477 5039 738 5110 procuraverunt,
750 5032 859 5113 sicque
875 5034 1067 5098 contritione
1084 5056 1159 5119 praa
1213 5037 1370 5100 voluntati
1396 5036 1581 5099 obedientes
1607 5034 1729 5099 lecistis
1754 5055 1807 5098 eas
1831 5055 1887 5118 per
1908 5055 1960 5099 ac-

412 5126 567 5206 missa,iu
583 5129 777 5209 adjutorium
789 5130 902 5213 Moysis
918 5132 1156 5199 confluxerunt.
1214 5146 1281 5198 tum
1301 5135 1434 5217 justitiae
1452 5158 1459 5209 ;
1478 5136 1698 5214 unusquisque
1720 5136 1757 5195 in
1778 5137 1849 5213 filio
1869 5145 1899 5196 et
1921 5138 1957 5197 in

454 5227 575 5295 Qru'tza
596 5230 644 5287 ait
660 5250 671 5288 .·
692 5232 769 5289 Ilrrc
790 5232 871 5291 dicit
893 5234 1052 5293 Dominus
1075 5238 1159 5297 Deus
1212 5238 1318 5314 fratre
1332 5255 1399 5294 suo.
1416 5234 1462 5294 Ex
1481 5233 1541 5296 hoc
1561 5232 1698 5294 multum
1713 5242 1854 5315 apparet,
1873 5236 1959 5314 quod

411 5328 515 5385 Lsruct
531 5344 542 5386 .·
559 5328 666 5388 Ponat
690 5330 741 5389 cir·
759 5331 911 5406 gladiatus
933 5335 1159 5410 super-sinum·
1212 5334 1313 5415 aliqui
1333 5331 1514 5398 levitarum
1532 5331 1630 5395 eccisi
1647 5331 1786 5395 luerunt.
1812 5336 1848 5395 Ut
1861 5336 1960 5395 detto·
