4309 6259
408 473 467 536 318

789 488 962 534 extumum
983 488 1014 532 ΙΝ
1035 489 1103 533 CAP.
1127 486 1211 533 xxvu
1233 487 1368 534 tuvtrtcl.
1391 506 1432 518 -
1452 488 1523 534 altr.
1547 489 1575 533 tx

407 662 536 728 redimit
550 683 584 725 se
599 681 704 725 eoram
717 663 807 725 lleoa
823 660 965 744 periculo
976 668 1007 727 et
1022 668 1152 742 peccato
1168 657 1193 720 t
1210 661 1338 738 intrare,
1348 669 1402 724 aut
1417 660 1533 724 Christi
1548 659 1677 724 visitare
1693 659 1886 740 sepulcrum,
1898 675 1959 738 per

406 761 668 841 transgressionis
693 760 742 821 sui
769 759 845 831 voti,
871 758 1081 838 intelligenda
1105 766 1153 819 est

407 867 594 940 verantque
615 859 727 922 idonea
748 858 797 920 sui
820 858 885 920 voti
909 857 1063 939 impletio,
1082 875 1152 937 quae

404 957 490 1038 justa
509 957 717 1020 aestimatione
734 957 886 1020 solvenda
900 965 957 1031 est,
976 963 1010 1017 ut
1032 964 1152 1036 quanto

405 1057 477 1138 quis
493 1056 604 1119 altiora
620 1065 651 1118 et
667 1056 758 1138 plura
775 1054 966 1138 promiserit,
980 1072 1017 1117 ao
1033 1054 1152 1116 virtue

405 1154 472 1216 sius
489 1155 585 1217 vivat.
603 1156 674 1218 ldeo
691 1154 839 1216 subditur
857 1171 863 1214 :

445 1257 485 1316 St
499 1256 601 1334 suerit
618 1258 779 1314 masculus
794 1276 814 1314 a
831 1256 979 1314 uicesimo
999 1275 1086 1314 anno
1102 1275 1152 1313 us-

406 1375 467 1434 que
482 1357 525 1414 ad
539 1355 784 1430 seccoqesimum,
801 1355 891 1412 (iabit
910 1355 1152 1431 quinquaqinta

406 1454 499 1512 siclos
513 1475 526 1522 ,·
539 1453 569 1510 si
591 1453 722 1520 mittier,
739 1453 887 1527 tripinta.
905 1450 937 1510 ln
954 1449 1010 1511 illa
1030 1451 1151 1532 quippe

408 1558 499 1612 aetate
515 1549 609 1611 homo
625 1557 670 1610 est
689 1548 801 1610 fortior
816 1567 959 1630 corpore,
972 1556 1002 1610 et
1017 1547 1153 1610 validior

409 1655 526 1710 mente.
544 1647 599 1708 l'ir
621 1665 749 1728 quoque
774 1647 806 1708 in
830 1645 1026 1708 naturalibus
1052 1646 1152 1708 multo

262 1759 395 1809 suamne.
409 1754 509 1808 exstat
525 1744 696 1827 perfectior
717 1745 861 1808 muliere.
878 1745 933 1808 Cui
957 1754 1062 1807 autem
1081 1744 1152 1826 plus

1209 779 1242 821 se
1265 760 1369 842 ipsum
1393 759 1452 823 hoo
1475 757 1580 821 facere
1602 767 1633 820 et
1654 758 1787 839 implere
1809 764 1955 824 tenetur;

1210 877 1267 920 nec
1284 858 1316 918 in
1333 858 1382 920 bis
1398 877 1468 939 quae
1484 857 1547 920 sibi
1562 856 1729 939 possibilia
1744 865 1828 928 sunt,
1838 853 1960 916 substi-

1209 964 1275 1018 tuat
1297 955 1417 1029 alium;
1440 964 1471 1020 ct
1493 956 1520 1017 si
1542 955 1755 1029 substituerit,
1773 952 1875 1016 nihilo
1897 951 1961 1013 mi-

1208 1073 1268 1115 nus
1287 1055 1497 1136 personaliter
1517 1062 1676 1136 operetur.
1693 1053 1757 1115 Hoc
1776 1062 1823 1114 est
1838 1059 1960 1116 contra

1207 1171 1271 1229 eos,
1288 1153 1344 1234 qui
1361 1153 1454 1216 horas
1469 1153 1638 1217 canonicas
1654 1171 1733 1233 quas
1749 1140 1856 1231 legere
1872 1148 1961 1212 obli·

1205 1259 1327 1330 gantur,
1347 1250 1470 1314 faciunt
1486 1250 1548 1333 legi
1567 1271 1622 1332 per
1637 1251 1728 1326 alios,
1748 1257 1898 1331 putantes
1921 1266 1958 1310 se

1206 1350 1359 1425 excusari,
1377 1369 1475 1431 quum
1499 1359 1530 1412 et
1552 1349 1696 1431 quotidie
1720 1358 1767 1411 tot
1789 1348 1882 1410 horas
1906 1347 1959 1408 in-

1208 1448 1381 1524 fructuose,
1399 1449 1463 1511 imo
1478 1457 1510 1511 et
1524 1448 1638 1510 vitiose
1658 1448 1848 1529 expendant.
1869 1448 1961 1507 Ani-

1207 1551 1276 1608 mal
1290 1549 1510 1617 immoratum,
1528 1551 1613 1626 quod
1634 1547 1800 1607 immolari
1814 1548 1957 1606 Domino

1208 1667 1272 1706 noa
1284 1654 1398 1724 potest,
1413 1649 1443 1706 si
1457 1649 1530 1726 quis
1546 1648 1867 1717 coerrit‚adducctur
1877 1653 1959 1702 aaa

1206 1748 1412 1813 sacerdotem,
1437 1752 1496 1807 ete.
1523 1744 1580 1806 Per
1604 1743 1722 1805 animal
1749 1742 1954 1804 immundum

409 1846 517 1907 datum
533 1852 591 1921 est,
609 1844 682 1926 plus
698 1844 877 1924 requiretur
892 1842 932 1905 ab
948 1843 1028 1925 ipso.
1041 1842 1099 1906 Per
1113 1841 1153 1903 si·
1172 1842 1270 1905 BDeo
1283 1843 1679 1924 promissum,designatur
1694 1861 1774 1923 opus
1790 1840 1953 1914 illicitum,

409 1943 475 2005 clos
491 1951 595 2005 autem
612 1942 854 2024 quinquaginta,
868 1941 1092 2023 intelliguntur
1102 1961 1154 2003 ex·

410 2042 610 2105 ercitationes
635 2041 789 2102 virtutum
814 2059 886 2102 cum
912 2040 1043 2122 speciali
1071 2047 1153 2101 tran-

409 2139 579 2220 quillitate,
603 2146 633 2200 et
658 2137 853 2200 abundantia
883 2137 992 2216 gratiae
1017 2136 1153 2218 Spiritus

410 2237 515 2300 Sancti
526 2235 684 2311 exhibitae,
698 2236 753 2317 qui
770 2237 861 2298 datus
873 2244 920 2298 est
930 2235 1154 2318 quinquagesi-

409 2355 461 2400 mo
472 2337 534 2398 die.
547 2335 657 2396 durrus
672 2333 767 2396 ctiam
778 2334 1076 2416 quinquagesimus,
1092 2333 1154 2396 fuit

410 2443 533 2516 tempus
559 2431 755 2496 remissionis
780 2441 811 2495 et
833 2432 951 2515 quietis
975 2441 1004 2495 et
1029 2451 1152 2512 magna

409 2533 628 2613 jucunditatis.
645 2531 702 2593 Per
725 2531 819 2594 siclos
841 2550 916 2594 vero
940 2531 1081 2610 triginta,
1101 2531 1154 2592 tri·

409 2631 549 2694 cesimus
564 2638 666 2712 potest
689 2629 825 2710 intelligi
843 2629 966 2692 fruetus
989 2631 1154 2694 continen-

410 2731 461 2792 tiaa
489 2729 677 2810 conjugalia
705 2729 753 2791 vel
785 2729 894 2792 decem
924 2738 1153 2810 preceptorum

409 2827 563 2910 impletio
589 2827 622 2889 in
647 2826 724 2903 fide,
743 2845 810 2908 spe,
835 2836 866 2889 et
891 2827 1021 2890 caritate
1046 2847 1155 2909 super-

409 2927 584 2990 benedicta
609 2925 771 2988 Trinitatis
801 2925 952 2988 exhibita.
979 2929 1007 2988 A
1039 2929 1153 3005 quinto

1207 1940 1246 2002 ad
1265 1942 1351 2022 quod
1373 1943 1446 2023 quis
1466 1941 1526 2003 sub
1546 1942 1653 2024 specie
1673 1941 1749 2003 boni
1771 1961 1804 2002 se
1820 1939 1954 2019 obligat,

1208 2039 1264 2120 qui
1288 2059 1321 2102 se
1342 2059 1500 2123 exponere
1520 2041 1614 2104 debet
1634 2041 1683 2102 sui
1704 2039 1876 2102 sacerdotis
1897 2057 1955 2099 seu

1207 2137 1399 2201 confessoris
1414 2159 1451 2202 ac
1467 2139 1588 2221 praelati
1605 2138 1800 2214 discretioni,
1818 2146 1849 2200 et
1863 2138 1957 2217 juxta

1208 2236 1295 2299 illius
1305 2237 1462 2319 judicium
1477 2257 1557 2320 opus
1570 2240 1630 2302 tale
1643 2239 1809 2313 redimere,
1818 2237 1879 2299 hoc
1889 2244 1953 2310 est,

1209 2356 1265 2418 per
1280 2338 1500 2418 poenitentiam
1516 2339 1556 2401 de
1571 2339 1668 2400 stulta
1684 2337 1911 2419 promissione,
1924 2343 1958 2397 et

1208 2445 1392 2518 peractum
1413 2456 1487 2500 vere
1513 2438 1689 2501 virtuosum
1712 2456 1745 2499 se
1767 2455 1785 2498 a
1807 2434 1955 2516 periculo

1208 2535 1367 2616 expedire.

1249 2637 1352 2694 Hence
1371 2637 1400 2694 si
1420 2637 1541 2694 voverit
1561 2639 1693 2695 (tornum
1712 2654 1817 2704 suom,
1833 2643 1863 2691 ct
1879 2653 1958 2692 san·

1208 2736 1399 2810 castraverit
1413 2755 1484 2794 eam
1501 2733 1718 2804 nominatae
1734 2740 1792 2808 est,
1810 2731 1955 2794 sobolem

1208 2850 1297 2894 suam
1327 2840 1423 2912 atque
1449 2829 1616 2907 familiam,
1643 2851 1699 2894 seu
1728 2831 1870 2913 corporis
1901 2830 1955 2892 sui

1208 2938 1313 2992 motus
1336 2939 1368 2992 et
1388 2949 1485 3012 opera
1505 2929 1704 3012 proposuerit
1725 2929 1834 2992 adlici
1854 2929 1958 2991 lione

408 3037 516 3088 antam
532 3045 632 3095 acrio,
643 3032 715 3094 etc..
730 3024 805 3104 quia
822 3023 853 3085 in
872 3023 927 3085 illa
942 3032 1033 3086 astate
1048 3025 1153 3088 minor
1170 3030 1191 3091 C
1209 3047 1274 3090 rem
1291 3026 1467 3091 efficaciter
1481 3028 1669 3108 gubernare,
1679 3036 1711 3091 et
1726 3028 1835 3091 divino
1850 3027 1955 3090 cultui

409 3125 561 3188 virtutum
578 3123 731 3206 perfectio
746 3123 893 3203 exigitur.
912 3125 1153 3200 Scaapcoarius

407 3235 436 3286 et
452 3229 541 3285 ultra
558 3227 720 3284 masculus
736 3223 826 3282 (tabit
842 3224 1028 3300 quindecim
1041 3224 1154 3294 siclos,·

408 3325 540 3392 molier,
555 3325 660 3382 decem
676 3339 687 3382 .·
706 3320 782 3402 quia
803 3320 836 3382 in
856 3328 948 3383 aetale
970 3319 1064 3382 senili
1088 3339 1152 3384 non

410 3422 582 3503 requiritur
601 3420 640 3483 ab
666 3420 795 3482 homine
820 3427 926 3481 tantus
949 3420 1086 3482 exterior
1111 3420 1153 3481 la-

408 3521 477 3584 bor.
494 3519 679 3595 Quindecim
703 3527 808 3582 tamen
831 3519 926 3581 siclos
950 3519 1081 3581 reddere
1102 3520 1153 3582 de-

407 3620 471 3697 bet,
490 3621 598 3683 decem
622 3619 785 3701 implendo
800 3627 968 3700 precepta,
987 3637 1059 3680 cum
1084 3637 1154 3681 sen-

408 3740 500 3782 suum
526 3717 738 3801 spiritualium
764 3717 908 3799 quinque
935 3717 1091 3794 custodia,
1119 3729 1155 3785 ut

408 3819 450 3882 sit
470 3837 575 3882 coram
599 3816 752 3900 proximis
772 3815 975 3897 exemplaris,
994 3825 1024 3878 et
1043 3834 1151 3878 eoram

407 3920 471 3980 beo
486 3917 630 3980 internus
646 3935 701 3978 seu
716 3915 995 3996 contemplativus.
1014 3915 1153 3978 Feminea

408 4033 557 4095 magnum
573 4023 621 4075 est
637 4014 663 4076 si
679 4013 826 4078 observet
840 4020 1008 4095 praecepta,
1027 4032 1086 4076 nee
1105 4021 1154 4076 est

408 4115 447 4176 ad
477 4113 777 4195 contemplationem
804 4120 865 4174 tam
892 4112 1006 4174 idonea
1032 4121 1065 4174 ut
1090 4113 1151 4190 vir,

1207 3126 1589 3208 applicare,considerare
1604 3128 1699 3190 debet
1714 3127 1858 3208 superior
1868 3127 1956 3207 ejus,

1207 3244 1247 3287 an
1270 3225 1366 3306 digne
1386 3226 1445 3288 hoc
1469 3227 1599 3308 impleat
1620 3236 1775 3308 quantum
1797 3226 1902 3298 ralet3
1923 3235 1959 3288 et

1207 3342 1271 3405 quo
1286 3323 1500 3387 defectuosior
1520 3326 1553 3386 in
1574 3326 1633 3388 hoc
1654 3324 1751 3388 fuerit
1765 3325 1959 3405 comproba-

1208 3432 1269 3498 tus,
1287 3443 1324 3486 eo
1340 3425 1442 3505 major
1461 3425 1491 3487 ei
1508 3424 1684 3487 satisfactio
1706 3421 1905 3506 imponatur3
1923 3433 1958 3486 et

1207 3520 1233 3584 si
1249 3522 1440 3586 domesticos
1458 3541 1531 3586 suos
1551 3522 1688 3586 voluerit
1710 3543 1730 3586 a
1749 3522 1891 3605 periculo
1916 3522 1956 3584 li-

1207 3620 1328 3698 berare,
1346 3630 1414 3683 oret
1436 3640 1493 3703 pro
1515 3621 1573 3697 eis,
1596 3629 1627 3684 et
1648 3621 1736 3685 omni
1758 3640 1821 3703 quo
1844 3629 1953 3702 potest

1209 3719 1302 3782 modo
1317 3728 1449 3782 conetur
1464 3739 1518 3782 eos
1532 3721 1572 3782 ad
1589 3721 1699 3782 salutis
1715 3720 1838 3782 trabere
1853 3720 1954 3783 viam.

1208 3820 1248 3878 Si
1262 3839 1378 3895 aprum
1392 3822 1598 3897 possessionis
1612 3841 1678 3881 scae
1698 3822 1819 3880 voverit
1832 3829 1862 3878 et
1876 3840 1956 3880 con-

1207 3919 1378 3978 secraverit
1402 3920 1551 3990 Domine,
1565 3920 1670 3995 jueta
1695 3940 1880 3979 recasurum
1906 3939 1958 3976 se·

1208 4019 1323 4076 inentis
1332 4017 1646 4097 osrtrrraoimragcr
1657 4018 1716 4080 isle
1727 4025 1774 4080 est
1784 4019 1955 4100 preprium

1208 4133 1262 4177 eor
1276 4114 1399 4177 semine
1414 4115 1503 4177 verbi
1519 4115 1658 4178 eoelestis
1674 4117 1958 4196 seminatumgra-

408 4213 471 4275 nisi
493 4233 530 4275 ex
551 4213 651 4293 gratia
673 4210 814 4293 speciali.
834 4213 872 4272 Si
888 4231 1015 4290 pauper
1036 4213 1151 4290 faerit,
1169 4216 1193 4276 D
1208 4213 1388 4294 tiarumque
1408 4213 1501 4276 donis
1522 4223 1681 4287 ornatum,
1707 4224 1739 4279 et
1763 4216 1884 4278 meritis
1912 4217 1958 4280 fe

408 4322 481 4390 ete,
499 4314 558 4376 hoc
578 4322 635 4390 est,
654 4312 693 4375 ab
715 4311 911 4394 imperfecto,
933 4311 1166 4389 inexercitata.

408 4412 536 4496 pusillo,
556 4411 639 4489 rudi,
656 4421 688 4474 et
709 4429 746 4474 eo
768 4410 824 4492 qui
847 4409 972 4492 incipit,
997 4410 1042 4471 nil
1069 4412 1153 4472 ultra

408 4511 476 4592 ejus
492 4511 576 4575 viras
593 4509 790 4592 requiratur:
809 4510 863 4572 sed
879 4509 1032 4590 paulatim
1049 4507 1153 4571 aditi-

407 4619 506 4688 eetnr,
524 4609 723 4685 informetur,
745 4608 934 4684 enutriatur,
951 4616 982 4670 et
1007 4607 1153 4689 perficia-

407 4718 468 4773 tur.
495 4709 569 4784 Quis
594 4709 680 4772 enim
706 4708 745 4770 fit
769 4707 875 4770 subito
905 4726 1059 4781 summus,
1089 4707 1151 4768 nisi

405 4810 490 4890 quod
501 4807 715 4891 Omnipotenti
732 4814 846 4869 euneta
858 4803 965 4868 facilia
981 4815 1055 4866 sunt
1065 4809 1077 4866 t
1089 4805 1149 4867 Sed

405 4907 474 4988 ipse
490 4909 573 4970 dona
587 4907 696 4985 gratim
711 4905 807 4967 variis
824 4904 926 4967 modis
943 4903 1087 4982 largitur.

446 5009 582 5068 Antinoi
601 5008 686 5086 qood
704 5006 869 5066 immolari
879 5013 981 5080 potest
997 5006 1149 5074 Domino,

404 5106 434 5164 si
457 5107 530 5183 quis
552 5105 683 5174 voverit,
704 5113 852 5164 sonetum
873 5104 946 5172 erit,
970 5111 999 5162 et
1021 5106 1147 5162 incitari

405 5224 469 5263 non
486 5204 605 5280 poterit
620 5223 632 5260 .·
648 5201 708 5264 hoc
727 5209 786 5277 est,
805 5200 831 5262 si
852 5199 924 5282 quis
947 5200 1071 5263 voverit
1091 5200 1148 5263 ali-

405 5319 501 5386 quem
521 5309 626 5362 actum
646 5299 774 5362 virtutis
793 5299 939 5381 implere,
957 5298 1146 5380 religionem

1208 4312 1380 4374 cundatum
1405 4330 1413 4375 ε
1437 4331 1531 4393 quem
1558 4323 1651 4377 vovet
1676 4315 1749 4395 quis
1773 4316 1847 4392 lleo,
1873 4316 1956 4378 dum

1208 4410 1247 4472 de
1266 4410 1415 4473 omnibus
1433 4411 1525 4474 bonis
1541 4412 1592 4473 his
1608 4411 1744 4476 firmiter
1759 4413 1869 4476 statuit
1889 4414 1956 4476 soli

1207 4508 1370 4572 Altissimo
1383 4518 1488 4589 grates
1500 4518 1531 4572 et
1547 4511 1686 4574 debitam
1703 4512 1886 4575 servitutem
1904 4533 1955 4576 re

1208 4607 1356 4688 pendere,
1374 4627 1392 4669 a
1408 4626 1470 4688 quo
1486 4617 1573 4672 tanto
1588 4611 1710 4691 majora
1725 4630 1760 4673 ac
1778 4611 1869 4692 plura
1882 4613 1955 4673 exi-

1207 4713 1325 4786 guntur
1339 4726 1358 4768 a
1372 4706 1492 4782 Judiee‚
1509 4717 1629 4789 quanto
1645 4709 1718 4790 plus
1734 4708 1832 4771 fuerit
1846 4711 1955 4772 erudi·

1208 4805 1505 4887 tusgratiosiusque
1520 4816 1746 4888 preventuset
1760 4807 1955 4872 affluentius

1206 4903 1409 4986 adimpletus.
1436 4907 1661 4982 Primoqettitc
1685 4929 1757 4986 quw
1781 4911 1825 4968 ad
1839 4911 1953 4968 Dorni-

1207 5024 1287 5064 mtm
1304 5005 1481 5082 pertirwot,
1503 5026 1593 5065 nemo
1612 5001 1815 5083 sanctificare
1830 5012 1955 5084 poterit

1205 5112 1234 5162 et
1250 5123 1371 5164 vovera.
1387 5102 1600 5184 Primogenita
1615 5112 1690 5166 sunt
1706 5103 1837 5186 perfecti
1853 5104 1955 5168 disei-

1206 5201 1285 5283 puli,
1302 5201 1358 5282 qui
1380 5201 1519 5263 bumana
1539 5203 1793 5267 sanctificatione
1814 5221 1878 5265 non
1904 5203 1955 5267 in·

1205 5300 1324 5380 digent,
1342 5309 1373 5363 et
1393 5299 1455 5382 ipsi
1475 5303 1538 5365 lieo
1553 5301 1666 5365 intime
1681 5311 1756 5364 sunt
1770 5302 1952 5382 conjuncti.
