4309 6259
454 483 514 548 690
745 500 918 551 mxnaxrro
939 501 970 548 m
991 503 1059 548 uxr.
1083 502 1178 549 xxxxv
1199 504 1433 551 naurmonoxn.
1456 523 1497 534 —
1517 504 1588 551 xnr.
1612 504 1709 550 xxxix

453 679 484 732 et
509 672 604 734 etiarn
629 679 711 734 stare
737 672 857 748 lunam,
875 671 994 754 Moyses
1020 680 1125 736 tamen
1150 692 1200 735 ex·
1214 674 1239 735 Α
1253 693 1305 736 eas
1331 675 1470 737 rationes
1491 675 1565 756 agni
1588 674 1757 756 paschalis,
1777 673 1929 753 iugisque
1953 691 2003 733 sa-

452 769 547 831 ressit
569 789 623 833 eos
646 770 678 831 in
705 769 910 832 multitudine
937 777 968 833 et
989 769 1198 832 diuturnitate
1253 771 1370 835 erilieii
1391 781 1422 834 et
1442 772 1576 835 aliarum
1596 771 1794 834 oblationum
1817 769 1998 850 legalium:

453 867 628 947 signorum.
646 869 740 932 Porro
761 869 799 931 ad
820 868 958 950 primum
975 878 1197 949 argumentum
1253 888 1309 952 per
1324 871 1528 951 quaomnia,
1545 869 1661 932 Christi
1681 869 1830 952 mysteria
1846 876 1877 930 et
1893 868 2001 950 passio

452 966 587 1028 Thomas
609 968 788 1049 respondet,
807 967 891 1048 quod
911 975 1066 1048 quantum
1082 969 1121 1030 ad
1137 968 1197 1032 hoe
1253 969 1389 1031 multum
1411 969 1576 1032 evidenter
1594 975 1690 1048 atque
1711 965 1831 1028 dilluse
1853 965 2001 1047 praeiigu·

452 1066 548 1128 David
571 1067 708 1143 excellit,
726 1067 810 1148 quod
832 1066 1060 1131 incarnationis
1081 1066 1197 1131 Christi
1253 1067 1412 1129 rabuntur.
1422 1067 1461 1130 Et
1475 1067 1586 1149 utique
1597 1065 1703 1129 decuit
1714 1073 1860 1128 sanetum
1871 1063 1998 1145 Moysen

453 1165 637 1245 mysterium
664 1165 790 1246 plenius
814 1164 962 1245 cognovit
987 1174 1018 1228 et
1043 1167 1198 1248 expressit
1253 1165 1466 1246 legislatorem
1489 1165 1660 1247 multiplici
1682 1162 1870 1226 excellentia
1889 1162 1997 1224 ornari

453 1281 547 1342 quam
573 1262 703 1344 Moyses.
730 1263 855 1325 Certum
882 1269 941 1342 est,
968 1263 1053 1343 quod
1080 1263 1198 1326 elarius
1253 1263 1285 1325 iu
1303 1264 1376 1327 vilra
1391 1264 1569 1340 sanctitate,
1587 1263 1879 1343 miraculorumque
1895 1261 1998 1342 gloria

454 1362 533 1424 illud
557 1363 723 1444 expressit,
745 1363 800 1425 sed
827 1361 982 1426 incertum
1002 1362 1139 1438 videtur,
1156 1383 1196 1426 an
1252 1371 1283 1425 et
1298 1363 1475 1425 eoelestium
1492 1363 1615 1426 notitiis
1634 1371 1839 1424 secretorum.
1864 1360 1910 1422 Ad
1934 1361 1999 1422 lau·

452 1459 569 1522 elarius
586 1461 663 1523 illud
680 1461 828 1540 cognovit
845 1479 852 1524 :
870 1460 956 1542 quia,
974 1461 1062 1542 juxta
1079 1461 1198 1542 praeha-
1251 1462 1323 1524 dem
1335 1461 1826 1544 rtgloriamOmnipotentis,qui
1839 1469 1999 1540 estsuper

451 1557 529 1632 hita,
546 1558 665 1640 Moyses
682 1558 835 1620 intellexit
857 1557 1010 1620 litterales
1029 1577 1065 1621 ao
1087 1559 1196 1639 mysti-
1251 1560 1450 1622 omnialleus
1466 1561 1613 1623 sublimis
1627 1569 1659 1622 et
1674 1559 1871 1622 benedictus.
1882 1558 1995 1620 Amen.

709 3135 819 3185 Ftttts
852 3133 1246 3186 COMMENTARIORUM
1281 3133 1391 3184 ttttttt
1422 3133 1741 3186 nnurnnottotttt
