4309 6259
575 499 749 546 manuario
770 499 802 544 m
823 497 890 543 cnr.
914 497 968 544 xm
988 499 1125 546 savirum.
1148 519 1188 530 -
1208 503 1285 549 aur:
1303 502 1341 550 xc
1668 469 1727 554 tlt

174 669 398 733 sacerdotibus
413 670 568 749 legalibus
584 678 659 732 sunt
674 669 816 752 praelixa.
835 667 968 730 Dieith
998 708 1001 712 ι
1023 672 1099 731 Nora
1117 675 1234 732 radent
1254 683 1362 750 caput,
1385 695 1442 736 nee
1462 673 1606 746 barbam,
1626 698 1727 758 aeque

173 787 301 847 quoque
314 765 535 829 hominesue
552 771 683 846 Moysen
701 790 712 828 :
727 771 869 846 Loquere
883 770 927 826 ad
982 767 1019 826 in
1040 771 1193 830 carnibus
1213 773 1281 830 suis
1303 773 1425 852 sacient
1446 776 1618 837 incisuros.
1640 777 1725 840 Istud
1867 839 1870 850 ,

172 869 353 926 sacerdotes
361 869 449 944 filios
458 870 584 937 Aaron,
593 866 663 948 ipso
674 864 829 947 pontifice
844 863 927 926 inle
983 884 1079 947 supra
1100 865 1216 948 legitur
1235 868 1315 930 liliis
1336 870 1429 934 lsrael
1448 871 1638 952 generaliter
1656 893 1726 939 esse
1762 893 1814 937 aa.
1829 909 1871 946 xlx,

174 962 332 1038 riores,·et
346 966 432 1023 dices
447 968 491 1024 od
510 984 560 1025 eos
576 986 587 1023 .·
600 967 673 1025 Non
688 965 927 1023 contaminetur
982 963 1191 1043 prohibitum,
1208 976 1338 1049 propter
1353 988 1464 1032 causas
1479 971 1524 1033 ibi
1542 992 1723 1056 expressas;
1741 957 1773 1005 ²⁷*
1785 959 1819 999 ²⁸·

172 1064 322 1121 sacerdos
344 1063 382 1120 in
403 1063 560 1122 mortibus
582 1064 706 1121 civium
727 1081 873 1129 suorum,
895 1059 926 1120 id
981 1079 1068 1124 nunc
1088 1081 1163 1126 vero
1184 1065 1364 1147 specialiter
1385 1070 1602 1132 sacerdotibus
1622 1072 1726 1153 prohi-

173 1167 234 1235 est,
244 1159 356 1221 nullus
366 1160 567 1222 sacerdotum
579 1159 770 1222 interiorum
785 1158 928 1220 incurrat
981 1157 1085 1236 betur,
1098 1161 1154 1242 qui
1170 1181 1235 1244 pree
1249 1165 1363 1227 ceteris
1379 1166 1557 1229 debuerunt
1572 1169 1612 1231 ab
1629 1170 1727 1234 idolo·

173 1255 420 1320 inidoneitatem
441 1257 582 1320 intrandi
603 1265 748 1320 sanctum
771 1256 875 1319 locum
895 1263 927 1318 et
981 1256 1070 1319 latris
1087 1268 1118 1321 et
1133 1260 1267 1324 curiosis
1287 1283 1323 1325 ac
1344 1265 1434 1326 vanis
1454 1265 1639 1330 hominibus
1656 1287 1725 1332 esse

173 1354 384 1418 sacrificandi
395 1355 495 1430 inco,
507 1355 716 1435 ingrediendo
730 1355 770 1416 ad
786 1353 925 1434 aliquem
981 1355 1184 1418 distincti.Et
1198 1360 1284 1440 quod
1300 1379 1384 1424 nunc
1400 1362 1603 1440 dicitur,Non
1615 1367 1727 1428 radent

173 1451 367 1515 defunctum
389 1453 423 1515 iu
445 1453 525 1516 urbe
544 1473 600 1517 scu
621 1453 699 1515 villa
720 1451 927 1514 habitationis
981 1460 1088 1532 caput,
1105 1472 1169 1517 non
1191 1463 1239 1517 est
1259 1456 1504 1537 intelligendum
1524 1462 1609 1541 quod
1632 1481 1726 1526 nova.

173 1570 252 1627 suae,
264 1554 334 1612 nisi
350 1561 478 1612 tuntum
493 1553 529 1612 in
544 1552 792 1628 consanguineis
806 1570 845 1610 uc
853 1569 927 1626 pro·
981 1548 1053 1610 cula
1064 1568 1227 1632 nunquam
1238 1554 1423 1619 ascenderet
1433 1566 1528 1639 caput
1538 1537 1659 1635 eorum,
1668 1559 1726 1622 sic·
1738 1574 1806 1620 Nam.
1815 1590 1842 1629 vr,
1851 1579 1871 1621 ⁵.

170 1653 325 1728 pinquis,
341 1652 378 1710 ici
392 1660 547 1726 estsuper
557 1659 686 1727 patrem
700 1657 730 1708 et
745 1658 880 1708 matrem
895 1658 925 1706 et
981 1653 1016 1706 ut
1027 1648 1066 1709 de
1076 1651 1239 1731 perpetuis
1251 1653 1400 1716 nazaraeis
1412 1653 1516 1718 lucrat
1525 1656 1660 1737 jussum,
1670 1659 1725 1721 sed

172 1750 262 1824 filios
277 1769 317 1808 ac
330 1748 433 1824 fitius,
447 1748 587 1823 fratrem
601 1766 725 1825 quoque
738 1754 768 1805 et
787 1765 924 1804 sororem
982 1762 1021 1805 ne
1042 1744 1075 1806 iu
1093 1748 1263 1810 rotundum
1284 1751 1486 1814 attenderent
1504 1761 1609 1835 caput,
1632 1763 1726 1836 prout

173 1847 352 1922 virginem,
369 1866 442 1924 qaue
456 1865 522 1904 noa
536 1852 582 1903 est
596 1853 699 1919 nuptu
715 1844 798 1913 viro,
816 1842 924 1917 idest,
944 1842 1120 1924 Bcapitulo
1143 1846 1352 1911 nonodecimo
1373 1849 1565 1912 continetur.
1582 1851 1671 1914 Unde
1691 1853 1724 1916 in

171 1943 213 2005 ad
230 1943 290 2005 has
303 1961 456 2024 personas
472 1941 640 2004 defunctas
656 1940 773 2022 poterit
788 1939 924 2019 ingredi,
981 1940 1145 2004 Ezechiele
1160 1942 1293 2006 habetur
1311 1962 1318 2006 :
1335 1945 1435 2028 Caput
1450 1965 1514 2010 non
1532 1949 1653 2027 radent,
1666 1970 1725 2014 nec
1772 1966 1857 2012 seat.

172 2049 205 2102 ct
221 2049 335 2104 earum
351 2040 506 2102 iuteresse
522 2038 689 2101 funeribus
703 2055 710 2099 :
724 2047 756 2100 et
772 2046 877 2100 tamen
888 2055 926 2099 ex
980 2057 1104 2101 comam
1124 2040 1277 2118 nutrient,
1300 2044 1353 2106 sed
1374 2046 1541 2109 tondentes
1560 2048 1726 2112 attondent
1745 2042 1799 2080 ‘'⁴''
1811 2031 1844 2074 ²⁰·

172 2139 236 2202 hoc
252 2137 541 2214 'contaminabilem
560 2135 725 2219 praelatam
747 2133 928 2216 irregulari·
980 2137 1085 2218 capita
1109 2157 1186 2213 sua;
1213 2148 1323 2222 utpote
1349 2141 1488 2205 medium
1518 2144 1724 2211 observantes

172 2245 273 2300 tatem
290 2237 522 2313 incurrendae
537 2254 600 2316 qua
616 2253 672 2317 per
687 2234 926 2316 adspersiouem
981 2236 1065 2299 inter
1081 2236 1296 2301 omnimodam
1312 2240 1512 2306 abrasionem
1527 2251 1559 2306 et
1574 2245 1726 2310 immode-

171 2355 267 2418 aquae
288 2333 481 2417 expiationis
501 2333 689 2414 indigebant
704 2331 844 2414 purgari.
862 2334 927 2393 Sed
981 2343 1080 2396 ratam
1104 2335 1390 2416 prolongationem.
1410 2339 1498 2404 Unde
1520 2341 1726 2425 Septuaginta

172 2455 232 2495 nec
254 2437 292 2495 in
309 2435 462 2511 principe
480 2434 599 2509 populi
618 2433 673 2491 sui
692 2431 927 2491 contaminabi—
983 2433 1212 2496 transtulerunt
1238 2433 1356 2498 ibidem
1379 2455 1386 2498 :
1409 2438 1447 2500 Et
1468 2458 1574 2502 comas
1597 2459 1660 2504 non
1686 2443 1725 2504 ad

174 2544 242 2606 ear,
260 2532 295 2594 id
310 2538 369 2606 est,
392 2530 431 2592 au
451 2529 523 2610 eius
543 2527 640 2590 funus
657 2537 689 2590 et
705 2525 926 2608 sepelitionem
982 2549 1127 2611 pressum
1144 2532 1331 2596 tondebunt.
1342 2538 1458 2597 Sancti·
1471 2543 1642 2601 munima
1656 2561 1724 2612 sao,

63 2689 66 2693 .
173 2650 240 2694 nou
258 2628 468 2710 ingrediatur,
487 2644 527 2689 nc
542 2626 729 2689 maculetur.
982 2627 1095 2706 idest,
1120 2649 1192 2692 cum
1219 2632 1348 2713 speciali
1372 2635 1530 2699 munditia
1551 2637 1615 2700 Deo
1639 2657 1728 2702 vaca-

212 2729 307 2792 Circa
329 2727 390 2790 hoc
412 2725 524 2788 scribit
544 2725 680 2787 Thomas
702 2723 736 2784 in
756 2723 859 2805 prima
879 2741 927 2784 se·
981 2727 1073 2805 bunt,
1101 2731 1277 2810 praesertim
1303 2739 1446 2814 tempore
1470 2735 1641 2798 ministerii
1664 2738 1725 2800 sui.

172 2827 315 2890 cundm:
336 2822 474 2887 hlalelici
497 2831 528 2886 et
550 2823 730 2885 sacerdotes
754 2820 923 2894 idolorum,
980 2829 1024 2888 Et
1048 2848 1113 2888 non
1135 2832 1282 2916 polluerat
1306 2850 1422 2892 nomen
1446 2833 1526 2910 ejus.
1554 2837 1726 2898 lucensem

173 2927 207 2987 iu
224 2925 295 2988 suis
310 2922 426 2985 ritibus
447 2921 618 2983 utebantur
637 2920 764 2983 ossibus
784 2937 840 2981 seu
859 2936 926 2980 car-
980 2926 1068 2985 enim
1083 2926 1218 2986 Domini
1231 2935 1261 2986 et
1272 2945 1374 3002 panes
1389 2930 1450 2988 Dei
1468 2933 1534 3000 sui,
1556 2930 1588 2993 id
1609 2941 1657 2993 est
1671 2951 1727 3013 pa·

174 3025 273 3086 nibus
293 3021 462 3085 hominum
484 3026 683 3082 mortuorum
702 3035 708 3078 ἰ
726 3017 799 3079 ideo
818 3016 858 3078 ad
873 3026 962 3088 eit-C
981 3041 1038 3085 nes
1053 3021 1186 3084 Domino
1207 3033 1417 3100 consecratos,
1435 3030 1595 3105 offerunt·
1608 3040 1638 3091 et
1653 3033 1724 3092 ideo

171 3122 380 3204 stirpandum
403 3117 591 3181 idololatriae
616 3116 748 3191 cultum,
773 3113 925 3197 pracepit
978 3123 1083 3181 sancti
1097 3131 1203 3192 erunt,
1214 3120 1245 3183 id
1257 3129 1314 3198 est,
1325 3139 1393 3184 esse
1410 3132 1558 3187 tenentur
1568 3135 1600 3189 et
1610 3128 1723 3192 merito

173 3221 331 3284 Domims
346 3225 381 3280 ut
395 3217 575 3280 sacerdotes
590 3214 741 3290 minores,
758 3212 813 3295 qui
828 3211 924 3275 certis
978 3219 1248 3298 esseut,quamvis
1260 3238 1343 3301 saepe
1353 3221 1517 3303 contingat
1527 3226 1724 3306 oppositum.-

171 3317 377 3401 temporibus
387 3313 612 3377 ministrabant
622 3312 656 3374 in
667 3311 923 3388 sanctuario,ucu
978 3317 1049 3379 Haec
1064 3316 1212 3397 equidem
1229 3326 1304 3379 sunt
1319 3328 1486 3400 praecepta,
1504 3324 1723 3407 quamvisper

172 3418 424 3500 inquinarentur
443 3413 482 3474 in·
493 3412 651 3475 mortibus
668 3411 729 3473 nisi
746 3410 839 3472 valde
855 3427 924 3491 pro·
979 3414 1109 3476 modum
1126 3413 1276 3495 precepti
1292 3432 1355 3477 non
1371 3416 1601 3497 exprimantur.

173 3517 384 3600 pinquorum.
396 3509 541 3574 Pontifex
555 3517 662 3572 autem
678 3527 805 3590 semper
814 3506 925 3570 debuit
1019 3515 1168 3574 Scortum
1189 3523 1219 3573 et
1239 3515 1303 3573 nite
1319 3517 1536 3591 prostitutum
1550 3539 1615 3580 aon
1629 3524 1724 3583 ducet

173 3633 245 3678 esse
267 3619 398 3695 paratus
420 3609 459 3670 ad
482 3607 696 3670 ministerium
719 3605 891 3668 sanctuarii
914 3622 921 3666 :
979 3630 1124 3682 imorem,
1149 3609 1182 3671 id
1204 3618 1253 3672 est
1274 3611 1473 3675 meretricem
1496 3633 1552 3677 seu
1573 3618 1725 3696 prostitu-

174 3713 249 3775 ideo
263 3711 294 3773 ei
310 3706 508 3791 prohibitum
520 3705 583 3769 luit
592 3706 743 3768 accedere
752 3712 924 3778 mortuum,
980 3717 1056 3783 tam,
1066 3706 1142 3788 quia
1158 3707 1217 3771 hoc
1229 3717 1372 3788 vergeret
1386 3709 1418 3770 iu
1434 3710 1570 3774 dedecus
1582 3717 1725 3780 sacerdo-

173 3805 474 3892 quautumcu'mque
496 3805 724 3887 propinquum.
749 3805 792 3865 De
813 3802 923 3864 eadem
981 3806 1032 3882 tis,
1050 3827 1107 3866 uec
1126 3828 1197 3867 eam
1218 3827 1289 3887 qum
1307 3810 1482 3886 repudiata
1497 3820 1541 3870 est
1557 3833 1577 3872 a
1592 3817 1722 3887 marito,

174 3907 311 3970 materia
336 3905 420 3969 libro
445 3904 485 3966 de
509 3903 585 3965 Fide
607 3911 639 3964 et
664 3900 787 3982 legibus
812 3899 925 3962 scribit
945 3969 949 3974 ⁷
980 3904 1056 3986 quia
1067 3904 1106 3967 dc
1116 3903 1317 3967 illa‘hahetur
1327 3904 1467 3986 suspicio
1478 3907 1564 3985 mali,
1578 3913 1724 3990 quamvis

174 4005 366 4068 Guillelmus
388 4021 395 4064 :
417 4001 555 4064 Mortuos
576 3999 778 4080 generaliter,
798 4007 862 4060 tam
878 3998 925 4060 vi·
981 4002 1063 4065 lorte
1088 4002 1239 4064 immunis
1265 4002 1326 4076 sit;
1353 4005 1432 4083 quia
1457 4019 1656 4069 consecratus
1680 4022 1725 4074 est

176 4124 228 4167 ros
253 4122 352 4186 quam
378 4098 540 4176 mulieres,
568 4099 752 4160 immundos
778 4115 848 4160 esse
874 4096 924 4158 lex
979 4103 1044 4162 Deo
1059 4119 1138 4161 suo:
1153 4100 1225 4163 ideo
1239 4102 1279 4163 ab
1295 4101 1442 4164 exteriori
1458 4120 1586 4185 quoque
1601 4106 1724 4172 vilitate

176 4203 290 4279 voluit,
308 4209 344 4263 ut
358 4200 522 4279 elongaret
537 4196 692 4278 populum
707 4196 802 4258 lsrael
821 4215 840 4257 a
859 4195 923 4256 ritu
940 4202 963 4262 D
979 4208 1011 4261 et
1026 4197 1169 4263 foeditate
1179 4199 1273 4261 debet
1287 4218 1410 4262 cavere.
1420 4200 1603 4265 inhonestas
1618 4214 1723 4270 autem

176 4298 351 4362 funerandi
374 4314 471 4376 quem
495 4292 656 4359 habebant
681 4291 866 4368 idololatrae,
893 4298 924 4354 et
980 4295 1088 4358 uxoris
1103 4297 1258 4358 redundat
1273 4295 1306 4357 in
1325 4295 1439 4373 virum,
1455 4317 1555 4378 quum
1576 4321 1639 4364 una
1659 4303 1724 4368 sint

174 4397 216 4460 ab
240 4395 394 4478 operibus
423 4391 581 4454 maleficis
605 4409 642 4452 ac
667 4389 922 4466 necromanticis,
979 4411 1063 4456 caro.
1089 4393 1253 4456 Redundat
1272 4411 1400 4474 quoque
1421 4393 1453 4454 in
1475 4395 1627 4461 sobolem.
1644 4401 1724 4466 Hinc

175 4514 315 4578 quorum
331 4492 432 4555 multa
447 4489 583 4570 legimus
600 4507 607 4552 :
626 4489 762 4569 ideoque
781 4487 836 4569 qui
858 4496 926 4550 tan-
980 4489 1094 4553 asserit
1108 4490 1244 4552 Thomas
1262 4489 1474 4572 :Praeceptum
1490 4500 1538 4554 est
1553 4494 1646 4558 etiam
1663 4499 1722 4577 eis,

175 4603 267 4677 geret
285 4599 440 4666 mortuos,
458 4584 543 4651 esset'
563 4587 758 4649 immundus.
777 4585 925 4649 Sacerde
981 4607 1021 4651 ne
1036 4589 1189 4651 ducerent
1205 4606 1333 4651 uxorem
1350 4588 1549 4652 meretricem
1565 4601 1619 4655 aut
1636 4613 1726 4679 repu-

178 4702 225 4756 tes
245 4698 354 4752 autem
374 4685 528 4770 prohibiti
549 4694 624 4747 sunt
642 4685 761 4747 intrare
781 4685 822 4746 ad
843 4702 926 4747 mor·
982 4685 1111 4762 dietam,
1129 4685 1185 4748 sed
1200 4684 1359 4765 virginem
1379 4703 1385 4746 :
1406 4691 1473 4746 tum
1494 4696 1623 4770 propter
1639 4711 1727 4758 reve-

178 4801 263 4865 tuos,
279 4794 492 4870 preterquam
507 4784 547 4845 ad
563 4801 628 4859 sex,
641 4783 682 4845 ad
697 4801 777 4863 quos
793 4782 926 4845 introire
982 4783 1117 4846 rentiam
1141 4783 1351 4860 sacerdotum,
1369 4801 1505 4863 quorum
1527 4785 1667 4867 dignitas
1690 4811 1728 4855 ex

177 4885 329 4971 permissi
341 4891 476 4960 sunt,ne
489 4882 711 4944 lexvideretur
723 4880 819 4942 nimis
836 4881 927 4941 inhu-
982 4879 1038 4943 tali
1058 4881 1208 4962 conjugio
1229 4880 1390 4944 videretur
1410 4881 1645 4961 quodammodo
1671 4888 1730 4950 mi·

177 5003 276 5049 mana
285 4992 318 5047 et
326 4984 417 5046 dura.
430 4981 464 5043 ln
479 4980 688 5042 Numerorum
705 4998 833 5061 quoque
845 4979 927 5040 libro
983 4979 1050 5054 nui,
1063 4987 1131 5061 tum
1142 4977 1271 5061 propter
1280 4996 1391 5042 eorum
1405 4977 1500 5056 lilios,
1513 4981 1630 5061 quibus
1646 4995 1730 5049 essct

71 5104 78 5114 ·
121 5121 163 5157 m,
178 5084 308 5165 legitur,
325 5087 489 5144 mortuum
511 5097 581 5141 esse
603 5078 816 5154 immundum,
834 5086 866 5140 et
884 5086 929 5140 ta-
983 5078 1022 5140 ad
1033 5077 1242 5156 ignominiam
1254 5075 1418 5157 turpitudo
1429 5077 1643 5160 matris,quod
1654 5091 1729 5147 tuuc

177 5180 391 5246 bcruaculum
401 5196 594 5258 omnemque
604 5175 836 5258 supellectilem
847 5174 924 5256 ejus,
984 5174 1122 5237 maxime
1136 5183 1203 5237 erat
1217 5173 1394 5250 vitandum,
1411 5175 1539 5254 quando
1560 5180 1727 5244 sacerdotii

178 5278 344 5362 eteosqui
356 5276 578 5357 ingrediuntur
589 5275 827 5340 tabernaculum
838 5274 925 5336 illud.
985 5273 1124 5353 dignitas
1146 5272 1321 5335 secundum
1342 5271 1577 5337 successionem
1601 5279 1728 5356 generis

307 5413 340 5464 T.
358 5410 385 5460 2.
1574 5409 1607 5460 18
