4309 6259
560 494 733 542 accubatio
755 496 786 541 tn
807 497 876 542 (ΞΜ).
900 497 941 542 vlt
961 497 1157 544 nouenontut.
1180 516 1220 527 -
1240 499 1311 544 ant.
1334 499 1389 544 lllll
1687 481 1747 547 359

203 667 258 733 tes,
276 677 294 719 a
309 659 429 740 quibus
450 664 586 730 deducta
604 666 733 728 luerunt
753 675 826 730 ante
848 666 946 730 altare
961 667 985 730 ll
1001 667 1173 746 miamatis,
1198 677 1307 751 utpote
1329 670 1544 752 thymiamate.
1567 672 1686 730 Bovem
1705 673 1746 729 de

202 757 379 824 holocausti
397 763 430 824 in
448 764 540 828 atrio.
558 767 715 845 Dicitque
729 769 888 828 Dominus
904 771 947 826 aet
1000 767 1196 840 armentale
1208 775 1255 830 est
1266 777 1427 850 sumptum
1440 768 1584 849 degrege
1595 786 1744 850 pecorum

201 861 334 936 Moysen
351 883 362 922 .·
378 865 515 940 Sinyttli
529 868 625 924 drtees
642 886 702 942 per·
716 868 859 942 sinuatos
878 869 946 926 dies
1001 883 1066 926 suat
1083 865 1212 946 speciei,
1222 876 1251 926 et
1267 869 1412 936 arietem,
1423 876 1453 926 et
1468 886 1591 943 nonum
1606 867 1745 924 annicu-

199 964 337 1035 offeront
354 983 489 1022 interiere
508 965 541 1024 in
556 965 759 1024 dedicatione
774 966 901 1036 altoris,
915 964 946 1026 id
1001 967 1069 1022 lum
1092 965 1128 1024 ia
1151 966 1382 1036 holocaustum,
1405 965 1449 1026 ita
1470 964 1556 1044 quod
1577 962 1744 1043 agniculus

199 1065 245 1118 est
261 1057 296 1119 in
318 1066 460 1142 tompore
479 1079 543 1141 quo
565 1063 664 1124 altare
686 1071 733 1126 est
753 1063 943 1140 dedicatum,
1001 1061 1071 1138 iste,
1090 1061 1140 1125 vcl
1156 1072 1241 1124 certe
1258 1062 1318 1124 tria
1333 1081 1447 1144 pecora
1462 1062 1528 1139 illa,
1547 1061 1579 1124 in
1596 1061 1744 1124 holocau-

199 1175 254 1222 scu
277 1158 317 1219 ad
340 1160 550 1222 reverentiam
566 1160 776 1224 dedicationis
796 1162 894 1238 itlius,
912 1171 947 1224 ut
1001 1168 1085 1221 stum
1102 1161 1334 1224 ollerebantur.
1352 1165 1552 1240 Hircumque
1563 1179 1624 1238 pro
1635 1179 1744 1237 pecce-

199 1273 236 1318 cx
259 1264 324 1318 tam
348 1257 472 1320 solenni
496 1259 658 1322 oblatione
682 1261 840 1324 dedicatio
861 1261 947 1325 vide·
1001 1259 1125 1320 tollam
1138 1259 1245 1322 hircus
1257 1279 1314 1341 pro
1325 1269 1454 1342 peccato
1465 1258 1620 1342 principis
1630 1256 1743 1322 ollerri
1770 1275 1888 1323 aaa-,aa

200 1363 288 1418 retur
308 1356 475 1420 celebrior.
495 1358 627 1421 illicitur
643 1360 770 1422 demum
787 1379 825 1422 ex
840 1359 946 1424 verbis
1001 1357 1134 1435 solebat,
1158 1368 1193 1420 ut
1215 1358 1336 1421 dictum
1358 1366 1405 1420 cst
1426 1359 1458 1420 in
1481 1357 1632 1421 Levitico.
1650 1359 1692 1417 Et
1707 1359 1744 1416 ia

200 1453 281 1530 istis,
309 1456 395 1536 quod
420 1455 588 1520 duodecim
613 1457 775 1540 principes
806 1459 946 1522 intende·
999 1459 1160 1534 sacrificio
1186 1460 1414 1535 pacificorum,
1444 1460 1531 1517 boves
1559 1459 1650 1516 daos.
1677 1456 1744 1518 Duo

199 1555 276 1618 bant
292 1574 405 1618 omnes
428 1573 491 1618 una
508 1555 560 1618 die
578 1575 634 1618 sua
656 1555 815 1620 sacrificia
837 1558 947 1620 immo·
1000 1555 1099 1618 boves
1115 1554 1163 1616 illi
1180 1555 1429 1618 immolabantur
1450 1555 1483 1617 in
1503 1553 1640 1617 bostiam
1661 1553 1746 1636 paci..-

200 1652 266 1716 lare
290 1672 297 1714 :
321 1653 385 1716 imo
407 1672 472 1716 uno
492 1653 601 1717 animo
621 1654 680 1717 hoc
702 1653 856 1716 lecerunt.
875 1655 947 1718 Pro
1002 1653 1097 1716 licum
1114 1673 1171 1735 pro
1186 1654 1359 1732 gratiarum
1381 1655 1506 1717 actione
1521 1654 1561 1715 dc
1576 1650 1745 1715 beneficiis

198 1761 269 1834 pter
284 1751 371 1832 quod
388 1750 508 1814 dictum
524 1760 582 1828 cst,
594 1752 784 1815 Obtulerunt
800 1755 896 1816 ducos
913 1753 945 1816 in
1001 1752 1094 1828 datie,
1111 1760 1207 1833 atque
1223 1771 1281 1834 pro
1296 1772 1374 1835 pace
1389 1761 1421 1815 et
1436 1752 1538 1814 salute
1557 1749 1745 1834 praestandis

198 1850 401 1914 dedicatione
427 1849 535 1912 altaris
561 1849 612 1913 dic
638 1870 701 1931 qua
730 1858 861 1913 unctum
886 1861 945 1928 est,
964 1849 1053 1914 Baut
1068 1851 1307 1914 conservandis.
1325 1855 1451 1913 Arr'etea
1470 1834 1624 1930 pariaque,
1641 1851 1746 1910 hireos

197 1949 291 2030 quasi
308 1948 417 2030 plures
438 1968 501 2011 una
516 1949 568 2012 die
583 1949 793 2026 obtulissent;
813 1951 868 2012 scd
884 1951 946 2013 Deo
1001 1953 1158 2030 quinque,
1179 1970 1278 2027 aenos
1302 1953 1472 2011 enrrievttos
1496 1950 1651 2029 quinque.
1675 1947 1746 2010 llaec

196 2048 343 2129 jubente,
353 2047 538 2112 obtulerunt
549 2048 731 2129 singulatim
743 2048 878 2129 quilibet
890 2067 946 2112 suc
1001 2048 1119 2110 etenim
1135 2048 1287 2110 animalia
1301 2056 1391 2111 erant
1406 2046 1624 2110 immolaticia.

198 2147 261 2212 dic.
1035 2146 1149 2226 Sicque
1160 2147 1269 2210 decem
1282 2156 1315 2209 ct
1327 2154 1448 2227 septem
1465 2143 1615 2207 animalia
1630 2143 1748 2206 obtulit

240 2248 355 2308 Primo
375 2247 429 2306 die
450 2244 649 2307 oblationum
671 2245 814 2322 istarum,
832 2247 947 2306 obtulit
1001 2244 1139 2306 Naesson
1157 2244 1189 2306 in
1208 2244 1360 2326 pacilicas
1378 2243 1509 2320 hostias,
1527 2243 1588 2304 tria
1608 2241 1641 2304 in
1661 2241 1748 2304 holo·

197 2347 390 2406 oblationem
400 2363 494 2404 stiam
505 2345 650 2405 Naessum
661 2345 947 2422 filiasrlntt'nadcb
1001 2351 1157 2419 caustum,
1176 2351 1207 2405 et
1223 2363 1322 2404 unum
1338 2361 1396 2425 pro
1412 2350 1552 2424 peccata,
1564 2360 1636 2422 quat
1651 2339 1747 2402 simul

197 2447 237 2504 de
261 2445 349 2502 tribe
370 2445 469 2504 lacta.
487 2444 699 2521 Fuerantqae
716 2444 753 2502 ia
772 2463 820 2514 ee,
839 2442 945 2517 idest,
1003 2440 1133 2502 luerunt
1155 2441 1270 2520 viginti
1295 2460 1395 2504 unum
1423 2441 1568 2521 jumenta
1585 2457 1592 2503 ε
1611 2456 1747 2520 quorum

199 2543 233 2605 iu
251 2541 341 2604 totali
358 2540 414 2602 illa
429 2539 591 2602 oblatione
607 2540 864 2616 continebantur,
881 2561 948 2600 aee·
1000 2539 1145 2604 omnium
1161 2548 1274 2616 certas,
1284 2540 1520 2613 determinatas,
1532 2537 1749 2618 litteralesque

199 2643 348 2704 atatam
364 2649 554 2716 oryentecm
566 2643 816 2716 pandoceatunt
834 2641 948 2716 triqin-
1003 2639 1141 2701 rationes
1171 2638 1344 2717 assignare,
1372 2657 1467 2720 super
1496 2637 1636 2700 bominis
1664 2635 1748 2698 vires

199 2751 233 2801 te
246 2737 457 2808 sz'ctaram,id
471 2745 520 2799 est
532 2738 722 2817 ponderans,
736 2757 791 2799 seu
808 2738 948 2818 pondere
1002 2745 1060 2812 ost,
1070 2735 1218 2817 quamvis
1234 2744 1357 2799 constet
1372 2736 1468 2798 Deum
1486 2733 1532 2797 nil
1548 2735 1662 2798 horum
1679 2733 1748 2797 sinc

198 2837 370 2902 continens
386 2835 481 2898 siclos
497 2845 625 2898 centum
643 2835 782 2915 triginta.
796 2836 838 2928 lle
854 2855 948 2916 quan·
1002 2835 1125 2898 ratione
1142 2834 1331 2915 precepisse
1352 2833 1505 2914 legitima.
1522 2833 1747 2896 Verumtamen

199 2937 290 3000 litate
306 2934 584 3010 autem,etvalore
600 2934 851 3016 duplicitateque
866 2933 945 3010 sicli,
1001 2933 1132 3015 quidam
1155 2932 1309 3012 quasdam
1330 2931 1549 3013 adoptationes
1571 2930 1745 3008 adducunt,

198 3035 320 3097 dictum
337 3039 386 3096 est
401 3051 495 3114 saepe.
506 3031 564 3094 Pro
580 3032 756 3108 acetabulo,
769 3031 902 3095 habetur
914 3032 947 3094 in
964 3025 985 3090 C
1002 3051 1073 3114 quae
1095 3031 1214 3094 modici
1236 3039 1311 3092 sunt
1332 3030 1497 3106 momenti,
1515 3029 1599 3092 sicut
1618 3037 1650 3091 et
1669 3028 1747 3090 alibi

197 3132 341 3208 Hebraeo,
360 3129 504 3193 scutella.
522 3131 555 3192 ln
571 3130 631 3194 boc
647 3139 752 3192 autem
770 3130 945 3208 acetabulo,
1002 3139 1050 3194 est
1073 3130 1252 3212 probatum.
1269 3129 1308 3190 Et
1330 3147 1425 3210 super
1447 3128 1537 3205 illud,
1555 3127 1747 3208 Hircumque

197 3231 377 3294 secundum
392 3228 526 3309 aliquos,
539 3229 800 3292 considerabatur
815 3230 948 3292 materia
1003 3249 1060 3312 pro
1076 3236 1217 3311 peccato,
1227 3226 1339 3290 scribit
1351 3226 1542 3308 quidam,rld
1555 3224 1747 3308 expiandum

197 3328 381 3404 ollerenda,
398 3345 438 3389 an
461 3335 544 3389 esset
564 3326 719 3390 oblationi
740 3328 946 3404 conveniens,
1003 3335 1167 3411 peccatam
1179 3325 1373 3390 venditionis
1383 3326 1506 3407 loseph,
1516 3325 1550 3387 in
1561 3343 1624 3406 qua
1634 3325 1747 3387 hoedus

197 3438 232 3492 ut
249 3435 387 3503 acetum,
405 3425 456 3488 vel
473 3426 579 3507 potius
595 3424 701 3486 simila
721 3434 753 3488 et
768 3426 945 3488 incensum.
1002 3425 1127 3492 occisus
1146 3432 1214 3488 est:
1231 3426 1316 3506 quod
1338 3443 1401 3487 non
1422 3424 1547 3487 videtur
1566 3423 1680 3486 idonee
1702 3423 1748 3485 di-

196 3529 323 3590 Pltiela
338 3533 502 3601 arqentea,
521 3523 554 3584 in
570 3542 644 3604 qua,
663 3525 837 3586 secundum
853 3543 948 3606 quos·
1001 3533 1100 3599 ctum,
1112 3524 1188 3604 quia
1208 3532 1239 3585 ct
1255 3522 1369 3586 fratres
1386 3521 1568 3585 venditores
1584 3520 1684 3602 ipsius
1698 3521 1748 3583 lo
1766 3587 1770 3591 ,

197 3627 285 3701 dam,
304 3623 380 3685 thus
398 3621 593 3703 ponebatur3
614 3621 675 3696 vel,
695 3631 728 3684 ut
748 3621 803 3684 alii
823 3623 945 3701 dicunt,
1002 3623 1092 3705 scpb,
1110 3629 1219 3703 postea
1244 3621 1335 3684 valde
1361 3621 1589 3702 poenituerunt,
1606 3618 1747 3682 veniam-

198 3721 325 3804 liquida
354 3721 409 3800 (ut
438 3719 569 3798 vinum)
600 3719 884 3783 considerabantur
914 3722 946 3784 in
1002 3741 1064 3803 que
1086 3718 1188 3781 sortiti
1214 3727 1299 3794 sunt,
1319 3727 1350 3780 et
1365 3726 1474 3781 sancte
1488 3717 1646 3793 vixerunt,
1664 3716 1746 3779 sicut

197 3843 246 3899 ca,
264 3841 306 3884 an
323 3827 431 3883 essent
446 3817 673 3891 immolaticia;
691 3820 809 3880 liabens
823 3832 948 3899 septae-
1001 3821 1040 3882 de
1055 3817 1131 3880 Levi
1152 3816 1331 3899 specialiter
1347 3816 1381 3878 in
1395 3815 1547 3878 Malacbia
1567 3815 1693 3895 legitur,
1711 3815 1745 3877 ln
1766 3838 1891 3890 neela,

193 3923 292 4000 piata
303 3920 399 3980 siclos
401 3919 506 3994 jueta
517 3937 703 3977 mensnram
712 3921 905 3988 sanctuarii,
914 3919 945 3982 id
1001 3935 1078 3999 pace
1101 3923 1132 3978 et
1153 3913 1302 3994 equitate
1326 3912 1514 3989 ambulavit,
1531 3921 1591 3976 etc.
1609 3916 1686 3973 Haec
1700 3923 1745 3974 est
1760 3905 1780 3947 ⁰·

197 4015 948 4098 est,continensmateriamscupondusseptua-
1000 4017 1117 4076 oblatio
1141 4015 1298 4076 Nemeen.
1317 4012 1435 4092 Estque
1460 4011 1638 4094 probabile,
1661 4012 1745 4092 quod

196 4119 287 4198 ginta
303 4114 614 4194 siclorum,quorum
626 4132 702 4175 usus
719 4112 780 4176 luit
797 4114 829 4176 in
846 4115 948 4179 taber·
1001 4113 1119 4177 obtulit
1134 4112 1204 4188 ista,
1219 4129 1282 4173 non
1299 4118 1421 4172 tantum
1439 4129 1496 4191 pro
1512 4129 1556 4187 se,
1570 4110 1625 4172 sed
1640 4117 1673 4172 ct
1687 4128 1746 4190 pro

198 4215 326 4278 naculo.
362 4213 551 4290 Utramque,
577 4210 726 4274 videlicet
747 4213 947 4276 acetabulum
962 4211 987 4272 D
1001 4211 1088 4273 tribu
1103 4209 1153 4272 cui
1171 4208 1310 4291 prefuit.

197 4323 230 4380 cl
246 4311 402 4395 phialam,
418 4313 554 4386 plenum
570 4311 693 4380 simila,
713 4308 744 4371 id
765 4318 813 4373 est
833 4311 948 4375 dolica·
1042 4312 1192 4370 Secunde
1207 4308 1261 4367 ete
1276 4309 1390 4368 obtulit
1407 4309 1602 4379 ll'oiltanaci,
1618 4310 1689 4366 dum
1708 4309 1747 4366 dc

199 4411 326 4475 tissima
354 4406 452 4470 tritici
483 4405 597 4482 lerina,
624 4428 791 4486 consperso
811 4414 888 4482 oleo,
913 4419 949 4472 ut
1004 4409 1090 4468 triba
1106 4409 1264 4466 lecaciter.
1282 4404 1397 4468 Omnes
1418 4405 1579 4486 principes
1595 4404 1647 4465 isti
1663 4423 1748 4466 eam

197 4509 376 4574 ollerretur
399 4525 473 4568 curu
498 4505 570 4567 aliis
600 4505 742 4568 materiis
771 4506 804 4568 in
828 4508 949 4570 sacrifi·
1003 4506 1074 4568 dem
1091 4503 1124 4566 in
1143 4504 1249 4586 specie
1269 4502 1463 4567 oblationem
1486 4502 1641 4579 lecerunt,
1658 4512 1691 4564 et
1709 4523 1748 4564 cx

198 4607 298 4676 cium.
313 4605 545 4664 illortariotnm
561 4623 697 4662 auream
713 4605 841 4675 netem,
854 4604 885 4666 id
902 4615 949 4667 est
1003 4603 1220 4685 descriptione
1235 4603 1330 4664 unius
1350 4609 1460 4682 patent
1474 4600 1608 4662 aliarum
1624 4599 1748 4682 exposi-

198 4703 384 4778 contincns,
407 4704 515 4760 decem
538 4703 641 4761 siclos.
667 4701 700 4763 ln
731 4701 791 4765 boc
820 4703 949 4766 vasculo
1006 4704 1118 4766 tiones.
1137 4701 1327 4764 Obtulerunt
1347 4717 1476 4781 quoque
1492 4716 1557 4761 uon
1572 4699 1746 4761 secundum

198 4803 347 4885 quaedam
370 4799 494 4881 species
517 4819 572 4862 seu
595 4807 736 4864 aromata
756 4801 947 4879 terebantur,
1004 4801 1150 4867 ordinem
1175 4798 1398 4881 generationis¹
1419 4797 1586 4860 duodecim
1613 4797 1748 4860 Patriar·

199 4909 231 4966 ct
247 4901 287 4963 ad
309 4899 369 4962 boc
391 4896 544 4960 sulficere
563 4904 697 4978 poterat,
715 4899 860 4979 quamvis
881 4900 951 4981 qui·
1004 4901 1135 4963 charum
1151 4917 1189 4961 ex
1203 4898 1310 4975 Jacob,
1321 4898 1376 4960 sed
1390 4897 1479 4977 justa
1493 4895 1638 4959 ordinem
1654 4895 1749 4959 situa-

199 5001 274 5062 dam
291 4996 379 5059 dicat
393 4995 588 5078 oppositum.
605 4995 830 5059 Verumtamen
848 4997 880 5059 in
896 4999 951 5060 Ho—
1007 4997 1103 5060 tionis
1119 5016 1184 5059 suat
1199 4995 1284 5058 circa
1305 4994 1556 5071 tabernaculum,
1573 5002 1605 5056 et
1624 5013 1750 5076 proces-

200 5098 289 5160 brmo
316 5094 444 5174 legitur,
464 5093 626 5170 cochlear,
648 5113 710 5175 quo
734 5094 854 5158 scilicet
880 5096 951 5157 thus
1006 5115 1059 5157 sus
1090 5094 1123 5156 in
1155 5093 1355 5175 proiectione
1385 5099 1571 5156 castrorum.
1600 5092 1750 5174 Princeps

202 5195 235 5256 in
260 5191 428 5256 tburibulo
449 5191 636 5273 ponebatur.
654 5194 796 5254 Plenam
813 5194 950 5266 incenso,
1006 5191 1156 5272 equidem
1187 5191 1220 5252 in
1252 5190 1336 5252 tribu
1361 5191 1450 5267 luda,
1477 5198 1509 5252 ct
1538 5189 1687 5272 princeps
1717 5190 1750 5251 in

202 5292 264 5356 boc
281 5298 341 5368 est,
357 5289 493 5352 materia
510 5289 709 5352 incendenda
726 5289 759 5350 in
774 5290 866 5351 altari
884 5290 953 5372 thy·
1008 5289 1094 5352 tribu
1109 5275 1259 5364 issachar,
1270 5287 1481 5369 princepsque
1498 5287 1530 5349 in
1542 5287 1682 5350 Zabulon
1698 5288 1751 5348 tri-
