4309 6259
609 512 782 561 anannnrro
804 512 833 557 ln
856 513 923 558 car.
947 511 1008 557 xxv
1032 512 1133 558 axum.
1156 533 1196 543 —
1216 514 1287 560 nnr.
1311 512 1327 556 a
1697 494 1733 560 51

181 686 324 761 bantur;
351 691 431 765 fient
454 690 493 746 de
519 688 600 747 auro
622 686 811 765 purissimo.
839 684 936 746 Erant
950 681 976 745 Α
991 684 1070 768 Lyra
1085 704 1213 767 quoquo
1227 686 1312 749 circa
1327 687 1387 749 hoc
1403 686 1516 750 scribit
1532 705 1539 749 ε
1557 688 1590 751 16
1606 688 1736 753 llebraso

180 800 315 863 quoque
338 782 458 845 ibidem
482 794 603 865 septem
627 782 794 857 inlusoria,
813 781 936 845 scilicet
990 784 1136 861 habetur,
1149 784 1367 847 centenarium
1382 786 1451 847 auri
1466 810 1473 860 3
1491 794 1523 849 61
1536 786 1637 849 Rabbi
1653 786 1737 849 Salo

178 899 281 943 aurea
296 881 436 958 vascula,
453 880 571 963 quibus
585 881 691 946 oleum
708 880 857 957 lucernis,
875 880 935 943 hoc
989 900 1064 945 mon
1081 881 1268 964 dicitquod
1283 891 1351 945 erat
1365 891 1493 946 centum
1509 884 1624 964 viginti
1641 884 1734 947 libra-

178 988 232 1042 est
249 978 450 1061 lampadibus
474 978 714 1043 infundebatur.
732 979 812 1053 Quot
827 987 933 1041 autem
989 999 1071 1057 rum,
1096 981 1271 1043 secundum
1297 982 1421 1063 pondus
1446 982 1644 1045 Coloniense.
1672 983 1734 1046 Sed

178 1077 228 1141 ibi
251 1077 383 1141 luerunt
400 1079 609 1156 emunctoria,
626 1087 657 1141 et
672 1086 750 1159 quot
765 1077 935 1140 exstincte·
988 1078 1139 1159 quoniam
1165 1080 1306 1161 pondera
1331 1080 1467 1143 multum
1491 1080 1656 1144 variantur
1676 1100 1733 1163 por

178 1176 243 1253 ria,
269 1184 372 1239 textus
399 1195 464 1239 non
489 1177 664 1259 exprimit3
689 1176 743 1239 sed
769 1182 934 1258 reputatur
988 1176 1133 1257 regiones
1155 1186 1187 1239 et
1209 1186 1362 1261 tempora,
1385 1178 1485 1261 aliqui
1507 1179 1628 1257 dicunt,
1646 1181 1731 1261 quod

177 1274 361 1356 probabile,
378 1276 466 1356 quod
483 1282 540 1351 tot,
557 1284 636 1356 quot
652 1283 685 1338 et
701 1272 859 1338 inlusoria
877 1292 932 1336 seu
988 1274 1197 1338 determinate
1212 1283 1243 1340 et
1258 1285 1343 1339 certo
1363 1277 1444 1339 sciro
1464 1296 1529 1341 non
1548 1296 1728 1360 possumus,

179 1370 334 1435 lucernas.
987 1382 1143 1456 quantum
1160 1373 1257 1437 luerit
1272 1376 1397 1456 pondus
1416 1375 1486 1439 auri
1506 1374 1605 1452 illius,
1622 1395 1732 1457 quam-

222 1476 325 1535 Omne
335 1475 465 1551 pondus
480 1475 669 1533 candelabri
682 1493 756 1533 cum
772 1472 934 1532 uniuersis
988 1471 1036 1534 vis
1061 1480 1185 1536 constet
1203 1473 1289 1554 quod
1311 1472 1431 1535 exstitit
1453 1473 1546 1537 valde
1566 1492 1729 1554 magnum,

178 1574 270 1631 casis
289 1573 368 1643 suis,
386 1570 418 1633 id
440 1580 489 1634 est
504 1570 726 1633 instrumentis
741 1569 937 1633 attinentiis.
986 1572 1163 1652 praesertim
1182 1570 1209 1633 si
1230 1579 1261 1634 et
1276 1571 1391 1635 bastile
1410 1591 1447 1635 ac
1462 1572 1592 1636 brachia
1607 1592 1663 1636 seu
1678 1592 1731 1636 ca·

177 1687 247 1750 que
272 1666 426 1751 prelatis,
449 1670 574 1730 babebit
597 1673 754 1731 16166166(
774 1671 853 1730 auri
870 1689 932 1745 pu·
986 1668 1062 1731 lami
1082 1687 1137 1732 sex
1157 1678 1248 1733 erant
1267 1671 1307 1733 de
1325 1688 1414 1746 auro,
1431 1677 1466 1732 61
1486 1670 1591 1734 littera
1606 1671 1732 1735 videtur

177 1769 318 1828 66661661.
341 1766 431 1830 Circa
451 1767 512 1831 boc
533 1767 567 1829 in
587 1766 781 1831 Scholastica
798 1766 932 1830 historia
986 1768 1192 1849 praetendere.

176 1864 301 1927 dicitur
319 1865 412 1927 :Tria
427 1864 586 1929 habebant
601 1866 740 1929 talenta:
758 1865 858 1927 blinus
875 1884 930 1928 seu
947 1866 969 1927 B
1024 1868 1161 1944 Inspice,
1177 1877 1207 1928 61
1220 1872 1288 1948 fac,
1307 1866 1339 1929 id
1362 1876 1420 1945 est,
1442 1887 1547 1931 arcam
1571 1876 1603 1932 et
1624 1876 1729 1932 cetera

176 1962 364 2041 minimum,
392 1962 529 2027 babebat
555 1964 787 2046 quinquaginta
816 1963 925 2041 libraS,
983 1965 1049 2047 jam
1072 1966 1223 2047 predicta
1247 1966 1296 2028 lac
1320 1965 1405 2043 lieri,
1427 1971 1604 2029 secundum
1625 1990 1731 2030 66666-

175 2061 267 2141 quod
283 2059 346 2123 luit
360 2061 544 2125 institorum
557 2086 564 2137 3
582 2062 734 2139 medium,
753 2062 931 2145 septuagin-
980 2068 1071 2141 pter,
1086 2068 1172 2144 quod
1188 2066 1247 2125 tibi
1263 2067 1299 2126 16
1314 2076 1420 2127 monte
1434 2076 1650 2128 monstratum
1663 2077 1708 2127 est
1718 2086 1730 2127 .·

177 2166 221 2234 16,
240 2159 328 2239 quod
349 2146 411 2221 luit
432 2158 572 2235 civium;
594 2159 779 2237 maximum,
801 2170 929 2224 centum
984 2163 1069 2243 quod
1085 2180 1144 2241 ego
1160 2182 1244 2226 nunc
1260 2162 1318 2225 tibi
1335 2163 1561 2241 demonstravi,
1581 2173 1613 2227 61
1628 2164 1729 2227 menti

176 2256 307 2337 viginti,
325 2260 410 2339 quod
432 2266 499 2321 erat
515 2258 687 2321 sanctuarii
705 2278 712 2321 :
730 2266 761 2322 et
776 2258 820 2321 ita
835 2259 930 2323 habe-
985 2270 1046 2323 166(
1062 2267 1126 2323 mm
1141 2260 1324 2323 memoriter
1338 2281 1376 2324 ac
1390 2262 1548 2345 complete
1568 2262 1728 2344 impressi,

175 2354 233 2417 bat
257 2356 413 2419 talentum
439 2356 509 2419 auri
530 2358 570 2419 ad
593 2357 718 2439 pondus
743 2357 926 2421 sanctuarii.
983 2367 1019 2421 ut
1034 2358 1116 2422 nibil
1131 2358 1228 2441 hujus
1242 2360 1434 2424 ostensionis
1448 2359 1659 2425 obliviscaris.

757 2790 1084 2878 ARTICULUS
1120 2793 1151 2876 L

218 3066 259 3110 DE
281 3064 465 3125 srlul'rttatl,
488 3064 616 3111 lllYS'llCO
639 3065 738 3119 ATQUE
759 3065 927 3111 blUb'l‘ll’blCl
947 3064 1128 3112 luraunacro
1150 3066 1243 3112 11111118
1264 3067 1402 3114 cantuum
1423 3069 1553 3116 vicasual
1574 3071 1686 3125 Qulrtrt.

250 3343 274 3405 Ε
289 3342 451 3425 spirituali
467 3362 503 3406 66
520 3344 664 3425 mystico,
683 3342 748 3407 imo
766 3361 803 3406 ac
824 3341 930 3405 multi·
945 3345 966 3408 C
983 3343 1023 3405 (16
1038 3342 1201 3407 habitibus
1215 3344 1392 3427 acquisitis,
1401 3354 1433 3409 61
1447 3348 1487 3410 de
1501 3347 1590 3411 omni
1604 3350 1729 3415 actione

256 3442 335 3525 plici
351 3442 517 3505 intellectu
532 3442 629 3524 hujus
644 3442 787 3524 capituli,
797 3450 829 3505 et
844 3441 930 3524 capi·
985 3440 1126 3505 virtuosa
1146 3462 1183 3506 66
1204 3444 1377 3507 meritoria.
1394 3443 1506 3509 Omnia
1528 3448 1648 3531 quippe
1668 3450 1729 3512 ista

175 3540 318 3604 tulorum
349 3541 564 3622 sequentium,
591 3560 610 3604 a
639 3540 758 3604 sanctis
781 3540 927 3603 Patribus
982 3541 1078 3604 aDeo
1094 3550 1179 3621 sunt,
1197 3550 1229 3605 ct
1244 3544 1284 3605 (16
1304 3543 1394 3626 ipsis,
1411 3564 1448 3607 ac
1470 3545 1503 3607 in
1525 3546 1614 3628 ipsis,
1632 3556 1729 3630 61666

173 3637 431 3721 (lectoribusque¹
442 3638 619 3717 catholicis,
638 3647 684 3704 tot
698 3648 730 3702 et
746 3646 834 3702 tanta
853 3646 928 3700 sunt
983 3656 1039 3720 per
1060 3640 1130 3722 ipsa
1151 3640 1366 3720 honorandus,
1387 3644 1554 3722 amandus,
1576 3646 1729 3709 colendus

174 3737 306 3819 scripta,
323 3744 362 3799 ut
380 3755 444 3800 non
465 3736 610 3800 videatur
632 3738 847 3801 necessarium
868 3738 927 3798 im·
981 3746 1030 3799 est
1044 3738 1136 3802 Deus.
1159 3740 1302 3821 Denique
1316 3741 1411 3819 11666,
1431 3743 1471 3805 ad
1491 3742 1643 3822 litteram,
1661 3746 1728 3826 jus-

172 3835 293 3899 morari
320 3835 506 3918 hujusmodi
532 3835 786 3918 expositionibus
809 3835 843 3897 in
866 3836 926 3899 boe
982 3835 1023 3897 sit
1038 3837 1100 3899 sibi
1116 3835 1228 3901 ollerri
1243 3838 1412 3920 primitias,
1432 3841 1584 3923 quoniam
1605 3844 1727 3925 justum

172 3934 246 3997 loco
264 3952 271 3996 :
290 3933 363 3997 ideo
386 3952 451 3997 nou
475 3933 537 3996 nisi
559 3952 717 4018 perpauca
736 3942 864 4015 tangere
880 3942 926 3996 at·
981 3935 1307 4017 decentissimumque
1328 3939 1485 4018 consistit,
1514 3948 1549 4003 61
1574 3941 1613 4005 (16
1638 3943 1726 4007 omni

172 4051 237 4114 que
252 4032 471 4115 perstringere
485 4052 571 4096 nunc
587 4032 732 4097 intendo.
980 4034 1086 4116 specie
1107 4053 1144 4097 ac
1166 4043 1280 4099 natura
1301 4036 1480 4101 ollerantur
1500 4039 1531 4102 61
1552 4041 1724 4124 praecipua,

215 4136 477 4212 1666166666661
490 4134 650 4194 Dominus
665 4135 709 4193 661
724 4134 925 4209 1666666611-
981 4140 1047 4194 tum
1059 4142 1189 4215 propter
1199 4135 1409 4198 reverentiam
1421 4137 1598 4219 (6616616116
1609 4139 1726 4204 divinas

171 4251 247 4291 6666
257 4252 270 4291 .·
280 4234 425 4310 Loquere
438 4232 520 4310 filiis
535 4235 649 4304 Israel,
658 4242 694 4292 61
711 4234 826 4292 1611661
841 4232 925 4291 milri
980 4249 1110 4312 prorsus
1135 4232 1309 4311 immensae,
1326 4243 1393 4298 tum
1413 4236 1447 4297 in
1473 4237 1725 4318 recognitionem

167 4332 354 4407 primitias.
367 4329 425 4393 Per
438 4330 560 4411 Moysen
577 4328 791 4411 legislatorem
806 4330 925 4393 Judaeo-
980 4329 1181 4394 liberalitatis
1203 4351 1239 4395 ac
1261 4332 1496 4397 beneficiorum
1518 4336 1632 4418 ipsius,
1657 4347 1726 4401 tum

116 4449 118 4453 ⁴
171 4427 458 4510 rum‚intelligitur
467 4427 612 4491 Christus
625 4428 785 4507 legislator
797 4426 925 4490 Christi·
980 4435 1015 4489 ut
1024 4429 1168 4492 debitum
1182 4431 1386 4511 gratitudinis
1401 4432 1601 4515 impleamus
1614 4445 1646 4500 et
1660 4455 1727 4517 gra-

170 4545 327 4601 anorum;
342 4525 514 4590 Christiani
529 4545 668 4609 quoquc,
681 4527 737 4608 qui
752 4527 851 4589 Deum
868 4545 924 4609 per
940 4538 965 4599 [J
981 4535 1047 4589 tum
1063 4547 1099 4590 ac
1113 4537 1259 4591 sanctum
1274 4529 1363 4607 Abel,
1373 4531 1430 4613 qui
1446 4532 1564 4596 obtulit
1580 4535 1723 4614 meliora,

173 4624 276 4689 iidem
291 4633 325 4689 et
339 4625 530 4707 sapientiam
544 4625 809 4708 contemplantur,
819 4644 876 4707 per
889 4624 925 4687 li·
980 4644 1043 4689 non
1055 4627 1215 4706 ingratum
1229 4647 1267 4691 ac
1281 4628 1417 4712 impium
1434 4629 1523 4709 (lain,
1541 4633 1597 4714 qui
1614 4633 1726 4699 immo

173 4724 235 4787 lios
251 4723 348 4787 lsrael
370 4723 589 4805 designantur.
607 4725 714 4806 ltaque
733 4723 924 4787 Christianis
972 4723 1058 4788 lavit
1082 4725 1203 4807 pejora,
1225 4744 1405 4807 sequamur.
1423 4732 1473 4791 Ab
1492 4732 1582 4792 omni
1598 4734 1725 4793 16666166

173 4820 325 4903 precipit
337 4818 493 4897 Christus,
510 4829 546 4883 ut
561 4820 675 4885 tollant
695 4820 854 4903 primitias
868 4822 925 4884 llo-
979 4826 1037 4904 661
1051 4826 1142 4902 offert
1158 4827 1333 4898 ultroncus,
1345 4827 1510 4905 accipietis
1524 4849 1587 4890 eas.
1597 4829 1661 4893 Hoc
1677 4836 1725 4891 est

172 4918 490 4996 (6166,1(ο6661,1166
506 4919 600 5002 plene
613 4920 800 4997 attribuant,
811 4920 924 4983 devote
979 4922 1064 5003 quod
1085 4922 1131 4984 ait
1152 4921 1323 5005 Apostolus
1348 4941 1355 4986 :
1379 4925 1447 4988 Non
1465 4946 1504 4990 ex
1522 4927 1652 4991 tristitia
1670 4936 1726 4990 aut
1740 4948 1871 4999 nemun.

171 5017 370 5095 adscribant,
390 5026 422 5081 ot
437 5018 506 5098 ejus
522 5018 707 5102 mancipent
727 5018 925 5082 venerationi
980 5022 1186 5097 necessitate;
1204 5021 1338 5085 hilarem
1359 5024 1447 5087 enim
1463 5026 1605 5090 datorem
1621 5027 1727 5109 diligit

171 5116 341 5193 66661161,
359 5116 517 5199 quidquid
532 5116 735 5200 praestantius
751 5126 799 5181 661
815 5118 849 5180 16
865 5118 923 5195 616,
979 5121 1071 5183 Deus.
1089 5119 1196 5201 ltaque
1215 5140 1289 5183 cum
1309 5123 1398 5185 omni
1413 5124 1578 5188 alacritate
1593 5133 1625 5188 ot
1640 5126 1728 5207 agili·

174 5224 241 5279 tam
262 5216 303 5279 de
323 5216 419 5279 donis
438 5224 569 5293 natura,
586 5236 684 5299 quam
699 5218 739 5281 de
753 5217 926 5280 charisma·
979 5226 1042 5281 tate
1057 5217 1211 5280 virtutum
1227 5216 1416 5299 ollcramus,
1440 5223 1725 5304 ministremusque

177 5314 265 5379 tibus
279 5315 403 5398 gratiae,
421 5314 569 5379 debonis
585 5335 712 5398 quoque
727 5315 877 5395 fortune,
894 5323 926 5379 et
978 5316 1051 5395 Deo,
1062 5323 1332 5399 recognoscentes,
1341 5321 1427 5400 quod
1438 5320 1520 5383 nibil
1531 5321 1724 5401 condignum
