4309 6259
439 456 499 523 too
783 477 956 526 unnnnnrro
977 481 1009 526 nv
1030 479 1098 525 mr.
1121 476 1220 524 xxxin
1240 477 1436 525 mercum.
1460 498 1501 508 —
1520 480 1591 525 sur.
1614 480 1643 527 m

441 651 681 728 quintodecimo
713 653 768 712 die
796 656 914 714 mensis
939 655 1044 733 primi
1069 673 1080 712 .·
1110 670 1183 713 nam
1198 649 1323 739 Aquod
1338 651 1982 737 estiuterAEgyptumetChauaan.lstud
2008 662 2115 708 Enim.

297 757 386 862 181111.
393 770 429 809 ¹1¹.
443 749 678 829 quartadecima
707 750 759 813 die
784 752 822 813 ad
854 771 1017 833 vesperam
1043 750 1185 814 comede·
1239 755 1272 818 in
1288 756 1394 818 Exodo
1410 755 1637 837 scriptumest.
1655 757 1737 815 Inde
1750 752 1878 829 cercesi,
1896 770 1983 810 eene-
1995 727 2029 767 ²⁰·

324 852 330 864 '
443 854 518 908 runt
532 863 648 927 agnum
671 849 864 930 paschalem,
883 858 915 913 et
936 858 1029 913 nocte
1044 849 1100 911 illa
1114 868 1186 931 pcr-
1239 864 1319 914 runt
1339 863 1450 915 contro
1466 854 1698 922 Phihohiroth,
1714 850 1746 913 id
1762 858 1810 914 θεῖ
1831 868 1870 912 ex
1884 866 1984 930 oppo

442 963 535 1007 cussa
560 945 688 1010 luerunt
713 948 923 1030 primogenita
945 948 1184 1031 AEgyptiorum:
1240 952 1301 1015 sito
1325 950 1387 1015 loci
1413 952 1460 1015 sic
1474 952 1552 1014 dicti
1577 960 1609 1015 et
1633 951 1717 1013 circa
1741 949 1900 1013 eumdem.
1922 948 1983 1009 lsta

294 1052 428 1105 mitanas.
443 1047 673 1127 propterquod
689 1047 789 1110 territi
801 1048 948 1130 AEgpptii,
962 1046 1187 1129 compulerunt
1240 1052 1415 1113 secundum
1426 1050 1663 1132 Hieronymum,
1676 1048 1738 1112 luit
1752 1047 1877 1110 mansio
1892 1064 1983 1127 quar·

442 1139 529 1205 lilios
540 1143 634 1207 lsrael
649 1144 749 1209 altera
765 1146 817 1209 die
832 1147 924 1210 valde
935 1165 1028 1208 mane
1039 1144 1136 1220 exire,
1150 1152 1186 1206 ut
1241 1156 1272 1209 ta
1289 1166 1295 1209 :
1314 1150 1399 1230 quod
1422 1168 1533 1212 verum
1555 1157 1614 1224 θεῖ,
1632 1147 1826 1210 includendo
1845 1153 1878 1207 θῖ
1899 1162 1983 1207 com·

441 1240 474 1302 in
499 1242 605 1307 Exodo
628 1243 764 1325 legitur3
781 1250 884 1308 attera
905 1249 959 1307 die
976 1252 1047 1328 post
1061 1247 1179 1305 Ptase.
1239 1248 1380 1327 putando
1399 1248 1569 1311 Ramesseu
1594 1265 1652 1329 pro
1676 1246 1779 1328 prima
1802 1243 1979 1306 mansione.

440 1339 548 1423 Aliqui
571 1350 673 1406 textus
696 1345 824 1422 hahent,
843 1344 949 1408 Altera
970 1344 1022 1407 die
1039 1342 1185 1405 lecerunt
1238 1343 1318 1408 Hinc
1332 1346 1365 1407 iu
1380 1346 1487 1409 Exodo
1502 1346 1654 1428 scripturn
1670 1352 1737 1408 est:
1754 1344 1982 1407 Cestrameten-
1994 1351 2111 1396 ltin-mr-

439 1438 549 1503 Phase.
566 1439 655 1505 Circa
671 1444 755 1524 quod
777 1442 855 1505 dicit
868 1444 959 1525 Lyra,
972 1442 1057 1523 quod
1080 1442 1113 1502 in
1128 1441 1185 1504 lle
1240 1452 1290 1505 tur
1311 1464 1328 1506 e
1351 1445 1480 1524 regione
1498 1444 1715 1521 phihahiroth,
1733 1462 1805 1524 qum
1825 1450 1874 1504 θεῖ
1899 1441 1981 1503 iuter

439 1535 524 1601 braeo
540 1547 571 1602 ct
586 1539 677 1602 libris
692 1541 841 1604 correctis
858 1559 921 1604 non
937 1539 1083 1617 habetur,
1093 1539 1185 1602 Fece
1237 1544 1411 1622 Magdalum
1424 1552 1455 1607 et
1463 1562 1560 1606 marc.
1571 1547 1612 1606 Et
1621 1543 1841 1604 castrametati
1849 1551 1937 1611 sunt,
1948 1540 1980 1602 id

439 1644 514 1698 runt
531 1654 538 1698 :
555 1646 590 1699 ut
610 1639 652 1700 sit
674 1658 796 1717 sensus,
814 1640 899 1722 quod
916 1638 1062 1702 exierunt
1091 1638 1184 1719 quin·
1238 1650 1286 1704 est
1300 1644 1437 1706 tentoria
1450 1662 1508 1705 sua
1523 1642 1673 1718 fixerunt,
1691 1652 1766 1704 ante
1775 1642 1979 1716 Moqdatnm,

439 1736 594 1799 tadeoima
619 1737 682 1815 die,
709 1758 780 1821 quae
804 1739 872 1801 dies
898 1737 960 1800 luit
988 1737 1089 1800 altera
1114 1736 1182 1799 dies
1238 1741 1322 1821 quod
1345 1740 1406 1804 luit
1429 1741 1542 1804 civitas
1566 1741 1598 1803 iu
1620 1740 1745 1821 AEgypti
1768 1737 1924 1812 couliuio,
1939 1737 1980 1798 ad

437 1833 545 1913 Phase,
558 1836 590 1899 id
601 1846 648 1900 θεῖ
658 1838 727 1901 dics
737 1838 881 1920 proxime
891 1856 1028 1919 sequens
1040 1835 1137 1912 diem,
1147 1834 1182 1897 in
1200 1829 1333 1921 Bquam
1356 1839 1460 1923 primo
1481 1839 1694 1920 confugerunt
1714 1837 1812 1901 Iudaei
1838 1846 1980 1918 tempore

436 1950 500 2014 quo
522 1936 561 1997 ad
583 1955 746 2018 vesperem
762 1936 887 1999 oblatus
903 1944 999 2017 atque
1022 1941 1181 1998 comestus
1234 1939 1378 2002 teremiae
1396 1938 1528 2002 Godolia
1548 1938 1663 2016 occiso,
1681 1946 1717 1999 ut
1739 1936 1772 1998 in
1788 1934 1982 1999 Scholastica

436 2030 498 2093 luit
513 2051 612 2113 agnus
623 2035 792 2116 paschalis.
804 2034 913 2097 Glossa
929 2043 1034 2097 tamen
1050 2037 1181 2117 exponit
1235 2036 1369 2099 habetur
1389 2036 1531 2099 historia.
1549 2038 1754 2115 Profectiqne
1766 2038 1807 2095 de
1820 2034 1983 2096 Pisitana·-

437 2131 522 2195 hunc
537 2151 665 2214 passum
682 2154 754 2197 cum
770 2134 949 2198 inclusione
964 2132 1060 2214 hujus
1076 2135 1179 2214 verbi,
1235 2139 1319 2207 roth,
1332 2139 1531 2197 transierunt
1541 2157 1601 2214 per
1613 2137 1755 2196 mediam
1771 2154 1871 2206 neore,
1884 2132 1917 2194 id
1931 2140 1981 2194 est

433 2230 589 2294 Fecerunt
600 2248 607 2294 :
618 2232 764 2309 dicendo,
777 2233 862 2315 quod
873 2234 1110 2314 quartadecima
1125 2233 1177 2296 die
1234 2252 1290 2315 per
1306 2233 1441 2296 [undum
1456 2234 1552 2297 maris
1563 2234 1661 2296 Rubri
1677 2232 1869 2296 miraculose
1884 2232 1980 2294 sicca·

432 2330 471 2391 ad
494 2350 658 2413 vesperam
681 2332 869 2414 inceperunt
891 2332 1029 2410 Pascha;
1048 2340 1079 2396 et
1102 2333 1178 2414 quia
1234 2340 1312 2409 tum,
1327 2341 1358 2396 et
1372 2352 1455 2415 aqua
1470 2333 1566 2395 maris
1581 2332 1684 2395 divisa
1703 2352 1743 2395 ac
1758 2332 1858 2394 instar
1873 2348 1980 2393 muro-
2014 2339 2109 2383 111111

432 2428 484 2491 die
501 2430 646 2511 sequenti
662 2449 725 2494 non
742 2439 914 2513 potuerunt
928 2432 1115 2495 continuare
1132 2431 1178 2495 ie-
1233 2450 1304 2493 rum
1316 2440 1418 2495 stante
1428 2452 1466 2495 ex
1476 2440 1612 2514 utroque
1622 2430 1857 2495 transeuntium
1868 2430 1975 2507 latere,

433 2527 606 2591 stivitatem
631 2529 800 2611 inceptam,
824 2530 983 2611 prosecuti
1008 2538 1083 2593 suut
1107 2549 1177 2592 earn
1232 2532 1269 2591 in
1283 2533 1502 2603 solitudinem,
1516 2530 1592 2611 quia
1607 2530 1740 2593 transito
1755 2530 1835 2592 mari
1852 2528 1918 2605 illo,
1931 2528 1979 2590 in·

433 2624 467 2687 in
483 2625 608 2690 Soccth.
626 2628 750 2708 Egressi
773 2637 847 2691 sunt
866 2648 941 2710 crgo
956 2630 1125 2711 AEgyptum
1140 2631 1177 2689 in
1233 2628 1389 2691 troierunt
1405 2630 1577 2693 desertum.
1595 2632 1637 2691 m
1658 2632 1859 2691 ambulantes
1874 2631 1979 2689 tribus

433 2745 535 2787 manu
549 2731 682 2798 eeeetsa,
696 2727 728 2789 id
743 2736 791 2789 est
804 2727 935 2791 sublimi
952 2728 1110 2809 adjutorio
1121 2727 1176 2791 Dei
1232 2729 1344 2789 diebus
1361 2748 1422 2805 per
1442 2732 1602 2789 desertum
1617 2730 1736 2789 Etiam
1784 2727 1869 2789 idem
1891 2726 1979 2790 enim

432 2844 489 2907 per
508 2826 659 2908 praeclara
678 2826 833 2908 prodigia,
852 2829 1033 2889 videntibus
1053 2829 1177 2888 cunctis
1232 2826 1327 2888 totale
1353 2826 1513 2889 desertum
1537 2826 1662 2889 diversa
1689 2825 1820 2888 sortitur
1845 2825 1978 2887 uomina

429 2927 608 3003 AE'pyptiis,
625 2924 658 2988 id
678 2934 726 2988 est
745 2926 937 3008 quibusdam
958 2927 997 2989 de
1019 2926 1107 2989 omni
1125 2944 1176 3007 ge·
1230 2932 1326 3005 atque
1341 2925 1511 3004 agnomina
1533 2925 1566 2987 in
1589 2923 1723 2987 diversis
1738 2923 1882 3006 partibus
1897 2923 1976 3000 suis,

431 3043 507 3087 ncrc
521 3024 827 3107 AEgyptiorum.Non
843 3026 929 3088 enim
946 3034 1010 3089 tota
1024 3020 1212 3107 AEgyptusc
1231 3021 1340 3103 sicque
1361 3023 1520 3086 desertum
1543 3024 1654 3086 Etham
1680 3021 1742 3084 luit
1766 3041 1840 3104 pars
1865 3020 1978 3085 totalis

430 3120 587 3185 confluxit
604 3125 644 3186 ad
663 3123 836 3186 videndum
857 3124 1067 3204 egredientes.
1087 3127 1174 3187 Nam
1230 3120 1358 3197 deserti,
1372 3121 1404 3183 in
1421 3140 1484 3203 quo
1500 3121 1563 3183 luit
1577 3120 1789 3185 locusEtham
1805 3118 1975 3201 praelatus3

429 3230 458 3281 θῖ
474 3223 508 3283 in
525 3224 591 3283 diis
605 3243 715 3283 eorum
730 3233 916 3283 exercuerat
931 3225 1100 3292 ultionem,
1111 3223 1175 3286 ido-
1228 3222 1448 3280 castrametati
1464 3230 1540 3281 sunt
1555 3221 1592 3279 in
1608 3222 1716 3289 Mara,
1734 3218 1832 3281 idest
1853 3218 1886 3279 in
1903 3216 1975 3281 loco

430 3319 460 3381 le
481 3320 659 3402 dejiciendo
678 3331 710 3383 et
731 3320 987 3398 comminuendo,
1009 3320 1175 3383 falsorum·
1228 3317 1284 3379 ubi
1294 3337 1409 3398 aquam
1421 3318 1583 3381 inventam
1594 3317 1635 3381 ob
1645 3318 1715 3399 ejus
1726 3316 1976 3379 amaritudinem

430 3437 492 3500 que
514 3421 646 3483 deorum
669 3420 889 3502 impotentiam
913 3421 1171 3497 demonstrando,
1228 3424 1337 3498 potare
1366 3417 1570 3498 nequibant:
1597 3416 1838 3498 propterquod
1864 3415 1973 3479 locum

430 3526 465 3581 ut
487 3518 643 3600 Iosephus
666 3518 773 3596 relert,
796 3527 827 3581 et
848 3537 944 3599 super
966 3520 1109 3583 Exodum
1128 3528 1174 3582 ta·
1228 3515 1318 3577 illurn
1329 3515 1485 3578 vocabant
1495 3515 1645 3586 Marn,id
1656 3523 1704 3578 est
1712 3514 1972 3590 amaritudinem,
1995 3532 2121 3580 remees.

429 3625 515 3682 ctum
531 3625 589 3680 θεῖ.
609 3619 834 3679 castrametati
849 3628 927 3679 sunt
944 3620 980 3678 in
995 3621 1121 3691 Socoth,
1139 3617 1171 3679 id
1228 3613 1310 3676 utin
1328 3614 1434 3677 Exodo
1451 3613 1612 3677 scribitur.
1631 3615 1837 3694 Profectiqroe
1849 3617 1889 3674 de
1905 3616 1980 3675 Ma·

427 3715 524 3779 estin
545 3715 614 3778 loco
631 3714 676 3777 sic
698 3715 794 3792 dicto,
813 3723 844 3777 et
864 3715 925 3779 sito
944 3714 1027 3778 inter
1045 3715 1173 3779 [lames-
1227 3734 1277 3784 ra,
1295 3723 1451 3773 venerunt
1474 3715 1510 3773 in
1525 3715 1627 3785 Elim,
1644 3712 1675 3775 id
1692 3720 1739 3775 est
1755 3711 1789 3775 in
1805 3711 1910 3774 locum
1926 3730 1979 3775 St>

429 3834 485 3877 sen
510 3822 541 3877 et
565 3813 788 3889 solitudinem,
808 3812 932 3895 luitque
956 3815 1036 3877 alter
1059 3835 1077 3877 a
1103 3816 1173 3880 loco
1228 3810 1373 3873 litudinis
1388 3811 1434 3873 sic
1449 3820 1607 3890 vocatum,
1625 3814 1683 3872 nbi
1696 3822 1790 3873 eram
1804 3813 1978 3873 duodecim
2010 3831 2070 3874 ron.
2084 3825 2132 3872 seq

430 3932 524 3995 quem
544 3912 639 3975 Jacob
663 3912 701 3974 de
724 3912 947 3993 Mesopotamia
968 3913 1105 3990 rediens,
1123 3934 1174 3978 vo
1226 3910 1330 3986 fontes
1344 3930 1529 3988 aquarum:
1545 3909 1579 3971 iu
1601 3908 1717 3991 quibus
1733 3917 1840 3973 tamen
1862 3929 1980 3973 secuu-

344 4035 414 4073 mun
429 4011 513 4075 cavit
528 4011 653 4086 socoth,
667 4010 750 4073 sicut
765 4009 798 4072 in
812 4009 927 4073 Genesi
939 4011 1095 4093 scripturn
1110 4021 1169 4075 est.
1229 4007 1303 4069 dum
1317 4007 1499 4089 Josephum‚
1517 4007 1680 4071 modicum
1696 4007 1759 4070 suit
1773 4009 1814 4072 dc
1828 4028 1925 4091 equa3
1940 4020 1979 4070 et

311 4116 317 4128 ’
429 4109 500 4172 Fuit
512 4128 640 4191 quoque
655 4108 766 4170 civitas
777 4108 811 4169 in
823 4117 905 4171 terra
917 4107 1059 4172 liliorum
1074 4110 1170 4174 lsrael
1227 4108 1433 4184 septnoqinta
1444 4111 1585 4183 palene:
1595 4107 1681 4187 quod
1696 4115 1728 4170 θῖ
1742 4106 1777 4169 in
1792 4107 1979 4189 praeallega-

304 4234 318 4263 ιι
337 4220 414 4270 tune
429 4207 558 4271 nornine
577 4206 703 4284 Socoth,
721 4225 817 4288 quam
837 4206 964 4271 Gedeon
981 4208 1169 4287 devastavit,
1189 4204 1214 4265 D
1230 4212 1262 4267 to
1277 4204 1375 4267 Exodi
1390 4205 1525 4268 habetur
1540 4204 1633 4269 libro.

310 4314 316 4326 ‘
428 4306 511 4369 sicut
525 4305 559 4367 in
579 4303 661 4368 libro
675 4304 822 4367 iudicum
843 4304 988 4384 hahetur,
1006 4315 1037 4369 et
1054 4306 1172 4370 dicitur
1268 4305 1350 4364 Inde
1377 4306 1504 4381 epresst,
1530 4310 1676 4382 fixeram
1705 4307 1844 4367 tentoria
1871 4326 1976 4383 snper

426 4406 512 4487 quod
527 4404 568 4466 sit
583 4402 668 4467 idem
684 4403 771 4465 locus
786 4423 859 4466 curn
876 4404 942 4483 illo,
960 4424 1057 4487 quern
1071 4405 1168 4470 Jacob
1228 4422 1318 4463 more
1331 4405 1492 4474 Rubrum,
1501 4421 1566 4465 non
1583 4411 1688 4466 tamen
1705 4403 1738 4465 iu
1753 4423 1791 4466 ea
1805 4412 1905 4485 parte,
1918 4405 1981 4469 ubi

428 4504 474 4568 sic
504 4502 710 4585 nuncupavit.
741 4502 883 4584 Denique
912 4504 1012 4586 aliqui
1039 4505 1166 4583 dicunt,
1228 4499 1363 4579 ingressi
1379 4508 1454 4562 sunt
1469 4500 1560 4577 illud,
1577 4500 1632 4563 sed
1648 4500 1741 4581 longe
1762 4501 1837 4563 inde
1857 4502 1980 4568 etalio

427 4604 512 4685 quod
542 4600 656 4666 Socoth
688 4599 749 4663 luit
779 4601 883 4683 prima
912 4601 1055 4665 liliorum
1075 4604 1169 4667 lsrael
1229 4598 1422 4663 lotereNam
1437 4608 1469 4661 θῖ
1485 4600 1568 4662 idem
1585 4601 1716 4663 marein
1728 4601 1869 4665 diversos
1883 4602 1981 4667 sinus

426 4702 550 4765 mansio
563 4726 571 4777 ;
594 4699 659 4777 elii,
683 4699 768 4779 quod
793 4700 969 4764 Ramesses.
985 4701 1169 4783 Verumque
1227 4698 1375 4774 declinat,
1389 4717 1484 4779 super
1499 4717 1580 4780 quos
1595 4698 1671 4762 hinc
1687 4700 1761 4763 inde
1775 4720 1794 4762 a
1808 4700 1979 4766 viantibus

427 4810 485 4879 est,
501 4799 586 4882 quod
606 4798 720 4861 Socoth
743 4796 805 4860 luit
828 4800 932 4880 prima
953 4807 1025 4881 post
1047 4799 1167 4862 exitum
1227 4797 1404 4861 devenitur.
1421 4800 1626 4879 Profectique
1639 4803 1679 4860 de
1694 4802 1780 4860 mori
1794 4804 1918 4873 Rubro,
1936 4803 1973 4866 id

427 4900 466 4962 de
482 4898 626 4980 AEgypto.
1225 4902 1274 4957 θεῖ
1288 4896 1327 4958 de
1342 4894 1473 4976 praelata
1489 4905 1579 4977 parte
1593 4906 1626 4960 ct
1640 4897 1712 4960 sinu
1729 4897 1841 4979 ipsius,
1852 4912 1977 4962 castra»

465 5000 512 5057 De
535 4999 649 5058 Socoth
674 5007 829 5058 venerunt
851 4998 888 5058 in
909 4998 1042 5067 Ethom,
1061 4997 1093 5059 id
1119 5005 1168 5059 θεῖ
1225 4998 1338 5055 metati
1351 5006 1427 5056 sunt
1442 4997 1478 5056 in
1493 4998 1614 5056 deserto
1628 4999 1702 5059 Sin.
1713 4996 1894 5060 Secundum
1906 5001 1979 5065 ilie

426 5104 547 5179 partem
559 5103 730 5158 extremam
742 5094 850 5171 eremi,
864 5114 974 5158 versus
986 5094 1166 5177 AEgyptum.
1225 5112 1404 5176 ronymum,
1428 5102 1493 5157 tota
1517 5113 1643 5157 eremus
1668 5115 1769 5178 usquc
1790 5097 1888 5175 Sinai,
1916 5099 1976 5163 Sin

424 5196 496 5259 ldco
512 5193 658 5256 subditur
670 5212 678 5257 :
690 5205 814 5275 qnoeest
829 5196 865 5255 in
880 5196 1033 5255 entremts
1046 5197 1168 5272 finibus
1225 5202 1366 5270 vocatur,
1382 5201 1446 5256 eta
1462 5201 1525 5255 tota
1541 5193 1705 5275 provincia
1720 5194 1808 5259 locus
1827 5199 1971 5262 mansio-

423 5294 625 5364 aolttndinis,
635 5292 668 5355 id
683 5302 732 5355 cst
747 5292 853 5356 totalis
868 5301 899 5355 ct
914 5292 1021 5374 magni
1037 5293 1162 5369 deserti,
1224 5293 1274 5355 nis
1299 5291 1385 5354 illius
1410 5310 1526 5356 nomeu
1550 5293 1682 5375 accepit,
1699 5296 1974 5376 quemadmodum
