4309 6259
430 511 490 574 tto
883 531 1110 578 mannariora
1131 531 1303 577 aauucurr.
1327 551 1367 560 -
1387 531 1459 577 anu.
1483 531 1516 576 ιιι

428 699 492 776 dat,
519 700 641 763 cultum
665 700 720 763 Dei
745 700 943 764 orationibus
967 711 1000 764 et
1023 700 1173 764 laudibus
1188 701 1213 762 A
1228 700 1459 784 pervenissent,
1473 721 1584 764 causas
1600 711 1631 764 et
1645 701 1799 766 utilitates
1808 701 1968 783 hujusmo

428 817 570 880 unquam
586 799 749 862 caruisset
765 800 827 863 Nec
842 801 882 863 de
904 800 954 862 bis
974 799 1174 881 reliquerunt
1227 800 1260 863 di
1277 800 1356 863 ritus
1378 799 1543 864 evidenter
1565 819 1623 863 nos
1638 800 1830 864 docuissent.
1847 801 1918 864 llaec
1932 819 1969 863 cx

427 898 583 980 populum
603 917 711 962 secum
734 908 916 963 vescentem
935 918 1066 982 prorsus
1087 899 1175 962 indo
1227 899 1360 981 praefato
1376 899 1504 962 doctore
1525 899 1589 961 sint
1609 897 1798 976 introducta,
1814 908 1968 981 quatenus

429 1002 527 1060 ctum.
544 995 618 1074 Quo
636 997 797 1064 orationes
818 1005 850 1064 et
871 998 981 1063 laudes
1002 996 1030 1061 si
1051 999 1092 1060 ad
1117 1015 1175 1061 nos
1228 997 1347 1063 clarius
1363 997 1583 1082 intelligantur
1593 997 1770 1082 sequentia.

983 1425 1307 1515 inuentus
1349 1429 1418 1513 ιιι
1531 1531 1541 1546 ,

748 1703 788 1750 ΒΕ
814 1702 982 1750 tttttmttct
1007 1702 1216 1750 utsttrtcrtorte
1241 1703 1473 1750 sactttrlctonun
1499 1703 1658 1751 teoatttttt.

492 1985 708 2062 RAETEREA,
736 1994 771 2048 ut
794 1985 911 2049 clarius
941 1984 1171 2065 intelligantur,
1194 1987 1216 2048 Β
1231 1981 1392 2046 beneficio
1408 1991 1539 2066 accepto
1554 1983 1604 2049 vel
1620 1983 1806 2066 accipiendo
1821 1983 1973 2048 offereba

492 2103 565 2166 quae
580 2085 715 2166 sparsim
732 2085 765 2146 in
781 2084 863 2147 libro
880 2081 1174 2146 istodesacrificiis
1232 2089 1293 2158 tur,
1321 2081 1406 2163 quod
1432 2081 1597 2144 dicebatur
1622 2082 1724 2145 bestia
1749 2081 1896 2165 pacifica,
1922 2082 1971 2146 vel

431 2183 549 2247 veteris
564 2183 757 2247 Testamenti
772 2182 967 2259 scribuntur,
984 2189 1109 2262 oportet
1120 2180 1176 2244 sci·
1229 2181 1403 2262 gratiarum
1419 2180 1565 2257 actionis,
1578 2180 1645 2244 sive
1660 2201 1698 2244 ex
1714 2191 1797 2244 voto.
1810 2183 1847 2244 Et
1863 2200 1920 2264 per
1935 2183 1973 2244 si-

432 2301 476 2358 re,
492 2283 578 2364 quod
595 2281 788 2364 multiplicia
801 2288 892 2344 erant
907 2280 1067 2344 sacrificia
1082 2279 1173 2360 legis,
1231 2278 1472 2362 gnificationem
1503 2280 1654 2343 convenit
1684 2281 1778 2343 statui
1803 2281 1973 2363 proficien-

433 2398 571 2462 quorum
596 2379 760 2444 distinctio
785 2400 803 2443 a
827 2379 964 2442 diversis
987 2378 1075 2441 varie
1101 2378 1176 2440 assi·
1231 2379 1311 2441 tium
1333 2378 1366 2440 in
1389 2378 1619 2462 adimpletione
1641 2380 1873 2442 mandatorum.
1890 2380 1973 2442 Divi-

433 2486 559 2558 gnatur.
577 2478 713 2541 Thomas
727 2478 877 2560 equidem
898 2477 931 2538 in
947 2476 1051 2560 prima
1066 2495 1177 2539 secun·
1231 2478 1364 2541 debatur
1386 2496 1514 2560 quoque
1530 2477 1563 2539 in
1586 2486 1650 2541 tres
1666 2486 1772 2560 partes
1789 2497 1796 2542 :
1815 2497 1887 2542 uam
1912 2498 1975 2541 una

434 2579 492 2655 dae,
512 2577 688 2659 quastione
704 2576 773 2654 102,
791 2583 923 2640 testatur
941 2594 948 2638 :
966 2575 1093 2658 Triplex
1110 2583 1177 2639 erat
1232 2596 1305 2659 pars
1331 2576 1559 2639 incendebatur
1584 2577 1624 2640 ad
1648 2577 1703 2640 Dei
1727 2577 1891 2654 bonorem,
1913 2578 1975 2640 alia

433 2676 665 2741 sacrificiorum
676 2674 959 2758 genusfluoddam
973 2675 1060 2757 quod
1074 2683 1176 2737 totum
1232 2694 1305 2756 pars
1330 2673 1463 2737 cedebat
1482 2675 1516 2736 in
1541 2695 1634 2737 usum
1657 2677 1866 2752 sacerdotum,
1884 2677 1976 2740 tertia

434 2774 690 2852 comburebatur,
707 2774 937 2856 dicebaturque
955 2774 1176 2837 holocaustum
1233 2774 1266 2835 in
1296 2793 1388 2835 usum
1418 2772 1643 2850 offerentium,
1675 2773 1715 2835 ad
1744 2773 1973 2855 designandum

433 2874 526 2956 quasi
550 2882 651 2937 totum
676 2874 853 2937 incensum.
876 2873 1065 2954 Hujusmodi
1090 2871 1176 2935 enim
1232 2872 1318 2954 quod
1343 2871 1428 2934 salus
1453 2871 1593 2935 bominis
1623 2872 1766 2954 procedit
1788 2893 1807 2934 a
1833 2873 1895 2936 Dee
1920 2893 1976 2955 per

434 2972 630 3038 sacrificium
650 2971 848 3036 offerebatur
863 2974 926 3035 lleo
942 2971 1123 3054 specialiter
1138 2971 1177 3033 ad
1233 2970 1441 3034 directionem
1466 2970 1686 3034 ministrorum
1707 2971 1841 3052 Dei,qui
1865 2991 1976 3054 coepe

432 3071 644 3137 reverentiam
660 3070 834 3151 majestatis
854 3069 966 3152 ipsius,
984 3079 1016 3133 et
1035 3069 1077 3133 ob
1092 3087 1179 3132 amo
1234 3080 1345 3133 rantur
1360 3069 1544 3133 hominibus
1560 3070 1600 3132 ad
1616 3070 1761 3133 salutem.

434 3190 501 3234 rem
516 3169 669 3234 bonitatis
684 3170 754 3251 ejus
772 3186 779 3231 :
796 3189 853 3252 per
871 3169 957 3252 quod
975 3167 1178 3249 significaba-
1196 3171 1217 3234 G
1273 3169 1343 3231 llaec
1360 3169 1390 3231 S.
1408 3168 1536 3232 Thomae
1555 3169 1719 3232 distinctio
1735 3170 1774 3233 de
1794 3167 1972 3242 sacrificiis,

434 3277 485 3331 tur
501 3275 601 3331 status
611 3267 801 3347 evangelicae
811 3268 891 3348 legis
906 3268 939 3330 iu
950 3267 1178 3350 adimpletione
1233 3267 1302 3332 dari
1328 3267 1454 3330 videtur
1473 3285 1571 3350 penes
1596 3277 1774 3350 respectum
1797 3269 1837 3331 ad
1862 3266 1973 3343 finem,

434 3367 641 3432 consiliorum
655 3383 662 3428 :
675 3367 747 3429 ideo
762 3375 864 3430 totum
878 3366 1131 3442 comburebatur,
1144 3374 1179 3428 ut
1233 3365 1293 3428 hoc
1309 3374 1357 3428 est
1371 3366 1460 3447 juxta
1470 3365 1706 3429 distinctionem
1723 3385 1836 3441 cause,
1849 3375 1977 3448 propter

435 3465 519 3529 sicut
534 3473 634 3528 tntum
649 3464 768 3528 animal
780 3464 952 3528 resolutum
968 3465 1002 3527 in
1017 3484 1175 3549 vaporem,
1233 3483 1329 3546 quam
1344 3463 1538 3527 sacrificium
1554 3462 1760 3528 offerebatur.
1769 3464 1857 3527 Unde
1872 3474 1903 3528 et
1918 3473 1976 3527 ter-

435 3583 561 3628 sursum
576 3562 729 3641 ascendit,
747 3563 793 3626 sic
813 3572 898 3627 totus
914 3562 1009 3627 homo
1024 3573 1056 3628 et
1070 3563 1179 3627 omnia
1234 3562 1314 3624 tium
1330 3561 1481 3625 sacrificii
1497 3581 1596 3644 genus
1612 3562 1713 3624 dividi
1728 3572 1833 3646 potest
1852 3563 1973 3640 induo,

434 3681 506 3745 quae
526 3671 601 3725 sunt
620 3661 701 3743 ejus,
719 3662 781 3725 Deo
804 3661 948 3744 subjecta
962 3661 1026 3725 sint
1042 3670 1073 3726 et
1088 3663 1118 3726 ei
1133 3661 1185 3754 ⁰s'.
1234 3661 1278 3724 ita
1292 3661 1378 3742 quod
1389 3679 1488 3723 unum
1505 3669 1573 3723 erat
1586 3679 1644 3743 pro
1655 3661 1815 3725 beneficio
1829 3662 1893 3743 jam
1904 3679 1977 3724 cou-

435 3761 588 3825 ferantur.
605 3760 699 3823 atiud
721 3769 789 3824 erat
809 3760 1004 3825 sacrificium
1030 3780 1088 3844 pro
1110 3781 1179 3844 pec
1233 3778 1333 3836 cesso,
1346 3767 1378 3823 et
1393 3759 1566 3841 gratiarum
1582 3759 1665 3823 actio
1675 3778 1733 3841 pro
1747 3761 1857 3823 eodem
1870 3784 1877 3834 ;
1889 3759 1976 3822 aliud

433 3868 515 3936 cato,
532 3859 618 3942 quod
633 3858 831 3923 offerebatur
841 3860 904 3924 Deo
920 3879 979 3942 pro
991 3860 1178 3924 remissione
1233 3877 1292 3941 pro
1306 3857 1467 3921 beneficio
1483 3857 1695 3942 impetrando,
1705 3877 1761 3922 seu
1771 3857 1977 3941 adipiscenda

434 3958 638 4041 peccatitper
648 3959 732 4040 quod
744 3958 988 4038 significabatur
1004 3968 1104 4022 status
1115 3977 1179 4041 pce
1234 3957 1346 4020 salute.
1372 3957 1452 4020 Hinc
1472 3957 1556 4020 idem
1578 3966 1706 4020 sanctus
1730 3957 1844 4021 Ductor
1867 3957 1977 4039 praeal-

433 4056 604 4118 nitentium
620 4056 653 4117 in
669 4055 885 4120 satisfactione
896 4075 953 4139 pro
968 4058 1079 4139 culpis.
1090 4056 1177 4131 Quod
1235 4055 1337 4137 legata
1349 4056 1526 4138 quaestione
1541 4055 1685 4119 ordinem
1701 4055 1866 4137 dignitatis
1885 4055 1977 4118 sacri-

434 4153 629 4218 sacrificium
655 4154 856 4218 dividebatur
879 4156 912 4217 in
937 4157 1015 4218 duas
1040 4165 1146 4238 partes
1169 4174 1176 4218 :
1235 4152 1383 4217 liciorum
1404 4155 1596 4236 assignans:
1614 4155 1698 4217 luter
1719 4143 1837 4231 omnia,
1859 4153 1974 4236 inquit,

437 4272 510 4314 nam
526 4272 590 4315 una
600 4272 673 4335 pars
684 4253 754 4334 ejus
764 4253 1093 4333 comburebatur,afia
1103 4275 1178 4320 vero
1235 4251 1395 4316 sacrificia
1404 4253 1623 4315 holocaustum
1636 4250 1698 4314 luit
1708 4251 1976 4335 perfectissimum

433 4351 566 4414 cedebat
581 4351 614 4412 in
631 4369 723 4413 usum
734 4352 944 4428 sacerdotum,
955 4353 994 4416 ad
1010 4353 1179 4433 designan-
1192 4359 1218 4421 D
1234 4359 1330 4433 atque
1345 4351 1553 4434 praecipuum,
1563 4351 1714 4432 quoniam
1736 4359 1835 4415 totum
1848 4349 1977 4413 combu-

434 4449 509 4511 dum
525 4450 611 4530 quod
634 4448 773 4531 expiatio
795 4469 851 4513 scu
874 4451 1019 4515 remissio
1035 4461 1177 4534 peccato
1234 4450 1363 4514 rebatur
1384 4450 1425 4513 ad
1447 4450 1502 4512 Dei
1525 4450 1689 4526 bonorem,
1714 4457 1745 4513 et
1767 4449 1847 4512 nibil
1873 4467 1977 4512 corne-

432 4566 514 4624 rum‚
531 4566 551 4609 a
569 4548 633 4610 fleo
655 4547 693 4608 fit
714 4566 771 4630 per
792 4547 1006 4612 ministerium
1032 4550 1177 4613 sacerdo·
1232 4548 1366 4612 debatur
1388 4567 1426 4612 ex
1447 4568 1495 4612 ec.
1512 4549 1606 4611 Porro
1627 4548 1800 4612 secundum
1821 4548 1926 4610 locum
1942 4547 1975 4609 in

432 4651 511 4720 tum,
532 4643 594 4706 nisi
616 4645 744 4726 quando
763 4644 960 4710 offerebatur
980 4647 1175 4710 sacrificium
1232 4647 1398 4710 sanctitate
1413 4647 1541 4710 tenebat
1554 4646 1658 4709 hostia
1674 4665 1731 4728 pro
1748 4655 1887 4728 peccato,
1904 4664 1976 4727 quas

431 4759 489 4824 pro
513 4752 643 4826 peccato
662 4743 759 4806 totius
784 4745 905 4827 populi,
925 4746 974 4810 vel
995 4747 1176 4829 specialiter
1231 4746 1455 4809 comedebatur
1478 4745 1581 4808 solum
1604 4745 1637 4807 in
1662 4744 1743 4808 atrio
1765 4764 1783 4806 a
1808 4743 1976 4808 sacerdoti-

431 4858 489 4923 pro
513 4850 642 4922 peccato
662 4843 859 4906 sacerdotis:
877 4844 953 4925 quia
972 4853 1048 4908 tunc
1074 4854 1175 4908 totum
1231 4845 1301 4922 bus,
1314 4855 1345 4908 et
1361 4845 1430 4927 ipso
1447 4841 1598 4906 sacrificii
1616 4843 1677 4906 die.
1691 4843 1831 4906 Tertium
1840 4843 1974 4924 madum

429 4938 685 5003 comburebatur.
708 4941 775 5003 Non
797 4941 883 5005 enim
904 4943 1016 5006 debuit
1031 4944 1064 5005 in
1081 4963 1174 5007 usum
1230 4943 1381 5005 tenebant
1391 4941 1502 5004 hostia
1512 4940 1657 5022 pacificae
1667 4959 1725 5023 pro
1741 4940 1913 5022 gratiarum
1927 4958 1976 5003 ac·

429 5055 538 5100 eorum
550 5038 670 5114 venire,
687 5040 773 5120 quod
789 5058 847 5122 pro
862 5041 908 5103 eis
924 5041 1104 5124 specialiter
1120 5051 1174 5106 aut
1229 5041 1326 5116 tione,
1336 5059 1407 5121 quae
1422 5038 1669 5102 comedebantur
1685 5039 1755 5121 ipso
1769 5039 1830 5116 die,
1841 5039 1895 5101 sed
1907 5036 1976 5099 ubi·

426 5134 616 5216 generaliter
641 5136 862 5201 offerebatur:
885 5140 961 5222 quia
984 5140 1011 5202 si
1036 5141 1170 5219 veniret,
1228 5159 1291 5222 que
1306 5137 1808 5211 inferusalem.0uartumlocum
1823 5136 1974 5200 tenebant

427 5235 624 5297 tantumdem
639 5244 723 5298 esset
737 5255 774 5299 ac
794 5236 820 5298 si
842 5257 904 5300 uon
921 5236 1096 5302 offerretur
1114 5260 1172 5322 pro
1228 5238 1340 5302 hostiae
1365 5235 1509 5319 pacifice
1533 5255 1572 5298 ex
1596 5245 1681 5312 voto,
1703 5254 1837 5317 quarum
1859 5254 1972 5298 carnes

426 5332 483 5396 cis.
509 5331 651 5395 Tertium
677 5332 738 5396 fuit
767 5335 974 5414 sacrificium,
1001 5339 1088 5419 quod
1114 5359 1172 5422 pro
1227 5345 1374 5420 poterant
1388 5333 1512 5398 comedi
1525 5333 1577 5398 die
1589 5333 1876 5416 sequenti.Estque
1892 5332 1973 5396 ratio
