4309 6259
444 494 484 555 52
860 512 1033 559 nnnnnnrrc
1054 512 1087 557 ut
1107 510 1176 556 car.
1199 510 1261 555 xxv
1283 512 1385 587 axoni.
1407 533 1448 543 -
1469 516 1540 562 aar.
1563 518 1581 561 u

443 684 473 747 ei
494 686 667 767 rependere
681 686 854 748 valcamus.
873 683 939 746 lmo
959 701 1059 765 quum
1081 680 1189 745 omnia
1204 679 1229 743 A
1242 682 1281 744 ad
1298 682 1713 764 aliorumfaedificationem,
1731 706 1769 749 ac
1786 688 1988 770 propriarum

445 783 537 847 nobis
552 794 709 867 praecepta
725 782 977 866 impleverimus,
991 801 1029 844 ex
1045 800 1120 843 vera
1135 782 1190 842 hu·
1241 780 1395 843 virtutum
1418 781 1596 846 fomentum
1619 804 1674 848 seu
1697 786 1986 851 conservationem.

315 898 429 951 araxen
444 882 578 945 militate
600 883 744 946 dicamus
766 900 773 944 :
796 881 884 944 Servi
906 880 1035 943 inutiles
1058 898 1186 953 sumus3
1240 884 1410 952 Aromata,
1428 881 1460 944 id
1481 891 1529 945 est
1550 883 1699 947 virtuosae
1726 883 1818 947 famae
1841 886 1984 949 odorem.

298 966 330 1013 ¹⁰·
442 981 527 1061 quod
550 981 717 1044 debuimus
742 980 855 1057 facere,
881 978 1027 1051 fecimus.
1053 978 1130 1039 Nam
1157 985 1189 1039 ct
1246 981 1507 1056 Unguentamdd
1521 991 1569 1044 est
1581 982 1760 1046 devotionis
1770 984 1984 1047 dnlcedinem.

297 1080 555 1149 raa.1v,r.mcrita
578 1089 696 1158 nostra,
714 1079 769 1143 Dei
792 1088 867 1143 sunt
888 1080 981 1143 dona.
1000 1078 1081 1152 Quid
1100 1076 1186 1140 enim
1243 1082 1284 1139 m
1297 1081 1565 1156 thymiamaterii
1575 1081 1732 1151 adoriam
1745 1091 1794 1145 est
1808 1084 1984 1147 orationem

442 1179 540 1242 hahes
555 1181 642 1261 quod
658 1198 721 1243 non
738 1178 912 1261 accepistit
1242 1174 1429 1255 ferventem,
1448 1198 1519 1260 quaa
1542 1179 1697 1261 dirigatur
1723 1182 1762 1244 ad
1778 1182 1874 1244 Deum
1901 1183 1985 1245 sicut
2012 1206 2115 1249 rama
2151 1229 2152 1272 y

483 1282 559 1340 Hac
576 1289 653 1339 sant
668 1290 776 1340 aatcm
792 1299 864 1359 aaa
884 1280 1026 1355 accipere
1043 1278 1160 1337 debetis
1175 1298 1186 1335 :
1242 1275 1418 1337 incensum.
1441 1277 1530 1340 Unde
1549 1278 1582 1339 in
1602 1278 1791 1361 Apocalypsi
1809 1297 1816 1341 :
1833 1279 1984 1342 Ascendit
1998 1304 2116 1358 apaten.
2151 1313 2152 1330 ι

441 1398 575 1447 aurata,
591 1388 620 1439 ct
635 1388 818 1455 arpentum,
836 1388 865 1437 et
880 1375 1124 1439 as.Pcraurum
1140 1375 1187 1435 in·
1241 1372 1349 1437 fumus
1369 1383 1548 1439 aromatum
1568 1377 1608 1439 dc
1632 1377 1829 1440 orationibus
1855 1378 1985 1441 Sancto
2151 1379 2152 1382 ’

300 1486 425 1538 Galat-vt·
442 1473 597 1556 telligitur
612 1475 706 1552 fides,
723 1495 794 1557 quaa
810 1494 865 1557 per
888 1474 1092 1537 dilectionem
1114 1491 1187 1555 ope-
1240 1491 1309 1534 rum
1332 1481 1405 1535 ante
1430 1482 1636 1557 conspectum
1659 1475 1725 1538 Dei.
1744 1478 1883 1554 Lapides
1906 1498 1985 1554 ony-

442 1582 553 1635 ratur:
581 1593 651 1655 quae
672 1583 761 1655 grata
785 1583 833 1637 εει
857 1575 931 1650 lleo,
953 1580 985 1635 et
1010 1571 1185 1654 spiritualis
1238 1573 1360 1644 otinas,
1377 1572 1409 1633 id
1426 1580 1474 1634 cst
1493 1573 1623 1636 robusta
1645 1573 1721 1636 fidei
1741 1583 1937 1655 argumenta,
1954 1586 1985 1635 at

441 1671 570 1734 aedificii
581 1671 825 1735 fundamentum
836 1672 992 1736 consistit.
1003 1670 1059 1734 llel
1071 1689 1184 1733 aurum
1235 1690 1390 1746 garamas,
1404 1671 1435 1732 id
1451 1680 1500 1734 est
1515 1672 1648 1736 virtutes
1664 1674 1840 1736 cardinales
1856 1674 1985 1756 pracla-

440 1770 526 1832 istud
542 1764 589 1833 cst
611 1770 842 1853 pretiosissima
863 1771 989 1847 caritas,
1008 1770 1046 1832 dc
1061 1788 1125 1851 qua
1150 1768 1184 1829 in
1239 1786 1289 1828 ras
1314 1788 1350 1831 ac
1376 1768 1513 1847 lucidas,
1541 1774 1585 1831 ad
1609 1775 1792 1832 ornandam
1818 1775 1921 1850 ephod
1945 1794 1984 1834 aa

293 1880 424 1935 natanta.
439 1868 627 1952 Apocalypsi
643 1869 796 1932 Dominus
812 1870 954 1951 loquitur
967 1887 974 1932 :
985 1868 1107 1931 Suadeo
1125 1866 1183 1929 tihi
1201 1867 1408 1941 Brattonate,
1429 1868 1460 1930 id
1480 1876 1528 1932 cst
1548 1888 1700 1951 personas
1720 1870 1755 1931 in
1776 1871 1875 1933 sacris
1894 1872 1984 1935 Ordi-

439 1986 545 2031 emerc
559 1988 670 2030 aurum
687 1968 834 2047 ignitum,
853 1968 1033 2050 probatum,
1052 1975 1087 2029 ut
1102 1966 1185 2029 locu·
1238 1965 1334 2028 nibus
1358 1968 1558 2046 constitutas,
1576 1969 1753 2050 prasertim
1773 1970 1920 2051 praelatos
1944 1991 1982 2035 aa

439 2065 507 2147 ples
523 2066 594 2129 fias.
610 2067 699 2141 Quod
718 2068 768 2129 sui
789 2067 890 2150 ipsius
912 2067 1026 2129 humili
1045 2066 1185 2146 resigna·
1237 2065 1400 2146 praesules,
1418 2086 1498 2148 quos
1518 2074 1642 2149 oportet
1662 2068 1823 2150 precipue
1839 2088 1910 2131 csse
1929 2088 1983 2152 pa-

441 2163 536 2243 tione,
563 2184 638 2229 ‘vera
662 2164 861 2242 obeditione,
888 2165 1033 2229 oratione
1054 2164 1183 2227 assidua
1237 2171 1321 2227 ratos
1340 2165 1379 2226 ad
1401 2165 1598 2228 reddendum
1618 2166 1707 2229 omni
1723 2168 1867 2247 poscenti
1889 2168 1983 2231 ratio

438 2262 566 2326 emitur.
592 2266 676 2327 Auro
704 2282 832 2345 quoque
864 2264 984 2326 donum
1016 2262 1182 2346 sapientiae
1235 2280 1309 2323 nem
1322 2261 1399 2325 fidei
1412 2263 1592 2326 christianae
1603 2282 1640 2327 ac
1655 2265 1732 2347 spei,
1743 2265 1895 2347 omnique
1908 2286 1983 2349 pru-

437 2360 609 2442 splendens
624 2370 720 2444 atque
740 2362 914 2444 praenobile
928 2364 1108 2425 denotatur.
1125 2361 1182 2424 Per
1235 2360 1353 2438 dentia,
1364 2362 1499 2442 justitia,
1513 2363 1724 2445 temperantia
1738 2382 1776 2426 ac
1791 2363 1981 2428 fortitudine

437 2468 602 2539 argentum
618 2479 722 2523 sermo
737 2459 877 2536 divinus,
887 2461 1008 2523 donum
1024 2460 1179 2536 scientia,
1235 2458 1435 2541 praefulgere,
1462 2469 1621 2542 quatenus
1645 2480 1757 2525 omnes
1779 2462 1980 2526 aedificentur

437 2558 607 2640 prudentia
628 2559 662 2621 in
688 2558 783 2621 rebus
803 2558 951 2620 humanis
970 2559 1063 2621 datur
1089 2557 1182 2620 intel·
1235 2564 1267 2619 ct
1288 2556 1503 2622 informentur
1522 2559 1556 2621 in
1577 2560 1623 2622 eis
1642 2576 1648 2621 :
1669 2560 1723 2642 qui
1746 2560 1828 2623 hene
1851 2561 1982 2641 signan-

438 2654 505 2735 ligi.
526 2656 583 2720 Per
603 2676 656 2735 as,
677 2656 831 2740 patientia
852 2657 886 2718 in
905 2657 1058 2733 adversis,
1076 2656 1179 2721 virtus
1236 2663 1287 2717 tur
1306 2676 1363 2739 per
1381 2657 1485 2739 ephod
1506 2667 1537 2720 et
1557 2657 1721 2737 rationale,
1739 2677 1809 2741 qua
1832 2669 1907 2722 sunt
1927 2680 1982 2726 ve-

437 2755 634 2834 constantiae,
652 2754 807 2819 fortitudo
822 2756 921 2817 animi
938 2756 997 2819 rite
1012 2756 1179 2839 accipitur.
1235 2761 1299 2815 stes
1316 2755 1538 2817 sacerdotales.

437 2856 664 2931 Hyacinthum
678 2865 708 2917 et
718 2875 918 2934 purpuram,
931 2876 1119 2935 coccumque
1133 2856 1181 2915 bis
1275 2855 1470 2933 Facieatqae
1483 2855 1568 2915 milti
1580 2855 1817 2916 samtaartam.
1835 2855 1880 2917 Ex
1901 2876 1981 2939 prec-

437 2955 584 3026 ttaatam,
597 2964 625 3015 et
650 2956 789 3032 byssum.
807 2953 864 3017 Per
886 2953 1106 3036 hyacinthum,
1123 2953 1179 3034 qui
1234 2949 1328 3012 dictis
1343 2950 1462 3033 quippe
1476 2951 1649 3013 virtutibus
1672 2951 1849 3015 [edificatur
1864 2954 1927 3017 Deo
1943 2954 1977 3017 in

435 3051 518 3114 acrei
531 3060 563 3115 et
573 3052 711 3115 coelestis
727 3052 913 3134 perhibetur
923 3052 1048 3129 coloris,
1057 3051 1181 3133 signifi·
1198 3049 1341 3118 Canima
1363 3049 1486 3113 mansio
1506 3050 1669 3130 gratiosa:
1692 3051 1756 3113 imo
1779 3060 1811 3113 et
1832 3051 1902 3135 ipsa
1921 3052 1980 3116 Ec-

434 3158 525 3212 catur
540 3170 612 3234 spes
623 3152 713 3231 regni
727 3150 876 3229 coelestis,
890 3151 1089 3215 conversatio
1100 3170 1180 3233 pura
1234 3146 1331 3209 alesia
1350 3156 1563 3229 regeneratur,
1580 3157 1724 3229 augetur,
1747 3157 1779 3212 et
1798 3148 1978 3213 edificatur

434 3267 471 3310 ac
486 3248 685 3312 coeliformis.
702 3248 759 3311 Per
774 3268 959 3333 purpuram,
978 3268 1050 3331 quae
1065 3268 1176 3330 regum
1233 3264 1271 3308 ειι
1281 3246 1341 3322 his,
1352 3246 1384 3307 in
1397 3266 1461 3328 qua
1472 3246 1595 3308 habitat
1607 3248 1688 3309 Deus
1701 3248 1866 3311 nobiscum
1878 3257 1976 3330 atquc

434 3355 483 3408 εει
502 3346 610 3425 ιεειίε,
623 3348 766 3411 incessus
787 3366 843 3430 per
863 3348 981 3428 regiam
1002 3348 1099 3425 viam,
1113 3365 1178 3410 non
1234 3344 1267 3406 in
1288 3345 1437 3408 cordibus
1459 3345 1587 3407 nostris.
1604 3345 1681 3408 Nam
1701 3354 1734 3408 ει
1752 3347 1975 3429 unusquisque

434 3444 625 3508 declinando
635 3446 675 3508 ad
691 3447 853 3509 dexteram
864 3446 914 3508 vel
930 3446 1105 3523 sinistram,
1118 3447 1177 3509 hoc
1232 3443 1327 3506 dehet
1342 3462 1375 3506 se
1390 3443 1496 3526 ipsum
1509 3444 1571 3507 Deo
1584 3445 1810 3521 sanctuarium,
1820 3446 1975 3529 templum

434 3551 483 3607 εει
492 3544 532 3606 ad
547 3543 687 3627 aliquam
698 3544 845 3608 vitiosam
856 3544 1097 3607 extremitatem.
1107 3545 1179 3607 Pur·
1233 3561 1289 3605 seu
1313 3542 1553 3605 tabernaculum
1578 3561 1634 3624 per
1657 3541 1804 3624 praefatas
1826 3544 1972 3623 virtutes,

434 3661 513 3724 pura
528 3662 666 3726 quoque,
688 3662 759 3726 qua
775 3643 865 3706 ruhei
885 3651 933 3706 est
952 3643 1076 3720 coloris,
1096 3664 1178 3707 mar·
1229 3640 1653 3724 earumqueactus,efficorc
1665 3660 1701 3704 ac
1714 3642 1976 3723 praberclaaata

433 3740 549 3822 tyrium
576 3742 689 3821 signat.
716 3741 773 3803 Per
797 3759 925 3805 coccum
953 3741 1002 3804 his
1028 3742 1173 3820 tinctum,
1230 3761 1356 3801 omnem
1384 3742 1637 3802 stmttttmttnem
1663 3743 1862 3802 tabernaculi
1889 3746 1975 3822 qaod

432 3840 632 3903 conversatio
647 3839 770 3922 aliquid
784 3840 905 3903 hahens
926 3840 965 3903 de
979 3840 1176 3922 perfectione
1229 3838 1513 3909 ostentandam
1526 3839 1625 3901 estad
1640 3838 1850 3902 imitationem
1867 3840 1976 3904 trium·

432 3937 505 4000 vitae
519 3938 785 4021 contemplativa,
798 3947 829 4001 et
844 3939 966 4020 aliquid
982 3940 1021 4002 de
1036 3939 1177 4003 emincn-
1231 3937 1359 4019 phantis
1379 3937 1538 4013 Ecclesia,
1556 3956 1612 3999 seu
1637 3938 1868 4019 cujuscumque
1893 3938 1975 4003 civis

433 4036 476 4097 tia
501 4037 573 4101 vitae
598 4038 720 4115 activae,
747 4038 851 4118 qualis
876 4037 1081 4120 potissimum
1106 4057 1176 4101 esse
1230 4036 1372 4119 superni,
1388 4036 1539 4117 quoniam
1556 4035 1697 4098 Ecclesia
1712 4036 1855 4098 militans
1871 4036 1974 4100 instar

432 4134 526 4197 dehet
555 4135 757 4217 praelatorum
783 4136 865 4214 vita,
893 4135 1092 4217 exprimitur.
1118 4136 1175 4199 Per
1230 4134 1456 4216 triumphantis
1480 4135 1635 4217 disposita
1656 4143 1715 4197 est.
1738 4135 1776 4197 Et
1800 4137 1974 4217 unusquis-

431 4232 574 4315 byssum‚
591 4234 720 4297 castitas
735 4234 887 4315 corporis,
906 4234 1028 4317 puritas
1044 4236 1171 4313 mentis,
1191 4240 1292 4316 [tque
1321 4232 1428 4296 fidelis
1457 4233 1608 4313 angelicae
1632 4234 1706 4297 vita
1735 4234 1905 4315 puritatem
1935 4254 1973 4299 ac

431 4332 634 4397 conscientia
650 4333 744 4396 nitor.
763 4336 852 4395 Pitos
866 4345 1095 4412 capraram,et
1107 4340 1175 4414 pat·
1228 4332 1441 4395 obedientiam
1467 4332 1571 4408 dehet,
1592 4332 1682 4413 juxta
1706 4351 1771 4395 suaa
1796 4333 1972 4396 vocationis

432 4435 475 4491 tes
496 4434 637 4493 artetum
658 4433 849 4503 rubricatas,
862 4436 1022 4512 pellesque
1041 4434 1174 4511 hyaatn·
1227 4430 1430 4512 exigentiam,
1448 4430 1549 4512 sequi.
1571 4430 1660 4494 Unde
1678 4431 1816 4494 loannes
1837 4430 1871 4493 in
1890 4432 1972 4514 Apo

432 4531 550 4591 tamar.
567 4530 624 4593 Per
649 4529 731 4612 pilos
751 4549 929 4615 caprarum,
952 4531 1050 4593 vestis
1071 4532 1173 4613 poeni-
1227 4528 1348 4611 calypsi
1370 4546 1378 4590 :
1401 4528 1486 4606 vidi,
1512 4528 1627 4608 iuquit,
1652 4529 1826 4592 Jerusalem
1853 4548 2119 4611 novam1ara„,.‚2,

430 4628 570 4692 tentialis
599 4648 655 4693 seu
679 4628 833 4710 asperitas
857 4628 958 4706 vitae3
986 4648 1042 4711 pcr
1072 4630 1172 4711 pelles
1227 4628 1471 4691 descendentem
1491 4628 1531 4689 de
1550 4627 1642 4690 coelo.

429 4726 564 4789 arietum
581 4726 766 4805 rubricatas,
784 4727 921 4791 exterior
936 4736 1107 4810 apparatus
1123 4748 1174 4791 ex·
1266 4730 1388 4787 Arcam
1408 4730 1448 4786 de
1463 4728 1563 4803 tigata
1577 4728 1670 4786 setim
1690 4728 1894 4804 compingite.
1913 4727 1971 4790 Per

429 4825 591 4908 emplaris,
609 4826 772 4901 honestus,
785 4844 841 4887 seu
856 4824 992 4889 imitatio
1013 4826 1172 4908 passionis
1226 4845 1331 4888 arcam
1348 4825 1538 4904 intelligitur
1552 4824 1763 4887 mundissima
1778 4825 1895 4887 Christi
1912 4826 1972 4888 hu-

428 4924 597 4987 dominicae
614 4950 621 5001 ;
649 4942 706 5004 per
734 4922 834 5005 pelles
863 4923 1098 5005 hyacinthinas,
1125 4945 1173 4989 re
1226 4926 1374 5000 manitas,
1391 4943 1429 4987 cx
1444 4922 1653 4986 sanctissimis
1669 4941 1801 5005 corpore
1814 4930 1846 4985 et
1860 4923 1971 4986 anima

428 5021 628 5105 splendentia
639 5022 800 5085 interioris
816 5022 963 5103 puritatis
980 5021 1059 5085 foris
1074 5044 1172 5106 appa·
1226 5032 1386 5100 constans,
1403 5022 1494 5104 cujus
1510 5022 1593 5085 vires
1608 5028 1640 5083 et
1655 5022 1798 5084 membra
1813 5022 1916 5084 instar
1932 5023 1971 5084 li·

428 5139 512 5197 rens,
531 5120 764 5201 intelliguntur.
782 5123 825 5181 Et
842 5123 931 5198 tiana
948 5125 1051 5195 setim,
1070 5122 1104 5185 id
1124 5134 1172 5187 εει
1225 5141 1360 5203 gnarum
1372 5122 1464 5184 setim
1481 5119 1692 5203 imputribilia
1702 5128 1803 5197 crant,
1816 5122 1969 5202 quoniam

428 5218 611 5302 incorrupta
626 5227 658 5281 ει
672 5219 796 5299 integra
810 5220 916 5282 corda.
935 5226 1046 5284 Oleum
1062 5226 1107 5283 ad
1122 5226 1171 5283 ta·
1225 5223 1374 5287 vitiorum
1390 5221 1557 5303 putredine
1573 5239 1737 5302 nunquam
1753 5219 1846 5283 infici
1862 5229 1971 5302 potue

426 5320 572 5382 minaria
583 5318 1025 5403 conciaaaadmidestopera
1040 5320 1168 5404 pictatis
1225 5330 1310 5384 runt.
1327 5321 1458 5397 Rursus,
1477 5319 1560 5382 sicut
1575 5319 1608 5381 in
1628 5338 1702 5382 arca
1720 5319 1969 5383 continebantur
