<?xml version="1.0" encoding="UTF-8"?>
<!DOCTYPE html PUBLIC "-//W3C//DTD XHTML 1.0 Transitional//EN"
    "http://www.w3.org/TR/xhtml1/DTD/xhtml1-transitional.dtd">
<html xmlns="http://www.w3.org/1999/xhtml" xml:lang="en" lang="en">
 <head>
  <title>
</title>
<meta http-equiv="Content-Type" content="text/html;charset=utf-8" />
  <meta name='ocr-system' content='tesseract 3.04.00' />
  <meta name='ocr-capabilities' content='ocr_page ocr_carea ocr_par ocr_line ocrx_word'/>
</head>
<body>
  <div class='ocr_page' id='page_1' title='image "./doctorisecstati00unkngoog_0503.png"; bbox 0 0 4309 6259; ppageno 0'>
   <div class='ocr_carea' id='block_1_1' title="bbox 515 508 1727 572">
    <p class='ocr_par' dir='ltr' id='par_1_1' title="bbox 515 508 1727 572">
     <span class='ocr_line' id='line_1_1' title="bbox 515 508 1727 572; baseline 0.004 -5"><span class='ocrx_word' id='word_1_1' title='bbox 515 523 690 570; x_wconf 73' lang='lat' dir='ltr'><strong>annonario</strong></span> <span class='ocrx_word' id='word_1_2' title='bbox 712 524 742 569; x_wconf 87' lang='grc' dir='ltr'><strong>ΙΝ</strong></span> <span class='ocrx_word' id='word_1_3' title='bbox 764 523 832 570; x_wconf 70' lang='lat' dir='ltr'><strong>CAD.</strong></span> <span class='ocrx_word' id='word_1_4' title='bbox 856 523 909 569; x_wconf 86' lang='lat' dir='ltr'><strong>XlX</strong></span> <span class='ocrx_word' id='word_1_5' title='bbox 930 525 1126 571; x_wconf 79' lang='lat' dir='ltr'><strong>uuunnontnt.</strong></span> <span class='ocrx_word' id='word_1_6' title='bbox 1150 544 1190 555; x_wconf 87' lang='lat'><strong>-·</strong></span> <span class='ocrx_word' id='word_1_7' title='bbox 1211 526 1282 571; x_wconf 74' lang='grc' dir='ltr'><strong>ΛΒΤ.</strong></span> <span class='ocrx_word' id='word_1_8' title='bbox 1305 526 1392 572; x_wconf 88' lang='lat' dir='ltr'><strong>XXXll</strong></span> <span class='ocrx_word' id='word_1_9' title='bbox 1667 508 1727 572; x_wconf 61' lang='lat'><strong>425</strong></span> 
     </span>
    </p>
   </div>
   <div class='ocr_carea' id='block_1_2' title="bbox 179 693 1864 5422">
    <p class='ocr_par' dir='ltr' id='par_1_2' title="bbox 179 693 1864 4541">
     <span class='ocr_line' id='line_1_2' title="bbox 226 693 1728 777; baseline -0.001 -18"><span class='ocrx_word' id='word_1_10' title='bbox 226 700 338 759; x_wconf 83' lang='lat' dir='ltr'><strong>Omnis</strong></span> <span class='ocrx_word' id='word_1_11' title='bbox 367 699 426 777; x_wconf 84' lang='lat' dir='ltr'><strong>qui</strong></span> <span class='ocrx_word' id='word_1_12' title='bbox 457 696 597 774; x_wconf 63' lang='lat' dir='ltr'><strong>tetigerit</strong></span> <span class='ocrx_word' id='word_1_13' title='bbox 619 695 778 771; x_wconf 37' lang='lat' dir='ltr'><strong>„humanu</strong></span> <span class='ocrx_word' id='word_1_14' title='bbox 807 697 926 756; x_wconf 82' lang='lat' dir='ltr'><strong>uuimae</strong></span> <span class='ocrx_word' id='word_1_15' title='bbox 941 693 966 755; x_wconf 79' lang='grc' dir='ltr'><strong>Α</strong></span> <span class='ocrx_word' id='word_1_16' title='bbox 980 698 1125 772; x_wconf 77' lang='lat' dir='ltr'><em>desuper,</em></span> <span class='ocrx_word' id='word_1_17' title='bbox 1139 699 1347 759; x_wconf 78' lang='lat' dir='ltr'><strong>immundum</strong></span> <span class='ocrx_word' id='word_1_18' title='bbox 1360 695 1728 760; x_wconf 82' lang='lat' dir='ltr'><strong>eritexmortemorian-</strong></span> 
     </span>
     <span class='ocr_line' id='line_1_3' title="bbox 183 793 1725 878; baseline 0.001 -24"><span class='ocrx_word' id='word_1_19' title='bbox 183 798 401 865; x_wconf 78' lang='lat' dir='ltr'><strong>morticinum,</strong></span> <span class='ocrx_word' id='word_1_20' title='bbox 429 795 461 858; x_wconf 93' lang='lat' dir='ltr'><strong>id</strong></span> <span class='ocrx_word' id='word_1_21' title='bbox 491 804 538 858; x_wconf 89' lang='lat' dir='ltr'><strong>ost</strong></span> <span class='ocrx_word' id='word_1_22' title='bbox 568 794 757 857; x_wconf 81' lang='lat' dir='ltr'><strong>exstinctum</strong></span> <span class='ocrx_word' id='word_1_23' title='bbox 787 793 926 857; x_wconf 90' lang='lat' dir='ltr'><strong>hominis</strong></span> <span class='ocrx_word' id='word_1_24' title='bbox 980 800 1021 861; x_wconf 88' lang='lat' dir='ltr'><strong>tis</strong></span> <span class='ocrx_word' id='word_1_25' title='bbox 1037 818 1094 862; x_wconf 90' lang='lat' dir='ltr'><strong>seu</strong></span> <span class='ocrx_word' id='word_1_26' title='bbox 1105 796 1249 859; x_wconf 86' lang='lat' dir='ltr'><strong>defuncti</strong></span> <span class='ocrx_word' id='word_1_27' title='bbox 1260 797 1439 878; x_wconf 74' lang='lat' dir='ltr'><strong>prasentia.</strong></span> <span class='ocrx_word' id='word_1_28' title='bbox 1449 797 1493 859; x_wconf 85' lang='lat' dir='ltr'><strong>Ex</strong></span> <span class='ocrx_word' id='word_1_29' title='bbox 1509 815 1573 878; x_wconf 90' lang='lat' dir='ltr'><strong>quo</strong></span> <span class='ocrx_word' id='word_1_30' title='bbox 1588 795 1725 872; x_wconf 90' lang='lat' dir='ltr'><strong>elicitur,</strong></span> 
     </span>
     <span class='ocr_line' id='line_1_4' title="bbox 181 895 1725 980; baseline 0.003 -25"><span class='ocrx_word' id='word_1_31' title='bbox 181 905 344 976; x_wconf 76' lang='lat' dir='ltr'><strong>eorpuS,et</strong></span> <span class='ocrx_word' id='word_1_32' title='bbox 360 899 530 973; x_wconf 70' lang='lat' dir='ltr'><strong>dispersus</strong></span> <span class='ocrx_word' id='word_1_33' title='bbox 546 898 606 955; x_wconf 84' lang='lat' dir='ltr'><strong>buc</strong></span> <span class='ocrx_word' id='word_1_34' title='bbox 621 897 847 955; x_wconf 77' lang='lat' dir='ltr'><strong>corrrmiutioue</strong></span> <span class='ocrx_word' id='word_1_35' title='bbox 862 914 927 954; x_wconf 86' lang='lat' dir='ltr'><strong>uou</strong></span> <span class='ocrx_word' id='word_1_36' title='bbox 981 899 1068 980; x_wconf 92' lang='lat' dir='ltr'><strong>quod</strong></span> <span class='ocrx_word' id='word_1_37' title='bbox 1084 897 1110 959; x_wconf 90' lang='lat' dir='ltr'><strong>si</strong></span> <span class='ocrx_word' id='word_1_38' title='bbox 1128 917 1202 959; x_wconf 88' lang='lat' dir='ltr'><strong>vasa</strong></span> <span class='ocrx_word' id='word_1_39' title='bbox 1223 898 1267 959; x_wconf 91' lang='lat' dir='ltr'><strong>ibi</strong></span> <span class='ocrx_word' id='word_1_40' title='bbox 1284 896 1467 959; x_wconf 68' lang='lat' dir='ltr'><strong>exsistentia</strong></span> <span class='ocrx_word' id='word_1_41' title='bbox 1488 895 1617 959; x_wconf 88' lang='lat' dir='ltr'><strong>fuerunt</strong></span> <span class='ocrx_word' id='word_1_42' title='bbox 1633 904 1725 973; x_wconf 85' lang='lat' dir='ltr'><strong>teoto,</strong></span> 
     </span>
     <span class='ocr_line' id='line_1_5' title="bbox 180 992 1729 1079; baseline 0.001 -24"><span class='ocrx_word' id='word_1_43' title='bbox 180 997 294 1074; x_wconf 80' lang='lat' dir='ltr'><strong>suerit,</strong></span> <span class='ocrx_word' id='word_1_44' title='bbox 307 994 368 1057; x_wconf 89' lang='lat' dir='ltr'><strong>hoe</strong></span> <span class='ocrx_word' id='word_1_45' title='bbox 390 1003 438 1057; x_wconf 87' lang='lat' dir='ltr'><strong>est</strong></span> <span class='ocrx_word' id='word_1_46' title='bbox 459 1013 543 1075; x_wconf 86' lang='lat' dir='ltr'><strong>aqua</strong></span> <span class='ocrx_word' id='word_1_47' title='bbox 566 994 764 1056; x_wconf 76' lang='lat' dir='ltr'><strong>lustrationis</strong></span> <span class='ocrx_word' id='word_1_48' title='bbox 781 994 832 1057; x_wconf 87' lang='lat' dir='ltr'><strong>cui</strong></span> <span class='ocrx_word' id='word_1_49' title='bbox 848 992 927 1055; x_wconf 83' lang='lat' dir='ltr'><strong>mix·</strong></span> <span class='ocrx_word' id='word_1_50' title='bbox 982 998 1118 1079; x_wconf 88' lang='lat' dir='ltr'><strong>ligatave</strong></span> <span class='ocrx_word' id='word_1_51' title='bbox 1129 998 1275 1079; x_wconf 77' lang='lat' dir='ltr'><strong>desuper,</strong></span> <span class='ocrx_word' id='word_1_52' title='bbox 1286 1015 1343 1079; x_wconf 90' lang='lat' dir='ltr'><strong>pro</strong></span> <span class='ocrx_word' id='word_1_53' title='bbox 1359 1004 1434 1058; x_wconf 88' lang='lat' dir='ltr'><strong>tune</strong></span> <span class='ocrx_word' id='word_1_54' title='bbox 1446 1014 1509 1058; x_wconf 94' lang='lat' dir='ltr'><strong>non</strong></span> <span class='ocrx_word' id='word_1_55' title='bbox 1526 995 1729 1058; x_wconf 88' lang='lat' dir='ltr'><strong>maculaban-</strong></span> 
     </span>
     <span class='ocr_line' id='line_1_6' title="bbox 181 1094 1728 1178; baseline 0 -21"><span class='ocrx_word' id='word_1_56' title='bbox 181 1103 229 1157; x_wconf 89' lang='lat' dir='ltr'><strong>tus</strong></span> <span class='ocrx_word' id='word_1_57' title='bbox 255 1103 303 1157; x_wconf 83' lang='lat' dir='ltr'><strong>est</strong></span> <span class='ocrx_word' id='word_1_58' title='bbox 325 1094 428 1169; x_wconf 87' lang='lat' dir='ltr'><strong>oinis;</strong></span> <span class='ocrx_word' id='word_1_59' title='bbox 450 1100 574 1173; x_wconf 82' lang='lat' dir='ltr'><strong>polluet</strong></span> <span class='ocrx_word' id='word_1_60' title='bbox 601 1096 843 1155; x_wconf 81' lang='lat' dir='ltr'><strong>tabernaculum</strong></span> <span class='ocrx_word' id='word_1_61' title='bbox 869 1098 927 1155; x_wconf 89' lang='lat' dir='ltr'><strong>Do·</strong></span> <span class='ocrx_word' id='word_1_62' title='bbox 985 1106 1041 1173; x_wconf 87' lang='lat' dir='ltr'><strong>tur,</strong></span> <span class='ocrx_word' id='word_1_63' title='bbox 1051 1096 1203 1178; x_wconf 90' lang='lat' dir='ltr'><strong>quoniam</strong></span> <span class='ocrx_word' id='word_1_64' title='bbox 1215 1096 1300 1157; x_wconf 89' lang='lat' dir='ltr'><strong>intus</strong></span> <span class='ocrx_word' id='word_1_65' title='bbox 1313 1115 1375 1159; x_wconf 92' lang='lat' dir='ltr'><strong>non</strong></span> <span class='ocrx_word' id='word_1_66' title='bbox 1387 1094 1596 1169; x_wconf 86' lang='lat' dir='ltr'><strong>foedabantur,</strong></span> <span class='ocrx_word' id='word_1_67' title='bbox 1607 1094 1663 1159; x_wconf 92' lang='lat' dir='ltr'><strong>ubi</strong></span> <span class='ocrx_word' id='word_1_68' title='bbox 1675 1112 1728 1176; x_wconf 83' lang='lat' dir='ltr'><strong>po</strong></span> 
     </span>
     <span class='ocr_line' id='line_1_7' title="bbox 181 1192 1727 1276; baseline 0.002 -22"><span class='ocrx_word' id='word_1_69' title='bbox 181 1196 278 1264; x_wconf 82' lang='lat' dir='ltr'><strong>mini,</strong></span> <span class='ocrx_word' id='word_1_70' title='bbox 305 1194 416 1266; x_wconf 88' lang='lat' dir='ltr'><strong>idest,</strong></span> <span class='ocrx_word' id='word_1_71' title='bbox 447 1194 601 1276; x_wconf 86' lang='lat' dir='ltr'><strong>templum</strong></span> <span class='ocrx_word' id='word_1_72' title='bbox 624 1192 678 1261; x_wconf 84' lang='lat' dir='ltr'><strong>Dei</strong></span> <span class='ocrx_word' id='word_1_73' title='bbox 703 1192 872 1256; x_wconf 88' lang='lat' dir='ltr'><strong>inhonorat</strong></span> <span class='ocrx_word' id='word_1_74' title='bbox 895 1200 927 1253; x_wconf 85' lang='lat' dir='ltr'><strong>et</strong></span> <span class='ocrx_word' id='word_1_75' title='bbox 984 1196 1141 1261; x_wconf 88' lang='lat' dir='ltr'><strong>nebantur</strong></span> <span class='ocrx_word' id='word_1_76' title='bbox 1155 1194 1333 1258; x_wconf 89' lang='lat' dir='ltr'><strong>necessaria</strong></span> <span class='ocrx_word' id='word_1_77' title='bbox 1349 1194 1458 1258; x_wconf 80' lang='lat' dir='ltr'><strong>victui.</strong></span> <span class='ocrx_word' id='word_1_78' title='bbox 1471 1196 1514 1257; x_wconf 94' lang='lat' dir='ltr'><strong>De</strong></span> <span class='ocrx_word' id='word_1_79' title='bbox 1529 1194 1727 1275; x_wconf 86' lang='lat' dir='ltr'><strong>expositione</strong></span> 
     </span>
     <span class='ocr_line' id='line_1_8' title="bbox 180 1292 1864 1374; baseline -0.004 -12"><span class='ocrx_word' id='word_1_80' title='bbox 180 1292 328 1367; x_wconf 73' lang='lat' dir='ltr'><strong>maculat,</strong></span> <span class='ocrx_word' id='word_1_81' title='bbox 352 1300 507 1374; x_wconf 80' lang='lat' dir='ltr'><strong>quantum</strong></span> <span class='ocrx_word' id='word_1_82' title='bbox 535 1292 567 1354; x_wconf 83' lang='lat' dir='ltr'><strong>in</strong></span> <span class='ocrx_word' id='word_1_83' title='bbox 593 1312 626 1353; x_wconf 75' lang='lat' dir='ltr'><strong>se</strong></span> <span class='ocrx_word' id='word_1_84' title='bbox 651 1300 709 1367; x_wconf 75' lang='lat' dir='ltr'><strong>est,</strong></span> <span class='ocrx_word' id='word_1_85' title='bbox 732 1310 795 1353; x_wconf 87' lang='lat'>11011</span> <span class='ocrx_word' id='word_1_86' title='bbox 821 1299 925 1353; x_wconf 73' lang='lat' dir='ltr'><strong>tamen</strong></span> <span class='ocrx_word' id='word_1_87' title='bbox 983 1305 1014 1360; x_wconf 87' lang='lat' dir='ltr'><strong>et</strong></span> <span class='ocrx_word' id='word_1_88' title='bbox 1025 1293 1202 1357; x_wconf 89' lang='lat' dir='ltr'><strong>rationibus</strong></span> <span class='ocrx_word' id='word_1_89' title='bbox 1214 1292 1458 1357; x_wconf 87' lang='lat' dir='ltr'><strong>horumdictum</strong></span> <span class='ocrx_word' id='word_1_90' title='bbox 1467 1302 1515 1367; x_wconf 86' lang='lat' dir='ltr'><strong>ost</strong></span> <span class='ocrx_word' id='word_1_91' title='bbox 1530 1293 1562 1356; x_wconf 95' lang='lat' dir='ltr'><strong>in</strong></span> <span class='ocrx_word' id='word_1_92' title='bbox 1574 1293 1724 1357; x_wconf 89' lang='lat' dir='ltr'><strong>Levitico.</strong></span> <span class='ocrx_word' id='word_1_93' title='bbox 1766 1322 1820 1365; x_wconf 57' lang='grc' dir='ltr'><strong>ιω,</strong></span> <span class='ocrx_word' id='word_1_94' title='bbox 1835 1336 1864 1374; x_wconf 65' lang='lat'><strong>11,</strong></span> 
     </span>
     <span class='ocr_line' id='line_1_9' title="bbox 180 1387 1814 1474; baseline 0 -21"><span class='ocrx_word' id='word_1_95' title='bbox 180 1391 325 1453; x_wconf 81' lang='lat' dir='ltr'><strong>absolute</strong></span> <span class='ocrx_word' id='word_1_96' title='bbox 350 1391 472 1474; x_wconf 86' lang='lat' dir='ltr'><strong>polluet</strong></span> <span class='ocrx_word' id='word_1_97' title='bbox 494 1392 585 1454; x_wconf 91' lang='lat' dir='ltr'><strong>illud.</strong></span> <span class='ocrx_word' id='word_1_98' title='bbox 603 1391 678 1454; x_wconf 87' lang='lat' dir='ltr'><strong>Nam</strong></span> <span class='ocrx_word' id='word_1_99' title='bbox 703 1390 730 1453; x_wconf 91' lang='lat' dir='ltr'><strong>si</strong></span> <span class='ocrx_word' id='word_1_100' title='bbox 752 1390 812 1454; x_wconf 87' lang='lat' dir='ltr'><strong>hoo</strong></span> <span class='ocrx_word' id='word_1_101' title='bbox 827 1389 928 1453; x_wconf 86' lang='lat' dir='ltr'><strong>taber·</strong></span> <span class='ocrx_word' id='word_1_102' title='bbox 1023 1396 1063 1456; x_wconf 86' lang='lat' dir='ltr'><strong>Si</strong></span> <span class='ocrx_word' id='word_1_103' title='bbox 1078 1396 1150 1473; x_wconf 85' lang='lat' dir='ltr'><strong>quis</strong></span> <span class='ocrx_word' id='word_1_104' title='bbox 1165 1394 1202 1454; x_wconf 85' lang='lat' dir='ltr'><strong>iu</strong></span> <span class='ocrx_word' id='word_1_105' title='bbox 1222 1413 1299 1470; x_wconf 75' lang='lat' dir='ltr'><strong>apro</strong></span> <span class='ocrx_word' id='word_1_106' title='bbox 1321 1394 1460 1468; x_wconf 71' lang='lat' dir='ltr'><strong>tetigerit</strong></span> <span class='ocrx_word' id='word_1_107' title='bbox 1480 1395 1618 1453; x_wconf 85' lang='lat' dir='ltr'><strong>cadaver</strong></span> <span class='ocrx_word' id='word_1_108' title='bbox 1632 1394 1728 1453; x_wconf 81' lang='lat' dir='ltr'><strong>occisi</strong></span> <span class='ocrx_word' id='word_1_109' title='bbox 1742 1387 1814 1428; x_wconf 59' lang='lat'>³²⁴⁴·</span> 
     </span>
     <span class='ocr_line' id='line_1_10' title="bbox 181 1489 1727 1573; baseline 0.001 -21"><span class='ocrx_word' id='word_1_110' title='bbox 181 1491 331 1553; x_wconf 84' lang='lat' dir='ltr'>naculum</span> <span class='ocrx_word' id='word_1_111' title='bbox 358 1491 455 1554; x_wconf 86' lang='lat' dir='ltr'><strong>vellet</strong></span> <span class='ocrx_word' id='word_1_112' title='bbox 473 1491 625 1553; x_wconf 86' lang='lat' dir='ltr'><strong>Dominus</strong></span> <span class='ocrx_word' id='word_1_113' title='bbox 648 1490 784 1573; x_wconf 82' lang='lat' dir='ltr'><strong>intelligi</strong></span> <span class='ocrx_word' id='word_1_114' title='bbox 809 1489 928 1553; x_wconf 87' lang='lat' dir='ltr'><strong>factum</strong></span> <span class='ocrx_word' id='word_1_115' title='bbox 982 1494 1136 1561; x_wconf 79' lang='lat' dir='ltr'><strong>barcinis,</strong></span> <span class='ocrx_word' id='word_1_116' title='bbox 1161 1502 1218 1552; x_wconf 85' lang='lat' dir='ltr'><strong>cut</strong></span> <span class='ocrx_word' id='word_1_117' title='bbox 1239 1512 1299 1569; x_wconf 84' lang='lat' dir='ltr'><strong>per</strong></span> <span class='ocrx_word' id='word_1_118' title='bbox 1323 1512 1354 1551; x_wconf 88' lang='lat' dir='ltr'><strong>se</strong></span> <span class='ocrx_word' id='word_1_119' title='bbox 1380 1494 1510 1562; x_wconf 86' lang='lat' dir='ltr'><strong>mortui,</strong></span> <span class='ocrx_word' id='word_1_120' title='bbox 1537 1490 1661 1554; x_wconf 90' lang='lat' dir='ltr'><strong>scilicet</strong></span> <span class='ocrx_word' id='word_1_121' title='bbox 1689 1511 1727 1554; x_wconf 83' lang='lat' dir='ltr'><strong>ex</strong></span> 
     </span>
     <span class='ocr_line' id='line_1_11' title="bbox 180 1589 1728 1671; baseline 0 -20"><span class='ocrx_word' id='word_1_122' title='bbox 180 1610 250 1651; x_wconf 89' lang='lat' dir='ltr'><strong>esse</strong></span> <span class='ocrx_word' id='word_1_123' title='bbox 275 1610 313 1652; x_wconf 86' lang='lat' dir='ltr'><strong>ex</strong></span> <span class='ocrx_word' id='word_1_124' title='bbox 339 1590 395 1653; x_wconf 92' lang='lat' dir='ltr'><strong>illo</strong></span> <span class='ocrx_word' id='word_1_125' title='bbox 419 1590 632 1666; x_wconf 92' lang='lat' dir='ltr'><strong>immundum,</strong></span> <span class='ocrx_word' id='word_1_126' title='bbox 650 1590 796 1653; x_wconf 92' lang='lat' dir='ltr'><strong>mundari</strong></span> <span class='ocrx_word' id='word_1_127' title='bbox 823 1590 927 1671; x_wconf 91' lang='lat' dir='ltr'><strong>ipsum</strong></span> <span class='ocrx_word' id='word_1_128' title='bbox 983 1610 1078 1656; x_wconf 89' lang='lat' dir='ltr'><strong>causa</strong></span> <span class='ocrx_word' id='word_1_129' title='bbox 1095 1589 1231 1652; x_wconf 89' lang='lat' dir='ltr'><strong>naturali</strong></span> <span class='ocrx_word' id='word_1_130' title='bbox 1249 1589 1508 1665; x_wconf 82' lang='lat' dir='ltr'><strong>intrinseca,siue</strong></span> <span class='ocrx_word' id='word_1_131' title='bbox 1523 1611 1555 1651; x_wconf 91' lang='lat' dir='ltr'><strong>os</strong></span> <span class='ocrx_word' id='word_1_132' title='bbox 1570 1592 1664 1651; x_wconf 80' lang='lat' dir='ltr'><strong>iliius</strong></span> <span class='ocrx_word' id='word_1_133' title='bbox 1678 1595 1728 1651; x_wconf 86' lang='lat' dir='ltr'><strong>oet</strong></span> 
     </span>
     <span class='ocr_line' id='line_1_12' title="bbox 179 1688 1724 1772; baseline -0.002 -20"><span class='ocrx_word' id='word_1_134' title='bbox 179 1688 317 1769; x_wconf 87' lang='lat' dir='ltr'><strong>juberet,</strong></span> <span class='ocrx_word' id='word_1_135' title='bbox 335 1698 370 1751; x_wconf 91' lang='lat' dir='ltr'><strong>ut</strong></span> <span class='ocrx_word' id='word_1_136' title='bbox 384 1690 494 1753; x_wconf 87' lang='lat' dir='ltr'><strong>Glossa</strong></span> <span class='ocrx_word' id='word_1_137' title='bbox 509 1690 649 1771; x_wconf 84' lang='lat' dir='ltr'><strong>exponit.</strong></span> <span class='ocrx_word' id='word_1_138' title='bbox 667 1690 735 1765; x_wconf 83' lang='lat' dir='ltr'><strong>Vel,</strong></span> <span class='ocrx_word' id='word_1_139' title='bbox 755 1689 869 1772; x_wconf 91' lang='lat' dir='ltr'><strong>polluit</strong></span> <span class='ocrx_word' id='word_1_140' title='bbox 885 1698 929 1752; x_wconf 89' lang='lat' dir='ltr'><strong>ta·</strong></span> <span class='ocrx_word' id='word_1_141' title='bbox 982 1695 1185 1768; x_wconf 63' lang='lat' dir='ltr'><strong>septimum,-</strong></span> <span class='ocrx_word' id='word_1_142' title='bbox 1199 1691 1391 1749; x_wconf 75' lang='lat' dir='ltr'><strong>irremuurlrrs</strong></span> <span class='ocrx_word' id='word_1_143' title='bbox 1406 1690 1594 1767; x_wconf 74' lang='lat' dir='ltr'><strong>eritscpteru</strong></span> <span class='ocrx_word' id='word_1_144' title='bbox 1604 1691 1724 1750; x_wconf 84' lang='lat' dir='ltr'><strong>diebus.</strong></span> 
     </span>
     <span class='ocr_line' id='line_1_13' title="bbox 181 1786 1727 1871; baseline -0.003 -20"><span class='ocrx_word' id='word_1_145' title='bbox 181 1789 390 1851; x_wconf 82' lang='lat' dir='ltr'><strong>bernaeulum</strong></span> <span class='ocrx_word' id='word_1_146' title='bbox 416 1788 552 1864; x_wconf 86' lang='lat' dir='ltr'><strong>Domini,</strong></span> <span class='ocrx_word' id='word_1_147' title='bbox 571 1789 631 1851; x_wconf 87' lang='lat' dir='ltr'><strong>hoo</strong></span> <span class='ocrx_word' id='word_1_148' title='bbox 656 1798 713 1865; x_wconf 84' lang='lat' dir='ltr'><strong>ost,</strong></span> <span class='ocrx_word' id='word_1_149' title='bbox 733 1788 927 1871; x_wconf 84' lang='lat' dir='ltr'><strong>Synagogam</strong></span> <span class='ocrx_word' id='word_1_150' title='bbox 987 1794 1170 1868; x_wconf 80' lang='lat' dir='ltr'><strong>Tolleutquc</strong></span> <span class='ocrx_word' id='word_1_151' title='bbox 1196 1786 1340 1850; x_wconf 88' lang='lat' dir='ltr'><strong>homines</strong></span> <span class='ocrx_word' id='word_1_152' title='bbox 1366 1788 1478 1849; x_wconf 93' lang='lat' dir='ltr'><strong>mundi</strong></span> <span class='ocrx_word' id='word_1_153' title='bbox 1502 1792 1542 1848; x_wconf 83' lang='lat' dir='ltr'><strong>de</strong></span> <span class='ocrx_word' id='word_1_154' title='bbox 1566 1790 1727 1848; x_wconf 76' lang='lat' dir='ltr'><strong>cineribus</strong></span> 
     </span>
     <span class='ocr_line' id='line_1_14' title="bbox 180 1884 1727 1971; baseline -0.004 -20"><span class='ocrx_word' id='word_1_155' title='bbox 180 1910 237 1951; x_wconf 83' lang='lat' dir='ltr'><strong>seu</strong></span> <span class='ocrx_word' id='word_1_156' title='bbox 264 1889 420 1971; x_wconf 90' lang='lat' dir='ltr'><strong>populum</strong></span> <span class='ocrx_word' id='word_1_157' title='bbox 445 1888 646 1951; x_wconf 85' lang='lat' dir='ltr'><strong>scandalizat.</strong></span> <span class='ocrx_word' id='word_1_158' title='bbox 672 1888 776 1952; x_wconf 86' lang='lat' dir='ltr'><strong>Potest</strong></span> <span class='ocrx_word' id='word_1_159' title='bbox 800 1906 929 1969; x_wconf 88' lang='lat' dir='ltr'><strong>quoque</strong></span> <span class='ocrx_word' id='word_1_160' title='bbox 947 1886 1208 1950; x_wconf 80' lang='lat' dir='ltr'><strong>Dcorcbustiouis</strong></span> <span class='ocrx_word' id='word_1_161' title='bbox 1219 1895 1314 1964; x_wconf 83' lang='lat' dir='ltr'><strong>atque</strong></span> <span class='ocrx_word' id='word_1_162' title='bbox 1325 1886 1527 1962; x_wconf 80' lang='lat' dir='ltr'><strong>pecead,hoe</strong></span> <span class='ocrx_word' id='word_1_163' title='bbox 1543 1894 1589 1947; x_wconf 88' lang='lat' dir='ltr'><strong>est</strong></span> <span class='ocrx_word' id='word_1_164' title='bbox 1605 1884 1727 1965; x_wconf 85' lang='lat' dir='ltr'><strong>aliquid</strong></span> 
     </span>
     <span class='ocr_line' id='line_1_15' title="bbox 181 1980 1729 2065; baseline -0.004 -14"><span class='ocrx_word' id='word_1_165' title='bbox 181 1984 380 2063; x_wconf 72' lang='lat' dir='ltr'><strong>contingere,</strong></span> <span class='ocrx_word' id='word_1_166' title='bbox 397 1983 483 2063; x_wconf 83' lang='lat' dir='ltr'><strong>quod</strong></span> <span class='ocrx_word' id='word_1_167' title='bbox 506 1990 639 2060; x_wconf 72' lang='lat' dir='ltr'><strong>tangens</strong></span> <span class='ocrx_word' id='word_1_168' title='bbox 662 1983 797 2045; x_wconf 65' lang='lat' dir='ltr'><strong>cadaver</strong></span> <span class='ocrx_word' id='word_1_169' title='bbox 818 1980 930 2044; x_wconf 74' lang='lat' dir='ltr'><strong>defun·</strong></span> <span class='ocrx_word' id='word_1_170' title='bbox 983 1988 1127 2051; x_wconf 86' lang='lat' dir='ltr'><strong>cinerum</strong></span> <span class='ocrx_word' id='word_1_171' title='bbox 1137 2005 1240 2049; x_wconf 75' lang='lat' dir='ltr'><strong>vacere</strong></span> <span class='ocrx_word' id='word_1_172' title='bbox 1250 1984 1422 2048; x_wconf 77' lang='lat' dir='ltr'><strong>combustae</strong></span> <span class='ocrx_word' id='word_1_173' title='bbox 1434 2004 1491 2065; x_wconf 90' lang='lat' dir='ltr'><strong>pro</strong></span> <span class='ocrx_word' id='word_1_174' title='bbox 1502 1984 1638 2065; x_wconf 85' lang='lat' dir='ltr'><strong>peccatis</strong></span> <span class='ocrx_word' id='word_1_175' title='bbox 1649 2002 1729 2047; x_wconf 88' lang='lat' dir='ltr'><strong>com·</strong></span> 
     </span>
     <span class='ocr_line' id='line_1_16' title="bbox 181 2080 1728 2165; baseline -0.009 -19"><span class='ocrx_word' id='word_1_176' title='bbox 181 2084 235 2159; x_wconf 87' lang='lat' dir='ltr'><strong>oti,</strong></span> <span class='ocrx_word' id='word_1_177' title='bbox 254 2081 420 2145; x_wconf 88' lang='lat' dir='ltr'><strong>contrahat</strong></span> <span class='ocrx_word' id='word_1_178' title='bbox 440 2081 611 2162; x_wconf 90' lang='lat' dir='ltr'><strong>quamdam</strong></span> <span class='ocrx_word' id='word_1_179' title='bbox 632 2080 849 2157; x_wconf 86' lang='lat' dir='ltr'><strong>infectionem,</strong></span> <span class='ocrx_word' id='word_1_180' title='bbox 867 2099 930 2161; x_wconf 90' lang='lat' dir='ltr'><strong>qua</strong></span> <span class='ocrx_word' id='word_1_181' title='bbox 984 2086 1163 2161; x_wconf 71' lang='lat' dir='ltr'><strong>munitatis,</strong></span> <span class='ocrx_word' id='word_1_182' title='bbox 1184 2095 1214 2145; x_wconf 73' lang='lat' dir='ltr'><strong>el</strong></span> <span class='ocrx_word' id='word_1_183' title='bbox 1229 2088 1357 2145; x_wconf 68' lang='lat' dir='ltr'><strong>misum</strong></span> <span class='ocrx_word' id='word_1_184' title='bbox 1376 2104 1478 2163; x_wconf 62' lang='lat' dir='ltr'><strong>aquas</strong></span> <span class='ocrx_word' id='word_1_185' title='bbox 1493 2085 1598 2152; x_wconf 52' lang='lat' dir='ltr'><strong>„apag</strong></span> <span class='ocrx_word' id='word_1_186' title='bbox 1618 2091 1728 2165; x_wconf 64' lang='lat' dir='ltr'><strong>utpote</strong></span> 
     </span>
     <span class='ocr_line' id='line_1_17' title="bbox 183 2178 1729 2263; baseline -0.004 -13"><span class='ocrx_word' id='word_1_187' title='bbox 183 2191 213 2245; x_wconf 86' lang='lat' dir='ltr'><strong>u</strong></span> <span class='ocrx_word' id='word_1_188' title='bbox 237 2182 318 2243; x_wconf 85' lang='lat' dir='ltr'><strong>alios</strong></span> <span class='ocrx_word' id='word_1_189' title='bbox 342 2189 450 2262; x_wconf 79' lang='lat' dir='ltr'><strong>passu</strong></span> <span class='ocrx_word' id='word_1_190' title='bbox 472 2178 617 2243; x_wconf 82' lang='lat' dir='ltr'><strong>inficcrc.</strong></span> <span class='ocrx_word' id='word_1_191' title='bbox 634 2183 678 2241; x_wconf 80' lang='lat' dir='ltr'><strong>Er</strong></span> <span class='ocrx_word' id='word_1_192' title='bbox 690 2182 809 2257; x_wconf 73' lang='lat' dir='ltr'><strong>peribit</strong></span> <span class='ocrx_word' id='word_1_193' title='bbox 824 2202 865 2239; x_wconf 69' lang='lat' dir='ltr'><strong>ee</strong></span> <span class='ocrx_word' id='word_1_194' title='bbox 884 2183 930 2241; x_wconf 81' lang='lat' dir='ltr'><strong>ls-</strong></span> <span class='ocrx_word' id='word_1_195' title='bbox 985 2184 1204 2260; x_wconf 78' lang='lat' dir='ltr'><strong>scaturientes,</strong></span> <span class='ocrx_word' id='word_1_196' title='bbox 1223 2201 1292 2263; x_wconf 83' lang='lat' dir='ltr'><strong>quae</strong></span> <span class='ocrx_word' id='word_1_197' title='bbox 1315 2182 1415 2244; x_wconf 85' lang='lat' dir='ltr'><strong>instar</strong></span> <span class='ocrx_word' id='word_1_198' title='bbox 1436 2180 1612 2243; x_wconf 76' lang='lat' dir='ltr'><strong>visentium</strong></span> <span class='ocrx_word' id='word_1_199' title='bbox 1635 2200 1673 2243; x_wconf 82' lang='lat' dir='ltr'><strong>cx</strong></span> <span class='ocrx_word' id='word_1_200' title='bbox 1694 2200 1729 2244; x_wconf 87' lang='lat' dir='ltr'><strong>sc</strong></span> 
     </span>
     <span class='ocr_line' id='line_1_18' title="bbox 182 2278 1729 2362; baseline -0.001 -20"><span class='ocrx_word' id='word_1_201' title='bbox 182 2278 558 2353; x_wconf 75' lang='lat' dir='ltr'><strong>ruetouamvisenimex</strong></span> <span class='ocrx_word' id='word_1_202' title='bbox 571 2278 930 2360; x_wconf 82' lang='lat' dir='ltr'><strong>taetumortuiquando</strong></span> <span class='ocrx_word' id='word_1_203' title='bbox 985 2283 1107 2349; x_wconf 77' lang='lat' dir='ltr'><strong>moveri</strong></span> <span class='ocrx_word' id='word_1_204' title='bbox 1128 2282 1288 2357; x_wconf 85' lang='lat' dir='ltr'><strong>videntur,</strong></span> <span class='ocrx_word' id='word_1_205' title='bbox 1305 2302 1401 2360; x_wconf 84' lang='lat' dir='ltr'><strong>super</strong></span> <span class='ocrx_word' id='word_1_206' title='bbox 1423 2301 1484 2352; x_wconf 85' lang='lat' dir='ltr'><strong>ecs,</strong></span> <span class='ocrx_word' id='word_1_207' title='bbox 1506 2279 1539 2341; x_wconf 94' lang='lat' dir='ltr'><strong>id</strong></span> <span class='ocrx_word' id='word_1_208' title='bbox 1561 2287 1609 2342; x_wconf 87' lang='lat' dir='ltr'><strong>est</strong></span> <span class='ocrx_word' id='word_1_209' title='bbox 1633 2299 1729 2362; x_wconf 89' lang='lat' dir='ltr'><strong>super</strong></span> 
     </span>
     <span class='ocr_line' id='line_1_19' title="bbox 183 2377 1729 2462; baseline -0.002 -18"><span class='ocrx_word' id='word_1_210' title='bbox 183 2400 244 2462; x_wconf 87' lang='lat' dir='ltr'><strong>quc</strong></span> <span class='ocrx_word' id='word_1_211' title='bbox 266 2379 361 2459; x_wconf 89' lang='lat' dir='ltr'><strong>culpa</strong></span> <span class='ocrx_word' id='word_1_212' title='bbox 383 2396 448 2439; x_wconf 92' lang='lat' dir='ltr'><strong>non</strong></span> <span class='ocrx_word' id='word_1_213' title='bbox 474 2378 665 2454; x_wconf 89' lang='lat' dir='ltr'><strong>incurratur,</strong></span> <span class='ocrx_word' id='word_1_214' title='bbox 684 2385 788 2440; x_wconf 88' lang='lat' dir='ltr'><strong>tamen</strong></span> <span class='ocrx_word' id='word_1_215' title='bbox 804 2398 842 2441; x_wconf 86' lang='lat' dir='ltr'><strong>ox</strong></span> <span class='ocrx_word' id='word_1_216' title='bbox 857 2396 930 2439; x_wconf 80' lang='lat' dir='ltr'><strong>con·</strong></span> <span class='ocrx_word' id='word_1_217' title='bbox 985 2384 1109 2447; x_wconf 86' lang='lat' dir='ltr'><strong>cineres</strong></span> <span class='ocrx_word' id='word_1_218' title='bbox 1124 2382 1208 2457; x_wconf 92' lang='lat' dir='ltr'><strong>illos,</strong></span> <span class='ocrx_word' id='word_1_219' title='bbox 1226 2382 1262 2440; x_wconf 86' lang='lat' dir='ltr'><strong>iu</strong></span> <span class='ocrx_word' id='word_1_220' title='bbox 1278 2401 1334 2440; x_wconf 84' lang='lat' dir='ltr'><strong>vas</strong></span> <span class='ocrx_word' id='word_1_221' title='bbox 1350 2379 1383 2441; x_wconf 92' lang='lat' dir='ltr'><strong>in</strong></span> <span class='ocrx_word' id='word_1_222' title='bbox 1403 2397 1466 2460; x_wconf 89' lang='lat' dir='ltr'><strong>quo</strong></span> <span class='ocrx_word' id='word_1_223' title='bbox 1481 2377 1604 2441; x_wconf 86' lang='lat' dir='ltr'><strong>cineres</strong></span> <span class='ocrx_word' id='word_1_224' title='bbox 1625 2378 1729 2460; x_wconf 90' lang='lat' dir='ltr'><strong>primo</strong></span> 
     </span>
     <span class='ocr_line' id='line_1_20' title="bbox 184 2476 1730 2563; baseline -0.004 -20"><span class='ocrx_word' id='word_1_225' title='bbox 184 2487 305 2561; x_wconf 80' lang='lat' dir='ltr'><strong>templu</strong></span> <span class='ocrx_word' id='word_1_226' title='bbox 328 2486 382 2539; x_wconf 90' lang='lat' dir='ltr'><strong>aut</strong></span> <span class='ocrx_word' id='word_1_227' title='bbox 402 2477 598 2557; x_wconf 79' lang='lat' dir='ltr'><strong>negligentia</strong></span> <span class='ocrx_word' id='word_1_228' title='bbox 622 2476 818 2559; x_wconf 87' lang='lat' dir='ltr'><strong>impletionis</strong></span> <span class='ocrx_word' id='word_1_229' title='bbox 834 2477 929 2559; x_wconf 86' lang='lat' dir='ltr'><strong>hujus</strong></span> <span class='ocrx_word' id='word_1_230' title='bbox 986 2481 1206 2563; x_wconf 83' lang='lat' dir='ltr'><strong>ponebantur3</strong></span> <span class='ocrx_word' id='word_1_231' title='bbox 1229 2480 1265 2538; x_wconf 85' lang='lat' dir='ltr'><strong>iu</strong></span> <span class='ocrx_word' id='word_1_232' title='bbox 1280 2480 1396 2558; x_wconf 78' lang='lat' dir='ltr'><strong>quibus</strong></span> <span class='ocrx_word' id='word_1_233' title='bbox 1411 2498 1512 2557; x_wconf 83' lang='lat' dir='ltr'><strong>quum</strong></span> <span class='ocrx_word' id='word_1_234' title='bbox 1528 2478 1620 2537; x_wconf 83' lang='lat' dir='ltr'><strong>borno</strong></span> <span class='ocrx_word' id='word_1_235' title='bbox 1637 2498 1730 2537; x_wconf 87' lang='lat' dir='ltr'><strong>muu-</strong></span> 
     </span>
     <span class='ocr_line' id='line_1_21' title="bbox 185 2575 1730 2662; baseline -0.004 -22"><span class='ocrx_word' id='word_1_236' title='bbox 185 2577 346 2662; x_wconf 76' lang='lat' dir='ltr'><strong>pruc-epti,</strong></span> <span class='ocrx_word' id='word_1_237' title='bbox 361 2575 582 2639; x_wconf 76' lang='lat' dir='ltr'><strong>incursabatur</strong></span> <span class='ocrx_word' id='word_1_238' title='bbox 597 2576 693 2657; x_wconf 90' lang='lat' dir='ltr'><strong>eulpa</strong></span> <span class='ocrx_word' id='word_1_239' title='bbox 712 2576 866 2651; x_wconf 90' lang='lat' dir='ltr'><strong>mortalis,</strong></span> <span class='ocrx_word' id='word_1_240' title='bbox 879 2596 931 2637; x_wconf 92' lang='lat' dir='ltr'><strong>eu·</strong></span> <span class='ocrx_word' id='word_1_241' title='bbox 971 2584 1046 2640; x_wconf 85' lang='lat' dir='ltr'><strong>-dus</strong></span> <span class='ocrx_word' id='word_1_242' title='bbox 1071 2580 1208 2639; x_wconf 75' lang='lat' dir='ltr'><strong>tinuerit</strong></span> <span class='ocrx_word' id='word_1_243' title='bbox 1231 2580 1416 2654; x_wconf 77' lang='lat' dir='ltr'><strong>hyssopum,</strong></span> <span class='ocrx_word' id='word_1_244' title='bbox 1441 2580 1607 2654; x_wconf 71' lang='lat' dir='ltr'><strong>adspergat</strong></span> <span class='ocrx_word' id='word_1_245' title='bbox 1636 2596 1730 2635; x_wconf 85' lang='lat' dir='ltr'><strong>omue</strong></span> 
     </span>
     <span class='ocr_line' id='line_1_22' title="bbox 182 2672 1730 2759; baseline -0.003 -19"><span class='ocrx_word' id='word_1_246' title='bbox 182 2678 233 2759; x_wconf 89' lang='lat' dir='ltr'><strong>jus</strong></span> <span class='ocrx_word' id='word_1_247' title='bbox 250 2696 346 2759; x_wconf 84' lang='lat' dir='ltr'><strong>poena</strong></span> <span class='ocrx_word' id='word_1_248' title='bbox 362 2674 425 2737; x_wconf 90' lang='lat' dir='ltr'><strong>fuit</strong></span> <span class='ocrx_word' id='word_1_249' title='bbox 441 2693 506 2737; x_wconf 93' lang='lat' dir='ltr'><strong>non</strong></span> <span class='ocrx_word' id='word_1_250' title='bbox 522 2674 626 2737; x_wconf 90' lang='lat' dir='ltr'><strong>solum</strong></span> <span class='ocrx_word' id='word_1_251' title='bbox 643 2674 760 2737; x_wconf 87' lang='lat' dir='ltr'><strong>occisio</strong></span> <span class='ocrx_word' id='word_1_252' title='bbox 778 2682 931 2755; x_wconf 90' lang='lat' dir='ltr'><strong>tempora·</strong></span> <span class='ocrx_word' id='word_1_253' title='bbox 987 2679 1161 2739; x_wconf 82' lang='lat' dir='ltr'><strong>tectorium</strong></span> <span class='ocrx_word' id='word_1_254' title='bbox 1171 2686 1201 2735; x_wconf 84' lang='lat' dir='ltr'><strong>et</strong></span> <span class='ocrx_word' id='word_1_255' title='bbox 1214 2685 1365 2735; x_wconf 82' lang='lat' dir='ltr'><strong>cunctam</strong></span> <span class='ocrx_word' id='word_1_256' title='bbox 1379 2676 1605 2751; x_wconf 79' lang='lat' dir='ltr'><strong>supellectilem</strong></span> <span class='ocrx_word' id='word_1_257' title='bbox 1621 2672 1730 2736; x_wconf 86' lang='lat' dir='ltr'><strong>defun-</strong></span> 
     </span>
     <span class='ocr_line' id='line_1_23' title="bbox 185 2774 1730 2855; baseline -0.004 -16"><span class='ocrx_word' id='word_1_258' title='bbox 185 2779 233 2855; x_wconf 90' lang='lat' dir='ltr'><strong>lis‚</strong></span> <span class='ocrx_word' id='word_1_259' title='bbox 251 2778 308 2839; x_wconf 87' lang='lat' dir='ltr'><strong>scd</strong></span> <span class='ocrx_word' id='word_1_260' title='bbox 329 2783 361 2839; x_wconf 90' lang='lat' dir='ltr'><strong>ot</strong></span> <span class='ocrx_word' id='word_1_261' title='bbox 380 2784 499 2837; x_wconf 75' lang='lat' dir='ltr'><strong>aterna</strong></span> <span class='ocrx_word' id='word_1_262' title='bbox 520 2775 681 2837; x_wconf 87' lang='lat' dir='ltr'><strong>damnatio</strong></span> <span class='ocrx_word' id='word_1_263' title='bbox 703 2774 928 2855; x_wconf 86' lang='lat' dir='ltr'><strong>impoenitenti.</strong></span> <span class='ocrx_word' id='word_1_264' title='bbox 985 2776 1027 2839; x_wconf 85' lang='lat' dir='ltr'><strong>cti</strong></span> <span class='ocrx_word' id='word_1_265' title='bbox 1044 2775 1077 2838; x_wconf 95' lang='lat' dir='ltr'><strong>in</strong></span> <span class='ocrx_word' id='word_1_266' title='bbox 1094 2776 1199 2851; x_wconf 94' lang='lat' dir='ltr'><strong>domo,</strong></span> <span class='ocrx_word' id='word_1_267' title='bbox 1216 2784 1245 2833; x_wconf 84' lang='lat' dir='ltr'><strong>et</strong></span> <span class='ocrx_word' id='word_1_268' title='bbox 1260 2774 1403 2833; x_wconf 72' lang='lat' dir='ltr'><strong>tibicines</strong></span> <span class='ocrx_word' id='word_1_269' title='bbox 1424 2774 1647 2849; x_wconf 77' lang='lat' dir='ltr'><strong>hujuscemodi</strong></span> <span class='ocrx_word' id='word_1_270' title='bbox 1660 2792 1730 2833; x_wconf 86' lang='lat' dir='ltr'><strong>cou-</strong></span> 
     </span>
     <span class='ocr_line' id='line_1_24' title="bbox 183 2870 1730 2956; baseline -0.004 -17"><span class='ocrx_word' id='word_1_271' title='bbox 183 2878 288 2951; x_wconf 89' lang='lat' dir='ltr'><strong>Porr0,</strong></span> <span class='ocrx_word' id='word_1_272' title='bbox 307 2874 514 2955; x_wconf 81' lang='lat' dir='ltr'><strong>Septuaginta</strong></span> <span class='ocrx_word' id='word_1_273' title='bbox 524 2874 610 2936; x_wconf 89' lang='lat' dir='ltr'><strong>hunc</strong></span> <span class='ocrx_word' id='word_1_274' title='bbox 626 2893 755 2956; x_wconf 89' lang='lat' dir='ltr'><strong>passum</strong></span> <span class='ocrx_word' id='word_1_275' title='bbox 771 2874 817 2937; x_wconf 90' lang='lat' dir='ltr'><strong>sie</strong></span> <span class='ocrx_word' id='word_1_276' title='bbox 833 2882 931 2936; x_wconf 90' lang='lat' dir='ltr'><strong>trans·</strong></span> <span class='ocrx_word' id='word_1_277' title='bbox 986 2878 1113 2953; x_wconf 74' lang='lat' dir='ltr'><strong>topicae</strong></span> <span class='ocrx_word' id='word_1_278' title='bbox 1123 2872 1315 2951; x_wconf 64' lang='lat' dir='ltr'><strong>pericuum</strong></span> <span class='ocrx_word' id='word_1_279' title='bbox 1329 2880 1375 2933; x_wconf 84' lang='lat' dir='ltr'><strong>est</strong></span> <span class='ocrx_word' id='word_1_280' title='bbox 1391 2870 1575 2951; x_wconf 90' lang='lat' dir='ltr'><strong>inquinatos</strong></span> <span class='ocrx_word' id='word_1_281' title='bbox 1591 2890 1629 2933; x_wconf 86' lang='lat' dir='ltr'><strong>ex</strong></span> <span class='ocrx_word' id='word_1_282' title='bbox 1645 2880 1730 2933; x_wconf 90' lang='lat' dir='ltr'><strong>tactu</strong></span> 
     </span>
     <span class='ocr_line' id='line_1_25' title="bbox 184 2970 1729 3055; baseline -0.006 -16"><span class='ocrx_word' id='word_1_283' title='bbox 184 2977 347 3039; x_wconf 91' lang='lat' dir='ltr'><strong>tulerunt:</strong></span> <span class='ocrx_word' id='word_1_284' title='bbox 366 2973 475 3037; x_wconf 90' lang='lat' dir='ltr'><strong>Omnis</strong></span> <span class='ocrx_word' id='word_1_285' title='bbox 486 2973 543 3053; x_wconf 91' lang='lat' dir='ltr'><strong>qui</strong></span> <span class='ocrx_word' id='word_1_286' title='bbox 561 2974 699 3055; x_wconf 86' lang='lat' dir='ltr'><strong>tetigerit</strong></span> <span class='ocrx_word' id='word_1_287' title='bbox 714 2982 874 3035; x_wconf 92' lang='lat' dir='ltr'><strong>mortuum</strong></span> <span class='ocrx_word' id='word_1_288' title='bbox 891 2974 931 3035; x_wconf 90' lang='lat' dir='ltr'><strong>ab</strong></span> <span class='ocrx_word' id='word_1_289' title='bbox 986 2993 1041 3036; x_wconf 89' lang='lat' dir='ltr'><strong>scu</strong></span> <span class='ocrx_word' id='word_1_290' title='bbox 1072 2970 1241 3054; x_wconf 69' lang='lat' dir='ltr'><strong>praesentia</strong></span> <span class='ocrx_word' id='word_1_291' title='bbox 1270 2970 1398 3032; x_wconf 89' lang='lat' dir='ltr'><strong>mortui.</strong></span> <span class='ocrx_word' id='word_1_292' title='bbox 1425 2974 1528 3050; x_wconf 80' lang='lat' dir='ltr'><strong>Atque</strong></span> <span class='ocrx_word' id='word_1_293' title='bbox 1552 2971 1609 3029; x_wconf 87' lang='lat' dir='ltr'><strong>boc</strong></span> <span class='ocrx_word' id='word_1_294' title='bbox 1638 2974 1729 3030; x_wconf 84' lang='lat' dir='ltr'><strong>modo</strong></span> 
     </span>
     <span class='ocr_line' id='line_1_26' title="bbox 184 3064 1730 3151; baseline -0.007 -11"><span class='ocrx_word' id='word_1_295' title='bbox 184 3076 269 3140; x_wconf 93' lang='lat' dir='ltr'><strong>omni</strong></span> <span class='ocrx_word' id='word_1_296' title='bbox 295 3072 403 3135; x_wconf 88' lang='lat' dir='ltr'><strong>anima</strong></span> <span class='ocrx_word' id='word_1_297' title='bbox 426 3072 577 3148; x_wconf 65' lang='lat' dir='ltr'><strong>hominia</strong></span> <span class='ocrx_word' id='word_1_298' title='bbox 600 3081 631 3135; x_wconf 85' lang='lat' dir='ltr'><strong>et</strong></span> <span class='ocrx_word' id='word_1_299' title='bbox 655 3081 799 3135; x_wconf 89' lang='lat' dir='ltr'><strong>mortuus</strong></span> <span class='ocrx_word' id='word_1_300' title='bbox 822 3071 929 3151; x_wconf 87' lang='lat' dir='ltr'><strong>fuerit,</strong></span> <span class='ocrx_word' id='word_1_301' title='bbox 947 3064 968 3126; x_wconf 86' lang='lat' dir='ltr'>C</span> <span class='ocrx_word' id='word_1_302' title='bbox 986 3076 1128 3133; x_wconf 77' lang='lat' dir='ltr'><strong>rrzrrudus</strong></span> <span class='ocrx_word' id='word_1_303' title='bbox 1155 3071 1322 3139; x_wconf 77' lang='lat' dir='ltr'><strong>lustrabit,</strong></span> <span class='ocrx_word' id='word_1_304' title='bbox 1350 3068 1382 3129; x_wconf 97' lang='lat' dir='ltr'><strong>id</strong></span> <span class='ocrx_word' id='word_1_305' title='bbox 1407 3077 1456 3130; x_wconf 89' lang='lat' dir='ltr'><strong>est</strong></span> <span class='ocrx_word' id='word_1_306' title='bbox 1483 3068 1642 3151; x_wconf 78' lang='lat' dir='ltr'><strong>purgabit,</strong></span> <span class='ocrx_word' id='word_1_307' title='bbox 1669 3070 1730 3129; x_wconf 84' lang='lat' dir='ltr'><strong>im·</strong></span> 
     </span>
     <span class='ocr_line' id='line_1_27' title="bbox 183 3168 1727 3253; baseline -0.008 -13"><span class='ocrx_word' id='word_1_308' title='bbox 183 3185 265 3239; x_wconf 85' lang='lat' dir='ltr'><strong>tacto</strong></span> <span class='ocrx_word' id='word_1_309' title='bbox 278 3181 416 3249; x_wconf 82' lang='lat' dir='ltr'><strong>mortu0,</strong></span> <span class='ocrx_word' id='word_1_310' title='bbox 427 3180 597 3253; x_wconf 82' lang='lat' dir='ltr'><strong>antequam</strong></span> <span class='ocrx_word' id='word_1_311' title='bbox 615 3172 713 3234; x_wconf 83' lang='lat' dir='ltr'><strong>fuerit</strong></span> <span class='ocrx_word' id='word_1_312' title='bbox 728 3172 929 3253; x_wconf 52' lang='lat' dir='ltr'><strong>purificatum</strong></span> <span class='ocrx_word' id='word_1_313' title='bbox 986 3174 1160 3241; x_wconf 73' lang='lat' dir='ltr'><strong>meandum,</strong></span> <span class='ocrx_word' id='word_1_314' title='bbox 1171 3179 1201 3229; x_wconf 86' lang='lat' dir='ltr'><strong>et</strong></span> <span class='ocrx_word' id='word_1_315' title='bbox 1215 3170 1359 3245; x_wconf 70' lang='lat' dir='ltr'><strong>expiabit</strong></span> <span class='ocrx_word' id='word_1_316' title='bbox 1370 3170 1462 3229; x_wconf 73' lang='lat' dir='ltr'><strong>terim</strong></span> <span class='ocrx_word' id='word_1_317' title='bbox 1477 3177 1506 3228; x_wconf 85' lang='lat' dir='ltr'><strong>et</strong></span> <span class='ocrx_word' id='word_1_318' title='bbox 1520 3170 1653 3247; x_wconf 80' lang='lat' dir='ltr'><strong>septimo</strong></span> <span class='ocrx_word' id='word_1_319' title='bbox 1663 3168 1727 3228; x_wconf 87' lang='lat' dir='ltr'><strong>die.</strong></span> 
     </span>
     <span class='ocr_line' id='line_1_28' title="bbox 182 3266 1727 3354; baseline -0.007 -16"><span class='ocrx_word' id='word_1_320' title='bbox 182 3271 423 3338; x_wconf 88' lang='lat' dir='ltr'><strong>tabernaculum</strong></span> <span class='ocrx_word' id='word_1_321' title='bbox 454 3272 579 3333; x_wconf 88' lang='lat' dir='ltr'><strong>Domini</strong></span> <span class='ocrx_word' id='word_1_322' title='bbox 612 3271 745 3354; x_wconf 92' lang='lat' dir='ltr'><strong>polluit,</strong></span> <span class='ocrx_word' id='word_1_323' title='bbox 773 3276 932 3334; x_wconf 83' lang='lat' dir='ltr'><strong>exteretur</strong></span> <span class='ocrx_word' id='word_1_324' title='bbox 986 3269 1215 3332; x_wconf 83' lang='lat' dir='ltr'><strong>Fiebatautem</strong></span> <span class='ocrx_word' id='word_1_325' title='bbox 1236 3266 1400 3349; x_wconf 86' lang='lat' dir='ltr'><strong>adspersio</strong></span> <span class='ocrx_word' id='word_1_326' title='bbox 1416 3266 1558 3329; x_wconf 90' lang='lat' dir='ltr'><strong>illaeum</strong></span> <span class='ocrx_word' id='word_1_327' title='bbox 1579 3266 1727 3347; x_wconf 78' lang='lat' dir='ltr'><strong>hyssopo,</strong></span> 
     </span>
     <span class='ocr_line' id='line_1_29' title="bbox 183 3365 1729 3451; baseline -0.007 -13"><span class='ocrx_word' id='word_1_328' title='bbox 183 3376 289 3439; x_wconf 89' lang='lat' dir='ltr'><strong>anima</strong></span> <span class='ocrx_word' id='word_1_329' title='bbox 323 3372 378 3434; x_wconf 89' lang='lat' dir='ltr'><strong>illa</strong></span> <span class='ocrx_word' id='word_1_330' title='bbox 409 3391 447 3433; x_wconf 83' lang='lat' dir='ltr'><strong>ex</strong></span> <span class='ocrx_word' id='word_1_331' title='bbox 476 3371 582 3433; x_wconf 85' lang='lat' dir='ltr'><strong>lsrael.</strong></span> <span class='ocrx_word' id='word_1_332' title='bbox 610 3371 763 3445; x_wconf 83' lang='lat' dir='ltr'><strong>Quocirca</strong></span> <span class='ocrx_word' id='word_1_333' title='bbox 791 3371 932 3451; x_wconf 92' lang='lat' dir='ltr'><strong>loquitur</strong></span> <span class='ocrx_word' id='word_1_334' title='bbox 986 3387 1057 3449; x_wconf 74' lang='lat' dir='ltr'><strong>quta</strong></span> <span class='ocrx_word' id='word_1_335' title='bbox 1072 3376 1122 3429; x_wconf 86' lang='lat' dir='ltr'><strong>cst</strong></span> <span class='ocrx_word' id='word_1_336' title='bbox 1136 3365 1212 3429; x_wconf 88' lang='lat' dir='ltr'><strong>boni</strong></span> <span class='ocrx_word' id='word_1_337' title='bbox 1234 3365 1351 3442; x_wconf 88' lang='lat' dir='ltr'><strong>odoris,</strong></span> <span class='ocrx_word' id='word_1_338' title='bbox 1370 3366 1409 3428; x_wconf 91' lang='lat' dir='ltr'><strong>ad</strong></span> <span class='ocrx_word' id='word_1_339' title='bbox 1430 3365 1629 3426; x_wconf 91' lang='lat' dir='ltr'><strong>innuendum</strong></span> <span class='ocrx_word' id='word_1_340' title='bbox 1645 3365 1729 3446; x_wconf 92' lang='lat' dir='ltr'><strong>qnod</strong></span> 
     </span>
     <span class='ocr_line' id='line_1_30' title="bbox 182 3462 1728 3555; baseline -0.009 -17"><span class='ocrx_word' id='word_1_341' title='bbox 182 3473 379 3555; x_wconf 80' lang='lat' dir='ltr'><strong>Augustinus</strong></span> <span class='ocrx_word' id='word_1_342' title='bbox 394 3489 400 3533; x_wconf 94' lang='lat'><strong>:</strong></span> <span class='ocrx_word' id='word_1_343' title='bbox 419 3469 622 3533; x_wconf 84' lang='lat' dir='ltr'><strong>Difficillime</strong></span> <span class='ocrx_word' id='word_1_344' title='bbox 645 3470 806 3532; x_wconf 86' lang='lat' dir='ltr'><strong>invenitur</strong></span> <span class='ocrx_word' id='word_1_345' title='bbox 825 3470 857 3531; x_wconf 92' lang='lat' dir='ltr'><strong>in</strong></span> <span class='ocrx_word' id='word_1_346' title='bbox 881 3469 931 3530; x_wconf 93' lang='lat' dir='ltr'><strong>his</strong></span> <span class='ocrx_word' id='word_1_347' title='bbox 986 3466 1082 3527; x_wconf 90' lang='lat' dir='ltr'><strong>homo</strong></span> <span class='ocrx_word' id='word_1_348' title='bbox 1097 3464 1143 3527; x_wconf 87' lang='lat' dir='ltr'><strong>sie</strong></span> <span class='ocrx_word' id='word_1_349' title='bbox 1157 3462 1351 3547; x_wconf 82' lang='lat' dir='ltr'><strong>purgabatur</strong></span> <span class='ocrx_word' id='word_1_350' title='bbox 1365 3484 1385 3525; x_wconf 90' lang='lat' dir='ltr'><strong>a</strong></span> <span class='ocrx_word' id='word_1_351' title='bbox 1400 3462 1544 3525; x_wconf 85' lang='lat' dir='ltr'><strong>foeditate</strong></span> <span class='ocrx_word' id='word_1_352' title='bbox 1558 3470 1728 3525; x_wconf 84' lang='lat' dir='ltr'><strong>eontracta.</strong></span> 
     </span>
     <span class='ocr_line' id='line_1_31' title="bbox 183 3565 1731 3652; baseline -0.008 -16"><span class='ocrx_word' id='word_1_353' title='bbox 183 3575 274 3636; x_wconf 89' lang='lat' dir='ltr'><strong>libris</strong></span> <span class='ocrx_word' id='word_1_354' title='bbox 297 3572 422 3652; x_wconf 88' lang='lat' dir='ltr'><strong>aliquid</strong></span> <span class='ocrx_word' id='word_1_355' title='bbox 445 3570 624 3634; x_wconf 86' lang='lat' dir='ltr'><strong>evidentius</strong></span> <span class='ocrx_word' id='word_1_356' title='bbox 645 3570 770 3633; x_wconf 86' lang='lat' dir='ltr'><strong>devita</strong></span> <span class='ocrx_word' id='word_1_357' title='bbox 792 3569 931 3633; x_wconf 90' lang='lat' dir='ltr'><strong>hominis</strong></span> <span class='ocrx_word' id='word_1_358' title='bbox 986 3569 1057 3641; x_wconf 83' lang='lat' dir='ltr'><strong>Ipse</strong></span> <span class='ocrx_word' id='word_1_359' title='bbox 1082 3585 1206 3643; x_wconf 80' lang='lat' dir='ltr'><strong>quoque</strong></span> <span class='ocrx_word' id='word_1_360' title='bbox 1230 3565 1289 3643; x_wconf 81' lang='lat' dir='ltr'><strong>qui</strong></span> <span class='ocrx_word' id='word_1_361' title='bbox 1314 3567 1479 3640; x_wconf 67' lang='lat' dir='ltr'><strong>adspergat</strong></span> <span class='ocrx_word' id='word_1_362' title='bbox 1504 3583 1606 3640; x_wconf 81' lang='lat' dir='ltr'><strong>aquus</strong></span> <span class='ocrx_word' id='word_1_363' title='bbox 1635 3581 1731 3643; x_wconf 88' lang='lat' dir='ltr'><strong>super</strong></span> 
     </span>
     <span class='ocr_line' id='line_1_32' title="bbox 184 3662 1731 3755; baseline -0.009 -20"><span class='ocrx_word' id='word_1_364' title='bbox 184 3678 406 3755; x_wconf 88' lang='lat' dir='ltr'><strong>postmortem</strong></span> <span class='ocrx_word' id='word_1_365' title='bbox 423 3688 492 3731; x_wconf 86' lang='lat' dir='ltr'><strong>esse</strong></span> <span class='ocrx_word' id='word_1_366' title='bbox 513 3670 741 3751; x_wconf 83' lang='lat' dir='ltr'><strong>conscriptum,</strong></span> <span class='ocrx_word' id='word_1_367' title='bbox 755 3688 850 3751; x_wconf 84' lang='lat' dir='ltr'><strong>quam</strong></span> <span class='ocrx_word' id='word_1_368' title='bbox 867 3668 929 3731; x_wconf 91' lang='lat' dir='ltr'><strong>hic.</strong></span> <span class='ocrx_word' id='word_1_369' title='bbox 986 3662 1607 3739; x_wconf 82' lang='lat' dir='ltr'><strong>immundum,luvubitvestimentusua.</strong></span> <span class='ocrx_word' id='word_1_370' title='bbox 1620 3663 1731 3722; x_wconf 84' lang='lat' dir='ltr'><strong>Omnis</strong></span> 
     </span>
     <span class='ocr_line' id='line_1_33' title="bbox 183 3761 1729 3847; baseline -0.005 -19"><span class='ocrx_word' id='word_1_371' title='bbox 183 3767 263 3847; x_wconf 87' lang='lat' dir='ltr'><strong>Ergo</strong></span> <span class='ocrx_word' id='word_1_372' title='bbox 285 3783 386 3846; x_wconf 91' lang='lat' dir='ltr'><strong>quum</strong></span> <span class='ocrx_word' id='word_1_373' title='bbox 406 3763 496 3839; x_wconf 92' lang='lat' dir='ltr'><strong>dicit,</strong></span> <span class='ocrx_word' id='word_1_374' title='bbox 513 3764 540 3825; x_wconf 93' lang='lat' dir='ltr'><strong>si</strong></span> <span class='ocrx_word' id='word_1_375' title='bbox 564 3761 661 3825; x_wconf 88' lang='lat' dir='ltr'><strong>fuerit</strong></span> <span class='ocrx_word' id='word_1_376' title='bbox 688 3772 832 3825; x_wconf 91' lang='lat' dir='ltr'><strong>mortuus</strong></span> <span class='ocrx_word' id='word_1_377' title='bbox 858 3771 931 3825; x_wconf 89' lang='lat' dir='ltr'><strong>ante</strong></span> <span class='ocrx_word' id='word_1_378' title='bbox 985 3763 1044 3841; x_wconf 82' lang='lat' dir='ltr'><strong>qui</strong></span> <span class='ocrx_word' id='word_1_379' title='bbox 1060 3763 1199 3839; x_wconf 77' lang='lat' dir='ltr'><strong>tetr&#39;perit</strong></span> <span class='ocrx_word' id='word_1_380' title='bbox 1214 3782 1316 3839; x_wconf 76' lang='lat' dir='ltr'><strong>aqirsu</strong></span> <span class='ocrx_word' id='word_1_381' title='bbox 1330 3762 1527 3837; x_wconf 77' lang='lat' dir='ltr'><strong>ecpiutiouis</strong></span> <span class='ocrx_word' id='word_1_382' title='bbox 1542 3778 1598 3841; x_wconf 87' lang='lat' dir='ltr'><strong>per</strong></span> <span class='ocrx_word' id='word_1_383' title='bbox 1613 3777 1729 3836; x_wconf 89' lang='lat' dir='ltr'><strong>so,non</strong></span> 
     </span>
     <span class='ocr_line' id='line_1_34' title="bbox 183 3859 1728 3947; baseline -0.005 -20"><span class='ocrx_word' id='word_1_384' title='bbox 183 3863 457 3947; x_wconf 81' lang='lat' dir='ltr'><strong>purificationem,</strong></span> <span class='ocrx_word' id='word_1_385' title='bbox 476 3881 605 3924; x_wconf 89' lang='lat' dir='ltr'><strong>manere</strong></span> <span class='ocrx_word' id='word_1_386' title='bbox 629 3862 661 3923; x_wconf 92' lang='lat' dir='ltr'><strong>in</strong></span> <span class='ocrx_word' id='word_1_387' title='bbox 685 3861 741 3924; x_wconf 92' lang='lat' dir='ltr'><strong>illo</strong></span> <span class='ocrx_word' id='word_1_388' title='bbox 763 3861 931 3924; x_wconf 89' lang='lat' dir='ltr'><strong>immundi·</strong></span> <span class='ocrx_word' id='word_1_389' title='bbox 987 3880 1024 3923; x_wconf 87' lang='lat' dir='ltr'><strong>ex</strong></span> <span class='ocrx_word' id='word_1_390' title='bbox 1050 3861 1120 3937; x_wconf 87' lang='lat' dir='ltr'><strong>hoe,</strong></span> <span class='ocrx_word' id='word_1_391' title='bbox 1147 3861 1231 3941; x_wconf 91' lang='lat' dir='ltr'><strong>quod</strong></span> <span class='ocrx_word' id='word_1_392' title='bbox 1262 3877 1454 3940; x_wconf 84' lang='lat' dir='ltr'><strong>supereum</strong></span> <span class='ocrx_word' id='word_1_393' title='bbox 1484 3859 1728 3940; x_wconf 86' lang='lat' dir='ltr'><strong>adsperguntur,</strong></span> 
     </span>
     <span class='ocr_line' id='line_1_35' title="bbox 183 3958 1729 4039; baseline -0.005 -12"><span class='ocrx_word' id='word_1_394' title='bbox 183 3966 311 4039; x_wconf 87' lang='lat' dir='ltr'><strong>tiam,ct</strong></span> <span class='ocrx_word' id='word_1_395' title='bbox 327 3962 425 4025; x_wconf 83' lang='lat' dir='ltr'><strong>exteri</strong></span> <span class='ocrx_word' id='word_1_396' title='bbox 442 3960 579 4022; x_wconf 86' lang='lat' dir='ltr'><strong>animam</strong></span> <span class='ocrx_word' id='word_1_397' title='bbox 597 3960 685 4022; x_wconf 89' lang='lat' dir='ltr'><strong>illam</strong></span> <span class='ocrx_word' id='word_1_398' title='bbox 702 3980 739 4023; x_wconf 85' lang='lat' dir='ltr'><strong>ex</strong></span> <span class='ocrx_word' id='word_1_399' title='bbox 754 3960 858 4035; x_wconf 90' lang='lat' dir='ltr'><strong>lsrael,</strong></span> <span class='ocrx_word' id='word_1_400' title='bbox 872 3961 930 4023; x_wconf 88' lang='lat' dir='ltr'><strong>boc</strong></span> <span class='ocrx_word' id='word_1_401' title='bbox 986 3962 1177 4019; x_wconf 82' lang='lat' dir='ltr'><strong>immundus</strong></span> <span class='ocrx_word' id='word_1_402' title='bbox 1190 3962 1253 4019; x_wconf 79' lang='lat' dir='ltr'><strong>erit</strong></span> <span class='ocrx_word' id='word_1_403' title='bbox 1268 3979 1367 4037; x_wconf 84' lang='lat' dir='ltr'><strong>usque</strong></span> <span class='ocrx_word' id='word_1_404' title='bbox 1381 3962 1426 4018; x_wconf 84' lang='lat' dir='ltr'><strong>ad</strong></span> <span class='ocrx_word' id='word_1_405' title='bbox 1436 3958 1729 4036; x_wconf 66' lang='lat' dir='ltr'><strong>uesperumcadem</strong></span> 
     </span>
     <span class='ocr_line' id='line_1_36' title="bbox 182 4055 1732 4142; baseline -0.004 -17"><span class='ocrx_word' id='word_1_406' title='bbox 182 4072 228 4126; x_wconf 91' lang='lat' dir='ltr'><strong>est</strong></span> <span class='ocrx_word' id='word_1_407' title='bbox 242 4083 261 4124; x_wconf 94' lang='lat' dir='ltr'><strong>a</strong></span> <span class='ocrx_word' id='word_1_408' title='bbox 277 4060 440 4125; x_wconf 86' lang='lat' dir='ltr'><strong>consortio</strong></span> <span class='ocrx_word' id='word_1_409' title='bbox 456 4059 567 4142; x_wconf 92' lang='lat' dir='ltr'><strong>populi</strong></span> <span class='ocrx_word' id='word_1_410' title='bbox 585 4060 638 4123; x_wconf 90' lang='lat' dir='ltr'><strong>Dei</strong></span> <span class='ocrx_word' id='word_1_411' title='bbox 649 4080 656 4123; x_wconf 76' lang='grc' dir='ltr'>ε</span> <span class='ocrx_word' id='word_1_412' title='bbox 666 4058 744 4140; x_wconf 91' lang='lat' dir='ltr'><strong>quid</strong></span> <span class='ocrx_word' id='word_1_413' title='bbox 760 4059 846 4121; x_wconf 87' lang='lat' dir='ltr'><strong>aliud</strong></span> <span class='ocrx_word' id='word_1_414' title='bbox 862 4059 932 4121; x_wconf 90' lang='lat' dir='ltr'><strong>vult</strong></span> <span class='ocrx_word' id='word_1_415' title='bbox 987 4057 1120 4134; x_wconf 90' lang='lat' dir='ltr'><strong>ratione,</strong></span> <span class='ocrx_word' id='word_1_416' title='bbox 1137 4076 1200 4139; x_wconf 89' lang='lat' dir='ltr'><strong>qua</strong></span> <span class='ocrx_word' id='word_1_417' title='bbox 1216 4065 1349 4137; x_wconf 87' lang='lat' dir='ltr'><strong>tangens</strong></span> <span class='ocrx_word' id='word_1_418' title='bbox 1359 4064 1390 4119; x_wconf 90' lang='lat' dir='ltr'><strong>et</strong></span> <span class='ocrx_word' id='word_1_419' title='bbox 1404 4055 1553 4119; x_wconf 88' lang='lat' dir='ltr'><strong>deferens</strong></span> <span class='ocrx_word' id='word_1_420' title='bbox 1568 4056 1732 4138; x_wconf 86' lang='lat' dir='ltr'><strong>reputaba-</strong></span> 
     </span>
     <span class='ocr_line' id='line_1_37' title="bbox 183 4156 1731 4242; baseline -0.003 -18"><span class='ocrx_word' id='word_1_421' title='bbox 183 4161 332 4242; x_wconf 84' lang='lat' dir='ltr'><strong>intelligi‚</strong></span> <span class='ocrx_word' id='word_1_422' title='bbox 343 4160 406 4222; x_wconf 93' lang='lat' dir='ltr'><strong>nisi</strong></span> <span class='ocrx_word' id='word_1_423' title='bbox 423 4178 552 4221; x_wconf 86' lang='lat' dir='ltr'><strong>manere</strong></span> <span class='ocrx_word' id='word_1_424' title='bbox 565 4160 679 4222; x_wconf 70' lang='lat' dir='ltr'><strong>animat</strong></span> <span class='ocrx_word' id='word_1_425' title='bbox 690 4177 827 4241; x_wconf 72' lang='lat' dir='ltr'><strong>planam,</strong></span> <span class='ocrx_word' id='word_1_426' title='bbox 836 4159 929 4221; x_wconf 90' lang='lat' dir='ltr'><strong>etiam</strong></span> <span class='ocrx_word' id='word_1_427' title='bbox 987 4165 1038 4218; x_wconf 89' lang='lat' dir='ltr'><strong>tur</strong></span> <span class='ocrx_word' id='word_1_428' title='bbox 1054 4156 1248 4219; x_wconf 93' lang='lat' dir='ltr'><strong>immundus.</strong></span> <span class='ocrx_word' id='word_1_429' title='bbox 1261 4159 1430 4236; x_wconf 76' lang='lat' dir='ltr'><strong>Quidquid</strong></span> <span class='ocrx_word' id='word_1_430' title='bbox 1441 4157 1581 4233; x_wconf 68' lang='lat' dir='ltr'><strong>tetigerit</strong></span> <span class='ocrx_word' id='word_1_431' title='bbox 1591 4159 1731 4219; x_wconf 86' lang='lat' dir='ltr'><strong>immuu-</strong></span> 
     </span>
     <span class='ocr_line' id='line_1_38' title="bbox 182 4248 1731 4343; baseline -0.004 -19"><span class='ocrx_word' id='word_1_432' title='bbox 182 4270 254 4343; x_wconf 89' lang='lat' dir='ltr'><strong>post</strong></span> <span class='ocrx_word' id='word_1_433' title='bbox 274 4268 422 4335; x_wconf 86' lang='lat' dir='ltr'><strong>mortem,</strong></span> <span class='ocrx_word' id='word_1_434' title='bbox 441 4259 468 4320; x_wconf 90' lang='lat' dir='ltr'><strong>si</strong></span> <span class='ocrx_word' id='word_1_435' title='bbox 491 4259 567 4320; x_wconf 91' lang='lat' dir='ltr'><strong>dum</strong></span> <span class='ocrx_word' id='word_1_436' title='bbox 584 4258 675 4332; x_wconf 87' lang='lat' dir='ltr'><strong>vivit,</strong></span> <span class='ocrx_word' id='word_1_437' title='bbox 693 4258 844 4320; x_wconf 90' lang='lat' dir='ltr'><strong>mundata</strong></span> <span class='ocrx_word' id='word_1_438' title='bbox 867 4276 931 4320; x_wconf 92' lang='lat' dir='ltr'><strong>non</strong></span> <span class='ocrx_word' id='word_1_439' title='bbox 947 4248 972 4309; x_wconf 85' lang='lat' dir='ltr'><strong>D</strong></span> <span class='ocrx_word' id='word_1_440' title='bbox 986 4260 1060 4326; x_wconf 87' lang='lat' dir='ltr'><strong>dus,</strong></span> <span class='ocrx_word' id='word_1_441' title='bbox 1076 4258 1285 4317; x_wconf 79' lang='lat' dir='ltr'><strong>immundum</strong></span> <span class='ocrx_word' id='word_1_442' title='bbox 1300 4257 1399 4334; x_wconf 68' lang='lat' dir='ltr'><strong>sacret</strong></span> <span class='ocrx_word' id='word_1_443' title='bbox 1408 4279 1422 4327; x_wconf 89' lang='lat'><em>;</em></span> <span class='ocrx_word' id='word_1_444' title='bbox 1449 4267 1478 4316; x_wconf 81' lang='lat' dir='ltr'><strong>et</strong></span> <span class='ocrx_word' id='word_1_445' title='bbox 1494 4257 1620 4326; x_wconf 65' lang='lat' dir='ltr'><strong>ursiana,</strong></span> <span class='ocrx_word' id='word_1_446' title='bbox 1636 4256 1731 4319; x_wconf 91' lang='lat' dir='ltr'><strong>idest</strong></span> 
     </span>
     <span class='ocr_line' id='line_1_39' title="bbox 183 4355 1731 4438; baseline -0.003 -17"><span class='ocrx_word' id='word_1_447' title='bbox 183 4359 281 4423; x_wconf 90' lang='lat' dir='ltr'><strong>fuerit</strong></span> <span class='ocrx_word' id='word_1_448' title='bbox 297 4360 358 4422; x_wconf 88' lang='lat' dir='ltr'><strong>hoc</strong></span> <span class='ocrx_word' id='word_1_449' title='bbox 379 4365 589 4434; x_wconf 66' lang='lat' dir='ltr'><strong>sacramento</strong></span> <span class='ocrx_word' id='word_1_450' title='bbox 600 4376 665 4438; x_wconf 78' lang='lat' dir='ltr'><strong>qiro</strong></span> <span class='ocrx_word' id='word_1_451' title='bbox 680 4356 795 4420; x_wconf 88' lang='lat' dir='ltr'><strong>Christi</strong></span> <span class='ocrx_word' id='word_1_452' title='bbox 814 4356 933 4438; x_wconf 91' lang='lat' dir='ltr'><strong>figura·</strong></span> <span class='ocrx_word' id='word_1_453' title='bbox 986 4355 1094 4428; x_wconf 91' lang='lat' dir='ltr'><strong>homo,</strong></span> <span class='ocrx_word' id='word_1_454' title='bbox 1109 4374 1181 4432; x_wconf 80' lang='lat' dir='ltr'><strong>quu</strong></span> <span class='ocrx_word' id='word_1_455' title='bbox 1191 4357 1306 4415; x_wconf 83' lang='lat' dir='ltr'><strong>borum</strong></span> <span class='ocrx_word' id='word_1_456' title='bbox 1321 4356 1492 4433; x_wconf 74' lang='lat' dir='ltr'><strong>quidpiam</strong></span> <span class='ocrx_word' id='word_1_457' title='bbox 1510 4356 1661 4431; x_wconf 57' lang='lat' dir='ltr'><strong>reciperit,</strong></span> <span class='ocrx_word' id='word_1_458' title='bbox 1673 4358 1731 4417; x_wconf 87' lang='lat' dir='ltr'><strong>im·</strong></span> 
     </span>
     <span class='ocr_line' id='line_1_40' title="bbox 183 4452 1728 4541; baseline -0.004 -20"><span class='ocrx_word' id='word_1_459' title='bbox 183 4468 233 4522; x_wconf 91' lang='lat' dir='ltr'><strong>tur</strong></span> <span class='ocrx_word' id='word_1_460' title='bbox 252 4458 455 4541; x_wconf 85' lang='lat' dir='ltr'><strong>Baptismusf</strong></span> <span class='ocrx_word' id='word_1_461' title='bbox 987 4456 1112 4514; x_wconf 86' lang='lat' dir='ltr'><strong>muudu</strong></span> <span class='ocrx_word' id='word_1_462' title='bbox 1134 4454 1197 4512; x_wconf 85' lang='lat' dir='ltr'><strong>erit</strong></span> <span class='ocrx_word' id='word_1_463' title='bbox 1218 4474 1316 4532; x_wconf 78' lang='lat' dir='ltr'><strong>usque</strong></span> <span class='ocrx_word' id='word_1_464' title='bbox 1337 4457 1381 4513; x_wconf 84' lang='lat' dir='ltr'><strong>ad</strong></span> <span class='ocrx_word' id='word_1_465' title='bbox 1403 4473 1578 4529; x_wconf 82' lang='lat' dir='ltr'><strong>vesperum.</strong></span> <span class='ocrx_word' id='word_1_466' title='bbox 1602 4452 1646 4515; x_wconf 90' lang='lat' dir='ltr'><strong>De</strong></span> <span class='ocrx_word' id='word_1_467' title='bbox 1667 4452 1728 4529; x_wconf 85' lang='lat' dir='ltr'><strong>his,</strong></span> 
     </span>
    </p>

    <p class='ocr_par' dir='ltr' id='par_1_3' title="bbox 181 4550 1732 5422">
     <span class='ocr_line' id='line_1_41' title="bbox 221 4550 1730 4633; baseline 0 -19"><span class='ocrx_word' id='word_1_468' title='bbox 221 4557 290 4615; x_wconf 84' lang='lat' dir='ltr'><strong>Istc</strong></span> <span class='ocrx_word' id='word_1_469' title='bbox 304 4563 349 4613; x_wconf 87' lang='lat' dir='ltr'><strong>est</strong></span> <span class='ocrx_word' id='word_1_470' title='bbox 367 4556 419 4611; x_wconf 78' lang='lat' dir='ltr'><strong>teu</strong></span> <span class='ocrx_word' id='word_1_471' title='bbox 440 4552 582 4611; x_wconf 81' lang='lat' dir='ltr'><strong>boruiuis</strong></span> <span class='ocrx_word' id='word_1_472' title='bbox 597 4552 656 4630; x_wconf 79' lang='lat' dir='ltr'><strong>qui</strong></span> <span class='ocrx_word' id='word_1_473' title='bbox 677 4552 817 4610; x_wconf 81' lang='lat' dir='ltr'><strong>rucritur</strong></span> <span class='ocrx_word' id='word_1_474' title='bbox 833 4552 868 4610; x_wconf 86' lang='lat' dir='ltr'><strong>iu</strong></span> <span class='ocrx_word' id='word_1_475' title='bbox 885 4559 932 4610; x_wconf 87' lang='lat' dir='ltr'><strong>tu-</strong></span> <span class='ocrx_word' id='word_1_476' title='bbox 986 4550 1062 4632; x_wconf 92' lang='lat' dir='ltr'><strong>quia</strong></span> <span class='ocrx_word' id='word_1_477' title='bbox 1086 4550 1263 4633; x_wconf 66' lang='lat' dir='ltr'><strong>praehabita</strong></span> <span class='ocrx_word' id='word_1_478' title='bbox 1283 4559 1369 4626; x_wconf 90' lang='lat' dir='ltr'><strong>sunt,</strong></span> <span class='ocrx_word' id='word_1_479' title='bbox 1392 4569 1554 4632; x_wconf 84' lang='lat' dir='ltr'><strong>percurro.</strong></span> <span class='ocrx_word' id='word_1_480' title='bbox 1570 4552 1666 4614; x_wconf 88' lang='lat' dir='ltr'><strong>Porro</strong></span> <span class='ocrx_word' id='word_1_481' title='bbox 1690 4552 1730 4614; x_wconf 89' lang='lat' dir='ltr'><strong>ab</strong></span> 
     </span>
     <span class='ocr_line' id='line_1_42' title="bbox 182 4648 1731 4731; baseline -0.002 -18"><span class='ocrx_word' id='word_1_482' title='bbox 182 4656 367 4720; x_wconf 73' lang='lat' dir='ltr'><strong>bunoculo,</strong></span> <span class='ocrx_word' id='word_1_483' title='bbox 384 4650 417 4712; x_wconf 93' lang='lat' dir='ltr'><strong>id</strong></span> <span class='ocrx_word' id='word_1_484' title='bbox 438 4659 496 4725; x_wconf 89' lang='lat' dir='ltr'><strong>est,</strong></span> <span class='ocrx_word' id='word_1_485' title='bbox 520 4648 680 4712; x_wconf 87' lang='lat' dir='ltr'><strong>institutio</strong></span> <span class='ocrx_word' id='word_1_486' title='bbox 701 4668 837 4729; x_wconf 86' lang='lat' dir='ltr'><strong>sequens</strong></span> <span class='ocrx_word' id='word_1_487' title='bbox 858 4668 933 4712; x_wconf 86' lang='lat' dir='ltr'><strong>oon·</strong></span> <span class='ocrx_word' id='word_1_488' title='bbox 986 4650 1045 4713; x_wconf 88' lang='lat' dir='ltr'><strong>hae</strong></span> <span class='ocrx_word' id='word_1_489' title='bbox 1055 4650 1173 4713; x_wconf 93' lang='lat' dir='ltr'><strong>minori</strong></span> <span class='ocrx_word' id='word_1_490' title='bbox 1190 4649 1393 4711; x_wconf 91' lang='lat' dir='ltr'><strong>immunditia</strong></span> <span class='ocrx_word' id='word_1_491' title='bbox 1408 4648 1664 4730; x_wconf 87' lang='lat' dir='ltr'><strong>purificabantur</strong></span> <span class='ocrx_word' id='word_1_492' title='bbox 1674 4668 1731 4731; x_wconf 86' lang='lat' dir='ltr'><strong>per</strong></span> 
     </span>
     <span class='ocr_line' id='line_1_43' title="bbox 181 4748 1731 4828; baseline -0.002 -14"><span class='ocrx_word' id='word_1_493' title='bbox 181 4749 284 4814; x_wconf 83' lang='lat' dir='ltr'><strong>cernit</strong></span> <span class='ocrx_word' id='word_1_494' title='bbox 314 4750 504 4813; x_wconf 82' lang='lat' dir='ltr'><strong>morientem</strong></span> <span class='ocrx_word' id='word_1_495' title='bbox 536 4748 569 4809; x_wconf 91' lang='lat' dir='ltr'><strong>in</strong></span> <span class='ocrx_word' id='word_1_496' title='bbox 599 4749 708 4811; x_wconf 92' lang='lat' dir='ltr'><strong>domo.</strong></span> <span class='ocrx_word' id='word_1_497' title='bbox 738 4754 851 4811; x_wconf 72' lang='lat' dir='ltr'><strong>Osaces</strong></span> <span class='ocrx_word' id='word_1_498' title='bbox 875 4751 933 4828; x_wconf 80' lang='lat' dir='ltr'><strong>qui</strong></span> <span class='ocrx_word' id='word_1_499' title='bbox 987 4750 1086 4811; x_wconf 85' lang='lat' dir='ltr'><strong>solam</strong></span> <span class='ocrx_word' id='word_1_500' title='bbox 1109 4749 1245 4813; x_wconf 84' lang='lat' dir='ltr'><strong>vestium</strong></span> <span class='ocrx_word' id='word_1_501' title='bbox 1272 4748 1436 4825; x_wconf 85' lang='lat' dir='ltr'><strong>lotionem,</strong></span> <span class='ocrx_word' id='word_1_502' title='bbox 1462 4767 1520 4811; x_wconf 89' lang='lat' dir='ltr'><strong>nec</strong></span> <span class='ocrx_word' id='word_1_503' title='bbox 1545 4748 1731 4828; x_wconf 87' lang='lat' dir='ltr'><strong>indigebant</strong></span> 
     </span>
     <span class='ocr_line' id='line_1_44' title="bbox 182 4846 1732 4929; baseline 0 -20"><span class='ocrx_word' id='word_1_504' title='bbox 182 4851 419 4927; x_wconf 72' lang='lat' dir='ltr'><strong>ingrediuntur</strong></span> <span class='ocrx_word' id='word_1_505' title='bbox 441 4850 614 4909; x_wconf 80' lang='lat' dir='ltr'><strong>tectorium</strong></span> <span class='ocrx_word' id='word_1_506' title='bbox 637 4849 743 4915; x_wconf 85' lang='lat' dir='ltr'><strong>illius,</strong></span> <span class='ocrx_word' id='word_1_507' title='bbox 759 4846 829 4927; x_wconf 92' lang='lat' dir='ltr'><strong>ipso</strong></span> <span class='ocrx_word' id='word_1_508' title='bbox 851 4866 931 4909; x_wconf 93' lang='lat' dir='ltr'><strong>non·</strong></span> <span class='ocrx_word' id='word_1_509' title='bbox 986 4868 1068 4929; x_wconf 85' lang='lat' dir='ltr'><strong>aqua</strong></span> <span class='ocrx_word' id='word_1_510' title='bbox 1088 4847 1248 4929; x_wconf 86' lang='lat' dir='ltr'><strong>adspergi,</strong></span> <span class='ocrx_word' id='word_1_511' title='bbox 1266 4866 1306 4909; x_wconf 95' lang='lat' dir='ltr'><strong>ne</strong></span> <span class='ocrx_word' id='word_1_512' title='bbox 1325 4848 1548 4929; x_wconf 85' lang='lat' dir='ltr'><strong>procederetur</strong></span> <span class='ocrx_word' id='word_1_513' title='bbox 1569 4847 1602 4909; x_wconf 91' lang='lat' dir='ltr'><strong>in</strong></span> <span class='ocrx_word' id='word_1_514' title='bbox 1624 4847 1732 4911; x_wconf 87' lang='lat' dir='ltr'><strong>infini-</strong></span> 
     </span>
     <span class='ocr_line' id='line_1_45' title="bbox 181 4946 1731 5028; baseline -0.001 -18"><span class='ocrx_word' id='word_1_515' title='bbox 181 4949 258 5010; x_wconf 91' lang='lat' dir='ltr'><strong>dum</strong></span> <span class='ocrx_word' id='word_1_516' title='bbox 284 4947 368 5010; x_wconf 86' lang='lat' dir='ltr'><strong>elato</strong></span> <span class='ocrx_word' id='word_1_517' title='bbox 393 4966 431 5008; x_wconf 85' lang='lat' dir='ltr'><strong>ex</strong></span> <span class='ocrx_word' id='word_1_518' title='bbox 454 4948 560 5022; x_wconf 90' lang='lat' dir='ltr'><strong>domo,</strong></span> <span class='ocrx_word' id='word_1_519' title='bbox 580 4966 636 5007; x_wconf 89' lang='lat' dir='ltr'><strong>seu</strong></span> <span class='ocrx_word' id='word_1_520' title='bbox 661 4954 736 5007; x_wconf 87' lang='lat' dir='ltr'><strong>ante</strong></span> <span class='ocrx_word' id='word_1_521' title='bbox 760 4947 931 5027; x_wconf 86' lang='lat' dir='ltr'><strong>septimum</strong></span> <span class='ocrx_word' id='word_1_522' title='bbox 987 4956 1065 5009; x_wconf 93' lang='lat' dir='ltr'><strong>tum.</strong></span> <span class='ocrx_word' id='word_1_523' title='bbox 1081 4946 1139 5020; x_wconf 84' lang='lat' dir='ltr'><strong>Qui</strong></span> <span class='ocrx_word' id='word_1_524' title='bbox 1155 4948 1241 5008; x_wconf 88' lang='lat' dir='ltr'><strong>enim</strong></span> <span class='ocrx_word' id='word_1_525' title='bbox 1258 4966 1341 5027; x_wconf 85' lang='lat' dir='ltr'><strong>aqua</strong></span> <span class='ocrx_word' id='word_1_526' title='bbox 1356 4946 1575 5028; x_wconf 86' lang='lat' dir='ltr'><strong>adspergebat,</strong></span> <span class='ocrx_word' id='word_1_527' title='bbox 1594 4946 1731 5008; x_wconf 91' lang='lat' dir='ltr'><strong>immun-</strong></span> 
     </span>
     <span class='ocr_line' id='line_1_46' title="bbox 182 5044 1729 5128; baseline -0.001 -19"><span class='ocrx_word' id='word_1_528' title='bbox 182 5048 266 5109; x_wconf 90' lang='lat' dir='ltr'><strong>diem</strong></span> <span class='ocrx_word' id='word_1_529' title='bbox 291 5054 364 5128; x_wconf 90' lang='lat' dir='ltr'><strong>post</strong></span> <span class='ocrx_word' id='word_1_530' title='bbox 385 5046 519 5120; x_wconf 93' lang='lat' dir='ltr'><strong>obitum,</strong></span> <span class='ocrx_word' id='word_1_531' title='bbox 536 5054 566 5104; x_wconf 86' lang='lat' dir='ltr'><strong>et</strong></span> <span class='ocrx_word' id='word_1_532' title='bbox 590 5046 742 5105; x_wconf 71' lang='lat' dir='ltr'><strong>uirida-su</strong></span> <span class='ocrx_word' id='word_1_533' title='bbox 765 5066 841 5105; x_wconf 84' lang='lat' dir='ltr'><strong>vasa</strong></span> <span class='ocrx_word' id='word_1_534' title='bbox 861 5068 932 5125; x_wconf 76' lang='lat' dir='ltr'><strong>qum</strong></span> <span class='ocrx_word' id='word_1_535' title='bbox 986 5048 1045 5109; x_wconf 89' lang='lat' dir='ltr'><strong>dus</strong></span> <span class='ocrx_word' id='word_1_536' title='bbox 1062 5044 1171 5107; x_wconf 87' lang='lat' dir='ltr'><strong>fiebat.</strong></span> <span class='ocrx_word' id='word_1_537' title='bbox 1183 5044 1297 5125; x_wconf 85' lang='lat' dir='ltr'><strong>Sicque</strong></span> <span class='ocrx_word' id='word_1_538' title='bbox 1308 5044 1335 5107; x_wconf 92' lang='lat' dir='ltr'><strong>si</strong></span> <span class='ocrx_word' id='word_1_539' title='bbox 1351 5064 1385 5107; x_wconf 90' lang='lat' dir='ltr'><strong>se</strong></span> <span class='ocrx_word' id='word_1_540' title='bbox 1396 5045 1499 5127; x_wconf 91' lang='lat' dir='ltr'><strong>ipsum</strong></span> <span class='ocrx_word' id='word_1_541' title='bbox 1516 5045 1729 5126; x_wconf 85' lang='lat' dir='ltr'><strong>adspergeret,</strong></span> 
     </span>
     <span class='ocr_line' id='line_1_47' title="bbox 182 5143 1731 5225; baseline 0.001 -20"><span class='ocrx_word' id='word_1_542' title='bbox 182 5148 230 5205; x_wconf 86' lang='lat' dir='ltr'><strong>ibi</strong></span> <span class='ocrx_word' id='word_1_543' title='bbox 243 5148 468 5222; x_wconf 85' lang='lat' dir='ltr'><strong>srurt,pcllutu</strong></span> <span class='ocrx_word' id='word_1_544' title='bbox 482 5153 578 5203; x_wconf 83' lang='lat' dir='ltr'><strong>eruut</strong></span> <span class='ocrx_word' id='word_1_545' title='bbox 593 5153 711 5219; x_wconf 84' lang='lat' dir='ltr'><strong>septem</strong></span> <span class='ocrx_word' id='word_1_546' title='bbox 726 5146 857 5203; x_wconf 79' lang='lat' dir='ltr'><strong>diebus:</strong></span> <span class='ocrx_word' id='word_1_547' title='bbox 870 5144 931 5205; x_wconf 89' lang='lat' dir='ltr'><strong>nisi</strong></span> <span class='ocrx_word' id='word_1_548' title='bbox 988 5152 1165 5207; x_wconf 87' lang='lat' dir='ltr'><strong>remaneret</strong></span> <span class='ocrx_word' id='word_1_549' title='bbox 1181 5143 1323 5224; x_wconf 91' lang='lat' dir='ltr'><strong>pollutus</strong></span> <span class='ocrx_word' id='word_1_550' title='bbox 1336 5168 1343 5217; x_wconf 72' lang='grc' dir='ltr'><strong>ς</strong></span> <span class='ocrx_word' id='word_1_551' title='bbox 1362 5143 1388 5205; x_wconf 88' lang='lat' dir='ltr'><strong>si</strong></span> <span class='ocrx_word' id='word_1_552' title='bbox 1404 5152 1509 5206; x_wconf 86' lang='lat' dir='ltr'><strong>autem</strong></span> <span class='ocrx_word' id='word_1_553' title='bbox 1526 5144 1731 5225; x_wconf 88' lang='lat' dir='ltr'><strong>adspergere-</strong></span> 
     </span>
     <span class='ocr_line' id='line_1_48' title="bbox 184 5239 1731 5323; baseline -0.002 -18"><span class='ocrx_word' id='word_1_554' title='bbox 184 5244 306 5307; x_wconf 86' lang='lat' dir='ltr'><strong>fuerint</strong></span> <span class='ocrx_word' id='word_1_555' title='bbox 322 5249 483 5323; x_wconf 86' lang='lat' dir='ltr'><strong>cooperta,</strong></span> <span class='ocrx_word' id='word_1_556' title='bbox 502 5240 573 5304; x_wconf 85' lang='lat' dir='ltr'><strong>ideo</strong></span> <span class='ocrx_word' id='word_1_557' title='bbox 589 5240 755 5303; x_wconf 90' lang='lat' dir='ltr'><strong>subditur:</strong></span> <span class='ocrx_word' id='word_1_558' title='bbox 776 5244 834 5301; x_wconf 85' lang='lat' dir='ltr'><strong>Vas</strong></span> <span class='ocrx_word' id='word_1_559' title='bbox 850 5246 933 5319; x_wconf 79' lang='lat' dir='ltr'><strong>quod</strong></span> <span class='ocrx_word' id='word_1_560' title='bbox 987 5250 1038 5303; x_wconf 89' lang='lat' dir='ltr'><strong>tur</strong></span> <span class='ocrx_word' id='word_1_561' title='bbox 1062 5241 1103 5303; x_wconf 95' lang='lat' dir='ltr'><strong>ab</strong></span> <span class='ocrx_word' id='word_1_562' title='bbox 1127 5241 1238 5317; x_wconf 89' lang='lat' dir='ltr'><strong>altero,</strong></span> <span class='ocrx_word' id='word_1_563' title='bbox 1262 5240 1342 5303; x_wconf 87' lang='lat' dir='ltr'><strong>altor</strong></span> <span class='ocrx_word' id='word_1_564' title='bbox 1363 5241 1418 5303; x_wconf 88' lang='lat' dir='ltr'><strong>illc</strong></span> <span class='ocrx_word' id='word_1_565' title='bbox 1443 5239 1683 5323; x_wconf 89' lang='lat' dir='ltr'><strong>inquinabatur,</strong></span> <span class='ocrx_word' id='word_1_566' title='bbox 1700 5249 1731 5303; x_wconf 90' lang='lat' dir='ltr'><strong>ot</strong></span> 
     </span>
     <span class='ocr_line' id='line_1_49' title="bbox 183 5337 1717 5422; baseline -0.001 -19"><span class='ocrx_word' id='word_1_567' title='bbox 183 5342 415 5403; x_wconf 75' lang='lat' dir='ltr'><strong>contabuerit</strong></span> <span class='ocrx_word' id='word_1_568' title='bbox 433 5344 668 5418; x_wconf 74' lang='lat' dir='ltr'><strong>cooperculum,</strong></span> <span class='ocrx_word' id='word_1_569' title='bbox 683 5360 740 5401; x_wconf 84' lang='lat' dir='ltr'><strong>uec</strong></span> <span class='ocrx_word' id='word_1_570' title='bbox 755 5341 934 5417; x_wconf 67' lang='lat' dir='ltr'><strong>ligaturam</strong></span> <span class='ocrx_word' id='word_1_571' title='bbox 988 5340 1030 5403; x_wconf 90' lang='lat' dir='ltr'><strong>ita</strong></span> <span class='ocrx_word' id='word_1_572' title='bbox 1045 5359 1207 5421; x_wconf 89' lang='lat' dir='ltr'><strong>nunquam</strong></span> <span class='ocrx_word' id='word_1_573' title='bbox 1225 5339 1448 5404; x_wconf 89' lang='lat' dir='ltr'><strong>terminaretur</strong></span> <span class='ocrx_word' id='word_1_574' title='bbox 1466 5337 1622 5422; x_wconf 83' lang='lat' dir='ltr'><strong>purgatio.</strong></span> <span class='ocrx_word' id='word_1_575' title='bbox 1714 5390 1717 5393; x_wconf 84' lang='lat'><strong>.</strong></span> 
     </span>
    </p>
   </div>
   <div class='ocr_carea' id='block_1_3' title="bbox 0 0 2165 6259">
    <p class='ocr_par' dir='ltr' id='par_1_4' title="bbox 0 0 2165 6259">
     <span class='ocr_line' id='line_1_50' title="bbox 0 0 2165 6259; baseline 0 0"><span class='ocrx_word' id='word_1_576' title='bbox 0 0 2165 6259; x_wconf 95' lang='lat' dir='ltr'><strong> </strong></span> 
     </span>
    </p>
   </div>
  </div>
 </body>
</html>
