<?xml version="1.0" encoding="UTF-8"?>
<!DOCTYPE html PUBLIC "-//W3C//DTD XHTML 1.0 Transitional//EN"
    "http://www.w3.org/TR/xhtml1/DTD/xhtml1-transitional.dtd">
<html xmlns="http://www.w3.org/1999/xhtml" xml:lang="en" lang="en">
 <head>
  <title>
</title>
<meta http-equiv="Content-Type" content="text/html;charset=utf-8" />
  <meta name='ocr-system' content='tesseract 3.04.00' />
  <meta name='ocr-capabilities' content='ocr_page ocr_carea ocr_par ocr_line ocrx_word'/>
</head>
<body>
  <div class='ocr_page' id='page_1' title='image "./doctorisecstati00unkngoog_0289.png"; bbox 0 0 4309 6259; ppageno 0'>
   <div class='ocr_carea' id='block_1_1' title="bbox 563 521 1365 571">
    <p class='ocr_par' dir='ltr' id='par_1_1' title="bbox 563 521 1365 571">
     <span class='ocr_line' id='line_1_1' title="bbox 563 521 1365 571; baseline 0.004 -4"><span class='ocrx_word' id='word_1_1' title='bbox 563 521 737 567; x_wconf 74' lang='lat' dir='ltr'>Ettntttmto</span> <span class='ocrx_word' id='word_1_2' title='bbox 759 522 790 567; x_wconf 83' lang='lat' dir='ltr'>ut</span> <span class='ocrx_word' id='word_1_3' title='bbox 811 522 879 568; x_wconf 68' lang='lat' dir='ltr'>CAR.</span> <span class='ocrx_word' id='word_1_4' title='bbox 901 521 954 567; x_wconf 82' lang='lat' dir='ltr'>xtv</span> <span class='ocrx_word' id='word_1_5' title='bbox 975 522 1113 570; x_wconf 77' lang='lat' dir='ltr'>ant&#39;rtot.</span> <span class='ocrx_word' id='word_1_6' title='bbox 1135 540 1175 554; x_wconf 89' lang='grc'>··-</span> <span class='ocrx_word' id='word_1_7' title='bbox 1195 522 1267 570; x_wconf 77' lang='lat' dir='ltr'>ant.</span> <span class='ocrx_word' id='word_1_8' title='bbox 1290 523 1365 571; x_wconf 88' lang='lat' dir='ltr'>XXXI</span> 
     </span>
    </p>
   </div>
   <div class='ocr_carea' id='block_1_2' title="bbox 1665 504 1726 573">
    <p class='ocr_par' dir='ltr' id='par_1_2' title="bbox 1665 504 1726 573">
     <span class='ocr_line' id='line_1_2' title="bbox 1665 504 1726 573; baseline 0 -1"><span class='ocrx_word' id='word_1_9' title='bbox 1665 504 1726 573; x_wconf 72' lang='lat'>233</span> 
     </span>
    </p>
   </div>
   <div class='ocr_carea' id='block_1_3' title="bbox 176 691 1726 780">
    <p class='ocr_par' dir='ltr' id='par_1_3' title="bbox 176 691 1726 780">
     <span class='ocr_line' id='line_1_3' title="bbox 176 691 1726 780; baseline 0.006 -29"><span class='ocrx_word' id='word_1_10' title='bbox 176 710 231 752; x_wconf 90' lang='lat' dir='ltr'>seu</span> <span class='ocrx_word' id='word_1_11' title='bbox 249 699 418 772; x_wconf 87' lang='lat' dir='ltr'>purgatum</span> <span class='ocrx_word' id='word_1_12' title='bbox 439 691 638 755; x_wconf 89' lang='lat' dir='ltr'>manifestari</span> <span class='ocrx_word' id='word_1_13' title='bbox 657 710 664 753; x_wconf 76' lang='grc' dir='ltr'><em>τ</em></span> <span class='ocrx_word' id='word_1_14' title='bbox 683 693 726 755; x_wconf 87' lang='lat' dir='ltr'>ita</span> <span class='ocrx_word' id='word_1_15' title='bbox 742 694 774 755; x_wconf 94' lang='lat' dir='ltr'>in</span> <span class='ocrx_word' id='word_1_16' title='bbox 791 711 925 773; x_wconf 87' lang='lat' dir='ltr'>evange·</span> <span class='ocrx_word' id='word_1_17' title='bbox 938 693 965 755; x_wconf 82' lang='grc' dir='ltr'><strong>Α</strong></span> <span class='ocrx_word' id='word_1_18' title='bbox 979 713 1074 774; x_wconf 90' lang='lat' dir='ltr'>quem</span> <span class='ocrx_word' id='word_1_19' title='bbox 1095 695 1148 777; x_wconf 88' lang='lat' dir='ltr'>pie</span> <span class='ocrx_word' id='word_1_20' title='bbox 1167 696 1268 760; x_wconf 91' lang='lat' dir='ltr'>credit.</span> <span class='ocrx_word' id='word_1_21' title='bbox 1288 715 1345 778; x_wconf 93' lang='lat' dir='ltr'>per</span> <span class='ocrx_word' id='word_1_22' title='bbox 1364 691 1587 760; x_wconf 64' lang='lat' dir='ltr'>contritionem</span> <span class='ocrx_word' id='word_1_23' title='bbox 1604 717 1622 760; x_wconf 90' lang='lat' dir='ltr'>a</span> <span class='ocrx_word' id='word_1_24' title='bbox 1637 698 1726 780; x_wconf 88' lang='lat' dir='ltr'>lepra</span> 
     </span>
    </p>
   </div>
   <div class='ocr_carea' id='block_1_4' title="bbox 171 789 924 1860">
    <p class='ocr_par' dir='ltr' id='par_1_4' title="bbox 171 789 924 1860">
     <span class='ocr_line' id='line_1_4' title="bbox 176 789 923 874; baseline 0.007 -23"><span class='ocrx_word' id='word_1_25' title='bbox 176 789 238 852; x_wconf 86' lang='lat' dir='ltr'>lica</span> <span class='ocrx_word' id='word_1_26' title='bbox 258 790 328 870; x_wconf 87' lang='lat' dir='ltr'>lege</span> <span class='ocrx_word' id='word_1_27' title='bbox 350 810 413 853; x_wconf 90' lang='lat' dir='ltr'>non</span> <span class='ocrx_word' id='word_1_28' title='bbox 434 790 559 854; x_wconf 90' lang='lat' dir='ltr'>sufficit</span> <span class='ocrx_word' id='word_1_29' title='bbox 579 792 810 874; x_wconf 88' lang='lat' dir='ltr'>peccatoribus,</span> <span class='ocrx_word' id='word_1_30' title='bbox 828 793 861 854; x_wconf 94' lang='lat' dir='ltr'>in</span> <span class='ocrx_word' id='word_1_31' title='bbox 877 812 923 856; x_wconf 86' lang='lat' dir='ltr'>se·</span> 
     </span>
     <span class='ocr_line' id='line_1_5' title="bbox 175 889 923 971; baseline 0.004 -20"><span class='ocrx_word' id='word_1_32' title='bbox 175 897 261 951; x_wconf 90' lang='lat' dir='ltr'>crete</span> <span class='ocrx_word' id='word_1_33' title='bbox 277 908 334 971; x_wconf 88' lang='lat' dir='ltr'>per</span> <span class='ocrx_word' id='word_1_34' title='bbox 350 889 575 953; x_wconf 74' lang='lat' dir='ltr'>contritionem</span> <span class='ocrx_word' id='word_1_35' title='bbox 596 899 627 953; x_wconf 91' lang='lat' dir='ltr'>et</span> <span class='ocrx_word' id='word_1_36' title='bbox 646 892 781 971; x_wconf 87' lang='lat' dir='ltr'>gratiam</span> <span class='ocrx_word' id='word_1_37' title='bbox 801 891 923 954; x_wconf 90' lang='lat' dir='ltr'>absolvi</span> 
     </span>
     <span class='ocr_line' id='line_1_6' title="bbox 175 988 921 1071; baseline 0.005 -21"><span class='ocrx_word' id='word_1_38' title='bbox 175 996 206 1050; x_wconf 88' lang='lat' dir='ltr'>et</span> <span class='ocrx_word' id='word_1_39' title='bbox 227 988 396 1050; x_wconf 90' lang='lat' dir='ltr'>emundari</span> <span class='ocrx_word' id='word_1_40' title='bbox 418 1007 437 1050; x_wconf 93' lang='lat' dir='ltr'>a</span> <span class='ocrx_word' id='word_1_41' title='bbox 459 989 648 1051; x_wconf 81' lang='lat' dir='ltr'>mortalibus</span> <span class='ocrx_word' id='word_1_42' title='bbox 673 989 777 1071; x_wconf 92' lang='lat' dir='ltr'>culpis</span> <span class='ocrx_word' id='word_1_43' title='bbox 798 1010 817 1052; x_wconf 90' lang='lat' dir='ltr'>a</span> <span class='ocrx_word' id='word_1_44' title='bbox 839 991 921 1065; x_wconf 81' lang='lat' dir='ltr'>De03</span> 
     </span>
     <span class='ocr_line' id='line_1_7' title="bbox 175 1086 924 1152; baseline 0.005 -5"><span class='ocrx_word' id='word_1_45' title='bbox 175 1087 229 1148; x_wconf 90' lang='lat' dir='ltr'>sed</span> <span class='ocrx_word' id='word_1_46' title='bbox 244 1086 357 1149; x_wconf 85' lang='lat' dir='ltr'>venire</span> <span class='ocrx_word' id='word_1_47' title='bbox 377 1095 409 1150; x_wconf 87' lang='lat' dir='ltr'>et-</span> <span class='ocrx_word' id='word_1_48' title='bbox 428 1087 577 1150; x_wconf 90' lang='lat' dir='ltr'>cenfiteri</span> <span class='ocrx_word' id='word_1_49' title='bbox 598 1090 754 1152; x_wconf 90' lang='lat' dir='ltr'>sacerdoti</span> <span class='ocrx_word' id='word_1_50' title='bbox 776 1098 924 1152; x_wconf 91' lang='lat' dir='ltr'>tenentur</span> 
     </span>
     <span class='ocr_line' id='line_1_8' title="bbox 176 1171 924 1266; baseline 0.005 -22"><span class='ocrx_word' id='word_1_51' title='bbox 176 1171 317 1265; x_wconf 86' lang='lat' dir='ltr'>tempore</span> <span class='ocrx_word' id='word_1_52' title='bbox 342 1195 536 1266; x_wconf 89' lang='lat' dir='ltr'>opportuno,</span> <span class='ocrx_word' id='word_1_53' title='bbox 560 1187 587 1249; x_wconf 90' lang='lat' dir='ltr'>si</span> <span class='ocrx_word' id='word_1_54' title='bbox 612 1187 696 1250; x_wconf 91' lang='lat' dir='ltr'>adsit</span> <span class='ocrx_word' id='word_1_55' title='bbox 721 1186 868 1265; x_wconf 81' lang='lat' dir='ltr'>facultas,</span> <span class='ocrx_word' id='word_1_56' title='bbox 892 1197 924 1250; x_wconf 91' lang='lat' dir='ltr'>et</span> 
     </span>
     <span class='ocr_line' id='line_1_9' title="bbox 172 1283 924 1365; baseline 0.004 -19"><span class='ocrx_word' id='word_1_57' title='bbox 172 1283 288 1358; x_wconf 82' lang='lat' dir='ltr'>audiri,</span> <span class='ocrx_word' id='word_1_58' title='bbox 307 1283 456 1365; x_wconf 92' lang='lat' dir='ltr'>judicari,</span> <span class='ocrx_word' id='word_1_59' title='bbox 474 1284 608 1363; x_wconf 89' lang='lat' dir='ltr'>absolvi,</span> <span class='ocrx_word' id='word_1_60' title='bbox 628 1306 665 1349; x_wconf 92' lang='lat' dir='ltr'>ac</span> <span class='ocrx_word' id='word_1_61' title='bbox 685 1287 854 1350; x_wconf 90' lang='lat' dir='ltr'>mundatos</span> <span class='ocrx_word' id='word_1_62' title='bbox 875 1306 924 1350; x_wconf 78' lang='lat' dir='ltr'>os</span> 
     </span>
     <span class='ocr_line' id='line_1_10' title="bbox 173 1381 924 1467; baseline 0.011 -25"><span class='ocrx_word' id='word_1_63' title='bbox 173 1382 260 1444; x_wconf 89' lang='lat' dir='ltr'>tendi</span> <span class='ocrx_word' id='word_1_64' title='bbox 283 1381 324 1444; x_wconf 90' lang='lat' dir='ltr'>ab</span> <span class='ocrx_word' id='word_1_65' title='bbox 347 1382 418 1464; x_wconf 90' lang='lat' dir='ltr'>ipso</span> <span class='ocrx_word' id='word_1_66' title='bbox 443 1385 681 1464; x_wconf 89' lang='lat' dir='ltr'>perorationes</span> <span class='ocrx_word' id='word_1_67' title='bbox 705 1386 805 1467; x_wconf 92' lang='lat' dir='ltr'>ipsius</span> <span class='ocrx_word' id='word_1_68' title='bbox 825 1395 856 1448; x_wconf 91' lang='lat' dir='ltr'>et</span> <span class='ocrx_word' id='word_1_69' title='bbox 876 1407 924 1450; x_wconf 94' lang='lat' dir='ltr'>sa-</span> 
     </span>
     <span class='ocr_line' id='line_1_11' title="bbox 172 1479 922 1566; baseline 0.009 -25"><span class='ocrx_word' id='word_1_70' title='bbox 172 1479 384 1558; x_wconf 88' lang='lat' dir='ltr'>tisfactiones,</span> <span class='ocrx_word' id='word_1_71' title='bbox 406 1501 486 1562; x_wconf 90' lang='lat' dir='ltr'>quas</span> <span class='ocrx_word' id='word_1_72' title='bbox 501 1483 589 1546; x_wconf 89' lang='lat' dir='ltr'>velut</span> <span class='ocrx_word' id='word_1_73' title='bbox 605 1484 764 1547; x_wconf 90' lang='lat' dir='ltr'>sacrificia</span> <span class='ocrx_word' id='word_1_74' title='bbox 778 1487 922 1566; x_wconf 78' lang='lat' dir='ltr'>quedam</span> 
     </span>
     <span class='ocr_line' id='line_1_12' title="bbox 171 1578 924 1663; baseline 0.007 -23"><span class='ocrx_word' id='word_1_75' title='bbox 171 1580 236 1641; x_wconf 87' lang='lat' dir='ltr'>Dec</span> <span class='ocrx_word' id='word_1_76' title='bbox 259 1578 429 1642; x_wconf 88' lang='lat' dir='ltr'>offerenda</span> <span class='ocrx_word' id='word_1_77' title='bbox 447 1581 589 1663; x_wconf 85' lang='lat' dir='ltr'>injungit</span> <span class='ocrx_word' id='word_1_78' title='bbox 608 1582 776 1646; x_wconf 88' lang='lat' dir='ltr'>confessis.</span> <span class='ocrx_word' id='word_1_79' title='bbox 794 1584 924 1646; x_wconf 83' lang='lat' dir='ltr'>Verum-</span> 
     </span>
     <span class='ocr_line' id='line_1_13' title="bbox 173 1678 923 1763; baseline 0.007 -24"><span class='ocrx_word' id='word_1_80' title='bbox 173 1687 278 1740; x_wconf 83' lang='lat' dir='ltr'>tamen</span> <span class='ocrx_word' id='word_1_81' title='bbox 295 1678 380 1740; x_wconf 90' lang='lat' dir='ltr'>circa</span> <span class='ocrx_word' id='word_1_82' title='bbox 397 1679 563 1760; x_wconf 65' lang='lat' dir='ltr'>praefatam</span> <span class='ocrx_word' id='word_1_83' title='bbox 579 1681 778 1763; x_wconf 89' lang='lat' dir='ltr'>spiritualem</span> <span class='ocrx_word' id='word_1_84' title='bbox 796 1683 923 1744; x_wconf 92' lang='lat' dir='ltr'>mundi-</span> 
     </span>
     <span class='ocr_line' id='line_1_14' title="bbox 173 1775 923 1860; baseline 0.008 -23"><span class='ocrx_word' id='word_1_85' title='bbox 173 1775 359 1839; x_wconf 88' lang='lat' dir='ltr'>ficationem</span> <span class='ocrx_word' id='word_1_86' title='bbox 385 1777 458 1859; x_wconf 93' lang='lat' dir='ltr'>plus</span> <span class='ocrx_word' id='word_1_87' title='bbox 482 1779 606 1860; x_wconf 91' lang='lat' dir='ltr'>aliquid</span> <span class='ocrx_word' id='word_1_88' title='bbox 632 1781 833 1858; x_wconf 85' lang='lat' dir='ltr'>evangelicus</span> <span class='ocrx_word' id='word_1_89' title='bbox 858 1781 923 1859; x_wconf 88' lang='lat' dir='ltr'>agit</span> 
     </span>
    </p>
   </div>
   <div class='ocr_carea' id='block_1_5' title="bbox 977 793 1726 1862">
    <p class='ocr_par' dir='ltr' id='par_1_5' title="bbox 977 793 1726 1862">
     <span class='ocr_line' id='line_1_15' title="bbox 979 793 1726 878; baseline 0.005 -24"><span class='ocrx_word' id='word_1_90' title='bbox 979 793 1096 856; x_wconf 91' lang='lat' dir='ltr'>mentis</span> <span class='ocrx_word' id='word_1_91' title='bbox 1112 803 1293 874; x_wconf 88' lang='lat' dir='ltr'>purgatum,</span> <span class='ocrx_word' id='word_1_92' title='bbox 1311 795 1460 877; x_wconf 85' lang='lat' dir='ltr'>injungit,</span> <span class='ocrx_word' id='word_1_93' title='bbox 1478 805 1513 857; x_wconf 92' lang='lat' dir='ltr'>ut</span> <span class='ocrx_word' id='word_1_94' title='bbox 1529 796 1591 858; x_wconf 88' lang='lat' dir='ltr'>Dec</span> <span class='ocrx_word' id='word_1_95' title='bbox 1607 815 1664 878; x_wconf 90' lang='lat' dir='ltr'>pre</span> <span class='ocrx_word' id='word_1_96' title='bbox 1681 815 1726 858; x_wconf 91' lang='lat' dir='ltr'>sa·</span> 
     </span>
     <span class='ocr_line' id='line_1_16' title="bbox 980 891 1724 977; baseline 0.005 -24"><span class='ocrx_word' id='word_1_97' title='bbox 980 891 1160 956; x_wconf 87' lang='lat' dir='ltr'>tisiactione</span> <span class='ocrx_word' id='word_1_98' title='bbox 1175 893 1293 956; x_wconf 89' lang='lat' dir='ltr'>offerat</span> <span class='ocrx_word' id='word_1_99' title='bbox 1314 894 1477 976; x_wconf 90' lang='lat' dir='ltr'>proprium</span> <span class='ocrx_word' id='word_1_100' title='bbox 1498 911 1623 977; x_wconf 90' lang='lat' dir='ltr'>corpus,</span> <span class='ocrx_word' id='word_1_101' title='bbox 1644 894 1724 957; x_wconf 92' lang='lat' dir='ltr'>illud</span> 
     </span>
     <span class='ocr_line' id='line_1_17' title="bbox 978 990 1723 1075; baseline 0.005 -23"><span class='ocrx_word' id='word_1_102' title='bbox 978 990 1150 1053; x_wconf 90' lang='lat' dir='ltr'>salubriter</span> <span class='ocrx_word' id='word_1_103' title='bbox 1160 1011 1216 1074; x_wconf 92' lang='lat' dir='ltr'>per</span> <span class='ocrx_word' id='word_1_104' title='bbox 1227 993 1363 1072; x_wconf 88' lang='lat' dir='ltr'>rigorem</span> <span class='ocrx_word' id='word_1_105' title='bbox 1374 993 1723 1075; x_wconf 74' lang='lat' dir='ltr'>jejuniiabstinentias,</span> 
     </span>
     <span class='ocr_line' id='line_1_18' title="bbox 977 1088 1721 1173; baseline 0.005 -21"><span class='ocrx_word' id='word_1_106' title='bbox 977 1089 1115 1168; x_wconf 86' lang='lat' dir='ltr'>vigilias,</span> <span class='ocrx_word' id='word_1_107' title='bbox 1128 1091 1324 1173; x_wconf 90' lang='lat' dir='ltr'>disciplinas,</span> <span class='ocrx_word' id='word_1_108' title='bbox 1339 1091 1467 1155; x_wconf 60' lang='lat' dir='ltr'>&#39;labores</span> <span class='ocrx_word' id='word_1_109' title='bbox 1484 1088 1721 1170; x_wconf 88' lang='lat' dir='ltr'>mortificando,</span> 
     </span>
     <span class='ocr_line' id='line_1_19' title="bbox 979 1190 1725 1272; baseline 0.005 -22"><span class='ocrx_word' id='word_1_110' title='bbox 979 1190 1228 1271; x_wconf 89' lang='lat' dir='ltr'>sensitivamque</span> <span class='ocrx_word' id='word_1_111' title='bbox 1252 1191 1366 1254; x_wconf 83' lang='lat' dir='ltr'>animae</span> <span class='ocrx_word' id='word_1_112' title='bbox 1387 1200 1508 1272; x_wconf 88' lang='lat' dir='ltr'>partem</span> <span class='ocrx_word' id='word_1_113' title='bbox 1529 1191 1643 1254; x_wconf 89' lang='lat' dir='ltr'>rationi</span> <span class='ocrx_word' id='word_1_114' title='bbox 1661 1191 1725 1254; x_wconf 88' lang='lat' dir='ltr'>fcr-</span> 
     </span>
     <span class='ocr_line' id='line_1_20' title="bbox 979 1288 1724 1372; baseline 0.003 -24"><span class='ocrx_word' id='word_1_115' title='bbox 979 1288 1053 1350; x_wconf 91' lang='lat' dir='ltr'>titer</span> <span class='ocrx_word' id='word_1_116' title='bbox 1064 1289 1275 1368; x_wconf 83' lang='lat' dir='ltr'>subjugando,</span> <span class='ocrx_word' id='word_1_117' title='bbox 1286 1297 1320 1350; x_wconf 89' lang='lat' dir='ltr'>ut</span> <span class='ocrx_word' id='word_1_118' title='bbox 1331 1289 1377 1352; x_wconf 92' lang='lat' dir='ltr'>sic</span> <span class='ocrx_word' id='word_1_119' title='bbox 1392 1291 1431 1351; x_wconf 90' lang='lat' dir='ltr'>ad</span> <span class='ocrx_word' id='word_1_120' title='bbox 1446 1290 1649 1351; x_wconf 91' lang='lat' dir='ltr'>altitudinem</span> <span class='ocrx_word' id='word_1_121' title='bbox 1662 1290 1724 1372; x_wconf 94' lang='lat' dir='ltr'>spi-</span> 
     </span>
     <span class='ocr_line' id='line_1_21' title="bbox 979 1386 1723 1470; baseline 0.003 -23"><span class='ocrx_word' id='word_1_122' title='bbox 979 1386 1141 1449; x_wconf 86' lang='lat' dir='ltr'>ritualium</span> <span class='ocrx_word' id='word_1_123' title='bbox 1162 1387 1384 1451; x_wconf 91' lang='lat' dir='ltr'>exercitiorum</span> <span class='ocrx_word' id='word_1_124' title='bbox 1403 1397 1435 1450; x_wconf 91' lang='lat' dir='ltr'>ct</span> <span class='ocrx_word' id='word_1_125' title='bbox 1453 1406 1549 1470; x_wconf 91' lang='lat' dir='ltr'>opera</span> <span class='ocrx_word' id='word_1_126' title='bbox 1570 1387 1723 1450; x_wconf 89' lang='lat' dir='ltr'>virtutum</span> 
     </span>
     <span class='ocr_line' id='line_1_22' title="bbox 978 1484 1724 1566; baseline 0.003 -21"><span class='ocrx_word' id='word_1_127' title='bbox 978 1484 1147 1547; x_wconf 89' lang='lat' dir='ltr'>moralium</span> <span class='ocrx_word' id='word_1_128' title='bbox 1178 1494 1338 1548; x_wconf 84' lang='lat' dir='ltr'>assuescat</span> <span class='ocrx_word' id='word_1_129' title='bbox 1367 1487 1538 1550; x_wconf 90' lang='lat' dir='ltr'>ascendere</span> <span class='ocrx_word' id='word_1_130' title='bbox 1569 1504 1576 1547; x_wconf 91' lang='lat'>:</span> <span class='ocrx_word' id='word_1_131' title='bbox 1607 1485 1724 1566; x_wconf 90' lang='lat' dir='ltr'>quibus</span> 
     </span>
     <span class='ocr_line' id='line_1_23' title="bbox 978 1583 1725 1664; baseline 0.003 -20"><span class='ocrx_word' id='word_1_132' title='bbox 978 1583 1160 1664; x_wconf 85' lang='lat' dir='ltr'>passeribus</span> <span class='ocrx_word' id='word_1_133' title='bbox 1176 1585 1270 1646; x_wconf 88' lang='lat' dir='ltr'>addet</span> <span class='ocrx_word' id='word_1_134' title='bbox 1286 1588 1413 1660; x_wconf 59' lang='lat' dir='ltr'>tignum</span> <span class='ocrx_word' id='word_1_135' title='bbox 1429 1587 1609 1655; x_wconf 80' lang='lat' dir='ltr'>cedrinam,</span> <span class='ocrx_word' id='word_1_136' title='bbox 1627 1585 1659 1646; x_wconf 92' lang='lat' dir='ltr'>id</span> <span class='ocrx_word' id='word_1_137' title='bbox 1677 1593 1725 1646; x_wconf 91' lang='lat' dir='ltr'>est</span> 
     </span>
     <span class='ocr_line' id='line_1_24' title="bbox 978 1682 1725 1763; baseline 0.003 -20"><span class='ocrx_word' id='word_1_138' title='bbox 978 1682 1147 1744; x_wconf 80' lang='lat' dir='ltr'>dominicae</span> <span class='ocrx_word' id='word_1_139' title='bbox 1174 1683 1278 1746; x_wconf 90' lang='lat' dir='ltr'>crucis</span> <span class='ocrx_word' id='word_1_140' title='bbox 1307 1683 1471 1758; x_wconf 84' lang='lat' dir='ltr'>vexillum,</span> <span class='ocrx_word' id='word_1_141' title='bbox 1498 1704 1623 1743; x_wconf 79' lang='lat' dir='ltr'>eccenrn</span> <span class='ocrx_word' id='word_1_142' title='bbox 1648 1701 1725 1763; x_wconf 88' lang='lat' dir='ltr'>quo—</span> 
     </span>
     <span class='ocr_line' id='line_1_25' title="bbox 977 1779 1724 1862; baseline -0.003 -21"><span class='ocrx_word' id='word_1_143' title='bbox 977 1799 1052 1860; x_wconf 93' lang='lat' dir='ltr'>que,</span> <span class='ocrx_word' id='word_1_144' title='bbox 1069 1779 1102 1841; x_wconf 94' lang='lat' dir='ltr'>id</span> <span class='ocrx_word' id='word_1_145' title='bbox 1125 1789 1174 1842; x_wconf 83' lang='lat' dir='ltr'>cst</span> <span class='ocrx_word' id='word_1_146' title='bbox 1196 1780 1360 1859; x_wconf 88' lang='lat' dir='ltr'>sanguinis</span> <span class='ocrx_word' id='word_1_147' title='bbox 1383 1781 1498 1843; x_wconf 83' lang='lat' dir='ltr'>Christi</span> <span class='ocrx_word' id='word_1_148' title='bbox 1522 1781 1671 1862; x_wconf 92' lang='lat' dir='ltr'>pretium,</span> <span class='ocrx_word' id='word_1_149' title='bbox 1695 1793 1724 1840; x_wconf 83' lang='lat' dir='ltr'>et</span> 
     </span>
    </p>
   </div>
   <div class='ocr_carea' id='block_1_6' title="bbox 172 1875 1723 1960">
    <p class='ocr_par' dir='ltr' id='par_1_6' title="bbox 172 1875 1723 1960">
     <span class='ocr_line' id='line_1_26' title="bbox 172 1875 1723 1960; baseline 0.003 -23"><span class='ocrx_word' id='word_1_150' title='bbox 172 1876 331 1951; x_wconf 88' lang='lat' dir='ltr'>sacerdos,</span> <span class='ocrx_word' id='word_1_151' title='bbox 349 1896 446 1956; x_wconf 92' lang='lat' dir='ltr'>quam</span> <span class='ocrx_word' id='word_1_152' title='bbox 467 1878 552 1940; x_wconf 91' lang='lat' dir='ltr'>circa</span> <span class='ocrx_word' id='word_1_153' title='bbox 571 1879 769 1960; x_wconf 86' lang='lat' dir='ltr'>corporalem</span> <span class='ocrx_word' id='word_1_154' title='bbox 789 1881 923 1941; x_wconf 87' lang='lat' dir='ltr'>munda·</span> <span class='ocrx_word' id='word_1_155' title='bbox 941 1875 1165 1956; x_wconf 80' lang='lat' dir='ltr'>Bbysscpnm,</span> <span class='ocrx_word' id='word_1_156' title='bbox 1182 1878 1213 1940; x_wconf 94' lang='lat' dir='ltr'>id</span> <span class='ocrx_word' id='word_1_157' title='bbox 1230 1888 1277 1940; x_wconf 86' lang='lat' dir='ltr'>est</span> <span class='ocrx_word' id='word_1_158' title='bbox 1292 1878 1384 1941; x_wconf 78' lang='lat' dir='ltr'>benaa</span> <span class='ocrx_word' id='word_1_159' title='bbox 1402 1877 1494 1940; x_wconf 75' lang='lat' dir='ltr'>fame</span> <span class='ocrx_word' id='word_1_160' title='bbox 1510 1880 1650 1954; x_wconf 89' lang='lat' dir='ltr'>odorem,</span> <span class='ocrx_word' id='word_1_161' title='bbox 1668 1899 1723 1941; x_wconf 91' lang='lat' dir='ltr'>sen</span> 
     </span>
    </p>
   </div>
   <div class='ocr_carea' id='block_1_7' title="bbox 170 1972 923 3039">
    <p class='ocr_par' dir='ltr' id='par_1_7' title="bbox 170 1972 923 3039">
     <span class='ocr_line' id='line_1_27' title="bbox 173 1972 921 2059; baseline 0.007 -24"><span class='ocrx_word' id='word_1_162' title='bbox 173 1974 292 2037; x_wconf 89' lang='lat' dir='ltr'>tionem</span> <span class='ocrx_word' id='word_1_163' title='bbox 320 1973 395 2037; x_wconf 88' lang='lat' dir='ltr'>fecit</span> <span class='ocrx_word' id='word_1_164' title='bbox 426 1978 572 2040; x_wconf 87' lang='lat' dir='ltr'>sacerdos</span> <span class='ocrx_word' id='word_1_165' title='bbox 599 1977 708 2057; x_wconf 87' lang='lat' dir='ltr'>legalis</span> <span class='ocrx_word' id='word_1_166' title='bbox 736 1995 743 2040; x_wconf 91' lang='lat'>:</span> <span class='ocrx_word' id='word_1_167' title='bbox 770 1972 921 2059; x_wconf 87' lang='lat' dir='ltr'>quoniam</span> 
     </span>
     <span class='ocr_line' id='line_1_28' title="bbox 173 2075 923 2155; baseline 0.005 -21"><span class='ocrx_word' id='word_1_168' title='bbox 173 2082 371 2134; x_wconf 90' lang='lat' dir='ltr'>sacramenta</span> <span class='ocrx_word' id='word_1_169' title='bbox 393 2075 585 2155; x_wconf 82' lang='lat' dir='ltr'>evangelicae</span> <span class='ocrx_word' id='word_1_170' title='bbox 607 2075 696 2155; x_wconf 89' lang='lat' dir='ltr'>legis,</span> <span class='ocrx_word' id='word_1_171' title='bbox 719 2076 923 2138; x_wconf 89' lang='lat' dir='ltr'>medicinalia</span> 
     </span>
     <span class='ocr_line' id='line_1_29' title="bbox 173 2172 922 2252; baseline 0.004 -19"><span class='ocrx_word' id='word_1_172' title='bbox 173 2190 246 2233; x_wconf 89' lang='lat' dir='ltr'>vasa</span> <span class='ocrx_word' id='word_1_173' title='bbox 267 2180 354 2247; x_wconf 91' lang='lat' dir='ltr'>sunt,</span> <span class='ocrx_word' id='word_1_174' title='bbox 372 2172 483 2252; x_wconf 80' lang='lat' dir='ltr'>gratiae</span> <span class='ocrx_word' id='word_1_175' title='bbox 502 2174 698 2250; x_wconf 82' lang='lat' dir='ltr'>contentiva,</span> <span class='ocrx_word' id='word_1_176' title='bbox 720 2183 752 2238; x_wconf 92' lang='lat' dir='ltr'>et</span> <span class='ocrx_word' id='word_1_177' title='bbox 771 2174 922 2237; x_wconf 91' lang='lat' dir='ltr'>efficiunt</span> 
     </span>
     <span class='ocr_line' id='line_1_30' title="bbox 172 2269 921 2351; baseline 0.005 -21"><span class='ocrx_word' id='word_1_178' title='bbox 172 2269 257 2349; x_wconf 90' lang='lat' dir='ltr'>qued</span> <span class='ocrx_word' id='word_1_179' title='bbox 274 2269 466 2348; x_wconf 81' lang='lat' dir='ltr'>designant3</span> <span class='ocrx_word' id='word_1_180' title='bbox 488 2272 573 2351; x_wconf 90' lang='lat' dir='ltr'>quod</span> <span class='ocrx_word' id='word_1_181' title='bbox 596 2272 712 2335; x_wconf 89' lang='lat' dir='ltr'>veteris</span> <span class='ocrx_word' id='word_1_182' title='bbox 728 2273 921 2335; x_wconf 88' lang='lat' dir='ltr'>Testamenti</span> 
     </span>
     <span class='ocr_line' id='line_1_31' title="bbox 174 2369 921 2456; baseline 0.008 -28"><span class='ocrx_word' id='word_1_183' title='bbox 174 2387 236 2431; x_wconf 90' lang='lat' dir='ltr'>non</span> <span class='ocrx_word' id='word_1_184' title='bbox 268 2369 421 2431; x_wconf 90' lang='lat' dir='ltr'>convenit</span> <span class='ocrx_word' id='word_1_185' title='bbox 450 2370 668 2432; x_wconf 88' lang='lat' dir='ltr'>sacramentis.</span> <span class='ocrx_word' id='word_1_186' title='bbox 695 2371 921 2456; x_wconf 86' lang='lat' dir='ltr'>Verumtamen</span> 
     </span>
     <span class='ocr_line' id='line_1_32' title="bbox 172 2466 922 2551; baseline 0.007 -25"><span class='ocrx_word' id='word_1_187' title='bbox 172 2467 254 2529; x_wconf 92' lang='lat' dir='ltr'>sicut</span> <span class='ocrx_word' id='word_1_188' title='bbox 270 2466 304 2528; x_wconf 94' lang='lat' dir='ltr'>in</span> <span class='ocrx_word' id='word_1_189' title='bbox 321 2467 423 2529; x_wconf 89' lang='lat' dir='ltr'>veteri</span> <span class='ocrx_word' id='word_1_190' title='bbox 440 2467 510 2549; x_wconf 87' lang='lat' dir='ltr'>lege</span> <span class='ocrx_word' id='word_1_191' title='bbox 525 2469 699 2550; x_wconf 90' lang='lat' dir='ltr'>aliquando</span> <span class='ocrx_word' id='word_1_192' title='bbox 715 2468 847 2551; x_wconf 88' lang='lat' dir='ltr'>speciali</span> <span class='ocrx_word' id='word_1_193' title='bbox 863 2471 922 2533; x_wconf 94' lang='lat' dir='ltr'>mi-</span> 
     </span>
     <span class='ocr_line' id='line_1_33' title="bbox 172 2565 922 2650; baseline 0.005 -24"><span class='ocrx_word' id='word_1_194' title='bbox 172 2565 279 2628; x_wconf 89' lang='lat' dir='ltr'>raculo</span> <span class='ocrx_word' id='word_1_195' title='bbox 299 2565 446 2646; x_wconf 90' lang='lat' dir='ltr'>contigit,</span> <span class='ocrx_word' id='word_1_196' title='bbox 463 2567 549 2648; x_wconf 90' lang='lat' dir='ltr'>quod</span> <span class='ocrx_word' id='word_1_197' title='bbox 566 2568 711 2650; x_wconf 90' lang='lat' dir='ltr'>leprosus</span> <span class='ocrx_word' id='word_1_198' title='bbox 727 2587 783 2649; x_wconf 91' lang='lat' dir='ltr'>per</span> <span class='ocrx_word' id='word_1_199' title='bbox 797 2568 922 2631; x_wconf 91' lang='lat' dir='ltr'>sacrifi-</span> 
     </span>
     <span class='ocr_line' id='line_1_34' title="bbox 170 2663 921 2730; baseline 0.004 -3"><span class='ocrx_word' id='word_1_200' title='bbox 170 2663 218 2727; x_wconf 91' lang='lat' dir='ltr'>cia</span> <span class='ocrx_word' id='word_1_201' title='bbox 235 2664 291 2726; x_wconf 89' lang='lat' dir='ltr'>illa</span> <span class='ocrx_word' id='word_1_202' title='bbox 307 2673 339 2725; x_wconf 91' lang='lat' dir='ltr'>et</span> <span class='ocrx_word' id='word_1_203' title='bbox 354 2664 576 2728; x_wconf 84' lang='lat' dir='ltr'>observantias</span> <span class='ocrx_word' id='word_1_204' title='bbox 596 2666 810 2729; x_wconf 91' lang='lat' dir='ltr'>mundabatur</span> <span class='ocrx_word' id='word_1_205' title='bbox 824 2686 843 2728; x_wconf 91' lang='lat' dir='ltr'>a</span> <span class='ocrx_word' id='word_1_206' title='bbox 858 2668 921 2730; x_wconf 88' lang='lat' dir='ltr'>Dee</span> 
     </span>
     <span class='ocr_line' id='line_1_35' title="bbox 170 2763 921 2847; baseline 0.005 -25"><span class='ocrx_word' id='word_1_207' title='bbox 170 2763 209 2825; x_wconf 90' lang='lat' dir='ltr'>de</span> <span class='ocrx_word' id='word_1_208' title='bbox 224 2763 325 2843; x_wconf 92' lang='lat' dir='ltr'>lepra,</span> <span class='ocrx_word' id='word_1_209' title='bbox 342 2782 360 2824; x_wconf 90' lang='lat' dir='ltr'>a</span> <span class='ocrx_word' id='word_1_210' title='bbox 375 2782 438 2844; x_wconf 87' lang='lat' dir='ltr'>qua</span> <span class='ocrx_word' id='word_1_211' title='bbox 454 2765 601 2827; x_wconf 88' lang='lat' dir='ltr'>sacerdos</span> <span class='ocrx_word' id='word_1_212' title='bbox 618 2783 751 2828; x_wconf 88' lang='lat' dir='ltr'>erronee</span> <span class='ocrx_word' id='word_1_213' title='bbox 765 2765 921 2847; x_wconf 86' lang='lat' dir='ltr'>judicavit</span> 
     </span>
     <span class='ocr_line' id='line_1_36' title="bbox 170 2861 921 2944; baseline 0.005 -22"><span class='ocrx_word' id='word_1_214' title='bbox 170 2879 242 2922; x_wconf 89' lang='lat' dir='ltr'>eum</span> <span class='ocrx_word' id='word_1_215' title='bbox 265 2861 330 2941; x_wconf 91' lang='lat' dir='ltr'>jam</span> <span class='ocrx_word' id='word_1_216' title='bbox 354 2870 429 2924; x_wconf 91' lang='lat' dir='ltr'>ante</span> <span class='ocrx_word' id='word_1_217' title='bbox 450 2871 642 2944; x_wconf 87' lang='lat' dir='ltr'>purgatum;</span> <span class='ocrx_word' id='word_1_218' title='bbox 667 2864 711 2925; x_wconf 90' lang='lat' dir='ltr'>ita</span> <span class='ocrx_word' id='word_1_219' title='bbox 736 2864 921 2944; x_wconf 91' lang='lat' dir='ltr'>frequenter</span> 
     </span>
     <span class='ocr_line' id='line_1_37' title="bbox 170 2958 919 3039; baseline 0.004 -19"><span class='ocrx_word' id='word_1_220' title='bbox 170 2959 202 3020; x_wconf 93' lang='lat' dir='ltr'>in</span> <span class='ocrx_word' id='word_1_221' title='bbox 227 2978 310 3022; x_wconf 91' lang='lat' dir='ltr'>novo</span> <span class='ocrx_word' id='word_1_222' title='bbox 333 2958 450 3022; x_wconf 88' lang='lat' dir='ltr'>accidit</span> <span class='ocrx_word' id='word_1_223' title='bbox 474 2960 687 3039; x_wconf 86' lang='lat' dir='ltr'>Testamenta,</span> <span class='ocrx_word' id='word_1_224' title='bbox 704 2970 739 3023; x_wconf 91' lang='lat' dir='ltr'>ut</span> <span class='ocrx_word' id='word_1_225' title='bbox 760 2961 919 3025; x_wconf 89' lang='lat' dir='ltr'>confitens</span> 
     </span>
    </p>
   </div>
   <div class='ocr_carea' id='block_1_8' title="bbox 975 1976 1725 3041">
    <p class='ocr_par' dir='ltr' id='par_1_8' title="bbox 975 1976 1725 3041">
     <span class='ocr_line' id='line_1_38' title="bbox 979 1976 1724 2058; baseline 0.005 -22"><span class='ocrx_word' id='word_1_226' title='bbox 979 1976 1112 2038; x_wconf 79' lang='lat' dir='ltr'>internae</span> <span class='ocrx_word' id='word_1_227' title='bbox 1128 1976 1385 2058; x_wconf 88' lang='lat' dir='ltr'>compunctionis</span> <span class='ocrx_word' id='word_1_228' title='bbox 1402 1977 1601 2051; x_wconf 82' lang='lat' dir='ltr'>suavitatem,</span> <span class='ocrx_word' id='word_1_229' title='bbox 1625 1986 1656 2040; x_wconf 89' lang='lat' dir='ltr'>et</span> <span class='ocrx_word' id='word_1_230' title='bbox 1677 1997 1724 2040; x_wconf 88' lang='lat' dir='ltr'>rc-</span> 
     </span>
     <span class='ocr_line' id='line_1_39' title="bbox 977 2075 1725 2156; baseline 0.004 -20"><span class='ocrx_word' id='word_1_231' title='bbox 977 2075 1725 2156; x_wconf 83' lang='lat' dir='ltr'>remgratiaeDei,quibuspeetusanimacemun—</span> 
     </span>
     <span class='ocr_line' id='line_1_40' title="bbox 977 2173 1724 2238; baseline 0.003 -3"><span class='ocrx_word' id='word_1_232' title='bbox 977 2175 1069 2235; x_wconf 88' lang='lat' dir='ltr'>datur</span> <span class='ocrx_word' id='word_1_233' title='bbox 1085 2193 1103 2235; x_wconf 89' lang='lat' dir='ltr'>a</span> <span class='ocrx_word' id='word_1_234' title='bbox 1119 2173 1214 2237; x_wconf 87' lang='lat' dir='ltr'>noxio</span> <span class='ocrx_word' id='word_1_235' title='bbox 1228 2175 1403 2237; x_wconf 90' lang='lat' dir='ltr'>carnalium</span> <span class='ocrx_word' id='word_1_236' title='bbox 1421 2175 1650 2238; x_wconf 89' lang='lat' dir='ltr'>desideriorum</span> <span class='ocrx_word' id='word_1_237' title='bbox 1667 2175 1724 2237; x_wconf 94' lang='lat' dir='ltr'>hu-</span> 
     </span>
     <span class='ocr_line' id='line_1_41' title="bbox 977 2271 1723 2349; baseline 0.003 -17"><span class='ocrx_word' id='word_1_238' title='bbox 977 2289 1075 2334; x_wconf 91' lang='lat' dir='ltr'>more.</span> <span class='ocrx_word' id='word_1_239' title='bbox 1111 2271 1271 2334; x_wconf 89' lang='lat' dir='ltr'>Passerem</span> <span class='ocrx_word' id='word_1_240' title='bbox 1303 2289 1378 2334; x_wconf 90' lang='lat' dir='ltr'>vero</span> <span class='ocrx_word' id='word_1_241' title='bbox 1414 2274 1526 2332; x_wconf 79' lang='lat' dir='ltr'>vienna</span> <span class='ocrx_word' id='word_1_242' title='bbox 1559 2275 1658 2349; x_wconf 73' lang='lat' dir='ltr'>tinpet</span> <span class='ocrx_word' id='word_1_243' title='bbox 1688 2276 1723 2334; x_wconf 84' lang='lat' dir='ltr'>in</span> 
     </span>
     <span class='ocr_line' id='line_1_42' title="bbox 975 2368 1725 2451; baseline 0.004 -21"><span class='ocrx_word' id='word_1_244' title='bbox 975 2373 1134 2446; x_wconf 75' lang='lat' dir='ltr'>sanquine</span> <span class='ocrx_word' id='word_1_245' title='bbox 1151 2372 1290 2448; x_wconf 67' lang='lat' dir='ltr'>presseris</span> <span class='ocrx_word' id='word_1_246' title='bbox 1312 2372 1483 2440; x_wconf 81' lang='lat' dir='ltr'>irnnrctnte&#39;,</span> <span class='ocrx_word' id='word_1_247' title='bbox 1501 2368 1652 2451; x_wconf 89' lang='lat' dir='ltr'>quoniam</span> <span class='ocrx_word' id='word_1_248' title='bbox 1673 2391 1725 2433; x_wconf 89' lang='lat' dir='ltr'>ex-</span> 
     </span>
     <span class='ocr_line' id='line_1_43' title="bbox 976 2466 1724 2550; baseline 0 -21"><span class='ocrx_word' id='word_1_249' title='bbox 976 2466 1087 2529; x_wconf 91' lang='lat' dir='ltr'>ercitia</span> <span class='ocrx_word' id='word_1_250' title='bbox 1103 2467 1249 2530; x_wconf 89' lang='lat' dir='ltr'>sensitivi</span> <span class='ocrx_word' id='word_1_251' title='bbox 1271 2469 1431 2550; x_wconf 90' lang='lat' dir='ltr'>appetitus</span> <span class='ocrx_word' id='word_1_252' title='bbox 1455 2467 1539 2530; x_wconf 91' lang='lat' dir='ltr'>fiunt</span> <span class='ocrx_word' id='word_1_253' title='bbox 1554 2470 1617 2532; x_wconf 90' lang='lat' dir='ltr'>Deo</span> <span class='ocrx_word' id='word_1_254' title='bbox 1637 2489 1724 2532; x_wconf 79' lang='lat' dir='ltr'>acce</span> 
     </span>
     <span class='ocr_line' id='line_1_44' title="bbox 976 2564 1724 2649; baseline 0.004 -23"><span class='ocrx_word' id='word_1_255' title='bbox 976 2564 1157 2646; x_wconf 87' lang='lat' dir='ltr'>ptabiliora‚</span> <span class='ocrx_word' id='word_1_256' title='bbox 1181 2567 1256 2628; x_wconf 91' lang='lat' dir='ltr'>dum</span> <span class='ocrx_word' id='word_1_257' title='bbox 1280 2567 1327 2628; x_wconf 88' lang='lat' dir='ltr'>eis</span> <span class='ocrx_word' id='word_1_258' title='bbox 1350 2565 1557 2630; x_wconf 80' lang='lat' dir='ltr'>mortificatio</span> <span class='ocrx_word' id='word_1_259' title='bbox 1578 2568 1724 2649; x_wconf 87' lang='lat' dir='ltr'>jungitur</span> 
     </span>
     <span class='ocr_line' id='line_1_45' title="bbox 976 2663 1690 2726; baseline 0 0"><span class='ocrx_word' id='word_1_260' title='bbox 976 2663 1093 2726; x_wconf 91' lang='lat' dir='ltr'>carnis.</span> <span class='ocrx_word' id='word_1_261' title='bbox 1689 2675 1690 2678; x_wconf 75' lang='grc'>’</span> 
     </span>
     <span class='ocr_line' id='line_1_46' title="bbox 1017 2765 1720 2842; baseline 0.003 -19"><span class='ocrx_word' id='word_1_262' title='bbox 1017 2765 1184 2842; x_wconf 63' lang='lat' dir='ltr'>Quaeque</span> <span class='ocrx_word' id='word_1_263' title='bbox 1202 2766 1318 2823; x_wconf 86' lang='lat' dir='ltr'>laverit</span> <span class='ocrx_word' id='word_1_264' title='bbox 1333 2767 1424 2824; x_wconf 83' lang='lat' dir='ltr'>borno</span> <span class='ocrx_word' id='word_1_265' title='bbox 1445 2766 1632 2825; x_wconf 68' lang='lat' dir='ltr'>aestimante</span> <span class='ocrx_word' id='word_1_266' title='bbox 1648 2787 1720 2838; x_wconf 83' lang='lat' dir='ltr'>sna,</span> 
     </span>
     <span class='ocr_line' id='line_1_47' title="bbox 976 2859 1721 2942; baseline 0.005 -22"><span class='ocrx_word' id='word_1_267' title='bbox 976 2859 1083 2936; x_wconf 90' lang='lat' dir='ltr'>idest,</span> <span class='ocrx_word' id='word_1_268' title='bbox 1102 2860 1235 2924; x_wconf 90' lang='lat' dir='ltr'>virtutes</span> <span class='ocrx_word' id='word_1_269' title='bbox 1252 2881 1325 2923; x_wconf 89' lang='lat' dir='ltr'>suas</span> <span class='ocrx_word' id='word_1_270' title='bbox 1341 2867 1372 2923; x_wconf 91' lang='lat' dir='ltr'>et</span> <span class='ocrx_word' id='word_1_271' title='bbox 1386 2861 1528 2924; x_wconf 89' lang='lat' dir='ltr'>actiones</span> <span class='ocrx_word' id='word_1_272' title='bbox 1548 2864 1721 2942; x_wconf 87' lang='lat' dir='ltr'>proceden-</span> 
     </span>
     <span class='ocr_line' id='line_1_48' title="bbox 975 2958 1722 3041; baseline 0.003 -21"><span class='ocrx_word' id='word_1_273' title='bbox 975 2967 1022 3021; x_wconf 87' lang='lat' dir='ltr'>tes</span> <span class='ocrx_word' id='word_1_274' title='bbox 1047 2978 1084 3022; x_wconf 92' lang='lat' dir='ltr'>ex</span> <span class='ocrx_word' id='word_1_275' title='bbox 1110 2958 1185 3035; x_wconf 90' lang='lat' dir='ltr'>illis,</span> <span class='ocrx_word' id='word_1_276' title='bbox 1209 2979 1266 3041; x_wconf 92' lang='lat' dir='ltr'>per</span> <span class='ocrx_word' id='word_1_277' title='bbox 1291 2960 1438 3021; x_wconf 88' lang='lat' dir='ltr'>lacrimas</span> <span class='ocrx_word' id='word_1_278' title='bbox 1463 2959 1664 3023; x_wconf 86' lang='lat' dir='ltr'>contritionis</span> <span class='ocrx_word' id='word_1_279' title='bbox 1690 2971 1722 3024; x_wconf 92' lang='lat' dir='ltr'>et</span> 
     </span>
    </p>
   </div>
   <div class='ocr_carea' id='block_1_9' title="bbox 170 3055 1721 3140">
    <p class='ocr_par' dir='ltr' id='par_1_9' title="bbox 170 3055 1721 3140">
     <span class='ocr_line' id='line_1_49' title="bbox 170 3055 1721 3140; baseline 0.002 -22"><span class='ocrx_word' id='word_1_280' title='bbox 170 3057 224 3138; x_wconf 96' lang='lat' dir='ltr'>qui</span> <span class='ocrx_word' id='word_1_281' title='bbox 249 3058 413 3139; x_wconf 90' lang='lat' dir='ltr'>usquead</span> <span class='ocrx_word' id='word_1_282' title='bbox 436 3057 651 3122; x_wconf 88' lang='lat' dir='ltr'>confessionis</span> <span class='ocrx_word' id='word_1_283' title='bbox 673 3079 738 3122; x_wconf 82' lang='lat' dir='ltr'>suae</span> <span class='ocrx_word' id='word_1_284' title='bbox 754 3059 918 3123; x_wconf 84' lang='lat' dir='ltr'>exordium</span> <span class='ocrx_word' id='word_1_285' title='bbox 937 3055 1154 3121; x_wconf 88' lang='lat' dir='ltr'>Cdevcticnis</span> <span class='ocrx_word' id='word_1_286' title='bbox 1183 3074 1202 3120; x_wconf 88' lang='lat' dir='ltr'>a</span> <span class='ocrx_word' id='word_1_287' title='bbox 1230 3057 1410 3122; x_wconf 89' lang='lat' dir='ltr'>venialibus</span> <span class='ocrx_word' id='word_1_288' title='bbox 1440 3057 1543 3140; x_wconf 92' lang='lat' dir='ltr'>culpis</span> <span class='ocrx_word' id='word_1_289' title='bbox 1572 3059 1721 3121; x_wconf 85' lang='lat' dir='ltr'>admixtis</span> 
     </span>
    </p>
   </div>
   <div class='ocr_carea' id='block_1_10' title="bbox 168 3156 920 4218">
    <p class='ocr_par' dir='ltr' id='par_1_10' title="bbox 168 3156 920 4023">
     <span class='ocr_line' id='line_1_50' title="bbox 170 3156 919 3240; baseline 0.004 -24"><span class='ocrx_word' id='word_1_290' title='bbox 170 3165 223 3216; x_wconf 90' lang='lat' dir='ltr'>aut</span> <span class='ocrx_word' id='word_1_291' title='bbox 252 3156 350 3218; x_wconf 86' lang='lat' dir='ltr'>etiam</span> <span class='ocrx_word' id='word_1_292' title='bbox 380 3157 650 3240; x_wconf 88' lang='lat' dir='ltr'>prosecutionem,</span> <span class='ocrx_word' id='word_1_293' title='bbox 677 3159 777 3220; x_wconf 90' lang='lat' dir='ltr'>sclam</span> <span class='ocrx_word' id='word_1_294' title='bbox 807 3158 919 3220; x_wconf 90' lang='lat' dir='ltr'>babuit</span> 
     </span>
     <span class='ocr_line' id='line_1_51' title="bbox 168 3253 919 3338; baseline 0.003 -23"><span class='ocrx_word' id='word_1_295' title='bbox 168 3253 378 3330; x_wconf 90' lang='lat' dir='ltr'>attritionem,</span> <span class='ocrx_word' id='word_1_296' title='bbox 406 3255 439 3316; x_wconf 94' lang='lat' dir='ltr'>in</span> <span class='ocrx_word' id='word_1_297' title='bbox 466 3255 535 3337; x_wconf 91' lang='lat' dir='ltr'>ipsa</span> <span class='ocrx_word' id='word_1_298' title='bbox 560 3255 763 3320; x_wconf 90' lang='lat' dir='ltr'>confessione</span> <span class='ocrx_word' id='word_1_299' title='bbox 789 3265 820 3319; x_wconf 91' lang='lat' dir='ltr'>et</span> <span class='ocrx_word' id='word_1_300' title='bbox 850 3257 919 3338; x_wconf 87' lang='lat' dir='ltr'>ejus</span> 
     </span>
     <span class='ocr_line' id='line_1_52' title="bbox 170 3351 918 3435; baseline 0.005 -23"><span class='ocrx_word' id='word_1_301' title='bbox 170 3351 232 3414; x_wconf 91' lang='lat' dir='ltr'>ritu</span> <span class='ocrx_word' id='word_1_302' title='bbox 261 3372 299 3415; x_wconf 90' lang='lat' dir='ltr'>ac</span> <span class='ocrx_word' id='word_1_303' title='bbox 330 3353 607 3417; x_wconf 89' lang='lat' dir='ltr'>consummatione</span> <span class='ocrx_word' id='word_1_304' title='bbox 637 3355 782 3435; x_wconf 87' lang='lat' dir='ltr'>acquirat</span> <span class='ocrx_word' id='word_1_305' title='bbox 810 3374 918 3418; x_wconf 91' lang='lat' dir='ltr'>veram</span> 
     </span>
     <span class='ocr_line' id='line_1_53' title="bbox 170 3451 920 3533; baseline 0.001 -21"><span class='ocrx_word' id='word_1_306' title='bbox 170 3451 396 3513; x_wconf 84' lang='lat' dir='ltr'>contritionem</span> <span class='ocrx_word' id='word_1_307' title='bbox 416 3451 534 3514; x_wconf 89' lang='lat' dir='ltr'>virtute</span> <span class='ocrx_word' id='word_1_308' title='bbox 551 3452 653 3533; x_wconf 92' lang='lat' dir='ltr'>ipsius</span> <span class='ocrx_word' id='word_1_309' title='bbox 673 3453 874 3529; x_wconf 87' lang='lat' dir='ltr'>sacramenti,</span> <span class='ocrx_word' id='word_1_310' title='bbox 888 3461 920 3514; x_wconf 91' lang='lat' dir='ltr'>et</span> 
     </span>
     <span class='ocr_line' id='line_1_54' title="bbox 170 3548 919 3631; baseline 0.004 -22"><span class='ocrx_word' id='word_1_311' title='bbox 170 3548 198 3610; x_wconf 85' lang='lat' dir='ltr'>vi</span> <span class='ocrx_word' id='word_1_312' title='bbox 214 3549 368 3625; x_wconf 92' lang='lat' dir='ltr'>clavium,</span> <span class='ocrx_word' id='word_1_313' title='bbox 386 3557 484 3631; x_wconf 91' lang='lat' dir='ltr'>atque</span> <span class='ocrx_word' id='word_1_314' title='bbox 503 3549 647 3613; x_wconf 91' lang='lat' dir='ltr'>oratione</span> <span class='ocrx_word' id='word_1_315' title='bbox 667 3560 699 3612; x_wconf 92' lang='lat' dir='ltr'>ct</span> <span class='ocrx_word' id='word_1_316' title='bbox 718 3551 919 3614; x_wconf 89' lang='lat' dir='ltr'>absolutione</span> 
     </span>
     <span class='ocr_line' id='line_1_55' title="bbox 170 3646 919 3731; baseline 0 -21"><span class='ocrx_word' id='word_1_317' title='bbox 170 3646 384 3711; x_wconf 86' lang='lat' dir='ltr'>confessoris:</span> <span class='ocrx_word' id='word_1_318' title='bbox 398 3647 463 3710; x_wconf 91' lang='lat' dir='ltr'>imo</span> <span class='ocrx_word' id='word_1_319' title='bbox 479 3667 536 3730; x_wconf 90' lang='grc' dir='ltr'>ρον</span> <span class='ocrx_word' id='word_1_320' title='bbox 551 3649 618 3711; x_wconf 82' lang='lat' dir='ltr'>baec</span> <span class='ocrx_word' id='word_1_321' title='bbox 634 3657 789 3730; x_wconf 89' lang='lat' dir='ltr'>purgatur</span> <span class='ocrx_word' id='word_1_322' title='bbox 804 3658 835 3711; x_wconf 91' lang='lat' dir='ltr'>et</span> <span class='ocrx_word' id='word_1_323' title='bbox 850 3669 919 3731; x_wconf 91' lang='lat' dir='ltr'>par-</span> 
     </span>
     <span class='ocr_line' id='line_1_56' title="bbox 171 3745 918 3827; baseline 0.004 -21"><span class='ocrx_word' id='word_1_324' title='bbox 171 3745 224 3806; x_wconf 93' lang='lat' dir='ltr'>tim</span> <span class='ocrx_word' id='word_1_325' title='bbox 239 3765 259 3808; x_wconf 92' lang='lat' dir='ltr'>a</span> <span class='ocrx_word' id='word_1_326' title='bbox 275 3753 365 3807; x_wconf 91' lang='lat' dir='ltr'>reatu</span> <span class='ocrx_word' id='word_1_327' title='bbox 383 3764 439 3808; x_wconf 93' lang='lat' dir='ltr'>seu</span> <span class='ocrx_word' id='word_1_328' title='bbox 455 3745 651 3826; x_wconf 84' lang='lat' dir='ltr'>obligatione</span> <span class='ocrx_word' id='word_1_329' title='bbox 665 3747 705 3808; x_wconf 91' lang='lat' dir='ltr'>ad</span> <span class='ocrx_word' id='word_1_330' title='bbox 722 3765 861 3827; x_wconf 87' lang='lat' dir='ltr'>poenam,</span> <span class='ocrx_word' id='word_1_331' title='bbox 875 3747 918 3809; x_wconf 86' lang='lat' dir='ltr'>ita</span> 
     </span>
     <span class='ocr_line' id='line_1_57' title="bbox 170 3842 918 3925; baseline 0.003 -21"><span class='ocrx_word' id='word_1_332' title='bbox 170 3843 251 3922; x_wconf 89' lang='lat' dir='ltr'>quod</span> <span class='ocrx_word' id='word_1_333' title='bbox 278 3861 343 3906; x_wconf 93' lang='lat' dir='ltr'>non</span> <span class='ocrx_word' id='word_1_334' title='bbox 367 3843 471 3905; x_wconf 90' lang='lat' dir='ltr'>solum</span> <span class='ocrx_word' id='word_1_335' title='bbox 493 3842 668 3904; x_wconf 90' lang='lat' dir='ltr'>dimittitur</span> <span class='ocrx_word' id='word_1_336' title='bbox 689 3843 718 3906; x_wconf 94' lang='lat' dir='ltr'>ei</span> <span class='ocrx_word' id='word_1_337' title='bbox 741 3844 846 3925; x_wconf 91' lang='lat' dir='ltr'>culpa,</span> <span class='ocrx_word' id='word_1_338' title='bbox 864 3845 918 3906; x_wconf 91' lang='lat' dir='ltr'>sed</span> 
     </span>
     <span class='ocr_line' id='line_1_58' title="bbox 169 3939 664 4023; baseline 0 -21"><span class='ocrx_word' id='word_1_339' title='bbox 169 3939 261 4002; x_wconf 88' lang='lat' dir='ltr'>etiam</span> <span class='ocrx_word' id='word_1_340' title='bbox 278 3940 403 4022; x_wconf 91' lang='lat' dir='ltr'>aliquid</span> <span class='ocrx_word' id='word_1_341' title='bbox 419 3940 534 4004; x_wconf 80' lang='lat' dir='ltr'>debitae</span> <span class='ocrx_word' id='word_1_342' title='bbox 550 3959 664 4023; x_wconf 77' lang='lat' dir='ltr'>paena.</span> 
     </span>
    </p>

    <p class='ocr_par' dir='ltr' id='par_1_11' title="bbox 168 4038 920 4218">
     <span class='ocr_line' id='line_1_59' title="bbox 203 4038 920 4121; baseline 0.001 -21"><span class='ocrx_word' id='word_1_343' title='bbox 203 4040 369 4116; x_wconf 79' lang='lat' dir='ltr'>Praeterea,</span> <span class='ocrx_word' id='word_1_344' title='bbox 387 4057 445 4120; x_wconf 89' lang='lat' dir='ltr'>per</span> <span class='ocrx_word' id='word_1_345' title='bbox 464 4040 525 4102; x_wconf 91' lang='lat' dir='ltr'>boc</span> <span class='ocrx_word' id='word_1_346' title='bbox 544 4041 630 4121; x_wconf 94' lang='lat' dir='ltr'>quod</span> <span class='ocrx_word' id='word_1_347' title='bbox 654 4041 800 4102; x_wconf 91' lang='lat' dir='ltr'>sacerdos</span> <span class='ocrx_word' id='word_1_348' title='bbox 821 4038 920 4103; x_wconf 89' lang='lat' dir='ltr'>exivit</span> 
     </span>
     <span class='ocr_line' id='line_1_60' title="bbox 168 4137 919 4218; baseline -0.003 -18"><span class='ocrx_word' id='word_1_349' title='bbox 168 4139 206 4201; x_wconf 91' lang='lat' dir='ltr'>de</span> <span class='ocrx_word' id='word_1_350' title='bbox 216 4137 331 4200; x_wconf 89' lang='lat' dir='ltr'>castris</span> <span class='ocrx_word' id='word_1_351' title='bbox 341 4137 381 4199; x_wconf 90' lang='lat' dir='ltr'>ad</span> <span class='ocrx_word' id='word_1_352' title='bbox 392 4138 623 4213; x_wconf 90' lang='lat' dir='ltr'>mundandum,</span> <span class='ocrx_word' id='word_1_353' title='bbox 634 4156 735 4218; x_wconf 89' lang='lat' dir='ltr'>usque</span> <span class='ocrx_word' id='word_1_354' title='bbox 745 4147 833 4200; x_wconf 89' lang='lat' dir='ltr'>extra</span> <span class='ocrx_word' id='word_1_355' title='bbox 844 4146 919 4200; x_wconf 90' lang='lat' dir='ltr'>tem-</span> 
     </span>
    </p>
   </div>
   <div class='ocr_carea' id='block_1_11' title="bbox 974 3156 1721 3630">
    <p class='ocr_par' dir='ltr' id='par_1_12' title="bbox 974 3156 1721 3630">
     <span class='ocr_line' id='line_1_61' title="bbox 975 3156 1719 3237; baseline 0.001 -20"><span class='ocrx_word' id='word_1_356' title='bbox 975 3156 1157 3237; x_wconf 87' lang='lat' dir='ltr'>purgaverit</span> <span class='ocrx_word' id='word_1_357' title='bbox 1171 3181 1178 3230; x_wconf 87' lang='lat'><strong>;</strong></span> <span class='ocrx_word' id='word_1_358' title='bbox 1195 3160 1286 3218; x_wconf 77' lang='lat' dir='ltr'>radet</span> <span class='ocrx_word' id='word_1_359' title='bbox 1301 3177 1407 3218; x_wconf 84' lang='lat' dir='ltr'>omnes</span> <span class='ocrx_word' id='word_1_360' title='bbox 1418 3159 1504 3234; x_wconf 82' lang='lat' dir='ltr'>pilos</span> <span class='ocrx_word' id='word_1_361' title='bbox 1518 3157 1719 3234; x_wconf 67' lang='lat' dir='ltr'>conperim&#39;id</span> 
     </span>
     <span class='ocr_line' id='line_1_62' title="bbox 974 3253 1720 3336; baseline 0 -19"><span class='ocrx_word' id='word_1_362' title='bbox 974 3263 1032 3330; x_wconf 89' lang='lat' dir='ltr'>est,</span> <span class='ocrx_word' id='word_1_363' title='bbox 1050 3255 1216 3318; x_wconf 90' lang='lat' dir='ltr'>universas</span> <span class='ocrx_word' id='word_1_364' title='bbox 1231 3254 1450 3335; x_wconf 87' lang='lat' dir='ltr'>cogitationes,</span> <span class='ocrx_word' id='word_1_365' title='bbox 1468 3253 1720 3336; x_wconf 87' lang='lat' dir='ltr'>affectionesque</span> 
     </span>
     <span class='ocr_line' id='line_1_63' title="bbox 974 3353 1718 3434; baseline 0.003 -22"><span class='ocrx_word' id='word_1_366' title='bbox 974 3371 1088 3434; x_wconf 84' lang='lat' dir='ltr'>pravas</span> <span class='ocrx_word' id='word_1_367' title='bbox 1109 3353 1249 3434; x_wconf 85' lang='lat' dir='ltr'>abjiciet,</span> <span class='ocrx_word' id='word_1_368' title='bbox 1269 3364 1298 3415; x_wconf 87' lang='lat' dir='ltr'>et</span> <span class='ocrx_word' id='word_1_369' title='bbox 1315 3355 1479 3414; x_wconf 77' lang='lat' dir='ltr'>tacebitur</span> <span class='ocrx_word' id='word_1_370' title='bbox 1494 3374 1590 3433; x_wconf 82' lang='lat' dir='ltr'>aqna,</span> <span class='ocrx_word' id='word_1_371' title='bbox 1607 3353 1639 3415; x_wconf 89' lang='lat' dir='ltr'>ld</span> <span class='ocrx_word' id='word_1_372' title='bbox 1660 3362 1718 3430; x_wconf 77' lang='lat' dir='ltr'>cst,</span> 
     </span>
     <span class='ocr_line' id='line_1_64' title="bbox 975 3449 1720 3532; baseline 0.003 -21"><span class='ocrx_word' id='word_1_373' title='bbox 975 3449 1106 3512; x_wconf 91' lang='lat' dir='ltr'>fluentis</span> <span class='ocrx_word' id='word_1_374' title='bbox 1141 3452 1305 3532; x_wconf 77' lang='lat' dir='ltr'>sapientiae</span> <span class='ocrx_word' id='word_1_375' title='bbox 1340 3451 1487 3513; x_wconf 85' lang='lat' dir='ltr'>salutaris</span> <span class='ocrx_word' id='word_1_376' title='bbox 1522 3451 1720 3514; x_wconf 90' lang='lat' dir='ltr'>intellectum</span> 
     </span>
     <span class='ocr_line' id='line_1_65' title="bbox 975 3549 1721 3630; baseline 0.004 -20"><span class='ocrx_word' id='word_1_377' title='bbox 975 3568 1067 3610; x_wconf 94' lang='lat' dir='ltr'>suum</span> <span class='ocrx_word' id='word_1_378' title='bbox 1085 3549 1208 3630; x_wconf 88' lang='lat' dir='ltr'>rigabit,</span> <span class='ocrx_word' id='word_1_379' title='bbox 1227 3550 1291 3612; x_wconf 90' lang='lat' dir='ltr'>imo</span> <span class='ocrx_word' id='word_1_380' title='bbox 1311 3549 1479 3613; x_wconf 89' lang='lat' dir='ltr'>aDcmino</span> <span class='ocrx_word' id='word_1_381' title='bbox 1494 3550 1591 3630; x_wconf 90' lang='lat' dir='ltr'>rigari</span> <span class='ocrx_word' id='word_1_382' title='bbox 1607 3551 1721 3613; x_wconf 91' lang='lat' dir='ltr'>cratio-</span> 
     </span>
    </p>
   </div>
   <div class='ocr_carea' id='block_1_12' title="bbox 975 3646 1868 3822">
    <p class='ocr_par' dir='ltr' id='par_1_13' title="bbox 975 3646 1868 3822">
     <span class='ocr_line' id='line_1_66' title="bbox 975 3646 1859 3725; baseline 0.003 -16"><span class='ocrx_word' id='word_1_383' title='bbox 975 3646 1069 3709; x_wconf 90' lang='lat' dir='ltr'>nibus</span> <span class='ocrx_word' id='word_1_384' title='bbox 1085 3648 1253 3725; x_wconf 90' lang='lat' dir='ltr'>obtinebit,</span> <span class='ocrx_word' id='word_1_385' title='bbox 1272 3649 1406 3712; x_wconf 87' lang='lat' dir='ltr'>dicendo</span> <span class='ocrx_word' id='word_1_386' title='bbox 1424 3665 1430 3709; x_wconf 96' lang='lat'>:</span> <span class='ocrx_word' id='word_1_387' title='bbox 1448 3649 1554 3710; x_wconf 85' lang='lat' dir='ltr'>Redde</span> <span class='ocrx_word' id='word_1_388' title='bbox 1569 3647 1649 3710; x_wconf 92' lang='lat' dir='ltr'>mihi</span> <span class='ocrx_word' id='word_1_389' title='bbox 1672 3649 1721 3711; x_wconf 83' lang='lat' dir='ltr'>lae-</span> <span class='ocrx_word' id='word_1_390' title='bbox 1750 3669 1859 3722; x_wconf 58' lang='lat' dir='ltr'>raeti.</span> 
     </span>
     <span class='ocr_line' id='line_1_67' title="bbox 975 3745 1868 3822; baseline 0.004 -15"><span class='ocrx_word' id='word_1_391' title='bbox 975 3745 1078 3807; x_wconf 91' lang='lat' dir='ltr'>titiam</span> <span class='ocrx_word' id='word_1_392' title='bbox 1095 3745 1242 3807; x_wconf 86' lang='lat' dir='ltr'>salutaris</span> <span class='ocrx_word' id='word_1_393' title='bbox 1260 3746 1315 3807; x_wconf 90' lang='lat' dir='ltr'>tui.</span> <span class='ocrx_word' id='word_1_394' title='bbox 1333 3746 1381 3822; x_wconf 86' lang='lat' dir='ltr'>Et,</span> <span class='ocrx_word' id='word_1_395' title='bbox 1399 3745 1523 3808; x_wconf 85' lang='lat' dir='ltr'>Faciem</span> <span class='ocrx_word' id='word_1_396' title='bbox 1546 3754 1631 3808; x_wconf 91' lang='lat' dir='ltr'>tuam</span> <span class='ocrx_word' id='word_1_397' title='bbox 1648 3746 1721 3808; x_wconf 94' lang='lat' dir='ltr'>illu·</span> <span class='ocrx_word' id='word_1_398' title='bbox 1750 3767 1868 3819; x_wconf 65' lang='lat' dir='ltr'>raama</span> 
     </span>
    </p>
   </div>
   <div class='ocr_carea' id='block_1_13' title="bbox 973 3843 1721 4218">
    <p class='ocr_par' dir='ltr' id='par_1_14' title="bbox 973 3843 1721 4218">
     <span class='ocr_line' id='line_1_68' title="bbox 973 3843 1721 3925; baseline 0 -21"><span class='ocrx_word' id='word_1_399' title='bbox 973 3843 1060 3905; x_wconf 93' lang='lat' dir='ltr'>mina</span> <span class='ocrx_word' id='word_1_400' title='bbox 1076 3862 1172 3924; x_wconf 91' lang='lat' dir='ltr'>super</span> <span class='ocrx_word' id='word_1_401' title='bbox 1192 3863 1317 3906; x_wconf 91' lang='lat' dir='ltr'>servum</span> <span class='ocrx_word' id='word_1_402' title='bbox 1339 3851 1439 3905; x_wconf 93' lang='lat' dir='ltr'>tuum.</span> <span class='ocrx_word' id='word_1_403' title='bbox 1457 3847 1721 3925; x_wconf 72' lang='lat' dir='ltr'>Purificatnsqne</span> 
     </span>
     <span class='ocr_line' id='line_1_69' title="bbox 974 3941 1721 4018; baseline 0.008 -18"><span class='ocrx_word' id='word_1_404' title='bbox 974 3944 1177 4018; x_wconf 65' lang='lat' dir='ltr'>ingredietur</span> <span class='ocrx_word' id='word_1_405' title='bbox 1197 3953 1314 4012; x_wconf 80' lang='lat' dir='ltr'>castra,</span> <span class='ocrx_word' id='word_1_406' title='bbox 1333 3941 1363 4003; x_wconf 87' lang='lat' dir='ltr'>td</span> <span class='ocrx_word' id='word_1_407' title='bbox 1383 3949 1441 4016; x_wconf 86' lang='lat' dir='ltr'>est,</span> <span class='ocrx_word' id='word_1_408' title='bbox 1460 3950 1640 4004; x_wconf 85' lang='lat' dir='ltr'>sanctorum</span> <span class='ocrx_word' id='word_1_409' title='bbox 1657 3961 1721 4005; x_wconf 86' lang='lat' dir='ltr'>coe-</span> 
     </span>
     <span class='ocr_line' id='line_1_70' title="bbox 974 4038 1721 4122; baseline 0.001 -22"><span class='ocrx_word' id='word_1_410' title='bbox 974 4039 1060 4100; x_wconf 91' lang='lat' dir='ltr'>tibus</span> <span class='ocrx_word' id='word_1_411' title='bbox 1075 4038 1341 4121; x_wconf 88' lang='lat' dir='ltr'>incorporabitur,</span> <span class='ocrx_word' id='word_1_412' title='bbox 1359 4047 1390 4101; x_wconf 91' lang='lat' dir='ltr'>et</span> <span class='ocrx_word' id='word_1_413' title='bbox 1410 4057 1499 4102; x_wconf 89' lang='lat' dir='ltr'>sacra</span> <span class='ocrx_word' id='word_1_414' title='bbox 1515 4039 1721 4122; x_wconf 89' lang='lat' dir='ltr'>participabit</span> 
     </span>
     <span class='ocr_line' id='line_1_71' title="bbox 975 4137 1721 4218; baseline 0.003 -20"><span class='ocrx_word' id='word_1_415' title='bbox 975 4137 1136 4218; x_wconf 79' lang='lat' dir='ltr'>mysteria,</span> <span class='ocrx_word' id='word_1_416' title='bbox 1161 4137 1205 4199; x_wconf 87' lang='lat' dir='ltr'>ita</span> <span class='ocrx_word' id='word_1_417' title='bbox 1226 4139 1399 4214; x_wconf 83' lang='lat' dir='ltr'>dumtaxat,</span> <span class='ocrx_word' id='word_1_418' title='bbox 1422 4146 1457 4199; x_wconf 90' lang='lat' dir='ltr'>ut</span> <span class='ocrx_word' id='word_1_419' title='bbox 1482 4147 1609 4200; x_wconf 86' lang='lat' dir='ltr'>maneat</span> <span class='ocrx_word' id='word_1_420' title='bbox 1633 4147 1721 4201; x_wconf 89' lang='lat' dir='ltr'>extra</span> 
     </span>
    </p>
   </div>
   <div class='ocr_carea' id='block_1_14' title="bbox 169 4234 1721 4318">
    <p class='ocr_par' dir='ltr' id='par_1_15' title="bbox 169 4234 1721 4318">
     <span class='ocr_line' id='line_1_72' title="bbox 169 4234 1721 4318; baseline 0.001 -21"><span class='ocrx_word' id='word_1_421' title='bbox 169 4236 257 4318; x_wconf 91' lang='lat' dir='ltr'>plum</span> <span class='ocrx_word' id='word_1_422' title='bbox 281 4244 313 4298; x_wconf 92' lang='lat' dir='ltr'>et</span> <span class='ocrx_word' id='word_1_423' title='bbox 335 4236 464 4310; x_wconf 89' lang='lat' dir='ltr'>atrium,</span> <span class='ocrx_word' id='word_1_424' title='bbox 489 4234 687 4314; x_wconf 89' lang='lat' dir='ltr'>figurabatur</span> <span class='ocrx_word' id='word_1_425' title='bbox 703 4237 789 4316; x_wconf 92' lang='lat' dir='ltr'>quod</span> <span class='ocrx_word' id='word_1_426' title='bbox 809 4255 919 4317; x_wconf 90' lang='lat' dir='ltr'>pecca·</span> <span class='ocrx_word' id='word_1_427' title='bbox 933 4239 960 4300; x_wconf 87' lang='lat' dir='ltr'>D</span> <span class='ocrx_word' id='word_1_428' title='bbox 975 4235 1213 4298; x_wconf 87' lang='lat' dir='ltr'>tabernaculum</span> <span class='ocrx_word' id='word_1_429' title='bbox 1230 4255 1321 4297; x_wconf 93' lang='lat' dir='ltr'>suum</span> <span class='ocrx_word' id='word_1_430' title='bbox 1338 4244 1459 4318; x_wconf 90' lang='lat' dir='ltr'>septem</span> <span class='ocrx_word' id='word_1_431' title='bbox 1476 4236 1595 4299; x_wconf 91' lang='lat' dir='ltr'>dicbus.</span> <span class='ocrx_word' id='word_1_432' title='bbox 1608 4236 1721 4300; x_wconf 89' lang='lat' dir='ltr'>Taber-</span> 
     </span>
    </p>
   </div>
   <div class='ocr_carea' id='block_1_15' title="bbox 164 4333 919 5397">
    <p class='ocr_par' dir='ltr' id='par_1_16' title="bbox 164 4333 919 5397">
     <span class='ocr_line' id='line_1_73' title="bbox 168 4333 918 4415; baseline 0 -20"><span class='ocrx_word' id='word_1_433' title='bbox 168 4341 228 4409; x_wconf 89' lang='lat' dir='ltr'>ter,</span> <span class='ocrx_word' id='word_1_434' title='bbox 244 4333 395 4415; x_wconf 88' lang='lat' dir='ltr'>quamvis</span> <span class='ocrx_word' id='word_1_435' title='bbox 412 4342 532 4396; x_wconf 90' lang='lat' dir='ltr'>secrete</span> <span class='ocrx_word' id='word_1_436' title='bbox 548 4333 715 4411; x_wconf 90' lang='lat' dir='ltr'>contritus,</span> <span class='ocrx_word' id='word_1_437' title='bbox 733 4352 796 4396; x_wconf 91' lang='lat' dir='ltr'>non</span> <span class='ocrx_word' id='word_1_438' title='bbox 818 4334 859 4395; x_wconf 91' lang='lat' dir='ltr'>sit</span> <span class='ocrx_word' id='word_1_439' title='bbox 879 4335 918 4396; x_wconf 92' lang='lat' dir='ltr'>ad</span> 
     </span>
     <span class='ocr_line' id='line_1_74' title="bbox 167 4431 919 4513; baseline 0 -19"><span class='ocrx_word' id='word_1_440' title='bbox 167 4451 289 4494; x_wconf 88' lang='lat' dir='ltr'>sacram</span> <span class='ocrx_word' id='word_1_441' title='bbox 312 4431 572 4495; x_wconf 88' lang='lat' dir='ltr'>communionem</span> <span class='ocrx_word' id='word_1_442' title='bbox 595 4431 822 4509; x_wconf 89' lang='lat' dir='ltr'>admittendus,</span> <span class='ocrx_word' id='word_1_443' title='bbox 845 4451 919 4513; x_wconf 82' lang='lat' dir='ltr'>que</span> 
     </span>
     <span class='ocr_line' id='line_1_75' title="bbox 167 4529 919 4612; baseline -0.001 -20"><span class='ocrx_word' id='word_1_444' title='bbox 167 4549 270 4612; x_wconf 92' lang='lat' dir='ltr'>usque</span> <span class='ocrx_word' id='word_1_445' title='bbox 285 4530 382 4592; x_wconf 90' lang='lat' dir='ltr'>modo</span> <span class='ocrx_word' id='word_1_446' title='bbox 397 4529 530 4611; x_wconf 75' lang='lat' dir='ltr'>praefato</span> <span class='ocrx_word' id='word_1_447' title='bbox 550 4530 734 4593; x_wconf 91' lang='lat' dir='ltr'>absolvatur</span> <span class='ocrx_word' id='word_1_448' title='bbox 756 4551 775 4591; x_wconf 91' lang='lat' dir='ltr'>a</span> <span class='ocrx_word' id='word_1_449' title='bbox 796 4530 919 4593; x_wconf 89' lang='lat' dir='ltr'>confes-</span> 
     </span>
     <span class='ocr_line' id='line_1_76' title="bbox 166 4627 918 4709; baseline -0.004 -17"><span class='ocrx_word' id='word_1_450' title='bbox 166 4647 264 4692; x_wconf 90' lang='lat' dir='ltr'>sore:</span> <span class='ocrx_word' id='word_1_451' title='bbox 288 4627 353 4690; x_wconf 89' lang='lat' dir='ltr'>ime</span> <span class='ocrx_word' id='word_1_452' title='bbox 377 4628 650 4709; x_wconf 89' lang='lat' dir='ltr'>proquibusdam</span> <span class='ocrx_word' id='word_1_453' title='bbox 674 4628 856 4691; x_wconf 89' lang='lat' dir='ltr'>excessibus</span> <span class='ocrx_word' id='word_1_454' title='bbox 878 4628 918 4689; x_wconf 92' lang='lat' dir='ltr'>ab</span> 
     </span>
     <span class='ocr_line' id='line_1_77' title="bbox 166 4725 918 4808; baseline 0 -20"><span class='ocrx_word' id='word_1_455' title='bbox 166 4728 316 4808; x_wconf 89' lang='lat' dir='ltr'>ingressu</span> <span class='ocrx_word' id='word_1_456' title='bbox 341 4735 467 4788; x_wconf 93' lang='lat' dir='ltr'>arcetur</span> <span class='ocrx_word' id='word_1_457' title='bbox 491 4725 645 4802; x_wconf 82' lang='lat' dir='ltr'>ecclesiae,</span> <span class='ocrx_word' id='word_1_458' title='bbox 669 4744 836 4808; x_wconf 86' lang='lat' dir='ltr'>quousque</span> <span class='ocrx_word' id='word_1_459' title='bbox 862 4745 918 4807; x_wconf 90' lang='lat' dir='ltr'>per</span> 
     </span>
     <span class='ocr_line' id='line_1_78' title="bbox 166 4823 915 4906; baseline -0.003 -20"><span class='ocrx_word' id='word_1_460' title='bbox 166 4825 335 4887; x_wconf 89' lang='lat' dir='ltr'>ministros</span> <span class='ocrx_word' id='word_1_461' title='bbox 350 4824 501 4887; x_wconf 76' lang='lat' dir='ltr'>Ecclesia</span> <span class='ocrx_word' id='word_1_462' title='bbox 521 4823 755 4887; x_wconf 80' lang='lat' dir='ltr'>reconcilietur.</span> <span class='ocrx_word' id='word_1_463' title='bbox 774 4826 915 4906; x_wconf 91' lang='lat' dir='ltr'>lnsuper,</span> 
     </span>
     <span class='ocr_line' id='line_1_79' title="bbox 165 4922 919 5004; baseline -0.001 -19"><span class='ocrx_word' id='word_1_464' title='bbox 165 4924 250 4987; x_wconf 91' lang='lat' dir='ltr'>sicut</span> <span class='ocrx_word' id='word_1_465' title='bbox 266 4923 379 5002; x_wconf 90' lang='lat' dir='ltr'>legalis</span> <span class='ocrx_word' id='word_1_466' title='bbox 389 4924 536 4985; x_wconf 90' lang='lat' dir='ltr'>sacerdos</span> <span class='ocrx_word' id='word_1_467' title='bbox 552 4922 582 4984; x_wconf 87' lang='lat' dir='ltr'>ci</span> <span class='ocrx_word' id='word_1_468' title='bbox 598 4941 693 5003; x_wconf 91' lang='lat' dir='ltr'>quem</span> <span class='ocrx_word' id='word_1_469' title='bbox 710 4922 839 4985; x_wconf 90' lang='lat' dir='ltr'>videbat</span> <span class='ocrx_word' id='word_1_470' title='bbox 849 4942 919 5004; x_wconf 94' lang='lat' dir='ltr'>pur-</span> 
     </span>
     <span class='ocr_line' id='line_1_80' title="bbox 164 5020 918 5103; baseline -0.001 -19"><span class='ocrx_word' id='word_1_471' title='bbox 164 5031 275 5103; x_wconf 85' lang='lat' dir='ltr'>gatum</span> <span class='ocrx_word' id='word_1_472' title='bbox 298 5041 317 5082; x_wconf 92' lang='lat' dir='ltr'>a</span> <span class='ocrx_word' id='word_1_473' title='bbox 340 5020 440 5102; x_wconf 90' lang='lat' dir='ltr'>lepra,</span> <span class='ocrx_word' id='word_1_474' title='bbox 463 5020 624 5102; x_wconf 81' lang='lat' dir='ltr'>praecepit,</span> <span class='ocrx_word' id='word_1_475' title='bbox 648 5030 684 5082; x_wconf 91' lang='lat' dir='ltr'>ut</span> <span class='ocrx_word' id='word_1_476' title='bbox 706 5020 839 5083; x_wconf 89' lang='lat' dir='ltr'>offerret</span> <span class='ocrx_word' id='word_1_477' title='bbox 860 5040 918 5103; x_wconf 89' lang='lat' dir='ltr'>pro</span> 
     </span>
     <span class='ocr_line' id='line_1_81' title="bbox 164 5119 919 5199; baseline -0.003 -17"><span class='ocrx_word' id='word_1_478' title='bbox 164 5141 199 5182; x_wconf 92' lang='lat' dir='ltr'>se</span> <span class='ocrx_word' id='word_1_479' title='bbox 214 5124 298 5180; x_wconf 85' lang='lat' dir='ltr'>dues</span> <span class='ocrx_word' id='word_1_480' title='bbox 309 5139 453 5197; x_wconf 77' lang='lat' dir='ltr'>passeres</span> <span class='ocrx_word' id='word_1_481' title='bbox 468 5121 567 5189; x_wconf 75' lang='lat' dir='ltr'>vinos,</span> <span class='ocrx_word' id='word_1_482' title='bbox 586 5137 721 5199; x_wconf 90' lang='lat' dir='ltr'>quorum</span> <span class='ocrx_word' id='word_1_483' title='bbox 739 5138 819 5180; x_wconf 92' lang='lat' dir='ltr'>unus</span> <span class='ocrx_word' id='word_1_484' title='bbox 835 5119 919 5182; x_wconf 91' lang='lat' dir='ltr'>occi-</span> 
     </span>
     <span class='ocr_line' id='line_1_82' title="bbox 164 5217 918 5298; baseline 0 -17"><span class='ocrx_word' id='word_1_485' title='bbox 164 5220 307 5295; x_wconf 89' lang='lat' dir='ltr'>deretur,</span> <span class='ocrx_word' id='word_1_486' title='bbox 336 5219 417 5280; x_wconf 89' lang='lat' dir='ltr'>alter</span> <span class='ocrx_word' id='word_1_487' title='bbox 447 5218 540 5280; x_wconf 91' lang='lat' dir='ltr'>vivus</span> <span class='ocrx_word' id='word_1_488' title='bbox 568 5217 689 5280; x_wconf 89' lang='lat' dir='ltr'>avolari</span> <span class='ocrx_word' id='word_1_489' title='bbox 719 5219 918 5298; x_wconf 90' lang='lat' dir='ltr'>permittere-</span> 
     </span>
     <span class='ocr_line' id='line_1_83' title="bbox 164 5315 915 5397; baseline 0 -17"><span class='ocrx_word' id='word_1_490' title='bbox 164 5328 235 5392; x_wconf 80' lang='lat' dir='ltr'>tur3</span> <span class='ocrx_word' id='word_1_491' title='bbox 246 5318 295 5379; x_wconf 88' lang='lat' dir='ltr'>sic</span> <span class='ocrx_word' id='word_1_492' title='bbox 310 5315 476 5380; x_wconf 90' lang='lat' dir='ltr'>confessor</span> <span class='ocrx_word' id='word_1_493' title='bbox 492 5325 634 5397; x_wconf 89' lang='lat' dir='ltr'>tempere</span> <span class='ocrx_word' id='word_1_494' title='bbox 649 5315 757 5397; x_wconf 78' lang='lat' dir='ltr'>gratie</span> <span class='ocrx_word' id='word_1_495' title='bbox 768 5316 915 5380; x_wconf 89' lang='lat' dir='ltr'>confesso</span> 
     </span>
    </p>
   </div>
   <div class='ocr_carea' id='block_1_16' title="bbox 972 4332 1722 5395">
    <p class='ocr_par' dir='ltr' id='par_1_17' title="bbox 972 4332 1722 5395">
     <span class='ocr_line' id='line_1_84' title="bbox 974 4332 1722 4417; baseline 0.003 -21"><span class='ocrx_word' id='word_1_496' title='bbox 974 4334 1124 4396; x_wconf 89' lang='lat' dir='ltr'>naculum</span> <span class='ocrx_word' id='word_1_497' title='bbox 1147 4333 1232 4395; x_wconf 91' lang='lat' dir='ltr'>istud</span> <span class='ocrx_word' id='word_1_498' title='bbox 1254 4332 1392 4414; x_wconf 92' lang='lat' dir='ltr'>intelligi</span> <span class='ocrx_word' id='word_1_499' title='bbox 1414 4343 1517 4417; x_wconf 89' lang='lat' dir='ltr'>potest</span> <span class='ocrx_word' id='word_1_500' title='bbox 1537 4354 1597 4416; x_wconf 87' lang='lat' dir='ltr'>pax</span> <span class='ocrx_word' id='word_1_501' title='bbox 1617 4344 1722 4416; x_wconf 80' lang='lat' dir='ltr'>pecte</span> 
     </span>
     <span class='ocr_line' id='line_1_85' title="bbox 974 4432 1721 4514; baseline 0.004 -22"><span class='ocrx_word' id='word_1_502' title='bbox 974 4432 1028 4508; x_wconf 92' lang='lat' dir='ltr'>ris,</span> <span class='ocrx_word' id='word_1_503' title='bbox 1042 4440 1129 4494; x_wconf 87' lang='lat' dir='ltr'>extra</span> <span class='ocrx_word' id='word_1_504' title='bbox 1145 4451 1240 4512; x_wconf 88' lang='lat' dir='ltr'>quam</span> <span class='ocrx_word' id='word_1_505' title='bbox 1257 4441 1365 4495; x_wconf 88' lang='lat' dir='ltr'>manet</span> <span class='ocrx_word' id='word_1_506' title='bbox 1379 4433 1721 4514; x_wconf 88' lang='lat' dir='ltr'>contritus,quousque</span> 
     </span>
     <span class='ocr_line' id='line_1_86' title="bbox 974 4529 1722 4612; baseline 0.001 -21"><span class='ocrx_word' id='word_1_507' title='bbox 974 4539 1095 4611; x_wconf 90' lang='lat' dir='ltr'>septem</span> <span class='ocrx_word' id='word_1_508' title='bbox 1113 4529 1295 4593; x_wconf 90' lang='lat' dir='ltr'>mortalium</span> <span class='ocrx_word' id='word_1_509' title='bbox 1312 4530 1463 4593; x_wconf 90' lang='lat' dir='ltr'>vitiorum</span> <span class='ocrx_word' id='word_1_510' title='bbox 1480 4531 1634 4612; x_wconf 88' lang='lat' dir='ltr'>exstirpet</span> <span class='ocrx_word' id='word_1_511' title='bbox 1649 4532 1722 4594; x_wconf 88' lang='lat' dir='ltr'>reli-</span> 
     </span>
     <span class='ocr_line' id='line_1_87' title="bbox 973 4628 1718 4710; baseline 0.003 -20"><span class='ocrx_word' id='word_1_512' title='bbox 973 4629 1078 4710; x_wconf 92' lang='lat' dir='ltr'>quias,</span> <span class='ocrx_word' id='word_1_513' title='bbox 1105 4629 1363 4710; x_wconf 90' lang='lat' dir='ltr'>impugnationes</span> <span class='ocrx_word' id='word_1_514' title='bbox 1389 4638 1421 4691; x_wconf 91' lang='lat' dir='ltr'>et</span> <span class='ocrx_word' id='word_1_515' title='bbox 1445 4628 1684 4709; x_wconf 88' lang='lat' dir='ltr'>inquietudines</span> <span class='ocrx_word' id='word_1_516' title='bbox 1711 4648 1718 4692; x_wconf 91' lang='lat'>:</span> 
     </span>
     <span class='ocr_line' id='line_1_88' title="bbox 973 4727 1718 4809; baseline 0.003 -20"><span class='ocrx_word' id='word_1_517' title='bbox 973 4727 1084 4809; x_wconf 91' lang='lat' dir='ltr'>sicque</span> <span class='ocrx_word' id='word_1_518' title='bbox 1099 4727 1193 4789; x_wconf 89' lang='lat' dir='ltr'>corde</span> <span class='ocrx_word' id='word_1_519' title='bbox 1210 4727 1274 4807; x_wconf 88' lang='lat' dir='ltr'>jam</span> <span class='ocrx_word' id='word_1_520' title='bbox 1297 4727 1503 4809; x_wconf 89' lang='lat' dir='ltr'>tranquillato</span> <span class='ocrx_word' id='word_1_521' title='bbox 1525 4727 1556 4788; x_wconf 92' lang='lat' dir='ltr'>in</span> <span class='ocrx_word' id='word_1_522' title='bbox 1574 4727 1718 4804; x_wconf 89' lang='lat' dir='ltr'>Domino,</span> 
     </span>
     <span class='ocr_line' id='line_1_89' title="bbox 974 4823 1721 4901; baseline 0 -14"><span class='ocrx_word' id='word_1_523' title='bbox 974 4826 1161 4887; x_wconf 88' lang='lat' dir='ltr'>immoretur</span> <span class='ocrx_word' id='word_1_524' title='bbox 1176 4833 1207 4887; x_wconf 91' lang='lat' dir='ltr'>ct</span> <span class='ocrx_word' id='word_1_525' title='bbox 1223 4833 1312 4887; x_wconf 89' lang='lat' dir='ltr'>vacet</span> <span class='ocrx_word' id='word_1_526' title='bbox 1327 4823 1455 4888; x_wconf 92' lang='lat' dir='ltr'>divinis.</span> <span class='ocrx_word' id='word_1_527' title='bbox 1470 4829 1511 4886; x_wconf 73' lang='lat' dir='ltr'>nt</span> <span class='ocrx_word' id='word_1_528' title='bbox 1521 4827 1574 4884; x_wconf 80' lang='lat' dir='ltr'>(lie</span> <span class='ocrx_word' id='word_1_529' title='bbox 1587 4827 1721 4901; x_wconf 70' lang='lat' dir='ltr'>septimo</span> 
     </span>
     <span class='ocr_line' id='line_1_90' title="bbox 972 4924 1722 5001; baseline 0 -18"><span class='ocrx_word' id='word_1_530' title='bbox 972 4927 1070 4983; x_wconf 81' lang='lat' dir='ltr'>radat</span> <span class='ocrx_word' id='word_1_531' title='bbox 1085 4924 1218 4999; x_wconf 80' lang='lat' dir='ltr'>capillos</span> <span class='ocrx_word' id='word_1_532' title='bbox 1233 4925 1359 5000; x_wconf 83' lang='lat' dir='ltr'>capitis,</span> <span class='ocrx_word' id='word_1_533' title='bbox 1369 4925 1561 5001; x_wconf 79' lang='lat' dir='ltr'>barbamque</span> <span class='ocrx_word' id='word_1_534' title='bbox 1574 4933 1603 4982; x_wconf 88' lang='lat' dir='ltr'>et</span> <span class='ocrx_word' id='word_1_535' title='bbox 1615 4943 1722 5000; x_wconf 85' lang='lat' dir='ltr'>snper-</span> 
     </span>
     <span class='ocr_line' id='line_1_91' title="bbox 972 5019 1721 5103; baseline 0.004 -23"><span class='ocrx_word' id='word_1_536' title='bbox 972 5023 1063 5092; x_wconf 84' lang='lat' dir='ltr'>eitin,</span> <span class='ocrx_word' id='word_1_537' title='bbox 1082 5019 1112 5081; x_wconf 93' lang='lat' dir='ltr'>id</span> <span class='ocrx_word' id='word_1_538' title='bbox 1129 5028 1187 5096; x_wconf 92' lang='lat' dir='ltr'>est,</span> <span class='ocrx_word' id='word_1_539' title='bbox 1207 5039 1314 5082; x_wconf 91' lang='lat' dir='ltr'>rursus</span> <span class='ocrx_word' id='word_1_540' title='bbox 1330 5021 1501 5103; x_wconf 88' lang='lat' dir='ltr'>deplangat</span> <span class='ocrx_word' id='word_1_541' title='bbox 1516 5020 1626 5101; x_wconf 89' lang='lat' dir='ltr'>culpas</span> <span class='ocrx_word' id='word_1_542' title='bbox 1642 5040 1721 5102; x_wconf 91' lang='lat' dir='ltr'>quas</span> 
     </span>
     <span class='ocr_line' id='line_1_92' title="bbox 974 5117 1721 5198; baseline 0 -18"><span class='ocrx_word' id='word_1_543' title='bbox 974 5118 1102 5180; x_wconf 93' lang='lat' dir='ltr'>interim</span> <span class='ocrx_word' id='word_1_544' title='bbox 1120 5117 1284 5194; x_wconf 90' lang='lat' dir='ltr'>incidit,et</span> <span class='ocrx_word' id='word_1_545' title='bbox 1300 5139 1389 5182; x_wconf 84' lang='lat' dir='ltr'>vanae</span> <span class='ocrx_word' id='word_1_546' title='bbox 1405 5118 1513 5198; x_wconf 76' lang='lat' dir='ltr'>glorie</span> <span class='ocrx_word' id='word_1_547' title='bbox 1530 5118 1721 5180; x_wconf 88' lang='lat' dir='ltr'>tentationes</span> 
     </span>
     <span class='ocr_line' id='line_1_93' title="bbox 972 5215 1722 5297; baseline -0.001 -19"><span class='ocrx_word' id='word_1_548' title='bbox 972 5236 1008 5279; x_wconf 89' lang='lat' dir='ltr'>ac</span> <span class='ocrx_word' id='word_1_549' title='bbox 1034 5226 1155 5279; x_wconf 89' lang='lat' dir='ltr'>ceteras</span> <span class='ocrx_word' id='word_1_550' title='bbox 1180 5217 1294 5279; x_wconf 76' lang='lat' dir='ltr'>anime</span> <span class='ocrx_word' id='word_1_551' title='bbox 1320 5215 1554 5292; x_wconf 90' lang='lat' dir='ltr'>distractiones,</span> <span class='ocrx_word' id='word_1_552' title='bbox 1582 5235 1660 5297; x_wconf 93' lang='lat' dir='ltr'>quas</span> <span class='ocrx_word' id='word_1_553' title='bbox 1690 5225 1722 5279; x_wconf 92' lang='lat' dir='ltr'>et</span> 
     </span>
     <span class='ocr_line' id='line_1_94' title="bbox 973 5313 1720 5395; baseline -0.003 -17"><span class='ocrx_word' id='word_1_554' title='bbox 973 5325 1048 5378; x_wconf 90' lang='lat' dir='ltr'>tunc</span> <span class='ocrx_word' id='word_1_555' title='bbox 1074 5314 1209 5377; x_wconf 90' lang='lat' dir='ltr'>incurrit</span> <span class='ocrx_word' id='word_1_556' title='bbox 1233 5315 1362 5395; x_wconf 90' lang='lat' dir='ltr'>quande</span> <span class='ocrx_word' id='word_1_557' title='bbox 1383 5313 1536 5377; x_wconf 92' lang='lat' dir='ltr'>virtuosis</span> <span class='ocrx_word' id='word_1_558' title='bbox 1561 5314 1720 5377; x_wconf 89' lang='lat' dir='ltr'>exercitiis</span> 
     </span>
    </p>
   </div>
   <div class='ocr_carea' id='block_1_17' title="bbox 0 0 2160 6259">
    <p class='ocr_par' dir='ltr' id='par_1_18' title="bbox 0 0 2160 6259">
     <span class='ocr_line' id='line_1_95' title="bbox 0 0 2160 6259; baseline 0 3"><span class='ocrx_word' id='word_1_559' title='bbox 0 0 2160 6259; x_wconf 95' lang='lat' dir='ltr'> </span> 
     </span>
    </p>
   </div>
  </div>
 </body>
</html>
