4309 6259
433 478 472 542 tl
848 490 1020 538 animane
1042 490 1072 535 m
1094 490 1163 536 nar.
1185 488 1248 535 xxv
1268 486 1369 534 uxom.
1392 504 1432 516 —
1452 485 1523 532 aar.
1546 486 1564 530 a

434 666 615 730 lectabilius
625 686 662 730 ac
672 665 849 730 amorosius
864 663 979 727 intenti
992 669 1066 725 sunt
1072 663 1177 726 Verbo
1191 660 1217 722 h
1232 657 1467 743 Apostolorum.
1483 661 1524 719 Et
1538 659 1603 735 ipsi
1619 658 1702 716 tabia
1717 672 1869 716 coronam
1879 653 1978 711 inter·

434 775 564 843 aterno,
582 764 615 827 in
634 766 719 846 quod
734 763 924 854 'prospicere
941 760 1175 838 insatiabiliter,
1233 762 1363 820 rasilem
1387 774 1528 833 auream,
1551 766 1581 817 et
1602 775 1698 833 super
1717 756 1824 822 ittam,
1839 754 1976 811 alteram

435 863 772 945 infastidiabiliterque
793 862 986 937 desiderant,
1002 879 1099 942 quam
1115 858 1178 922 sibi
1232 878 1382 919 coronam
1407 860 1583 917 aureolam.
1599 854 1656 917 Per
1679 871 1808 916 auream
1825 867 1976 913 coronam

434 963 583 1026 invicem.
601 962 742 1043 insuper,
754 962 840 1043 quod
855 958 1024 1024 Cherubim
1040 979 1078 1023 ex
1094 966 1179 1021 utra·
1233 946 1434 1037 sighilicatur
1456 954 1620 1018 beatitudo
1644 961 1773 1029 aterna,
1796 948 1978 1015 essentiale·

433 1080 496 1143 quc
520 1069 609 1142 parte
633 1060 753 1123 oraculi
779 1060 916 1136 stabant,
933 1066 964 1121 et
989 1058 1068 1121 illud
1095 1067 1179 1137 tege-
1232 1075 1295 1138 que
1320 1054 1499 1138 premium,
1518 1053 1605 1135 quod
1626 1052 1728 1116 sancti
1752 1050 1977 1134 praedicatores

434 1160 521 1237 bant,
539 1159 699 1239 signatum
714 1166 763 1222 est
778 1159 864 1241 quod
884 1157 1025 1221 universi
1041 1157 1177 1239 angelici
1234 1161 1408 1230 merentur,
1427 1152 1563 1234 aliisque
1582 1150 1772 1215 denuntiant
1788 1168 1825 1213 ac
1846 1148 1978 1231 promit-

433 1258 564 1339 spiritus
593 1258 753 1340 majestati
781 1256 936 1321 Creatoris
966 1256 1005 1319 ad
1037 1263 1179 1319 contem·
1233 1261 1313 1330 tunt,
1341 1253 1367 1315 si
1389 1251 1455 1314 lide
1479 1261 1512 1315 et
1535 1270 1632 1334 opere
1652 1248 1772 1313 luerint
1795 1246 1975 1311 christiani.

433 1356 599 1438 piandum,
625 1355 851 1432 obediendum,
875 1355 1068 1417 laudandum
1097 1372 1179 1416 sem·
1232 1353 1303 1416 llaec
1328 1369 1445 1416 corona
1465 1348 1654 1413 interrasilis
1679 1348 1870 1431 appellatur,
1897 1365 1977 1428 quo

433 1472 489 1535 per
500 1461 672 1535 praesentes
688 1462 773 1531 sunt,
786 1461 817 1517 et
831 1453 955 1516 Christo
974 1452 1176 1535 obsequium,
1233 1450 1318 1514 niam
1343 1449 1462 1513 diversi
1485 1448 1699 1512 diversimode
1723 1466 1804 1521 eam,
1826 1443 1977 1509 videlicet

431 1551 947 1629 obumbrationem,adsistentiam
963 1552 1112 1615 exhibere
1126 1571 1179 1634 pa-
1232 1570 1304 1613 oum
1333 1548 1458 1630 majori,
1483 1545 1639 1611 minorive
1660 1554 1774 1609 ornatu
1793 1544 1977 1627 adipiscun-

310 1660 395 1705 ttant·
432 1648 584 1713 ratissimi
594 1659 695 1714 erant.
707 1652 838 1734 Propter
849 1651 933 1733 qnod
944 1650 1177 1713 dixittPossum
1232 1658 1293 1712 tur.
1310 1648 1406 1711 Porro
1426 1666 1483 1729 per
1507 1644 1680 1721 aureolam,
1696 1642 1893 1707 accidentale
1908 1662 1977 1725 spe·

356 1726 390 1768 ⁵³·
432 1767 542 1830 rogare
552 1750 680 1825 Patrem,
688 1760 720 1813 et
729 1749 892 1813 exhibebit
902 1750 981 1812 mihi
997 1750 1068 1833 plus
1079 1768 1177 1831 quam
1231 1747 1376 1829 cialeque
1395 1742 1865 1829 preeminmdcsignatur,quod
1880 1743 1977 1825 polis-

432 1848 600 1911 duodeeim
623 1848 764 1931 legiones
790 1850 986 1930 angelorum.
1009 1848 1177 1929 Quumque
1195 1852 1216 1915 ll
1232 1846 1348 1908 simum
1366 1844 1484 1908 sanctis
1496 1843 1696 1925 martyribus,
1706 1852 1738 1906 ct
1748 1842 1929 1923 virginibus
1942 1841 1976 1905 in

285 1960 416 2011 noema.
431 1945 464 2008 in
485 1946 610 2011 deserto
627 1956 710 2011 esset
730 1966 803 2011 cum
821 1948 943 2025 bestiis,
961 1947 1066 2029 angeli
1085 1947 1178 2009 mini·
1231 1944 1349 2026 quihus
1380 1942 1441 2006 fuit
1465 1942 1664 2026 propositum
1690 1950 1851 2025 perpetuae
1874 1942 1978 2007 conti-

432 2043 574 2108 strabant
589 2045 630 2108 ei.
643 2045 722 2109 ilinc
738 2046 804 2108 alas
819 2048 1030 2109 extenderunt
1040 2046 1079 2108 ad
1096 2046 1177 2109 invi-
1231 2044 1359 2120 nentiae,
1376 2051 1408 2105 et
1426 2042 1622 2120 doctoribus,
1644 2044 1737 2106 datur
1754 2058 1762 2103 t
1783 2042 1869 2123 quod
1891 2050 1923 2105 et
1943 2041 1977 2104 in

430 2162 500 2207 cem
515 2142 685 2207 Cherubim
702 2162 799 2226 super
814 2144 978 2208 oraculum
993 2164 1049 2207 seu
1066 2147 1176 2227 propi·
1231 2141 1354 2205 visione
1379 2141 1587 2205 humanitatis
1601 2139 1718 2203 Christi
1743 2149 1776 2204 et
1797 2148 1976 2204 ceterorum

432 2241 605 2306 tiatorium.
627 2243 757 2321 Rursus,
775 2262 832 2327 per
854 2244 934 2308 duos
950 2243 1122 2309 Cherubim
1142 2247 1176 2309 in
1231 2241 1351 2305 civium
1367 2259 1588 2324 supernorum,
1608 2249 1850 2322 creaturamque
1870 2259 1976 2303 rerum

430 2340 687 2423 propitiatorium
708 2342 927 2425 respicientes,
952 2342 1177 2425 intelliguntur
1231 2339 1387 2403 consistit.

431 2440 493 2502 duo
501 2439 880 2519 Testamenta,Christum
891 2442 1091 2506 concorditer
1101 2427 1177 2526 prs
1264 2440 1405 2501 parabis
1413 2448 1444 2499 et
1453 2440 1620 2500 acetabula
1630 2459 1670 2499 ac
1675 2440 1818 2517 phiatas.
1830 2440 1977 2499 thuribu

431 2536 570 2601 dicantia
591 2546 623 2601 et
644 2538 827 2602 intuentia:
845 2540 921 2622 quia
945 2541 1030 2622 quod
1057 2542 1091 2603 in
1112 2561 1176 2606 uno
1231 2542 1264 2600 la
1274 2548 1303 2599 et
1313 2539 1454 2615 cyathos,
1466 2541 1502 2597 in
1513 2540 1629 2618 quibus
1639 2540 1801 2616 offerendo
1809 2548 1887 2599 sunt
1899 2540 1976 2599 tiba-

431 2654 541 2699 eorum
566 2636 773 2701 denuntiatur
795 2638 829 2701 in
853 2639 922 2722 ipso
943 2639 1069 2704 Christo
1095 2660 1177 2704 com·
1230 2640 1334 2710 mr'na,
1347 2636 1741 2715 eeauroperiesimo.Per
1755 2635 1823 2701 hac
1837 2646 1976 2719 quatuor

431 2733 595 2816 piendum,
608 2734 642 2797 in
657 2736 720 2799 alio
736 2737 887 2801 recitatur
903 2738 936 2801 in
953 2739 1023 2821 ipso
1038 2741 1176 2823 comple
1230 2753 1347 2816 genera
1369 2754 1517 2798 vasorum
1538 2733 1661 2818 templi,
1689 2735 1875 2817 designatur
1899 2756 1977 2818 qua-

282 2850 416 2905 ssamur.
433 2842 511 2895 tum.
527 2833 633 2898 Gratia
653 2854 791 2919 namque
811 2845 842 2900 et
857 2838 973 2901 veritas
994 2858 1051 2921 per
1069 2840 1176 2904 lesum
1232 2834 1367 2917 druplcx
1387 2833 1575 2898 dillerentia
1597 2834 1883 2898 ecclesiasticarum
1906 2855 1977 2918 pcr-

430 2932 591 2998 Christum
606 2932 690 2998 lacta
705 2944 764 3013 est,
782 2944 817 2998 ut
835 2937 971 3001 loannes
986 2937 1093 3002 habet.
1231 2950 1402 2996 sonarum:
1419 2951 1476 3015 per
1490 2932 1665 3009 acetabula,
1678 2932 1713 2994 in
1726 2931 1846 3015 quibus
1861 2933 1977 2998 ollcro

470 3034 581 3093 Facies
602 3044 631 3095 et
651 3055 794 3097 creusam
814 3038 854 3096 de
875 3038 976 3115 tignis
996 3041 1101 3099 setim.
1118 3034 1213 3102 PerC
1230 3030 1325 3093 batur
1339 3038 1474 3107 acetum,
1493 3030 1702 3113 intelligendo
1717 3031 1804 3095 viros
1825 3032 1976 3113 rigorosae

428 3148 572 3194 mensam
603 3132 793 3214 exprimitur
817 3133 972 3212 Christus,
1000 3154 1055 3199 seu
1086 3156 1176 3199 sacra
1230 3129 1493 3207 conversationis,
1512 3150 1567 3192 scu
1588 3149 1701 3193 omnes
1726 3130 1852 3194 actibus
1875 3133 1977 3214 poeni-

429 3228 530 3311 ipsius
555 3230 711 3309 doctrina,
728 3240 825 3313 atquc
845 3233 1040 3297 Sacramenti
1064 3235 1175 3298 altaris
1231 3228 1337 3291 lenliae
1357 3226 1502 3304 dedito83
1526 3247 1583 3310 per
1603 3228 1738 3312 phialam,
1754 3248 1826 3310 quae
1850 3249 1977 3312 magnac

428 3326 582 3390 exhibitio
603 3329 794 3392 veneranda.
817 3329 886 3413 lpse
908 3331 994 3393 enim
1010 3332 1101 3395 cibus
1126 3342 1174 3397 est
1229 3336 1319 3390 erant
1343 3326 1539 3409 capacitatis,
1558 3326 1727 3410 perlectos,
1755 3330 1976 3412 contemplati·

427 3434 459 3489 ct
479 3424 611 3505 cibatur,
630 3426 699 3509 ipse
719 3425 851 3491 relectio
877 3428 1035 3492 salutaris.
1052 3430 1086 3493 ln
1111 3451 1174 3514 qua
1229 3444 1285 3488 vos
1307 3444 1343 3487 ac
1365 3424 1536 3507 sapientes,
1559 3426 1592 3486 in
1618 3425 1735 3506 quibus
1757 3427 1842 3489 dona
1864 3429 1975 3507 gratie

427 3543 538 3587 mensa
560 3532 634 3587 sunt
653 3534 788 3606 quatuor
803 3527 910 3609 pedes,
929 3528 984 3608 qui
1005 3538 1080 3591 sunt
1099 3549 1173 3612 qua·
1228 3522 1356 3605 copiose
1377 3530 1553 3603 augentur3
1570 3542 1627 3605 per
1649 3523 1824 3603 thuribula,
1842 3543 1898 3592 eos
1917 3528 1974 3610 qui

426 3632 499 3687 tuor
514 3643 626 3687 sensus
643 3624 823 3707 Scriptura.
842 3627 908 3690 Duo
928 3645 1056 3709 quoque
1071 3628 1172 3691 cubiti
1226 3622 1378 3703 operibus
1389 3620 1616 3685 misericordia)
1626 3622 1778 3700 redolent,
1785 3632 1883 3706 atquc
1892 3626 1975 3689 alios

426 3722 637 3805 longitudinis
667 3723 753 3806 ejus,
782 3734 856 3787 sunt
886 3725 1112 3806 longanimitas
1141 3735 1172 3791 et
1226 3719 1385 3783 delectant
1399 3739 1436 3782 ac
1452 3718 1617 3795 relovcnt;
1634 3739 1691 3802 pcr
1706 3721 1837 3803 cyathos
1852 3732 1972 3801 autem,

425 3822 671 3905 perseverantia,
689 3822 740 3887 vel
762 3823 921 3887 otermtas
944 3844 1009 3888 sna
1032 3826 1169 3903 deitatis,
1226 3818 1417 3901 incipientes
1447 3826 1544 3900 atquc
1572 3819 1707 3901 pusillos
1734 3837 1741 3882 :
1768 3820 1802 3882 in
1833 3840 1971 3903 quorum

424 3928 520 4002 atque
536 3921 732 4003 perpetuitas
755 3940 819 3984 suae
841 3921 1059 3986 humanitatis.
1077 3923 1170 3988 Cubi·
1225 3919 1369 3982 omnium
1381 3918 1531 3982 cordibus
1542 3919 1870 3985 suntlleoollcrenda
1880 3922 1972 4007 spiri·

424 4026 476 4080 tus
491 4017 681 4096 latitudinis,
702 4019 817 4081 caritas
833 4019 913 4099 ejus,
931 4040 1002 4102 quae
1018 4028 1049 4084 et
1065 4022 1170 4085 inimi·
1225 4017 1322 4080 tnalia
1343 4018 1514 4094 sacrificia,
1532 4018 1704 4097 orationes,
1722 4028 1797 4083 vota
1818 4040 1856 4085 ac
1879 4022 1974 4087 lacri-

424 4134 479 4179 cos
504 4116 588 4178 intra
618 4135 652 4179 se
680 4116 934 4199 comprehendit,
961 4120 1113 4201 quoniam
1138 4131 1170 4185 ct
1225 4135 1296 4180 mae.
1319 4121 1362 4179 m
1380 4137 1479 4195 pones
1497 4138 1592 4195 super
1612 4140 1756 4181 onerosam
1776 4141 1881 4198 panes
1897 4143 1973 4200 pro-

423 4234 482 4299 pro
508 4214 649 4277 inimicis
673 4216 740 4278 suis
766 4234 801 4279 sc
824 4216 950 4294 obtulit,
978 4237 1170 4301 precemque
1186 4214 1210 4275 D
1221 4218 1395 4294 positionis
1420 4218 1456 4277 in
1481 4226 1649 4293 conspectu
1671 4237 1737 4277 meo
1760 4239 1895 4297 semper.
1914 4220 1973 4284 Per

423 4312 519 4376 ludit.
545 4312 677 4376 Cubitus
702 4314 892 4392 altitudinis,
916 4324 965 4377 est
988 4316 1169 4381 sublimitas
1225 4313 1393 4377 duodecim
1424 4313 1653 4396 propositionis
1677 4333 1788 4396 panes,
1812 4325 1900 4381 recte
1923 4339 1972 4383 ac-

422 4412 599 4495 sapientiae,
612 4412 956 4495 contemplationisque
971 4416 1060 4497 ejus3
1078 4417 1170 4481 dimi·
1224 4412 1388 4499 cipiantur
1412 4412 1581 4475 duodecim
1607 4414 1708 4476 sancti
1734 4416 1891 4496 Apostoli,
1914 4436 1971 4481 seu

422 4512 493 4575 dius
510 4530 584 4575 vero
599 4511 778 4575 altitudinis
801 4511 939 4591 cubitus,
957 4515 1090 4579 scientia
1105 4536 1169 4598 qna
1225 4510 1415 4573 documenta
1435 4519 1467 4573 ct
1489 4511 1633 4592 exempla
1654 4530 1776 4590 eorum,
1794 4532 1866 4594 quat
1889 4534 1973 4579 sem-

420 4620 525 4674 crcata
541 4610 716 4691 cognoscit.
732 4614 775 4672 Et
792 4613 964 4673 inaurabis
980 4636 1051 4675 enm
1067 4636 1079 4675 .·
1094 4634 1168 4696 qno
1224 4627 1280 4690 per
1298 4626 1405 4672 coram
1420 4610 1483 4671 Deo
1499 4618 1574 4670 sunt
1590 4608 1742 4673 fidelibus
1761 4616 1971 4693 proponenda

420 4709 507 4772 niam
522 4707 611 4773 omni
633 4708 807 4790 gratiarum
833 4710 958 4787 decore,
975 4720 1007 4774 ct
1026 4712 1167 4776 caritatis
1224 4706 1257 4769 iu
1279 4705 1396 4769 Christi
1417 4715 1449 4769 et
1473 4706 1622 4770 Ecclesiae
1645 4726 1775 4785 mensa3
1798 4710 1969 4775 duodecim

419 4826 456 4869 ac
472 4805 637 4888 sapientie
658 4814 825 4870 venustate
849 4814 897 4869 est
912 4806 1054 4870 Christus
1077 4827 1167 4873 orna·
1221 4823 1351 4887 quoque
1372 4804 1506 4869 virtutes
1532 4805 1669 4869 morales
1692 4824 1699 4868 :
1721 4808 1841 4890 quibus
1866 4814 1970 4875 omni-

420 4914 491 4981 tns3
514 4905 578 4968 imo
603 4912 635 4967 et
659 4904 876 4985 Evangelium,
899 4906 954 4967 sed
980 4914 1011 4969 ot
1026 4906 1166 4971 Ecclesia
1221 4904 1282 4967 bus
1299 4904 1484 4966 nutriuntur
1501 4904 1841 4988 lideles,potissimum
1858 4909 1968 4974 idonci

421 5004 502 5086 ejus
519 5006 693 5084 Faciesque
719 5006 773 5063 itti
798 5006 922 5065 lobium
948 5026 1087 5067 aureum
1106 5028 1166 5084 per
1222 5003 1412 5066 sacerdotes

421 5104 606 5164 circuitum.
618 5102 676 5165 Per
686 5102 746 5164 hoc
758 5100 965 5181 designantur
980 5105 1101 5167 munda
1110 5123 1166 5169 ora
1255 5103 1367 5164 Facies
1381 5111 1411 5161 et
1426 5103 1658 5163 candelabrum
1672 5106 1805 5166 ductile.
1822 5104 1881 5169 Per
1891 5126 1967 5170 can-

417 5220 453 5264 ac
467 5220 546 5283 pura
557 5201 747 5264 documenta
759 5200 1047 5265 ecclesiasticorum
1058 5203 1165 5268 Docto
1220 5201 1386 5265 delubrum
1397 5208 1502 5281 potest
1513 5200 1649 5283 intelligi
1660 5201 1816 5283 Christus,
1826 5207 1883 5287 qui
1898 5208 1962 5269 ait:

415 5319 486 5365 rum
501 5318 538 5364 ac
553 5299 691 5375 Patrum,
708 5300 885 5383 presertim
901 5298 1160 5366 beatissimorum
1218 5301 1283 5381 Ego
1299 5317 1370 5361 sum
1386 5298 1440 5361 lux
1456 5298 1577 5360 mundi.
1587 5297 1645 5375 Qui
1657 5301 1789 5365 ductilis
1802 5302 1875 5382 luit,
1886 5324 1964 5388 quo
1979 5270 2109 5377 (εφη
