4309 6259
67 2958 138 3003 azer.

603 498 777 546 nuannnrro
799 499 828 543 m
851 498 919 543 car.
943 496 984 543 xx
1008 498 1109 543 aroer.
1132 520 1172 531 -
1193 502 1264 547 ιιιιι.
1287 503 1326 547 ιι
1713 490 1732 550 3

182 674 332 752 dignatur
348 675 379 736 si
393 684 425 737 et
441 675 522 737 alter
537 693 606 737 cam
623 672 761 744 accedat,
775 670 851 751 quia
867 686 930 733 nen
947 667 971 729 Α
986 688 1083 752 poena
1105 690 1163 753 pro
1185 673 1316 754 proprio
1337 682 1466 755 peccato
1487 675 1658 755 infligitur.
1683 678 1732 741 Sr-

182 771 275 835 habet
291 774 332 834 ad
350 772 440 835 illam
457 790 598 835 amorem
614 770 793 851 zelotypum
811 768 866 851 qui
883 786 932 831 so

180 871 265 933 cium
288 879 321 933 et
343 872 649 935 communicatorem
672 867 821 931 excludit.
843 866 931 929 Unde

180 969 296 1033 zelotes
324 990 381 1033 scu
406 970 525 1034 zelator
550 988 635 1031 nunc
659 966 849 1050 appellatur,
874 965 929 1046 qui

180 1068 224 1130 sic
247 1067 319 1131 vult
341 1069 431 1133 solus
453 1068 572 1145 amari,¹
589 1067 633 1129 ita
658 1074 693 1128 ιιι
716 1064 796 1127 nibil
822 1083 929 1126 seeum

179 1176 313 1245 ametur,
342 1168 375 1229 iu
401 1168 640 1247 derogationem
665 1173 720 1227 aut
745 1163 930 1227 minoratio-

180 1284 250 1327 nem
272 1266 324 1328 sui
345 1266 476 1329 amoris.
495 1266 545 1329 Sic
566 1264 664 1345 igitur
682 1262 829 1346 precipit
846 1261 928 1324 Deus

178 1383 211 1426 se
235 1365 298 1427 coli
324 1374 356 1427 et
381 1364 544 1440 honorari,
567 1372 602 1425 ut
625 1363 654 1425 ei
678 1362 841 1425 dumtaxat
863 1368 929 1423 tota

178 1472 283 1526 mente
304 1465 535 1540 adhereamus,
554 1461 742 1537 serviamus,
760 1467 855 1541 atquc
875 1478 928 1521 va-

176 1580 297 1641 cemus,
311 1570 342 1625 et
358 1562 483 1626 nonsit
497 1561 605 1625 anima
621 1568 730 1624 nostra
744 1561 926 1623 damonum

175 1670 228 1722 aut
250 1661 423 1737 idolorum,
441 1661 660 1724 alienorumve
683 1659 815 1721 deorum
837 1654 926 1717 adul-

177 1768 252 1835 tcra,
270 1760 326 1822 sed
343 1760 397 1823 Dei
415 1758 617 1822 solummodo
634 1775 762 1839 sponsa.

985 769 1105 844 cundo,
1133 770 1352 833 consideratur
1375 790 1485 854 poena,
1513 781 1547 835 ut
1571 776 1731 838 medicina

986 868 1119 950 peccati,
1137 887 1201 932 non
1218 869 1321 933 solum
1337 871 1479 933 curatiua
1495 872 1657 953 preteriti,
1674 876 1728 937 sed

985 967 1081 1029 ctiam
1108 968 1332 1048 praeservativa
1356 968 1468 1045 luturi,
1495 973 1730 1035 conservativa-

985 1085 1047 1147 que
1072 1066 1147 1130 boni
1173 1084 1180 1128 ι
1208 1075 1239 1129 ιι
1264 1068 1310 1130 ιιι
1334 1068 1433 1149 aliqui
1459 1071 1636 1152 puniuntur
1660 1071 1729 1135 sine

985 1164 1115 1246 propria
1139 1165 1245 1247 culpa,
1271 1167 1326 1228 srd
1352 1186 1415 1230 non
1444 1168 1514 1231 sine
1538 1188 1644 1232 causa.
1671 1170 1729 1233 Per

983 1262 1175 1325 medicinam
1196 1271 1300 1326 autem
1322 1273 1454 1328 nonest
1475 1267 1727 1330 subtrahendum

983 1361 1086 1441 majus
1113 1361 1245 1439 bonum,
1271 1369 1305 1423 ut
1331 1363 1439 1425 minus
1463 1362 1584 1427 bonum
1604 1364 1728 1429 obtine-

982 1466 1063 1535 atur,
1092 1460 1147 1521 sed
1171 1479 1354 1524 econverso.
1381 1462 1461 1524 Hinc
1484 1462 1585 1544 aliqui
1607 1465 1728 1546 absque

982 1558 1112 1639 propria
1131 1558 1226 1641 culpa
1245 1559 1279 1621 iu
1302 1561 1530 1643 temporalibus
1550 1563 1728 1645 puniuntur

981 1674 1038 1737 per
1063 1657 1179 1720 damna
1206 1666 1261 1720 aut
1285 1657 1504 1738 infirmitatae,
1532 1670 1567 1723 ut
1591 1663 1728 1743 proben-

981 1762 1042 1831 tur,
1066 1756 1287 1834 humilientur,
1310 1768 1365 1820 aut
1386 1759 1450 1821 alio
1472 1760 1567 1822 mode
1590 1761 1725 1841 gratiam

223 1861 366 1919 Vr'sitans
384 1859 595 1938 iniquitatem
611 1866 748 1934 patrum
769 1857 805 1915 in
822 1855 921 1930 filice,
945 1854 1164 1932 Bsorlianlur,
1188 1856 1296 1937 sicque
1322 1860 1355 1920 in
1380 1858 1603 1939 spiritualibus
1628 1859 1722 1923 bonis

175 1959 209 2017 in
234 1960 367 2019 tertiam
385 1966 416 2017 et
435 1966 589 2036 quartam
609 1955 850 2033 generationem
875 1972 923 2011 co-

174 2076 247 2115 rum
262 2058 323 2136 qui
337 2060 476 2117 oderam
492 2074 551 2115 nte.
569 2054 637 2116 Non
653 2053 798 2115 absolute
813 2051 869 2127 ait,
887 2049 921 2111 in

174 2154 299 2217 tertiam
316 2162 347 2217 et
362 2162 510 2235 quartam
525 2152 782 2233 generationem;
801 2150 855 2211 sed
872 2148 923 2211 ad-

173 2251 230 2328 dit,
246 2252 364 2315 Eorum
385 2253 442 2334 qui
458 2253 595 2315 oderunt
615 2270 676 2313 me.
695 2250 921 2311 Verumtamen

172 2350 292 2413 additio
310 2350 382 2427 ista,
390 2350 506 2413 Eorum
522 2349 579 2431 qui
596 2350 731 2412 oderunt
748 2366 808 2423 me,
820 2352 923 2428 potest

173 2446 285 2511 referri
304 2450 345 2511 ad
369 2448 401 2510 id
424 2449 509 2530 quod
530 2448 620 2523 dixit,
642 2446 846 2527 iniquitatem
868 2464 922 2527 pa-

173 2552 268 2624 trum,
280 2556 313 2611 et
328 2547 426 2609 etiam
442 2548 482 2609 ad
498 2536 668 2609 lilios.'Sed
684 2545 769 2606 istud
785 2543 920 2608 bonitati

172 2654 201 2707 et
222 2644 367 2728 aequitati
390 2646 446 2708 Dei
469 2646 622 2726 derogare
646 2642 781 2719 videtur,
802 2650 837 2705 ut
860 2642 921 2704 ini-

170 2745 326 2825 quitatem
338 2752 508 2827 parentum
524 2742 697 2806 ulciscatur
713 2741 746 2803 in
763 2741 918 2818 sobolem,

172 2843 348 2923 praesertim
369 2861 470 2923 quum
492 2860 549 2924 per
572 2839 767 2903 Ezechielem
794 2839 920 2902 locutus

171 2942 211 3004 sit
235 2960 242 3005 :
266 2942 367 3003 Filius
391 2960 455 3005 non
475 2938 616 3023 portabit
639 2938 841 3019 iniquitatem
865 2956 920 3019 pa-

978 1962 1133 2031 craseant,
1149 1962 1203 2016 aut
1224 1954 1332 2036 alique
1355 1958 1449 2020 modo
1471 1958 1723 2021 misericordiam

979 2054 1401 2137 consequantur.Nunquam
1418 2063 1523 2119 tamen
1538 2056 1655 2138 aliquis
1667 2076 1724 2139 per

979 2150 1195 2232 spiritualium
1218 2153 1465 2216 subtractionem
1489 2154 1646 2218 bonorum
1670 2175 1726 2238 pu-

979 2249 1076 2325 nitur,
1096 2269 1153 2312 nec
1169 2250 1203 2311 iu
1219 2250 1283 2313 vila
1299 2253 1459 2333 praesenti,
1479 2273 1582 2335 neque
1603 2252 1721 2332 futura,

978 2347 1047 2409 sine
1069 2349 1199 2430 propria
1223 2349 1327 2431 culpa.
1350 2351 1401 2413 Sic
1425 2368 1499 2430 ergo
1525 2353 1610 2415 servi
1635 2361 1666 2415 et
1687 2352 1724 2414 li-

977 2445 1013 2507 lii
1040 2446 1072 2508 in
1099 2447 1319 2528 corporalibus
1344 2450 1516 2530 aliquando
1542 2451 1721 2532 puniuntur

975 2553 1107 2628 propter
1117 2554 1286 2627 parentum
1299 2556 1354 2609 aut
1368 2546 1572 2611 dominorum
1590 2567 1721 2612 suorum

975 2651 1115 2725 peccata,
1124 2644 1157 2705 in
1169 2654 1323 2725 quantum
1335 2647 1508 2709 secundum
1520 2666 1635 2728 corpus
1647 2656 1722 2710 sunt

975 2742 1097 2823 aliquid
1113 2760 1168 2805 seu
1185 2762 1234 2805 res
1250 2744 1394 2824 quadam
1416 2744 1556 2822 illorum,
1574 2746 1618 2809 ita
1633 2748 1719 2828 quod

974 2849 1122 2922 parentes
1146 2860 1183 2904 ae
1207 2842 1329 2904 domini
1354 2842 1532 2924 puniuntur
1557 2844 1590 2906 in
1617 2844 1684 2907 illis
1709 2866 1716 2909 τ

975 2941 1059 3002 unde
1082 2939 1115 3001 in
1137 2940 1379 3003 auctoritatibus
1404 2941 1532 3019 dicitur,
1556 2946 1718 3025 usquead

47 3025 156 3135 1³&qu
172 3040 238 3102 tris,
260 3040 299 3102 Et
321 3059 379 3122 per
400 3040 549 3102 eumdem
569 3037 758 3119 Prophetam
778 3056 814 3100 ae
836 3038 955 3104 lere-tl
974 3038 1100 3101 tertiam
1129 3047 1162 3100 et
1187 3046 1333 3119 quartam
1360 3041 1613 3120 generationem,
1643 3044 1719 3125 quia

54 3147 91 3189 nr.
104 3164 156 3201 nn.
172 3140 267 3201 miam
278 3158 285 3199 :
295 3138 417 3215 Omnis,
432 3138 549 3218 inquit,
562 3138 617 3219 qui
634 3137 808 3199 comederit
824 3155 918 3197 uvam

45 3216 69 3249 ‘⁰'
170 3237 327 3315 acerbam,
345 3237 573 3319 obstupescent
588 3238 699 3299 dentes
715 3236 795 3317 ejus.
813 3235 918 3298 Nihilo

170 3338 276 3400 minus
296 3337 382 3399 idem
401 3336 555 3399 Ieremias
573 3335 690 3398 latetur
706 3336 739 3397 in
755 3334 889 3396 Thronis
908 3352 914 3396 :

150 3436 275 3499 .Patres
291 3435 392 3499 nostri
409 3443 633 3517 peccaverunt,
650 3442 681 3497 et
697 3452 760 3497 non
777 3442 868 3509 sunt;
886 3442 917 3496 et

170 3554 227 3599 nos
247 3535 436 3616 iniquitates
456 3552 566 3597 eorum
589 3533 797 3614 portavimus.
822 3532 859 3593 Et
882 3533 915 3594 iu

57 3648 152 3703 latera,
167 3635 260 3698 Josuc
282 3634 433 3713 leguntur
454 3631 516 3695 lilii
537 3632 632 3694 lsrael
659 3630 769 3711 fugati,
792 3639 823 3693 et
844 3632 915 3713 qui-

46 3448 107 3493 itm,
115 3456 146 3501 ψ·

43 3714 106 3755 ll.l!.

70 4139 130 4185 Ered.

48 4212 103 4253 ιιιιι,
117 4208 127 4245 7

167 3732 239 3795 dam
259 3751 372 3797 eorum
389 3731 487 3795 occisi
507 3738 582 3794 sunt
603 3738 732 3812 propter
749 3739 913 3812 peccatum

167 3832 286 3895 hchan.
304 3832 414 3913 ltaque
429 3830 515 3893 eirca
530 3828 696 3892 materiam
712 3829 806 3891 istam
828 3830 916 3893 inve-

167 3932 300 3994 niuntur
316 3930 413 3993 variat
428 3929 631 3993 auctoritates
647 3927 828 4009 Scriptura,
845 3947 916 4009 quae

165 4030 228 4093 sibi
253 4029 395 4093 invicem
424 4028 613 4091 contrariari
643 4026 802 4089 videntur.
835 4027 912 4091 Nam

164 4138 194 4191 et
212 4128 298 4191 inira
315 4128 442 4207 legitur,
460 4126 545 4208 quod
566 4144 650 4188 nunc
670 4126 704 4186 iu
727 4133 812 4188 textu
830 4146 915 4191 asse-

165 4228 257 4291 ritur.

204 4326 265 4389 Sed
287 4324 434 4389 omnium
457 4324 571 4386 horum
594 4322 711 4386 solutio
732 4331 762 4387 et
784 4342 914 4387 concor-

161 4425 272 4488 dantia
294 4444 333 4487 cx
355 4424 450 4485 dictis
472 4429 559 4503 patet
580 4422 756 4484 doctorum.
780 4422 910 4505 Nempe,

159 4533 194 4587 ut
220 4523 334 4587 scribit
359 4522 389 4584 S.
414 4521 551 4585 Thomas
576 4521 609 4582 in
636 4520 776 4583 secunda
801 4540 912 4585 sccun-

157 4624 218 4701 (ιιι,
235 4623 323 4704 quod
342 4630 374 4684 et
394 4640 431 4683 ex
451 4620 548 4683 dictis
567 4619 738 4683 Alexandri
758 4621 798 4683 de
817 4620 909 4684 Hales

157 4722 296 4785 habetur
317 4740 326 4783 :
348 4721 442 4783 Poena
465 4727 569 4801 potest
588 4718 785 4783 considerari
806 4719 909 4800 dupli-

156 4822 239 4885 citer
255 4838 263 4882 :
279 4820 398 4896 Primo,
417 4818 450 4879 in
471 4826 626 4899 quantum
642 4835 747 4899 poena,
766 4825 798 4881 ιι
814 4827 908 4899 prout

156 4940 302 5004 peream
318 4926 484 5001 reparatur
496 4917 661 4998 equalitas
675 4916 818 4998 justitiae,
828 4918 905 4979 dum

156 5017 373 5102 peccatorqui
385 5016 548 5098 peccando
559 5015 655 5077 nimis
666 5014 826 5095 acquievit
838 5034 908 5097 pre

157 5118 237 5200 priae
259 5116 418 5180 voluntati
445 5113 478 5176 ιιι
500 5114 736 5194 derogationem
761 5114 906 5194 justitie,

156 5216 281 5298 aliquid
308 5213 429 5297 patitur
450 5222 562 5277 contra
585 5232 673 5275 suam
698 5212 905 5289 voluntatem,

158 5316 192 5378 in
218 5314 322 5399 ipsius
343 5312 477 5396 justitia
503 5328 772 5393 recompensam:
798 5311 907 5391 sicque

973 3138 1132 3219 usquead
1154 3144 1199 3200 tot
1218 3138 1439 3216 generationes
1461 3140 1570 3204 vivere
1585 3153 1719 3224 possunt

971 3243 1130 3318 parentes.
1154 3235 1216 3299 Nec
1238 3236 1324 3298 istud
1349 3247 1504 3320 repugnat
1528 3239 1645 3305 divina
1667 3243 1720 3324 ju-

971 3335 1077 3412 stitia,
1101 3335 1253 3416 quoniam
1274 3336 1356 3398 lleus
1376 3336 1436 3400 boc
1458 3337 1564 3419 ipsum
1590 3341 1717 3404 ordinat

972 3434 1004 3495 in
1021 3434 1230 3516 ipsorum,sic
1246 3434 1446 3516 patientium,
1460 3436 1591 3500 bonum.
1605 3441 1717 3505 ducto

970 3533 1079 3596 ritates
1098 3541 1204 3596 autem
1227 3542 1337 3598 contra
1359 3533 1426 3597 bate
1446 3535 1599 3617 allegatae,
1623 3540 1716 3603 intel-

969 3631 1114 3711 liguntur
1124 3634 1164 3696 de
1179 3632 1282 3714 poenis
1294 3631 1515 3714 spiritualibus
1528 3645 1560 3699 et
1574 3640 1712 3702 cateruis.

968 3731 1121 3793 Praeterea
1130 3730 1280 3810 Origenes
1294 3730 1390 3794 solvit
1404 3734 1614 3814 questionem
1632 3736 1714 3801 hauc

969 3829 1072 3905 aliter,
1095 3848 1151 3912 per
1173 3837 1277 3912 patres
1298 3831 1511 3912 peccantium,
1529 3832 1712 3914 intelligens

968 3930 1129 3991 demones
1142 3937 1328 4003 tentatores;
1341 3948 1398 4010 per
1407 3931 1641 4010 generationes,
1651 3936 1712 4016 pri-

970 4047 1065 4105 mam,
1083 4028 1266 4103 secuudam‚
1289 4026 1414 4090 tertiam
1434 4036 1466 4091 ιι
1485 4039 1642 4111 quartam,
1659 4054 1713 4097 eos

969 4127 1024 4207 qui
1041 4126 1184 4208 peccanti
1200 4134 1422 4207 cooperantur,
1432 4130 1648 4209 consentiunt,
1658 4143 1713 4196 aut

929 4227 953 4290 D
969 4224 1033 4288 alio
1047 4225 1141 4287 modo
1156 4223 1403 4287 communicant.

1008 4326 1051 4385 Et
1065 4325 1189 4401 faciens
1209 4325 1467 4387 misericordiam
1482 4329 1519 4387 in
1534 4330 1644 4391 millia
1659 4334 1710 4393 lais

967 4425 1025 4502 qui
1044 4424 1191 4500 diligunt
1212 4443 1274 4493 ane,
1293 4434 1323 4484 et
1342 4428 1529 4487 custodiunt
1547 4441 1708 4507 precepta

966 4542 1037 4581 mea
1062 4536 1073 4581 :
1103 4520 1134 4581 id
1163 4530 1222 4598 est,
1249 4521 1350 4584 multe
1380 4521 1542 4603 copiosius
1571 4535 1604 4589 et
1635 4546 1707 4609 pro

966 4618 1088 4681 tensius
1111 4619 1264 4683 misereor
1285 4620 1421 4701 posteris
1445 4622 1620 4687 amantium
1644 4646 1706 4703 me,

964 4726 995 4782 ιι
1014 4718 1231 4782 obedientium
1256 4718 1347 4794 mihi,
1370 4720 1546 4799 prasertim
1572 4726 1708 4804 posteris

963 4816 1207 4899 praedestinatis.
1225 4817 1302 4879 Nam
1318 4825 1353 4880 ut
1372 4816 1417 4879 ait
1430 4818 1565 4883 lacobus
1585 4834 1708 4906 aposto

962 4916 1022 4993 lus,
1030 4915 1248 4998 superexaltat
1262 4915 1481 4980 misericordia
1493 4919 1708 4999 judicium.Et
1720 4933 1845 4985 lael-*m

961 5015 1127 5077 Psalmista
1143 5032 1149 5075 :
1167 5012 1381 5078 Miseratioues
1402 5015 1472 5096 ejus
1488 5025 1706 5100 superomnia
1723 5046 1850 5100 affige,

962 5132 1058 5195 opera
1076 5114 1158 5195 ejus.
1171 5112 1396 5177 Verumtamen
1419 5115 1453 5177 in
1473 5116 1533 5181 hac
1553 5139 1587 5183 re
1608 5130 1708 5186 atten-

961 5214 1036 5275 dere
1056 5230 1238 5294 possumus,
1251 5230 1347 5292 quam
1362 5214 1525 5280 mirabilia
1540 5227 1571 5281 et
1587 5219 1706 5285 incom-

962 5311 1192 5393 prehensibilia
1211 5311 1275 5374 siut
1292 5311 1414 5393 judicia
1428 5316 1495 5393 Ilei,
1512 5317 1588 5398 quia
1605 5320 1704 5383 iuter-
