4309 6259
379 516 553 563 manmmo
573 517 605 564 m
626 518 695 564 car.
718 517 814 564 xxxvi
834 519 872 563 nr
895 519 1002 565 xxxin
1023 520 1126 566 nxoor.
1146 538 1186 550 —
1206 519 1278 565 aar.
1300 518 1380 565 cxvu
1401 518 1438 563 nr
1461 517 1552 563 cxvm
1678 497 1737 561 123

704 930 1030 1019 ARTICULUS
1067 931 1225 1017 LXVII

442 1208 632 1253 oneratione
654 1208 791 1253 cornum
812 1208 962 1254 Tntccsttss
984 1208 1070 1254 sexli
1093 1207 1099 1254 :
1123 1206 1208 1255 FECIT
1230 1208 1308 1255 ERGO
1329 1207 1487 1254 olisatum.

265 1487 302 1549 IG
324 1486 549 1569 particularius
571 1485 762 1549 describitur
779 1485 938 1549 exsecutio
953 1484 978 1547 Α
994 1489 1060 1551 Nec
1083 1491 1136 1549 vir
1155 1509 1211 1550 occ
1235 1490 1355 1549 mulier
1375 1491 1557 1570 quidquam
1579 1492 1668 1551 ultra
1692 1492 1738 1567 of-

275 1603 422 1667 operum.
440 1587 528 1645 Fecit
543 1605 617 1662 erpo
631 1588 769 1647 Beselecl
782 1595 812 1646 et
830 1586 939 1646 Ooliab
993 1588 1080 1665 serat
1102 1590 1139 1647 irc
1160 1608 1251 1665 opere
1275 1590 1471 1660 sanctuarii,
1497 1588 1529 1650 id
1555 1597 1602 1651 est
1627 1588 1668 1650 ad
1692 1587 1738 1650 io-

188 1695 218 1744 et
238 1685 345 1744 onznia
366 1685 419 1742 oir
440 1685 580 1760 sapiam,
605 1690 679 1760 eto,
704 1704 776 1761 qaue
801 1684 837 1743 in
863 1702 939 1742 usus
993 1686 1142 1749 ciendum
1159 1686 1386 1763 sanctuarium,
1404 1694 1436 1749 et
1450 1706 1521 1768 quae
1537 1694 1683 1769 spectant
1697 1687 1737 1749 ad

189 1783 376 1842 sanctuar-ii
390 1784 570 1842 neccssaria
584 1790 672 1871 cunt,
690 1782 723 1842 id
745 1788 794 1844 est
812 1800 886 1845 vasa
908 1786 939 1842 cl
993 1771 1216 1865 illudSicque
1224 1794 1379 1846 cessatum
1394 1796 1439 1847 est
1454 1808 1474 1845 a
1489 1788 1678 1847 muneribus
1692 1789 1738 1865 of-

190 1879 341 1943 utensilia
357 1878 566 1957 tabernaculi,
584 1890 613 1940 et
628 1901 699 1959 quoe
711 1881 863 1958 proecepit
878 1881 940 1940 Do·
993 1885 1150 1961 ferendia,
1167 1904 1201 1943 eo
1217 1887 1303 1963 quod
1317 1886 1423 1945 obtato
1437 1887 1626 1959 sufficerent.

189 1980 405 2055 minusficri,
423 1977 520 2040 idest
541 1976 666 2058 reliqua
688 1997 758 2059 quae
782 1977 854 2041 lieri
876 1977 940 2059 jus·
1034 1987 1254 2063 Feceruntque
1273 2003 1380 2043 omncs
1399 1987 1492 2043 corde
1511 1985 1671 2061 sapientes
1694 1988 1739 2046 ad

190 2077 242 2153 sit,
269 2075 354 2139 sicut
379 2084 411 2139 cl
436 2076 508 2139 ista.
533 2080 704 2158 Quumque
729 2088 866 2139 vocasset
890 2098 939 2137 eos
993 2085 1190 2159 emplenrlum
1205 2102 1285 2160 opus
1301 2084 1512 2143 tabernaculi.
1529 2081 1603 2156 011ae
1619 2082 1672 2145 hic
1686 2083 1739 2145 ha-

190 2179 366 2254 elcesaei
381 2196 508 2237 omnem
520 2178 630 2236 cirum
646 2180 813 2237 eruditum
824 2178 879 2237 cui
888 2180 939 2237 dc·
993 2179 1121 2254 bentur,
1138 2198 1235 2261 supra
1257 2179 1289 2241 in
1312 2179 1453 2261 capitulo
1474 2179 1628 2243 vicesimo
1651 2189 1739 2245 sexto

189 2278 283 2335 dem
299 2277 460 2335 Dominus
474 2276 682 2353 sapientium,
699 2286 728 2335 et
749 2278 808 2354 qui
827 2285 939 2353 sponte
994 2276 1137 2358 exposita
1156 2285 1232 2338 sunt
1252 2285 1284 2339 et
1303 2275 1495 2358 conscripta.
1514 2278 1601 2337 Fecit
1615 2294 1739 2355 quoque

95 2383 103 2398 '
189 2376 372 2434 obtulerant
387 2374 471 2435 sua*
492 2377 536 2435 ad
552 2376 743 2451 faciendum
763 2394 853 2451 opus,
874 2383 940 2435 tra-
994 2385 1111 2435 vectem
1130 2377 1248 2459 alium,
1265 2378 1324 2455 qui
1338 2395 1399 2453 per
1413 2376 1537 2436 medias
1557 2374 1739 2435 montosae

188 2474 278 2532 didit
297 2474 344 2531 eis
364 2474 519 2533 universo
535 2474 688 2543 donaria,
705 2472 738 2535 id
758 2480 806 2535 est
826 2481 939 2555 sponte
994 2477 1115 2550 anpcto
1130 2478 1289 2552 usquead
1308 2478 1469 2552 capulum
1482 2474 1678 2552 perveniret.
1695 2472 1739 2534 Ile
1802 2466 1805 2471 ¹

188 2569 307 2647 oblata,
331 2572 479 2647 filiorum
501 2572 614 2632 Israel.
639 2572 703 2639 Qui
723 2591 823 2649 quum
843 2574 940 2633 ilceto·
994 2570 1053 2634 hoc
1079 2580 1169 2635 vecte
1198 2589 1262 2634 non
1286 2572 1413 2635 videtur
1443 2570 1562 2635 mentio
1592 2567 1738 2652 superius

188 2680 263 2731 rent
287 2672 388 2748 operi,
414 2671 558 2750 quotidie
584 2690 679 2731 mone
704 2680 776 2731 cota
797 2674 938 2747 populus
955 2672 978 2733 B
995 2668 1089 2747 iacta,
1111 2678 1241 2752 cratque
1263 2671 1296 2732 in
1320 2670 1401 2733 iucic
1423 2669 1620 2733 tabernaculi
1635 2668 1739 2732 orien-

187 2771 348 2846 offerebat,
362 2768 394 2830 id
410 2776 469 2845 est,
485 2767 630 2848 quolibet
646 2787 738 2831 manc
754 2768 939 2832 obtulerunt
994 2769 1061 2847 tali,
1079 2778 1111 2832 et
1133 2769 1238 2851 capita
1259 2770 1329 2850 ejus
1352 2777 1443 2832 erant
1465 2768 1583 2831 inserta
1603 2769 1737 2831 duarum

187 2886 261 2948 queo
278 2867 541 2929 desideraverunt
555 2886 592 2929 ac
612 2868 829 2949 promiserunt
844 2867 939 2931 oller·
994 2868 1153 2951 capitibus
1166 2868 1354 2931 tabellarum
1366 2868 1584 2931 exsistentium
1595 2868 1685 2948 juxta
1695 2874 1738 2927 tu·

188 2984 234 3027 re.
255 2966 295 3027 Et
315 2965 398 3028 bene
420 2965 605 3028 obtulerunt
626 2984 730 3042 mane,
749 2967 878 3047 quando
898 2966 938 3027 ad
993 2967 1158 3031 bernaculi
1180 2967 1369 3047 ingressum.
1387 2966 1444 3029 Per
1458 2985 1548 3047 quas,
1566 2965 1598 3025 id
1618 2971 1667 3027 est
1681 2982 1738 3045 per

187 3063 393 3127 devotionem
418 3064 523 3146 aptior
547 3083 637 3127 mcns
663 3073 721 3127 est.
746 3068 835 3126 Unde
858 3067 939 3125 orti·
993 3085 1129 3149 quarum
1156 3065 1408 3147 spissitudinem,
1428 3064 1527 3127 vectis
1552 3062 1612 3125 iste
1637 3072 1738 3124 trans-

186 3168 263 3241 fices
284 3165 393 3224 venire
416 3165 584 3240 compulsi,
606 3162 639 3225 id
664 3172 712 3226 est
734 3164 938 3227 vehementer
994 3164 1064 3242 ivit,
1083 3164 1124 3227 ab
1146 3164 1263 3244 angulo
1285 3163 1341 3245 qui
1362 3160 1528 3244 conjunxit
1549 3160 1735 3224 orientalem

187 3260 329 3339 excitati,
351 3264 509 3323 dicerunt
531 3264 638 3339 Mopsi
652 3280 664 3323 :
678 3267 761 3326 Plus
776 3265 868 3340 offert
884 3282 939 3341 po·
976 3272 1026 3344 ¹et
1049 3264 1268 3346 aquilonarem
1294 3260 1466 3324 sanctuarii
1492 3269 1608 3342 partes,
1634 3278 1737 3340 usque

185 3365 287 3438 putas
311 3382 412 3441 quom
437 3362 653 3423 necessarium
678 3372 723 3423 est
747 3362 788 3424 ad
817 3360 936 3424 facien·
993 3364 1033 3426 ad
1048 3362 1201 3443 angulum
1216 3361 1419 3445 copulantem
1435 3367 1540 3442 partes
1563 3357 1735 3421 sanctuarii

186 3458 265 3521 dum
281 3478 355 3539 quae
371 3457 444 3521 lieri
459 3458 548 3540 jussa
564 3463 938 3538 suntlucsitcrpoMoy-
994 3482 1048 3526 seu
1076 3460 1271 3524 tabernaculi
1292 3458 1480 3523 orientalem
1504 3467 1599 3539 atque
1619 3464 1738 3519 austra·

185 3578 234 3617 ces
244 3559 405 3634 preconis
421 3578 493 3618 voce
507 3544 685 3629 contari,id
701 3568 757 3636 ost,
767 3557 937 3640 quemdam
994 3561 1068 3624 lem.
1079 3559 1211 3640 Reliqua
1220 3559 1370 3622 vicesimo
1386 3565 1474 3621 sexto
1489 3556 1631 3638 capitulo
1645 3574 1737 3637 expo

187 3664 341 3737 tanquam
367 3674 546 3738 praeconem
577 3655 654 3719 lecit
678 3658 741 3720 alte
766 3657 934 3724 clamare:
994 3656 1055 3721 sita
1070 3664 1145 3718 sunt
1161 3655 1298 3738 plenius.

692 4084 1016 4173 ARTIGULUS
1053 4086 1239 4171 LXVIII

335 4360 493 4407 Expostrto
514 4360 652 4405 curtium
673 4360 824 4406 ruicosfflt
846 4360 965 4405 sermm
988 4360 995 4406 ἶ
1018 4360 1105 4405 FECIT
1127 4361 1229 4407 AU'I'EII
1250 4362 1398 4406 Bcsetcet
1420 4362 1456 4405 ur
1477 4360 1593 4406 euenit.

224 4643 253 4705 N
270 4642 330 4705 isto
346 4641 487 4725 capitulo
498 4639 690 4703 describitur
700 4640 838 4721 qualiter
854 4638 973 4701 iactaC
991 4638 1056 4700 Hoc
1081 4638 1192 4702 eodem
1218 4639 1359 4721 capitulo
1384 4637 1518 4702 habetur
1543 4640 1734 4721 expositum.

236 4740 303 4803 sint
319 4760 368 4818 ea,
384 4758 457 4822 qua
472 4747 563 4803 erant
579 4739 611 4800 in
633 4737 848 4814 tabernaculo,
873 4745 936 4798 um
993 4734 1142 4817 Sequitur
1152 4738 1191 4799 de
1207 4738 1415 4819 productione
1425 4757 1545 4802 mensae
1560 4746 1656 4819 atquc
1667 4757 1738 4800 can·

183 4860 223 4904 ea
233 4858 309 4922 quae
319 4822 410 4903 crant
422 4839 504 4900 intre
516 4837 630 4900 Sancta
641 4846 936 4917 sanctorumquam
992 4834 1115 4898 delubri
1130 4856 1167 4898 ac
1182 4836 1383 4898 lucernarum
1399 4855 1456 4899 seu
1472 4837 1690 4919 lampadarum
1706 4845 1739 4899 et

184 4939 244 5001 illa
261 4958 333 5019 queo
348 4936 597 5001 continebantur
618 4936 650 4996 in
667 4934 814 4998 exteriori
835 4933 937 4997 taber·
993 4953 1142 4997 vasorum
1157 4934 1367 5015 quorumdam
1381 4951 1388 4996 :
1401 4936 1441 4997 de
1456 4934 1573 5018 quibus
1588 4934 1738 4998 omnibus

185 5037 296 5100 oaculi
320 5042 419 5117 peric,
437 5054 508 5116 qua
530 5034 696 5097 dicebatur
715 5032 865 5096 Sanctum
887 5034 938 5097 vel
993 5024 1105 5095 eodem
1127 5032 1279 5096 vicesimo
1301 5032 1414 5112 quinto
1434 5032 1573 5117 capitulo
1593 5033 1738 5095 habitum

184 5137 315 5199 Sancta.
334 5136 423 5196 Fecit
444 5144 553 5195 antem
568 5136 704 5193 Beseleel
725 5142 754 5193 et
773 5154 884 5194 arcam
898 5136 939 5193 de
994 5139 1052 5193 est.
1078 5131 1238 5195 Postremo
1263 5131 1392 5194 additur
1416 5133 1455 5195 de
1480 5131 1672 5195 formatione
1695 5130 1738 5194 al·

185 5235 290 5312 liquis
305 5230 671 5295 setimistudvicesimo
688 5230 800 5312 quinto
816 5231 939 5313 capitu·
994 5229 1071 5292 toris
1098 5229 1324 5311 thymiamatis,
1352 5231 1438 5312 quod
1464 5228 1526 5292 iuit
1550 5229 1582 5292 in
1610 5229 1736 5307 Sancto,

184 5332 216 5395 lo
233 5330 418 5413 expositum
434 5337 493 5392 est.
509 5330 598 5391 Fecit
613 5338 642 5389 et
652 5328 934 5407 propitiatorium.
994 5328 1081 5391 etde
1099 5326 1330 5410 compositione
1345 5328 1409 5392 olei
1429 5328 1590 5393 unctionis
1609 5348 1647 5391 ac
1667 5329 1738 5410 thy-
