4309 6259
528 505 701 552 unaunarto
722 506 753 552 tn
774 505 842 551 GAP.
866 504 908 550 XX
929 505 1163 554 DEUTERONOHH.
1184 527 1224 537 -
1244 508 1315 554 ΛΒΤ.
1338 508 1392 554 xxi
1667 487 1727 552 11115

175 670 239 751 pit,
252 689 353 752 quum
370 682 475 738 tamen
493 675 552 738 iste
568 695 605 738 cx
620 675 750 738 caritate
769 676 927 758 loquatur,
944 675 969 738 Α
985 675 1067 740 bono
1078 697 1116 740 ex
1132 679 1318 740 auctoritato
1328 678 1377 740 sui
1388 676 1491 740 oflicii
1507 678 1551 741 ita
1567 677 1724 758 loquatur,

174 777 210 830 et
228 772 380 853 probetur
402 774 505 838 exisse
527 793 599 838 cum
623 775 678 838 illo
702 778 738 837 ie
753 777 871 836 siloem
886 779 930 836 cri
984 775 1124 839 totaliter
1138 785 1315 839 excusatur.

177 871 275 946 liqna
289 875 454 935 credenda.
467 873 553 936 Silva
567 883 616 936 est
632 874 691 936 hoc
707 874 859 937 seculum
877 893 930 936 ne·
1024 874 1166 954 Denique
1191 894 1247 957 per
1269 874 1329 937 hoe
1353 875 1439 955 quod
1465 873 1615 937 Dominus
1633 873 1729 954 jussit

176 989 290 1049 quam,
309 970 342 1032 in
358 989 422 1051 qno
438 973 557 1050 bestiae,
576 973 636 1036 hoc
652 981 700 1036 est
716 973 860 1036 homines
876 973 930 1036 be
985 973 1172 1036 adhueaddi
1189 983 1251 1036 tres
1266 975 1362 1037 urbes
1378 973 1652 1054 relugil,dilatatis
1669 981 1729 1035 ter-

176 1066 305 1144 stiales,
329 1070 579 1153 passionumque
605 1073 757 1154 strepitus
788 1091 930 1136 commo·
985 1070 1082 1132 minis
1098 1071 1231 1149 Israelis,
1248 1081 1297 1134 est
1313 1071 1485 1152 figuratum
1508 1072 1594 1154 quod
1609 1078 1728 1153 quanto

177 1167 414 1247 rantur.l.igna
424 1179 531 1233 autem
547 1179 620 1232 sunt
631 1171 828 1247 hominesue
842 1170 931 1233 arida
986 1171 1018 1232 in
1030 1170 1172 1233 Ecclesia
1181 1171 1319 1253 amplius
1330 1170 1651 1253 multiplicanturqui
1662 1189 1729 1233 ere-

178 1263 270 1343 ligna
281 1275 356 1327 sunt
366 1267 477 1350 impii3
491 1268 577 1348 ligna
587 1278 692 1332 autem
704 1268 830 1346 viridia,
836 1270 927 1351 justi.
985 1270 1075 1346 dunt,
1095 1278 1182 1334 tanto
1204 1270 1276 1353 plus
1298 1278 1497 1334 necesseest
1520 1269 1727 1350 multiplicari

176 1361 278 1425 Porro
293 1363 381 1445 ligna
397 1365 579 1447 precidere,
590 1375 638 1430 est
659 1367 804 1430 homines
824 1387 931 1430 aeon·
985 1367 1152 1449 culparum
1168 1367 1318 1443 remedia,
1337 1367 1497 1444 ecclesias,
1515 1366 1672 1442 coenobia,
1684 1385 1730 1428 sa·

176 1462 363 1525 versatione
383 1465 545 1527 mundana
564 1464 758 1542 abstrahere,
775 1473 870 1546 atque
890 1466 930 1529 ad
985 1475 1157 1542 eramenta,
1182 1465 1346 1546 sullragia.
1368 1466 1413 1527 Ex
1434 1465 1507 1528 odio
1529 1466 1658 1527 demum
1680 1483 1730 1527 oc·

178 1559 349 1640 religionis
365 1561 619 1643 ingressum‚seu
636 1564 832 1647 peanitentiae
844 1565 928 1627 viam
985 1564 1063 1626 cidit
1078 1564 1269 1647 proximum,
1279 1563 1335 1645 qui
1352 1563 1407 1626 illo
1420 1563 1548 1626 vidente
1563 1570 1617 1625 aut
1632 1561 1730 1626 scien·

178 1658 346 1722 inducere.
365 1661 490 1724 Securis
512 1681 598 1739 vero,
621 1671 668 1725 est
691 1681 794 1726 sermo
818 1663 931 1744 praedi·
987 1669 1023 1736 te,
1034 1661 1110 1724 lacit
1121 1662 1254 1725 mortale
1266 1669 1436 1742 peceatum,
1446 1669 1502 1724 aut
1512 1660 1568 1742 qui
1580 1668 1731 1742 provocat

177 1757 331 1820 cationis.
349 1759 479 1822 Ferrum
502 1761 633 1837 securis,
656 1770 703 1824 est
726 1760 931 1842 reprehensio
986 1759 1092 1842 ipsum
1102 1761 1142 1821 ad
1154 1759 1245 1833 vitia3
1259 1760 1313 1823 sed
1324 1761 1444 1841 absque
1455 1759 1550 1840 culpa
1559 1756 1729 1839 alium,qui

179 1855 342 1936 rigorose,
364 1876 437 1937 quaa
466 1866 542 1921 tunc
568 1879 699 1922 manum
724 1858 928 1941 corripientis
947 1857 1068 1940 Bjuste
1086 1865 1118 1919 et
1133 1857 1454 1940 irreprehensibiliter
1469 1859 1565 1920 habet
1579 1877 1624 1933 se,
1639 1866 1671 1919 et
1686 1864 1730 1919 ta-

178 1953 343 2034 ellugitet
358 1955 458 2017 alium
474 1957 612 2037 perimit,
630 1958 706 2019 dum
723 1957 795 2038 quis
812 1977 868 2039 per
884 1957 932 2018 in·
987 1975 1059 2019 men
1074 1956 1130 2019 alii
1146 1955 1245 2018 instar
1260 1956 1441 2019 Scribarum
1456 1976 1493 2020 ac
1502 1956 1730 2019 Pharisaeorum

178 2052 472 2117 considerationem
488 2063 543 2117 aut
554 2055 709 2131 iram,seu
720 2055 852 2117 alterius
863 2073 932 2136 pas·
986 2076 1024 2119 ex
1040 2076 1097 2118 sua
1112 2055 1234 2118 malitia
1249 2055 1502 2118 scandalizantur
1516 2057 1556 2117 de
1571 2053 1637 2118 illo.
1657 2056 1730 2118 Non

178 2149 285 2213 sionis
302 2151 579 2214 immoderantiam
595 2153 932 2234 aliqualem,temecu·
986 2176 1127 2216 assantes
1150 2165 1180 2214 et
1210 2155 1383 2231 transferes
1413 2157 1564 2215 terminos
1583 2153 1732 2230 proximi

180 2256 213 2310 te
234 2257 267 2312 et
290 2269 402 2332 aspere
424 2250 522 2313 alium
545 2251 761 2332 reprehendit,
780 2252 866 2332 quod
891 2270 929 2314 ex
988 2254 1048 2325 tui,
1057 2252 1089 2313 id
1099 2260 1152 2324 est,
1161 2252 1245 2332 leges
1256 2261 1288 2314 et
1299 2251 1424 2332 regulas
1437 2251 1494 2315 tibi
1506 2250 1654 2333 praelixas
1665 2269 1729 2312 non

179 2347 242 2411 hoe
269 2348 371 2427 magis
396 2357 546 2426 tentatur,
571 2348 766 2430 indignatur,
791 2369 930 2412 murmu·
985 2350 1097 2426 violes,
1119 2369 1177 2413 nec
1196 2349 1319 2432 aliquid
1339 2350 1435 2412 statui
1458 2358 1513 2413 tuo
1532 2349 1727 2413 contrarium

178 2455 241 2521 rat,
259 2445 428 2527 dijudicat,
445 2456 501 2509 aut
523 2447 556 2508 in
580 2467 744 2510 rancorem
763 2447 926 2524 dilabitur,
986 2447 1298 2529 aggrediarisneque
1314 2448 1346 2510 in
1364 2449 1414 2510 his
1429 2467 1500 2530 qua
1515 2448 1573 2510 tibi
1588 2446 1733 2510 commis·

178 2545 232 2606 vel
248 2544 408 2626 desperat.
426 2545 513 2608 'lune
531 2553 704 2628 correptor,
723 2545 870 2627 quamvis
887 2545 933 2608 in·
987 2565 1100 2610 sanun
1117 2555 1200 2623 sunt,
1216 2555 1245 2609 te
1260 2546 1462 2625 intromittas,
1476 2565 1534 2609 nec
1550 2547 1582 2609 in
1594 2546 1732 2609 alienam

178 2651 275 2705 caute
303 2642 452 2706 habuerit
477 2663 525 2720 se,
553 2663 572 2706 a
600 2644 726 2707 mortali
754 2652 859 2707 tamen
884 2653 932 2706 est
987 2664 1123 2708 messem
1142 2646 1293 2707 extendas
1309 2645 1439 2719 lalcem3
1457 2647 1511 2708 sed
1531 2664 1603 2727 quae
1619 2664 1732 2727 pratee
1771 2658 1880 2710 natira.

179 2742 394 2818 excusandus,
420 2741 483 2805 imo
506 2742 533 2804 si
558 2742 704 2823 exigente
730 2743 774 2805 rei
796 2742 931 2824 publicae
987 2744 1034 2825 pit
1049 2742 1107 2805 tibi
1122 2742 1228 2825 [Deus]
1244 2742 1347 2824 cogita
1361 2762 1398 2806 ae
1414 2743 1534 2825 pertice
1550 2762 1685 2825 semper.
1746 2723 1781 2766 ²²·

729 3171 1052 3258 lnnleunns
1096 3172 1200 3257 XXI

211 3446 393 3493 enucleante
416 3446 590 3492 ttnnnnatts
612 3445 749 3491 centrum
773 3446 903 3491 VlCliSllll
925 3446 931 3489 :
957 3446 984 3490 Sl
1007 3446 1125 3492 nxlnnts
1146 3447 1188 3490 AD
1209 3446 1325 3492 BELLUM
1345 3446 1464 3493 CONTRA
1486 3447 1598 3494 nosrns
1619 3446 1705 3495 TUOS.

264 3726 300 3790 lC
316 3725 505 3802 declaratur,
523 3724 660 3807 qualiter
677 3733 708 3787 et
728 3723 878 3807 aquibus
895 3723 936 3786 sit
952 3727 973 3791 C
990 3724 1138 3802 stabit,et
1149 3726 1275 3789 illorum
1287 3733 1464 3808 prosternet
1475 3725 1733 3806 virtutemdum-

274 3824 511 3907 procedendum
534 3824 573 3886 ed
596 3823 730 3900 bellum,
748 3831 779 3886 ct
799 3823 936 3905 qualiter
991 3822 1085 3885 modo
1115 3820 1287 3886 conlidatis
1314 3822 1348 3884 in
1373 3823 1517 3902 Domino,
1545 3843 1604 3888 nec
1630 3835 1734 3890 vestra

185 3932 382 4006 pugnatores
398 3942 431 3986 se
447 3921 532 3985 eirea
547 3923 737 4004 pugnandos
753 3922 869 3984 habere
884 3923 937 3984 de-
991 3928 1120 4001 peccata
1134 3922 1369 3998 demereantur,
1386 3929 1418 3984 et
1439 3921 1592 3985 inducant
1607 3926 1735 4007 opposi-

185 4023 329 4086 buerint.
353 4023 456 4098 Situ,
474 4021 592 4103 popule
617 4020 722 4096 lsrael,
750 4023 868 4080 ceteris
893 4023 937 4081 ad
992 4022 1180 4080 tumDuees
1195 4039 1318 4099 quoque
1332 4019 1656 4096 exercitus,videlieet
1671 4023 1739 4087 mil-

185 4125 309 4182 bettum
323 4129 435 4181 contra
452 4120 553 4180 testes
571 4129 652 4188 taos,
666 4129 697 4179 et
715 4121 835 4178 videris
849 4121 936 4198 equi·
991 4116 1105 4179 lenarii
1127 4136 1163 4180 ac
1188 4117 1308 4180 tribuni
1323 4126 1355 4180 et
1374 4119 1589 4196 centuriones,
1606 4141 1662 4184 seu
1686 4122 1735 4186 illi

188 4229 295 4280 tatum
320 4228 351 4279 et
375 4239 504 4287 currus,
529 4227 559 4277 et
584 4218 751 4294 majorem,
778 4237 876 4295 quom
903 4226 936 4276 tu
991 4215 1047 4296 qui
1063 4214 1200 4296 singulis
1215 4225 1372 4297 preerant
1388 4217 1544 4296 tribubus,
1552 4239 1612 4296 per
1625 4223 1738 4298 sinpo-

186 4321 298 4387 habes,
313 4317 497 4378 adversarii
509 4317 668 4375 accercitus
678 4317 936 4382 multitudinem,
994 4319 1181 4375 lustremus
1204 4314 1421 4395 particulares
1439 4316 1557 4398 quibus
1582 4329 1738 4400 praeerant

186 4437 255 4478 non
273 4417 398 4476 timebis
413 4414 544 4484 eos,hoc
560 4421 618 4488 est,
632 4411 744 4475 timere
760 4430 824 4475 non
840 4411 938 4475 debes
992 4411 1189 4491 singulatim,
1202 4415 1354 4473 audiente
1366 4417 1508 4475 exercitu
1524 4416 1624 4494 totali,
1642 4419 1734 4500 cujus

186 4513 311 4577 carnali
328 4521 360 4575 et
374 4513 538 4575 mundano
554 4511 766 4590 timoraqeia
777 4511 937 4571 Dominus
993 4517 1104 4571 turmae
1119 4508 1325 4573 illaessluerant
1345 4519 1451 4592 partes
1467 4512 1648 4593 integrales,
1662 4537 1738 4593 pro·

186 4616 276 4674 Deus
293 4621 369 4672 tuus
384 4620 486 4672 tecum
501 4619 557 4680 est,
574 4609 626 4672 cui
644 4608 752 4671 nullus
768 4615 872 4690 potest
887 4626 936 4669 re·
992 4612 1177 4670 clamabunt
1192 4630 1204 4668 .·
1221 4612 1300 4678 Quis
1313 4621 1357 4670 est
1372 4613 1465 4672 bomo
1479 4614 1539 4692 qai
1557 4616 1736 4692 edificavit

187 4711 314 4772 sistere.
332 4710 626 4788 „appropinquante
648 4718 755 4769 antem
764 4708 840 4784 jam
852 4727 937 4784 prte-
991 4710 1123 4769 domum
1138 4729 1267 4779 nonam,
1283 4709 1344 4772 hoc
1362 4717 1411 4772 est
1432 4710 1662 4774 habitationem
1680 4733 1736 4777 sen

189 4813 248 4879 tio,
265 4809 297 4871 id
313 4806 534 4885 est,conllietu
549 4806 615 4888 jam
632 4805 830 4882 imminente,
841 4809 938 4867 stabit
992 4806 1093 4867 aedem
1113 4824 1238 4882 novam,
1256 4825 1327 4888 qua
1347 4808 1388 4868 sit
1407 4808 1585 4891 principale
1604 4811 1739 4876 domici-

187 4911 336 4969 sacerrtos
350 4917 426 4968 ente
440 4907 652 4976 attemerare
667 4909 814 4984 loquetur
829 4907 872 4965 mi
884 4924 937 4981 pe
952 4905 977 4965 D
994 4903 1071 4966 lium
1093 4905 1173 4985 ejus,
1190 4915 1220 4966 et
1241 4927 1306 4967 non
1320 4908 1484 4969 dedicauit
1497 4913 1597 4970 eam?
1623 4910 1655 4972 id
1678 4920 1738 4989 est,

184 5010 308 5084 petum
323 5004 418 5067 lsrael
434 5003 663 5067 conllicturum
682 5021 688 5064 :
707 5004 815 5065 Nolite
830 5006 937 5062 cedere
993 5021 1050 5064 sua
1068 5003 1300 5067 inhabitatione
1316 5006 1458 5068 nondum
1474 5025 1543 5069 earn
1560 5008 1737 5090 applicavit

189 5104 357 5184 fugiendo,
376 5123 434 5164 nee
454 5103 637 5181 formidetis
660 5122 722 5170 eos,
736 5103 816 5178 qaia
831 5103 939 5162 Domi·
993 5101 1065 5163 usui
1076 5100 1118 5163 ob
1132 5120 1226 5182 quem
1243 5111 1291 5164 est
1306 5111 1498 5180 constructa,
1516 5105 1577 5169 hoe
1593 5116 1742 5183 estnon-

188 5223 254 5264 raus
264 5221 327 5279 pro
349 5203 437 5262 vobis
451 5209 564 5261 contro
585 5201 734 5260 inimicos
756 5199 938 5269 dimicabit,
993 5199 1070 5261 dum
1086 5199 1119 5261 in
1129 5218 1167 5261 ee
1182 5208 1229 5262 est
1239 5209 1465 5264 commoratus.
1474 5202 1562 5267 Unde
1573 5205 1635 5267 alia
1645 5206 1742 5270 habet

190 5301 252 5365 hoe
278 5309 338 5378 cst,
356 5299 507 5364 virtutem
533 5298 727 5380 prevalendi
748 5297 838 5362 vobis
864 5316 940 5379 prae-
995 5294 1169 5373 translatio,
1187 5297 1334 5360 Nondum
1349 5298 1490 5365 initiavit
1504 5302 1738 5383 eam:etlorte‚
