4309 6259
825 530 917 575 innox
938 530 1126 579 7777777777
1689 512 1747 575 773

235 696 428 761 bebdomada,
445 698 475 753 in
491 698 664 755 memoriam
687 700 846 755 creationis
865 700 949 755 itera·

235 787 330 851 batur,
347 788 436 853 28777,
453 789 541 843 70677.
564 790 635 844 l'icte
655 791 824 845 Sabbatum.
841 792 948 846 Secun-

235 878 281 941 da,
298 876 329 932 in
345 877 490 950 principio
510 879 664 952 cujuslibet
679 880 797 944 mensis,
812 880 842 935 in
858 881 947 937 hono·

233 983 296 1022 rem
323 967 544 1038 gubernationis
567 969 627 1033 Dei,
648 970 738 1033 287Β,
760 971 849 1025 777677.
876 972 947 1027 Pide

234 1057 403 1113 Neomenia.
419 1058 553 1129 Quinque
568 1058 643 1123 aliae,
659 1060 748 1115 semel
762 1059 791 1115 in
812 1077 898 1125 anno,
916 1061 945 1115 in

236 1147 411 1202 memoriam
431 1148 638 1203 beneficiorum
656 1148 714 1213 ltei,
730 1151 783 1204 287
791 1152 819 1214 C,
840 1151 943 1217 706n‘;

234 1253 362 1308 quarum
371 1238 446 1293 ratio
457 1238 587 1309 tiguralis
596 1239 729 1303 traditur,
737 1241 788 1296 287
797 1240 834 1305 (7,
845 1242 943 1296 70677.

235 1358 269 1366 -ν
280 1328 301 1381 d
312 1344 429 1399 vespere
445 1329 585 1399 usquead
600 1345 749 1400 vesperam
764 1330 945 1385 celebraban-

235 1418 292 1480 tur,
308 1418 399 1472 2857).
415 1448 449 1457 -
465 1417 496 1471 77
509 1416 604 1472 tribus
622 1417 886 1489 principalioribus,
900 1438 945 1475 as-

233 1505 396 1561 cendebant
411 1522 514 1562 omnes
525 1506 647 1562 masculi
660 1506 688 1561 in
700 1508 868 1572 Jerusalem,
883 1525 946 1579 por·

234 1595 329 1649 lantes
347 1609 447 1649 secum
467 1593 613 1665 primitias
627 1597 655 1650 77
669 1595 807 1659 decimas,
823 1596 860 1650 ad
876 1612 945 1666 epu·

233 1682 465 1747 landum,568d,
476 1699 543 1739 eum
558 1681 671 1747 levitis,
680 1685 944 1742 nean-Decuma

232 1771 374 1842 temporis
397 1771 463 1827 nliae
482 1771 656 1829 introductae
677 1777 746 1829 sunt
767 1772 943 1841 testivitates,

234 1862 287 1917 787
295 1861 333 1916 (7.

269 1953 364 2008 Mense
376 1950 482 2023 primo,
498 1952 544 2008 die
560 1956 663 2025 quarto
679 1952 802 2020 decimo,
822 1955 946 2011 solenni·

234 2044 279 2096 tas
300 2045 363 2097 erat
386 2044 572 2113 azymorum,
593 2059 643 2098 seu
666 2044 791 2105 Pascha,
813 2045 894 2109 3317,
914 2044 944 2100 77

235 2132 410 2187 memoriam
435 2132 600 2187 eductionis
627 2134 727 2204 populi
751 2150 786 2189 777
813 2135 944 2206 AEgypto,

233 2222 286 2275 282
294 2223 323 2284 C,
339 2222 430 2286 2877),
446 2222 546 2277 7067.
562 2253 594 2261 -
611 2224 726 2294 Septem
742 2223 844 2280 diebus
859 2226 946 2281 dura·

234 2312 291 2374 bat,
302 2311 409 2383 quibus
421 2312 531 2383 azymis
542 2314 741 2379 vescebantur,
753 2316 835 2380 3377,
844 2316 943 2382 57877,

232 2404 262 2455 77
284 2399 364 2456 naria
383 2400 491 2456 fiebant
511 2401 662 2466 sacrificia,
675 2404 765 2458 7858.
782 2436 814 2445 -
830 2404 945 2460 Primus

234 2489 296 2545 dies
315 2492 343 2546 et
362 2490 505 2561 septimus
525 2491 701 2547 sanctissimi
716 2496 799 2548 erant
814 2497 842 2550 77
860 2494 889 2549 77
905 2512 946 2551 re-

233 2580 300 2652 quie
320 2580 550 2645 celebrabantur,
570 2582 671 2636 28277.
693 2613 726 2621 -
747 2585 880 2639 Secundo
899 2585 945 2641 die

234 2669 945 2744 atterebanturllominoprimitiaesegetum,283d;

233 2765 262 2816 et
282 2760 416 2831 septimo,
438 2760 546 2815 fiebant
560 2761 696 2827 collecta,
712 2764 813 2820 btna‘.
829 2796 862 2805 -
877 2766 947 2822 Con·

235 2852 390 2908 veniebant
408 2869 510 2907 omnes
531 2853 653 2907 maseuli
675 2852 704 2907 77
723 2854 892 2919 Jerusalem,
909 2856 946 2910 ad

237 2943 454 2998 immolandum
473 2943 572 3006 Pbase,
587 2944 682 2998 5797.
699 2975 731 2984 -
752 2944 900 3015 impeditis
916 2945 944 2999 in

237 3032 332 3104 primo
352 3048 452 3087 manse
474 3033 686 3089 concedebatur
701 3036 732 3088 ut
747 3037 850 3104 quarto
870 3035 946 3091 77777-

237 3140 286 3178 mo
301 3122 347 3179 dle
363 3121 483 3177 secundi
501 3122 619 3187 mensis,
631 3125 660 3177 77
670 3121 767 3179 7777777
782 3128 945 3180 ceterorum

237 3212 383 3284 deinceps,
398 3211 472 3266 illud
494 3212 638 3267 celebrare
661 3216 786 3283 possent,
805 3215 895 3269 3657).
912 3246 945 3255 -

237 3303 299 3367 Ouo
318 3302 364 3357 die
384 3301 480 3373 primu
497 3300 558 3356 vice
574 3301 751 3357 celebratum
771 3302 808 3357 sit
826 3305 945 3367 Pascha,

236 3391 327 3446 7007.
344 3422 377 3431 -
397 3390 523 3461 llystice,
549 3390 619 3463 quid
645 3391 796 3463 significet,
813 3394 902 3449 36770.

270 3481 365 3536 Mense
378 3480 472 3544 tertio,
493 3479 539 3535 die
559 3480 692 3551 septimo,
709 3482 868 3538 solennitas
885 3488 948 3539 crat

236 3570 427 3634 pentecostes,
446 3570 499 3624 283
508 3569 546 3633 77,
563 3586 614 3625 seu
628 3569 857 3635 Primitivorum,
874 3574 909 3627 37
917 3576 945 3635 C,

236 3659 338 3721 78577,
363 3658 422 3714 7777
442 3659 708 3723 7777777777777777777,
724 3660 822 3724 7870,
844 3662 945 3727 77977,

238 3748 267 3803 77
292 3748 467 3804 memoriam
492 3747 563 3819 legis
588 3748 663 3803 datae
686 3748 715 3803 in
741 3749 830 3813 87777,
855 3752 945 3808 2877).

239 3870 272 3879 -
291 3837 481 3893 sanctissima
500 3840 562 3893 erat
581 3841 609 3893 et
624 3838 652 3893 in
669 3839 767 3910 requie
783 3840 947 3897 celebraba-

237 3932 294 3993 tur,
314 3928 415 3983 28777.
432 3959 464 3967 -
481 3928 512 3983 77
529 3928 580 3983 7777
599 3928 794 3985 ollerebantur
812 3931 870 3985 duo
890 3932 947 4003 777-

1039 702 1164 757 lennitas
1183 706 1245 759 7777
1267 700 1456 775 87777777777,
1472 701 1560 764 2777),
1576 716 1626 757 seu
1645 701 1747 757 sabba·

1038 796 1101 849 tum
1123 793 1320 864 requietionis,
1341 792 1432 857 2777),
1453 791 1511 846 sive
1531 790 1592 847 dies
1609 790 1746 863 propitia-

1037 882 1134 949 tionis,
1150 884 1250 947 27777,
1270 883 1360 939 alan.
1378 914 1411 923 -
1427 882 1458 938 ln
1469 880 1583 955 jejunio
1601 883 1629 937 et
1647 881 1746 953 requie

1038 975 1247 1037 celebrabatur,
1276 974 1366 1037 27777,
1396 974 1486 1036 2857,
1512 970 1610 1027 78677.
1638 1003 1670 1013 -
1695 971 1746 1027 7777

1037 1064 1093 1129 die,
1118 1068 1179 1135 post
1203 1064 1320 1119 solenne
1344 1061 1530 1126 sacrificium,
1555 1061 1647 1125 2387),
1672 1058 1748 1117 77777

1035 1155 1109 1209 duos
1129 1152 1225 1208 hircos
1247 1169 1309 1207 sors
1334 1150 1511 1215 mittebatur,
1537 1168 1663 1222 quorum
1687 1166 1746 1206 uno

1036 1261 1087 1315 pro
1112 1247 1229 1314 peceato
1251 1242 1412 1307 immolato,
1433 1241 1523 1305 2707),
1545 1240 1626 1305 77777,
1647 1238 1746 1312 populi

1035 1331 1567 1404 iniquitatibusonustusindesertum
1577 1330 1746 1402 pellebatur,

1034 1423 1088 1478 270
1095 1423 1135 1487 77,
1151 1423 1249 1477 27677.
1264 1453 1297 1462 -
1311 1422 1369 1476 7777
1384 1422 1537 1477 dumtaxat
1552 1420 1598 1477 die
1613 1419 1642 1474 in
1658 1435 1745 1484 anno,

1036 1512 1163 1584 pontifex
1176 1516 1314 1567 Sanctum
1323 1514 1491 1566 sanctorum
1502 1509 1637 1574 intrabat,
1644 1509 1744 1575 27077,

1035 1606 1064 1658 et
1092 1602 1234 1673 sanguine
1263 1600 1335 1656 777777
1366 1600 1501 1672 expiabat
1529 1598 1744 1665 sanctuarium,

1034 1694 1084 1748 277
1096 1693 1133 1756 (7,
1147 1694 1285 1747 Selicium
1297 1694 1325 1747 et
1335 1690 1425 1747 altare
1437 1688 1744 1761 7777777777777,2727).

1037 1816 1069 1825 -
1094 1782 1168 1847 Quid
1197 1780 1387 1853 spiritualiter
1414 1777 1629 1852 significaverit,
1653 1778 1745 1845 2887,

1034 1873 1134 1927 70677.

1068 1962 1176 2016 Eodem
1194 1976 1301 2025 mense,
1319 1956 1550 2030 quintodecimo
1567 1956 1622 2023 7777,
1639 1955 1669 2012 77
1685 1972 1745 2014 me-

1036 2050 1161 2106 moriam
1186 2047 1428 2121 peregrinationis
1450 2048 1479 2102 in
1504 2048 1627 2113 deserto,
1652 2046 1746 2103 solen·

1035 2140 1111 2195 nitas
1126 2142 1187 2195 erat
1205 2138 1472 2194 Tabernaeulorum
1491 2136 1535 2192 ael
1550 2134 1744 2209 scenopegia,

1035 2230 1107 2293 377),
1123 2229 1223 2284 naen&
1236 2261 1268 2269 -
1280 2229 1394 2299 Septem
1414 2226 1516 2282 diebus
1538 2227 1591 2283 sub
1607 2226 1745 2281 arborum

1036 2319 1188 2375 troadibus
1203 2319 1351 2391 agebatur,
1371 2317 1471 2380 28677,
1489 2331 1614 2388 quorum
1630 2314 1746 2388 primus

1035 2407 1247 2471 sanctissimus,
1260 2408 1289 2461 77
1305 2405 1404 2478 requie
1420 2405 1630 2470 celebrabatur,
1646 2404 1745 2469 aaoss‘,

1035 2498 1134 2554 2860.
1153 2530 1185 2539 -
1202 2496 1335 2561 Quotidie
1354 2496 1550 2553 offerebantur
1566 2494 1646 2551 varia
1660 2493 1747 2549 sacri-

1036 2588 1111 2651 ficia,
1123 2586 1222 2651 78777,
1239 2602 1304 2658 quae
1320 2584 1408 2640 simul
1424 2603 1471 2639 777
1492 2584 1597 2641 vitulos
1621 2583 1748 2655 complc-

1036 2678 1202 2741 ctebantur;
1217 2692 1315 2748 quare,
1331 2676 1422 2731 7877).
1439 2706 1472 2716 -
1488 2676 1510 2730 a
1524 2674 1619 2746 primo
1635 2674 1680 2730 die
1696 2673 1749 2728 sol·

1035 2767 1178 2822 rebantur
1193 2764 1340 2836 primitiae,
1347 2764 1446 2828 28677,
1456 2762 1568 2818 solenni
1580 2762 1647 2829 ritu,
1657 2763 1747 2827 63077,

1035 2858 1130 2922 6337);
1146 2860 1174 2911 77
1189 2855 1218 2910 77
1238 2854 1323 2910 77777
1341 2852 1532 2917 remissionis,
1549 2852 1678 2925 quotidie
1699 2870 1748 2924 pa·

1035 2945 1094 3001 lam
1107 2945 1256 3016 legebatur
1266 2942 1372 3015 populo
1383 2940 1652 3005 Deuteronomium,
1660 2942 1746 2998 67977.

1037 3067 1069 3076 -
1084 3036 1208 3089 Octavus
1218 3032 1288 3097 dies,
1299 3030 1680 3095 celeberrimusaocabnlur
1692 3031 1749 3087 Coe·

1037 3129 1093 3190 tus,
1109 3123 1153 3179 vel
1171 3122 1239 3194 quia
1257 3125 1327 3177 tunc
1343 3121 1450 3177 licbant
1466 3118 1594 3176 77777777
1611 3120 1640 3174 77
1660 3136 1746 3175 usum

1036 3214 1148 3286 templi,
1165 3214 1217 3267 285
1226 3213 1263 3277 77,
1284 3210 1501 3276 28877,’78777,
1517 3210 1561 3265 rel
1588 3209 1657 3282 quia
1677 3212 1748 3264 tunc

1037 3304 1222 3361 adunabatur
1244 3301 1376 3373 populas,
1399 3301 1493 3365 2867;
1510 3302 1538 3355 77
1558 3298 1586 3354 77
1609 3316 1642 3355 77
1662 3316 1748 3371 pecu·

1037 3393 1109 3449 liare
1128 3391 1303 3447 sacrificium
1324 3390 1505 3455 offerebatur,
1528 3389 1626 3445 78777.
1648 3419 1680 3429 -
1703 3388 1747 3444 77-

1038 3482 1176 3555 gurntive,
1187 3480 1254 3552 quid
1268 3478 1454 3551 portenderit,
1464 3478 1544 3543 3777,
1553 3480 1644 3543 2867,
1655 3478 1746 3542 2887,

1037 3572 1127 3627 70677
1134 3589 1141 3636 ;
1155 3576 1182 3626 77
1193 3570 1341 3642 quomodo
1356 3586 1372 3623 a
1387 3568 1470 3623 nobis
1482 3567 1688 3623 celebrandum
1699 3566 1745 3631 sit,
1778 3578 1782 3581 ·

1037 3661 1239 3725 2880‘,l88n.

1073 3752 1105 3806 77
1121 3750 1275 3807 alllictione
1289 3752 1316 3805 ct
1331 3748 1495 3804 humilitate
1512 3746 1583 3803 testa
1598 3747 1684 3821 liujus
1698 3762 1748 3802 777

1038 3841 1094 3897 culi
1116 3840 1288 3896 celebranda
1306 3843 1384 3903 777777,
1400 3839 1453 3894 788
1461 3838 1489 3903 C,
1507 3840 1538 3893 777
1558 3836 1680 3909 gloriose
1699 3837 1747 3893 de·

1037 3930 1136 4001 inceps
1151 3932 1277 4001 agantur
1292 3928 1320 3982 in
1335 3928 1436 3999 patria,
1450 3926 1551 3983 78877.

240 4016 389 4073 miliarum
413 4033 512 4088 panes,
537 4018 636 4081 28377,
659 4021 687 4071 77
700 4019 817 4075 7777777
839 4022 948 4077 7777777-
1001 4020 1122 4075 rentes.
1141 4020 1234 4073 Bonos
1250 4018 1325 4074 tilios
1340 4017 1443 4073 merito
1454 4014 1623 4089 longaevitas
1638 4018 1746 4079 manet,

239 4106 328 4172 cium,
347 4107 437 4161 2877).
458 4137 491 4145 -
511 4108 626 4176 Septem
646 4107 749 4162 diebus
767 4109 899 4173 durabat,
917 4114 949 4165 ut

239 4196 357 4260 Pascha,
373 4196 462 4251 28777.
476 4227 506 4235 -
524 4195 665 4251 Videntur
679 4195 766 4252 luisse
782 4199 847 4253 dua
862 4199 949 4273 liujus

240 4285 369 4341 nominis
378 4284 554 4349 testivitates,
565 4300 624 4341 una
637 4286 773 4351 solennis,
786 4286 877 4343 altera
891 4289 949 4360 pri-

239 4379 314 4440 vata,
330 4375 360 4429 in
381 4390 439 4445 qua
457 4374 651 4446 epulabantur
671 4376 773 4441 ludat,
793 4378 891 4443 57977,
907 4380 948 4434 77.

241 4498 274 4507 -
284 4464 408 4537 77777777,
420 4465 591 4519 descensum
607 4463 731 4536 Spiritus
745 4467 840 4521 Sancti
856 4469 950 4539 777777-

242 4556 373 4629 gurabat,
389 4553 469 4617 3777,
481 4553 571 4608 28877.

276 4647 370 4701 777777
394 4642 527 4714 septimo,
553 4642 648 4714 primo
671 4643 727 4709 die,
748 4645 951 4718 clangentibus

241 4734 328 4799 tubis,
348 4733 447 4797 28777,
472 4732 631 4788 solennitas
657 4738 719 4789 erat
740 4735 896 4801 Tubarum,
919 4737 949 4792 in

242 4822 415 4881 memoriam
433 4821 612 4879 liberationis
633 4824 720 4888 lsaac,
737 4824 835 4889 28777,
850 4826 949 4892 28777,

242 4916 331 4970 laec.
348 4946 381 4955 -
398 4915 427 4970 77
451 4913 550 4983 requie
572 4912 780 4979 celebrabatur,
801 4915 901 4982 28777,
924 4921 952 4972 77

241 5003 321 5060 varia
343 5003 539 5059 atterebantur
562 5000 711 5066 7777717777,
734 5004 823 5058 laen.
839 5004 952 5077 dllego-

242 5094 311 5159 rice,
323 5092 526 5164 Apostolorum
542 5091 777 5163 predicationem
795 5094 952 5167 777777777-

244 5184 300 5247 7777,
318 5184 409 5247 2887,
426 5182 525 5237 70677.

277 5273 385 5328 Eodem
403 5288 510 5335 mense,
520 5272 633 5327 decimo
648 5272 703 5337 die,
713 5272 743 5328 777
757 5272 953 5344 expiationem

246 5360 418 5418 idololatriae
432 5360 515 5415 vituli
530 5360 609 5417 aurei
627 5360 655 5415 77
671 5362 793 5426 deserto,
804 5363 895 5429 2857,
912 5381 954 5417 so

1038 4111 1093 4171 bd,
1119 4107 1184 4163 licet
1210 4124 1267 4162 non
1292 4124 1416 4178 semper,
1436 4107 1489 4161 50.
1508 4138 1540 4147 -
1560 4104 1632 4161 Filio
1647 4103 1748 4160 rebelli

1039 4197 1225 4270 lapidationis
1244 4212 1329 4267 777777
1345 4194 1492 4259 indicitur,
1508 4194 1598 4251 titlth.
1615 4226 1648 4235 -
1661 4193 1747 4258 lieet,

1038 4305 1073 4344 ex
1098 4288 1210 4343 occulta
1231 4287 1279 4341 llei
1295 4285 1419 4358 justitia,
1435 4302 1510 4357 77777
1528 4286 1564 4340 ob
1588 4288 1749 4341 antecesso-

1038 4394 1105 4433 rum
1121 4375 1226 4433 delicta
1243 4374 1588 4447 77777777717777,7723Β’,
1600 4375 1692 4447 judex
1706 4378 1749 4429 77-

1041 4465 1223 4522 mantilium
1249 4464 1434 4521 innocentem
1454 4482 1506 4536 pro
1528 4480 1578 4520 reo
1599 4466 1679 4536 patre
1703 4480 1749 4519 oc·

1040 4557 1135 4613 cidere
1168 4553 1276 4627 nequit,
1305 4555 1396 4620 6237),
1423 4555 1513 4609 6277.
1540 4584 1572 4595 -
1600 4551 1687 4609 Licita
1713 4569 1749 4609 777

1040 4646 1185 4719 permissu
1200 4643 1259 4710 Dei,
1280 4643 1390 4700 llebraei
1408 4643 1638 4699 Chananaeorum
1659 4639 1751 4699 inlan-

1040 4737 1117 4793 tulos
1141 4734 1327 4797 interficiunt,
1351 4734 1441 4788 62777.
1468 4764 1500 4773 -
1525 4732 1677 4797 Quomodo
1698 4748 1750 4803 pro

1041 4829 1157 4897 patrum
1174 4824 1267 4895 culpis
1286 4821 1445 4895 puniantur
1461 4820 1521 4885 dlii,
1537 4820 1590 4886 313,
1602 4819 1643 4886 ss·,
1658 4821 1749 4886 398d‚

1041 4919 1069 4971 et
1084 4932 1136 4971 cur
1150 4930 1241 4984 usquc
1257 4912 1293 4968 ad
1306 4910 1421 4968 tertiam
1437 4913 1464 4965 77
1481 4915 1615 4983 quartam
1632 4925 1750 4983 genera·

1042 5004 1161 5068 tionem,
1175 5002 1238 5069 377,
1253 5000 1352 5057 62777.

1077 5092 1157 5149 Filiae
1181 5092 1210 5147 in
1236 5090 1412 5147 concubinas
1430 5106 1466 5146 an
1490 5090 1635 5162 potuerint
1654 5091 1750 5157 vendi,

1044 5185 1114 5239 430.
1131 5214 1163 5223 -
1179 5184 1259 5253 8777
1274 5183 1310 5237 777
1326 5180 1526 5252 probationem
1542 5181 1750 5247 vendebantur,

1045 5269 1749 5343 73Λ’;77777777777777777777777777777777777738.

1044 5394 1076 5403 -
1094 5360 1172 5417 Filiae
1196 5358 1353 5415 sacerdotis
1377 5361 1565 5432 quandonam
1590 5361 1624 5417 de
1648 5358 1751 5415 oblatis
