4309 6259
551 506 725 552 anannarro
747 507 778 550 nr
799 505 867 552 car.
890 505 923 552 ιι
943 503 1140 550 nouanonou.
1163 523 1204 536 -
1224 504 1295 549 aar.
1318 503 1372 550 ιιι
1671 483 1731 547 379

179 681 247 742 do:
264 679 384 743 idcirco
399 700 417 741 a
432 679 535 762 Moyse
551 687 625 742 sunt
641 679 745 756 electi,
757 677 933 760 prasertim
948 674 973 736 Α
1030 674 1200 756 Sequitur:
1217 687 1246 737 ct
1261 680 1357 737 duces
1370 697 1420 736 cos
1435 680 1479 736 ad
1493 678 1609 737 ostium
1631 678 1732 736 taber-

181 778 262 860 quia
278 787 308 840 et
326 779 473 861 spiritum
495 777 671 859 prophetiae
691 777 785 840 etiam
809 775 934 838 fuerant
990 779 1104 836 occuli
1127 777 1269 855 sederis,
1288 784 1322 838 ιι
1347 775 1380 836 in
1406 775 1475 838 loco
1500 784 1609 838 saneto
1634 775 1733 837 susci-

181 877 343 954 sortituri‚
360 877 590 958 propterquod
607 875 713 940 decuit
728 895 782 940 ees
798 892 935 938 essene
991 877 1082 957 piant
1102 875 1185 938 dona
1205 875 1342 957 Spiritus
1361 875 1488 950 Sancti;
1505 877 1668 954 faciesque
1687 876 1734 934 ibi

182 977 328 1040 tabiliter
348 977 506 1038 virtuosos
525 993 532 1037 :
554 976 641 1057 quod
660 975 775 1037 melius
795 995 813 1037 a
833 975 935 1057 Moyse
989 987 1074 1037 stare
1095 997 1107 1034 :
1129 974 1205 1056 quia
1232 992 1295 1037 non
1321 982 1468 1056 poterant
1494 973 1734 1036 tabernaculum

181 1095 281 1156 quam
304 1094 322 1136 a
343 1073 462 1157 populo
484 1082 608 1155 poterat
627 1073 714 1137 sciri.
737 1073 782 1135 Ad
807 1072 935 1136 tertium
992 1073 1136 1148 introire,
1153 1092 1253 1155 quum
1271 1093 1334 1136 non
1355 1081 1462 1136 essent
1480 1073 1520 1134 de
1541 1072 1625 1140 tribu
1645 1071 1733 1148 Levi,

183 1174 444 1256 respondendum
462 1192 499 1234 ει
514 1172 621 1235 verbis
637 1172 667 1234 S.
680 1172 817 1250 l'lromre,
829 1171 884 1254 qui
901 1172 935 1234 in
993 1173 1047 1236 sed
1065 1171 1144 1235 loris
1160 1173 1286 1235 stabant
1301 1172 1334 1235 in
1351 1173 1432 1235 atrio
1447 1181 1521 1234 ante
1539 1172 1670 1252 januam
1691 1180 1737 1233 ta-

182 1273 292 1354 prirna
307 1272 466 1346 secundae,
482 1272 659 1352 quastione
676 1271 745 1348 105,
763 1270 932 1334 disseruit:
991 1271 1176 1345 bernaeuli3
1194 1283 1229 1332 ut
1250 1275 1452 1341 descendam,
1468 1290 1532 1334 non
1553 1271 1586 1331 in
1606 1269 1736 1352 propria
1809 1311 1817 1320 -

219 1370 312 1464 Circa
326 1371 440 1434 bonam
454 1368 688 1432 ordinationem
704 1368 885 1451 principum
902 1368 934 1431 in
991 1389 1137 1452 persona,
1155 1379 1210 1431 aut
1231 1370 1334 1432 locum
1356 1369 1518 1444 mutando,
1537 1369 1591 1431 sed
1612 1387 1669 1451 per
1688 1366 1736 1429 el-

182 1470 296 1550 aliqua
317 1468 446 1531 civitate
465 1476 519 1530 aut
538 1474 642 1546 geute,
661 1468 724 1531 duo
742 1475 816 1529 sunt
836 1475 936 1530 alten·
992 1468 1124 1544 lectum,
1142 1477 1173 1531 ct
1195 1488 1252 1551 ρει
1274 1467 1422 1548 angelum
1447 1467 1526 1530 mibi
1551 1467 1735 1548 ministran-

177 1569 292 1630 denda
316 1584 322 1628 :
347 1566 486 1628 Primum
513 1574 570 1642 est,
598 1574 633 1627 ut
658 1584 769 1629 omnes
794 1565 934 1646 aliquam
992 1576 1067 1645 tem,
1079 1578 1109 1628 ct
1125 1572 1240 1647 loquar
1255 1569 1315 1628 tibi
1325 1577 1378 1638 ,ct
1393 1570 1544 1644 auferam
1559 1571 1598 1660 dp
1613 1569 1734 1645 spiritu

183 1666 328 1730 habeant
352 1673 475 1747 partem
501 1665 535 1725 in
562 1663 771 1746 principatu:
794 1682 850 1745 per
876 1664 935 1726 hoe
993 1679 1056 1738 tao,
1075 1667 1106 1728 id
1132 1674 1180 1728 est
1204 1664 1244 1728 de
1269 1665 1362 1728 donis
1387 1665 1523 1747 Spiritus
1546 1664 1651 1728 Sancti
1676 1666 1734 1729 tibi

183 1766 274 1828 enim
291 1771 501 1827 conservatur
515 1782 575 1844 pax
591 1763 754 1845 populi,et
768 1782 879 1825 omnes
894 1771 935 1825 ta·
990 1765 1126 1840 collatis,
1145 1783 1209 1826 non
1232 1784 1269 1827 ca
1292 1765 1465 1827 minuendo
1488 1764 1520 1826 in
1544 1773 1584 1841 te,
1602 1773 1657 1826 aut
1677 1765 1736 1828 tol-

185 1867 249 1928 lam
262 1863 496 1926 ordinationem
514 1869 622 1924 amant
633 1869 728 1943 atque
739 1862 933 1937 custodiunt,
950 1862 973 1922 B
991 1865 1086 1927 lendo
1102 1883 1120 1926 a
1137 1872 1187 1938 tc;
1206 1865 1259 1925 sed
1277 1864 1360 1925 dona
1374 1863 1483 1942 gratia
1498 1863 1590 1925 donis
1611 1863 1674 1925 tuis
1694 1863 1736 1925 si-

176 1974 221 2026 ·ut
242 1963 363 2026 dicitur
383 1962 523 2024 secundo
540 1959 756 2023 Politieorum.
773 1959 868 2022 atiud
888 1969 936 2023 est
990 1963 1091 2039 milia,
1109 1963 1255 2043 quamvis
1279 1980 1342 2024 non
1362 1961 1508 2042 aequalia,
1526 1961 1598 2023 aliis
1618 1962 1734 2025 dando.

183 2064 274 2145 quod
297 2060 474 2123 attenditur
495 2059 670 2122 seeundum
694 2058 830 2140 speciem
855 2059 936 2138 regi·
990 2062 1079 2124 Unde
1096 2061 1323 2143 subjungitur:
1343 2064 1533 2140 tradamque
1547 2065 1604 2132 cis,
1613 2081 1651 2122 ει
1666 2080 1737 2124 mea

185 2161 285 2224 minis
299 2159 350 2224 vel
367 2157 577 2220 ordinationis
592 2156 936 2238 principativae:cujus
992 2159 1200 2240 benignitate,
1218 2168 1250 2226 et
1271 2168 1401 2241 propter
1422 2139 1594 2222 cdmmune
1615 2160 1736 2222 bonum

172 2273 287 2342 'quum
305 2259 372 2320 sint
386 2257 520 2319 diversas
537 2257 669 2338 speeies,
680 2257 854 2318 seeundum
867 2255 936 2316 Phi·
983 2258 1103 2341 -populi
1120 2259 1194 2334 mei,
1208 2266 1239 2320 ει
1254 2257 1349 2320 etiam
1367 2257 1489 2320 meritis
1505 2257 1567 2319 tuis
1584 2277 1619 2320 ae
1635 2259 1738 2340 preci-

185 2358 359 2440 losophum
378 2355 471 2419 tertio
485 2355 701 2432 Politicorum,
720 2355 878 2436 praecipue
895 2364 937 2417 ta·
993 2359 1072 2420 bus:
1091 2357 1200 2438 sicque¹
1225 2358 1310 2419 dona
1333 2357 1441 2435 gratim
1462 2356 1496 2417 in
1516 2357 1629 2437 Moyse,
1647 2368 1737 2421 erant

185 2477 262 2520 men
283 2463 360 2518 sunt
380 2474 513 2537 regnum
535 2473 591 2516 seu
612 2453 807 2530 monarchia,
826 2454 858 2517 iu
874 2473 937 2534 qua
991 2456 1085 2538 quasi
1108 2474 1203 2518 causa
1224 2455 1388 2518 meritoria
1410 2455 1662 2517 instrumentalis
1684 2457 1737 2520 do

174 2576 272 2618 unus
297 2554 497 2637 principatur
519 2554 695 2615 seeundum
718 2550 889 2627 virtutem3
906 2561 938 2614 et
993 2574 1106 2618 norum
1129 2555 1162 2616 iu
1183 2553 1275 2628 aliis3
1293 2565 1329 2614 ut
1348 2564 1523 2615 suramtcat
1539 2537 1641 2614 tectam
1656 2575 1736 2615 onas

184 2654 398 2729 aristocratia,
417 2653 449 2715 id
466 2660 513 2714 εει
529 2659 669 2733 potestas
685 2651 889 2733 optimorum,
904 2651 937 2712 in
987 2656 1116 2732 populi,
1127 2654 1186 2716 lroe
1201 2661 1259 2728 est,
1271 2653 1302 2714 in
1320 2651 1527 2734 providende,
1538 2652 1735 2728 instruendo,

185 2773 251 2834 qua
273 2751 370 2834 pauci
394 2751 617 2834 principantur
640 2749 813 2812 secundum
837 2739 961 2812 virtu-'
992 2751 1222 2832 dirigendoque
1238 2750 1376 2832 plebem,
1395 2758 1426 2812 te
1442 2751 1606 2830 adjurent.
1623 2749 1739 2831 Loqui-

187 2861 251 2914 tem
266 2875 275 2926 ς
293 2859 326 2913 ει
348 2848 603 2923 democratiam
630 2867 693 2929 qua
719 2856 832 2929 praest
855 2866 938 2910 eom·
993 2857 1044 2911 tur
1063 2859 1170 2913 autem
1191 2850 1272 2911 Deus
1292 2849 1332 2911 de
1352 2848 1572 2930 spiritualibus
1594 2867 1651 2930 per
1673 2866 1739 2911 rno-

186 2950 343 3024 munitas,
361 2947 393 3010 id
410 2948 603 3028 estquidam
625 2946 701 3010 boni
717 2947 756 3009 de
772 2954 836 3008 tota
855 2965 938 3009 com·
993 2950 1068 3011 dum
1084 2948 1296 3031 corporalium
1313 2968 1427 3025 rerum,
1438 2949 1471 3010 in
1483 2948 1600 3030 quibus
1614 2948 1737 3029 aliquid

187 3049 357 3113 munitate.
365 3046 444 3108 Hinc
456 3045 745 3128 optimaordinatio
755 3045 938 3127 principum
954 3053 976 3115 C
993 3047 1139 3130 pluribus
1159 3048 1413 3110 communicatur
1433 3067 1489 3129 per
1509 3048 1580 3122 boe,
1597 3048 1683 3128 quod
1704 3045 1736 3107 id

188 3149 222 3210 in
243 3165 344 3227 regno
364 3165 400 3210 ao
420 3145 554 3207 urbibus
576 3153 635 3221 εει,
653 3144 706 3206 ubi
724 3164 806 3206 unus
828 3163 939 3207 secun·
994 3147 1025 3208 in
1053 3145 1153 3208 multa
1177 3140 1341 3222 dividitur,
1360 3148 1444 3227 quod
1470 3165 1553 3208 unus
1579 3145 1736 3225 integrum

188 3248 265 3308 dum
278 3243 432 3308 virtutem
448 3241 626 3325 preficitur
638 3241 940 3324 quiomnibusprre
993 3245 1079 3308 solus
1096 3245 1247 3327 possedit.
1265 3245 1489 3308 Verumtamen
1512 3263 1568 3327 per
1588 3245 1673 3306 buno
1693 3245 1738 3307 le

187 3346 240 3422 sit,
258 3353 291 3408 et
317 3342 377 3404 sub
404 3342 473 3423 ipso
498 3349 573 3402 sunt
597 3340 695 3421 aliqui
721 3340 939 3422 principantes
993 3343 1111 3426 quendi
1134 3344 1263 3405 modum
1288 3343 1479 3419 insinuatur,
1497 3351 1616 3425 quanta
1641 3342 1738 3405 fuerit

188 3443 368 3507 secundum
385 3442 548 3517 virtutem,
566 3448 597 3501 ct
615 3447 718 3502 tamen
735 3438 807 3500 talis
823 3438 939 3520 prinei·
992 3443 1101 3523 gratim
1118 3442 1283 3524 plenitudo
1300 3442 1332 3504 in
1348 3442 1462 3523 Moyse,
1481 3442 1520 3504 de
1534 3443 1625 3523 cujus
1640 3440 1738 3504 abun-

189 3547 295 3626 patus'
309 3542 349 3603 ad
375 3559 487 3602 omnes
512 3539 681 3622 pertinet:
710 3547 776 3600 tum
801 3537 877 3619 quia
901 3558 939 3601 ει
993 3542 1102 3603 dantia
1118 3541 1164 3602 sie
1179 3540 1449 3603 communicatum
1464 3549 1513 3604 εει
1527 3539 1609 3602 aliis.

188 3639 342 3704 omnibus
365 3639 441 3718 eligi
463 3647 608 3720 possunt,
625 3646 692 3699 tum
714 3637 789 3718 quia
811 3636 851 3698 ab
871 3655 939 3700 om·
1033 3638 1113 3701 Mine
1128 3639 1172 3700 ait
1186 3639 1296 3700 Petrus
1311 3638 1490 3702 Comestor:
1504 3639 1630 3702 Ablatio
1646 3639 1739 3721 spiri-

190 3740 287 3801 nibus
319 3738 494 3818 eliguntur.
522 3735 606 3798 Talis
636 3735 722 3798 enim
747 3744 796 3798 εει
819 3734 940 3816 optima
994 3745 1044 3800 tus
1060 3737 1184 3819 Moysis,
1202 3745 1234 3798 ει
1255 3736 1382 3799 traditio
1402 3737 1474 3800 aliis
1496 3736 1588 3814 lacta,
1607 3757 1670 3800 uon
1691 3745 1740 3800 est

189 3838 314 3921 politia,
333 3837 415 3898 bene
436 3836 607 3898 commixta
627 3855 664 3897 ει
684 3852 782 3915 regno
798 3853 853 3896 seu
874 3852 940 3896 mo·
994 3836 1202 3916 intelligenda
1218 3834 1334 3898 divisio
1350 3835 1481 3917 spiritus
1502 3837 1572 3916 ejus
1592 3855 1649 3918 per
1669 3855 1739 3918 par-

190 3937 335 4012 narchia,
347 3935 380 3996 in
397 3943 552 4016 quantum
571 3954 653 3996 unus
669 3933 818 3996 omnibus
835 3933 940 4014 praesi-
993 3944 1040 3999 tes
1056 3936 1106 3998 vel
1123 3933 1304 4010 diminutio,
1319 3936 1374 3998 sed
1392 3935 1583 3998 illuminatio
1603 3934 1738 3999 aliorum

189 4036 263 4109 det3
281 4042 314 4096 et
335 4053 373 4095 ει
389 4033 598 4108 aristocratia,
617 4033 650 4094 in
671 4040 827 4113 quantum
848 4030 938 4092 multi
993 4035 1033 4097 ad
1054 4035 1227 4113 regendum
1250 4034 1402 4117 populum
1425 4053 1482 4117 ρει
1504 4035 1647 4097 camdem
1670 4053 1740 4114 gra-

189 4132 417 4214 prineipantur
442 4132 615 4193 secundum
644 4131 793 4194 virtutem
814 4154 821 4204 3
844 4137 940 4210 atque
996 4133 1071 4194 tiam
1098 4132 1308 4214 spiritualem,
1325 4151 1382 4213 per
1407 4151 1502 4214 quam
1529 4132 1647 4214 Moyses
1672 4140 1740 4194 erat

189 4251 226 4294 ex
242 4228 451 4303 democratia,
464 4229 524 4292 hoe
540 4237 588 4291 est
603 4237 759 4310 potestate
775 4229 895 4310 populi,
907 4227 939 4289 in
956 4232 979 4292 ll
996 4231 1206 4306 illuminatus,
1224 4230 1307 4293 siout
1327 4231 1367 4292 de
1389 4230 1462 4310 igne
1485 4231 1580 4293 unius
1604 4230 1740 4294 lucerna

187 4337 347 4411 quantum
365 4327 528 4409 principes
544 4347 581 4390 ει
597 4328 805 4411 popularibus
820 4326 941 4408 eligun·
995 4329 1103 4391 multae
1119 4328 1342 4390 illuminantur
1358 4329 1427 4391 sine
1443 4329 1530 4392 illius
1546 4329 1740 4392 imminutio

190 4437 253 4505 tur,
271 4435 327 4489 aut
343 4426 420 4506 eligi
437 4435 583 4508 possunt,
595 4436 624 4490 et
643 4427 711 4509 ipsa
727 4426 839 4490 electio
856 4426 941 4509 prin·
996 4428 1280 4490 ne.l·'erumtameu
1296 4429 1470 4491 seeundum
1485 4429 1583 4491 Mabbi
1594 4428 1737 4505 Paulum,

189 4527 300 4608 cipum
317 4525 357 4587 ad
375 4525 530 4608 populum
547 4526 697 4607 pertinet.
715 4525 754 4587 Et
776 4524 861 4587 istud
879 4524 941 4586 luit
995 4545 1053 4609 pro
1069 4545 1106 4589 co
1123 4527 1207 4608 quod
1225 4535 1332 4589 nostra
1348 4527 1513 4590 translatio
1528 4526 1633 4602 babet,
1645 4526 1740 4590 Aule-

190 4625 377 4686 institutum
393 4625 569 4686 seeundum
587 4624 688 4704 legem
700 4623 941 4704 divinamMoy·
995 4625 1215 4702 ram,lrabetur
1226 4626 1360 4688 verbum
1376 4627 1408 4687 iu
1419 4625 1650 4714 Hebraeoquod
1666 4625 1740 4688 lieet

191 4743 241 4786 ses
264 4741 404 4804 namque
425 4731 456 4784 et
476 4740 675 4785 successores
695 4722 765 4802 ejus
784 4723 941 4801 guberna·
994 4724 1095 4785 multa
1112 4722 1284 4803 significet,
1303 4743 1466 4805 uunquam
1489 4731 1595 4785 tamen
1619 4723 1741 4786 invoni-

190 4820 270 4883 bant
286 4819 555 4902 populum‚quasi
572 4819 776 4899 singulariter
791 4820 940 4882 omnibus
996 4830 1047 4883 tur
1063 4820 1248 4901 significare
1264 4823 1347 4885 idem
1359 4823 1444 4904 quod
1460 4821 1742 4892 anlerre.'l'ransla,·

181 4918 431 5000 praesidentes:
459 4919 544 4998 quod
570 4926 617 4980 est
643 4920 787 4999 quadam
819 4921 940 5000 speeies
996 4919 1742 5002 tioCbaldaicaposuithieverbum‚signilieans

190 5016 293 5096 regni.
312 5015 414 5094 Elegit
432 5023 538 5078 autem
560 5017 760 5098 septuaginta
781 5037 872 5081 senes
895 5040 941 5081 sc·
997 5018 1081 5082 idem
1102 5020 1187 5099 quod
1205 5019 1391 5082 dillundcre
1412 5039 1467 5083 scu
1488 5020 1688 5104 protepdere,
1706 5029 1743 5082 ιι

190 5116 332 5177 cundum
350 5115 512 5192 virtutem,
536 5123 566 5176 et
588 5115 646 5178 troc
667 5123 734 5177 erat
749 5116 941 5179 aristocrati-
995 5118 1265 5198 sitsensns,qnod
1279 5117 1569 5181 Deusdilluditseu
1581 5118 1742 5201 protendit

190 5233 264 5276 oum
289 5237 297 5284 3
325 5212 382 5274 sed
409 5211 658 5275 democraticum
685 5223 762 5290 erat,
788 5217 874 5296 quod
900 5217 940 5278 de
974 5259 976 5262 -
994 5217 1033 5278 de
1050 5215 1164 5296 spiritu
1181 5217 1237 5296 qui
1253 5226 1320 5278 crat
1337 5217 1369 5278 in
1384 5217 1496 5298 Moyse,
1513 5226 1544 5280 ct
1559 5217 1646 5280 dcdit
1662 5217 1741 5279 viris

190 5311 278 5375 omui
297 5309 416 5392 populo
426 5310 644 5390 eligebantur.
995 5313 1059 5376 illis
1075 5313 1287 5395 septuaginta.
1300 5315 1337 5376 Et
1353 5314 1435 5378 forte
1452 5315 1616 5378 translatio
1632 5323 1742 5380 nostra
