4309 6259
404 488 464 553 502
743 512 916 559 unnnnnrto
938 512 968 557 ut
990 512 1058 557 GAP.
1082 510 1180 557 xxxin
1201 512 1396 559 uertendum.
1419 532 1459 543 -
1480 514 1550 559 ultr.
1574 512 1614 559 ult

406 686 513 742 temen
530 679 599 761 lege
614 681 789 757 communi,
807 680 890 745 lacte
905 688 952 745 est
973 690 1084 764 postea
1102 700 1153 744 ex·
1168 681 1193 743 Α
1208 682 1290 744 mala
1305 682 1360 744 illa
1374 682 1519 765 poenalia,
1532 682 1587 745 sed
1602 680 1833 745 cohibebantur
1846 698 1866 741 a
1878 698 1953 742 cou-

405 778 510 862 ceptio
532 798 570 843 ex
592 779 723 863 speciali
746 798 841 843 causa
860 779 893 842 in
912 799 998 857 casu,
1018 788 1052 841 ut
1066 787 1153 861 patet
1208 781 1306 843 suetis
1326 780 1516 845 criminibus
1534 798 1541 843 :
1557 780 1675 863 quibus
1695 779 1821 856 deletis,
1840 797 1953 841 oense·

256 895 390 945 ameum
406 876 439 938 in
461 876 656 955 Gabaonitis‚
680 877 736 960 qui
762 898 818 962 per
843 896 932 941 suam
957 877 1153 941 humiliatie
1206 888 1292 941 erata
1316 886 1365 941 est
1390 888 1473 941 terra
1498 879 1553 941 illa
1577 878 1677 942 cultui
1703 878 1770 940 veri
1796 876 1862 939 Dei.
1889 878 1952 937 Sin

405 995 477 1038 nem
494 977 600 1060 adepti
617 986 691 1039 sunt
706 976 844 1053 veniam,
858 986 891 1039 ut
909 985 996 1061 patet
1010 978 1043 1038 in
1059 978 1153 1040 losue
1207 988 1315 1039 autem
1325 980 1495 1039 nolueritis
1512 977 1572 1040 ista
1588 977 1739 1059 implere;
1755 978 1815 1056 qai
1829 996 1954 1035 remon-

405 1072 498 1137 libre.
519 1076 722 1153 Confringite
738 1078 860 1145 titulos,
876 1075 908 1137 id
929 1084 977 1138 cst
997 1074 1089 1155 signa
1104 1095 1153 1138 so-
1206 1079 1321 1146 serint,
1342 1087 1438 1137 errrot
1457 1080 1542 1137 vodis
1563 1080 1658 1156 quasi
1677 1079 1763 1135 eleni
1783 1078 1818 1135 in
1839 1076 1954 1143 ocutis,

404 1174 514 1237 lennia
528 1181 583 1236 aut
599 1173 818 1255 nominaque
836 1174 869 1236 in
885 1174 1005 1237 honore
1021 1175 1151 1236 deorum
1206 1185 1236 1235 et
1252 1180 1369 1237 lanceae
1384 1178 1421 1235 ln
1437 1177 1603 1245 lateribus,
1619 1175 1651 1236 id
1669 1182 1727 1250 est,
1745 1181 1841 1237 erunt
1862 1171 1954 1237 vobis

404 1291 535 1335 suorum
546 1280 725 1335 erexerunt.
738 1272 845 1353 Aliqui
857 1280 963 1335 tamen
976 1291 1032 1354 per
1043 1273 1152 1334 titulos
1207 1273 1448 1337 incitamentum
1468 1281 1564 1354 atque
1584 1272 1708 1335 occasio
1730 1270 1893 1334 incidendi
1909 1268 1955 1331 la-

406 1371 588 1451 intelligunt
603 1389 685 1432 aras.
702 1375 846 1443 Statuas,
856 1371 887 1434 id
905 1379 952 1433 est
965 1371 1060 1446 idola,
1073 1392 1153 1431 com-
1207 1372 1315 1435 einora
1326 1370 1529 1453 gravia‚quia
1543 1372 1582 1433 ad
1598 1369 1810 1434 idololatriam
1828 1369 1955 1430 trahent

405 1472 558 1539 minuitc,
574 1479 670 1549 atquc
692 1472 802 1529 omnia
823 1474 945 1530 eecelsa
969 1480 1101 1541 vastate,
1120 1469 1152 1530 id
1208 1488 1265 1534 vos
1289 1490 1345 1533 seu
1367 1478 1511 1552 posteros
1533 1477 1655 1532 vestros
1679 1489 1686 1533 :
1711 1468 1822 1550 sieque
1843 1486 1955 1531 conse·

405 1576 464 1644 est,
482 1568 552 1631 loca
567 1586 693 1631 amoena
708 1576 740 1630 et
754 1568 828 1645 alta,
847 1569 880 1630 in
896 1568 1013 1650 quibus
1029 1568 1153 1631 sacrifi·
1207 1577 1343 1651 quenter
1358 1567 1506 1631 incidetis
1517 1568 1702 1631 servitutem
1718 1565 1951 1648 gravissimam,

405 1674 558 1729 caverunt
575 1666 667 1729 idolis
683 1666 761 1742 suis,
781 1666 812 1728 in
830 1667 947 1748 quihus
962 1666 1057 1730 etiam
1074 1666 1153 1728 loeis
1207 1677 1239 1731 et
1257 1667 1484 1748 opprimemini
1505 1666 1546 1729 ab
1567 1666 1642 1743 illis,
1659 1673 1690 1728 et
1710 1664 1953 1728 interficiemini

405 1772 652 1828 construxerunt
666 1766 749 1827 aedes
769 1773 864 1846 atque
884 1764 996 1827 altaria
1011 1764 1151 1846 dejicite,
1207 1764 1587 1849 propterscelceavestra
1599 1764 1955 1833 ldeosubditur:Qu-td-

406 1866 599 1924 mundantes
619 1872 738 1923 terram
759 1873 788 1923 ct
807 1865 987 1924 habitantes
1004 1865 1040 1923 in
1054 1884 1104 1932 ea,
1121 1862 1152 1924 id
1170 1867 1289 1945 chrid
1313 1867 1382 1923 illis
1405 1866 1512 1942 facere
1536 1866 1765 1941 cogitaveram,
1791 1865 1879 1923 vobis
1901 1865 1954 1938 sa-

406 1968 464 2037 ort,
491 1980 547 2043 per
572 1962 628 2023 has
654 1980 765 2044 poenas
791 1960 886 2025 lacite
911 1981 1034 2025 cessare
1059 1961 1153 2024 solita
1207 1967 1306 2033 ctare,
1321 1961 1500 2043 infligendo
1515 1961 1688 2025 vobishaec
1703 1959 1950 2043 malapoenalia‚

407 2058 528 2121 seelera
544 2060 577 2121 in
594 2068 676 2123 terra
693 2060 757 2136 illa,
771 2060 1002 2124 habitatoribus
1018 2061 1089 2142 ejus
1104 2079 1154 2123 oc-
1209 2063 1292 2124 sieut
1321 2061 1354 2122 in
1382 2060 1465 2124 libro
1493 2061 1639 2124 Judieum
1668 2060 1745 2123 satis
1774 2059 1952 2122 ostenditur

1977 2049 2106 2095 tadicum

1967 2117 1989 2154 el
1998 2123 2039 2165 tq
2058 2125 2094 2152 'tu

341 2198 358 2209 -
407 2156 501 2232 cisis3
523 2158 580 2241 qui
601 2177 665 2222 nou
681 2159 917 2222 mundabantur
932 2159 1077 2223 absolute
1097 2179 1154 2242 per
1208 2159 1429 2242 adimpletum.
1967 2177 1988 2221 ε,
2001 2142 2102 2221 iaec

958 2582 1283 2671 ARTICULUS
1325 2585 1405 2669 LII

711 2858 866 2905 EXPOSl‘l'lO
889 2858 1076 2905 setulwntts
1098 2858 1236 2904 conluunt
1257 2858 1350 2904 {tutus
1372 2858 1523 2905 sulcustttt
1544 2860 1653 2905 runnu.

481 3141 533 3204 ΟΝ
555 3142 624 3205 sine
646 3140 779 3223 mystica
804 3140 927 3203 ratione
948 3138 1067 3220 lloyses
1090 3134 1193 3220 spi-c
1213 3140 1284 3203 dem
1310 3149 1341 3203 et
1365 3141 1498 3221 gratiam
1528 3151 1603 3205 sunt
1628 3142 1802 3207 imitatores
1827 3164 1864 3207 ae
1895 3143 1958 3206 lilii

491 3239 554 3303 ritu
577 3240 692 3304 Sancto
715 3240 842 3323 plenus,
869 3247 930 3302 tam
952 3237 1102 3301 distincte
1122 3256 1159 3300 ae
1213 3238 1476 3315 Patriarcharum,
1497 3244 1556 3319 qui
1573 3243 1690 3318 egressi
1708 3254 1785 3304 soret
1803 3248 1844 3304 de
1857 3246 1959 3321 (Ερμ-

412 3340 581 3420 diligenter
606 3338 776 3421 descripsit
805 3337 988 3401 mansiones
1017 3335 1159 3399 liliorum
1210 3348 1278 3414 pte,
1295 3338 1327 3399 id
1342 3347 1391 3401 est
1405 3340 1445 3402 de
1461 3338 1648 3419 ignorantiae
1663 3340 1804 3404 tenebris
1823 3351 1855 3404 et
1873 3348 1957 3404 statu

413 3438 517 3516 lsrael,
527 3438 677 3521 quoniam
694 3436 884 3501 Israelitieus
900 3435 1039 3518 populus
1055 3434 1160 3516 ligura
1214 3436 1439 3514 damnationis,
1454 3460 1514 3517 per
1537 3450 1661 3501 turmas
1682 3462 1769 3513 suos,
1790 3441 1823 3503 id
1844 3449 1959 3504 estse

415 3537 476 3600 luit
492 3537 602 3619 populi
619 3535 1075 3616 christiani.Egressusautem
1087 3534 1161 3595 lsra·
1214 3535 1355 3597 eundum
1375 3536 1520 3600 diversos
1539 3544 1649 3615 status,
1667 3546 1699 3601 et
1717 3538 1834 3618 gradus
1853 3558 1890 3602 ae
1908 3556 1960 3601 or-

414 3637 560 3699 elitarum
583 3654 621 3697 ex
636 3634 781 3717 lllgypto,
803 3643 896 3717 typus
919 3632 982 3695 luit
1004 3632 1162 3695 liberatio
1215 3632 1316 3694 dines.
1335 3634 1471 3697 Diversae
1493 3635 1610 3699 etenim
1634 3645 1744 3699 turmae
1765 3635 1960 3701 Christiane.-

415 3736 465 3798 nis
489 3734 741 3798 Christianorum
767 3754 785 3797 a
811 3733 963 3795 servitute
988 3731 1119 3806 diaboli,
1142 3750 1161 3793 a
1215 3741 1384 3804 rum‚sunt
1398 3734 1579 3814 spirituales
1595 3744 1627 3797 et
1641 3734 1818 3811 saculares,
1836 3734 1958 3816 praelati

414 3833 490 3916 juge
506 3832 638 3915 peccati,
656 3839 688 3895 et
707 3831 885 3895 eductionis
906 3850 944 3893 ex
964 3829 1101 3910 caligine
1116 3828 1162 3890 vi·
1214 3836 1246 3891 et
1267 3830 1399 3907 subditi,
1417 3832 1531 3912 vulgus
1553 3842 1584 3895 et
1605 3834 1721 3909 clerus,
1743 3832 1905 3914 conjugati
1926 3842 1960 3895 et

415 3934 543 3996 tiorum.
556 3930 749 3995 lntroduetio
766 3949 841 3993 vero
856 3928 979 3992 lsraelis
995 3928 1029 3990 in
1045 3936 1159 3991 terram
1215 3929 1426 4006 continentes,
1435 3930 1575 4012 religiosi
1591 3940 1621 3993 et
1633 3932 1746 4006 viduae,
1754 3931 1957 4013 incipientes,

415 4028 651 4114 promissioniS,
684 4028 863 4107 designavit
893 4028 1160 4090 introductionem
1215 4026 1433 4109 proficientes
1447 4029 1591 4111 perlecti.
1607 4033 1646 4089 In
1664 4051 1764 4089 manu
1780 4032 1916 4107 Moysis,
1926 4030 1960 4093 id

416 4129 558 4192 omnium
581 4127 754 4190 electorum
778 4128 810 4188 in
833 4126 967 4208 patriam
990 4124 1078 4205 regni
1099 4144 1162 4188 ete
1215 4134 1263 4187 est
1278 4126 1396 4189 virtute
1415 4136 1447 4189 et
1467 4127 1624 4209 mysteriis
1645 4127 1771 4206 Christi,
1787 4140 1818 4190 et
1832 4132 1958 4199 Aaron,

416 4227 515 4290 lestis.
539 4227 645 4302 Porro,
670 4243 857 4307 progressus
882 4224 1083 4287 Hebraeorum
1104 4243 1161 4307 per
1215 4225 1275 4287 hoe
1290 4232 1338 4287 est
1353 4226 1542 4289 vicariorum
1559 4225 1819 4308 ipsius‚quorum
1835 4227 1961 4309 primus

413 4322 789 4403 desertum‚signilicavit
804 4322 1091 4404 peregrinationem
1108 4341 1161 4385 no·
1177 4321 1201 4382 D
1215 4331 1246 4385 et
1261 4323 1416 4386 maximus
1438 4322 1499 4386 luit
1518 4323 1749 4387 sacratissimus
1764 4324 1886 4402 Petrus,
1902 4346 1962 4407 per

412 4433 510 4487 stram
533 4423 566 4485 iu
590 4422 706 4485 saeculo
729 4422 800 4498 isto,
819 4430 850 4485 et
871 4422 1069 4505 spiritualem
1092 4440 1161 4503 pro·
1214 4441 1310 4502 quem
1336 4430 1408 4503 post
1430 4422 1545 4485 Christi
1570 4423 1789 4485 ascensionem
1814 4423 1962 4487 christia-

412 4524 542 4599 ieetum,
571 4540 636 4604 quo
666 4521 729 4584 itur
759 4523 798 4585 ad
830 4540 962 4602 regnum
992 4519 1157 4583 eoelerum.
1214 4540 1255 4582 na
1277 4519 1391 4600 religio
1412 4519 1577 4601 potissime
1600 4520 1776 4584 invaluisse
1796 4532 1958 4585 censetur.

410 4622 587 4685 llansiones
608 4621 737 4684 demum
760 4620 902 4695 illorum,
924 4617 1160 4701 presignabant
1216 4623 1300 4687 ths
1324 4620 1492 4695 decerpsit
1517 4621 1655 4695 Moyses,
1676 4618 1708 4681 id
1733 4628 1792 4693 est,
1813 4619 1961 4683 Christus

410 4719 632 4784 inherentiam
649 4727 680 4782 et
695 4719 835 4801 quietem
857 4716 1004 4779 fidelium
1022 4716 1055 4778 in
1071 4735 1159 4779 exse·
1214 4734 1270 4798 per
1285 4715 1503 4795 Evangelistas
1518 4723 1614 4796 atque
1629 4716 1797 4799 Apostolos
1814 4716 1893 4781 lecit
1907 4719 1961 4782 de

408 4818 592 4883 cutionibus
609 4835 882 4900 quarumcumque
897 4815 1062 4891 virtutum,
1081 4833 1158 4896 pcae·
1213 4814 1309 4876 scribi
1319 4817 1435 4892 3jzeeto
1451 4824 1630 4875 castrorum
1646 4820 1725 4888 loce,
1734 4815 1767 4877 id
1782 4825 1832 4880 est
1846 4835 1962 4880 seeun-

409 4918 518 4981 sertim
536 4916 569 4979 in
585 4914 909 4997 contemplationibus
925 4934 962 4977 ac
977 4912 1158 4975 dilectioni·
1213 4914 1288 4975 dum
1299 4912 1461 4995 proiectus
1469 4912 1633 4990 virtutum,
1641 4913 1959 4997 christianorumque

409 5017 469 5080 bus
485 5016 678 5090 divinorum,
698 5022 769 5095 post
789 5012 912 5076 labores
933 5011 1156 5076 exercitiorum
1211 5011 1374 5092 agminum
1395 5035 1402 5085 3
1429 5034 1500 5091 qne
1523 5015 1658 5073 Domini
1677 5015 1827 5090 jussione
1854 5026 1959 5075 irrota-

410 5114 578 5178 bonorum.
1211 5112 1286 5169 barre
1301 5130 1313 5168 .·
1329 5108 1406 5189 quia
1423 5110 1599 5172 seeundum
1621 5118 1763 5173 tenorem
1781 5122 1957 5193 praecepto

448 5214 556 5294 ltaque
570 5211 615 5274 ait
629 5227 636 5272 :
650 5214 798 5273 Haeserat
813 5213 992 5271 mansiones
1006 5213 1154 5289 fitiorum
1211 5226 1280 5269 rum
1301 5208 1367 5283 Dei,
1386 5210 1513 5270 student
1535 5207 1705 5291 prolicere,
1724 5216 1956 5291 transeuntque

408 5315 523 5381 lsrael,
539 5311 599 5374 hoc
615 5316 663 5373 est
677 5307 952 5385 christifidelium,
970 5308 1026 5390 qui
1044 5327 1101 5389 per
1118 5308 1155 5369 ti·
1207 5306 1247 5367 de
1269 5306 1385 5368 virtute
1409 5325 1471 5367 una
1494 5306 1526 5368 in
1548 5306 1655 5383 aliam,
1680 5316 1775 5390 prout
1799 5308 1955 5371 Dominus
1973 5331 1996 5372 ε.

1973 5267 2105 5316 Pal-nunt,
