4309 6259
444 487 509 550 ,350

838 503 1011 549 nnannnmo
1032 503 1063 548 {N
1082 502 1152 548 GAP.
1174 501 1193 545 li
1214 502 1409 548 NUHERORUH.
1433 523 1473 533 -
1492 505 1563 550 nnn.
1587 506 1607 550 Χ

450 678 531 742 riato
549 695 555 739 :
574 672 670 760 etqui
685 665 750 739 Deo
765 683 819 738 aut
834 674 903 756 ejus
920 673 1040 736 vicario
1057 671 1190 736 abstulit
1208 673 1234 735 ll
1249 683 1310 739 tter
1331 682 1365 739 in
1389 689 1554 757 conspectu
1574 681 1721 748 Domini,
1744 679 1775 741 id
1800 686 1859 754 est,
1871 743 1875 751 ,
1886 679 1992 741 anima

449 777 587 839 animam
605 775 685 838 falsa
703 774 914 855 suggestione,
933 791 1031 854 pravo
1047 771 1193 853 exemplo

449 884 503 937 aut
523 875 585 938 alio
610 875 715 950 modo,
733 882 875 954 satagere
899 871 993 935 debet
1018 870 1107 934 omni
1128 888 1195 932 rno-

449 975 489 1036 do
505 974 567 1037 sibi
594 973 751 1056 possibili,
769 981 804 1034 ut
824 973 968 1035 eamdem
989 971 1128 1033 animam
1154 969 1193 1030 ad

449 1074 546 1135 Deum
573 1073 771 1154 gratiamque
800 1073 949 1143 reducat;
977 1078 1008 1134 ct
1030 1069 1114 1131 ultra
1134 1067 1194 1129 boc

449 1191 505 1255 per
530 1173 750 1254 poenitentiam
772 1179 803 1234 et
823 1189 920 1253 opera
940 1170 1082 1232 virtuosa
1104 1167 1195 1229 satis-

450 1271 545 1334 faciat
556 1271 628 1334 lleo.
641 1271 780 1335 Arietem
796 1289 924 1353 quoque
935 1268 1052 1331 offerat
1062 1285 1121 1349 pro
1137 1283 1194 1327 suo

327 1385 404 1428 Galat·
414 1400 434 1437 v.
450 1379 589 1453 peccato,
618 1370 781 1453 proprium
807 1388 921 1450 eorpus
950 1387 1020 1430 cum
1048 1365 1135 1431 vitiis
1163 1373 1195 1426 et

450 1469 717 1552 concupiscentiis
728 1468 1023 1548 crucifigend0,seu
1034 1465 1194 1528 Christum

451 1579 579 1653 propter
602 1588 659 1633 nos
684 1587 824 1651 passum,
848 1567 984 1648 ejusque
1012 1563 1193 1646 passionem

450 1670 512 1732 lleo
528 1668 610 1732 Patri
627 1666 893 1749 repraesentando.

488 1768 631 1849 Insuper,
649 1774 757 1830 monet
775 1784 832 1829 nos
848 1764 954 1826 littera
974 1763 1040 1825 baec
1061 1769 1096 1822 ut
1111 1759 1193 1823 deci-

1249 797 1304 839 scu
1315 795 1450 859 persona
1462 776 1533 839 talis
1543 778 1583 840 ad
1596 777 1699 840 forum
1711 777 1924 839 confessionis
1937 798 1992 839 seu

1249 877 1287 938 ad
1300 876 1437 939 tribunal
1448 875 1561 957 judicii
1573 877 1622 937 sui
1637 878 1827 958 pervenerit,
1839 879 1993 953 discoope-

1250 977 1311 1036 riet
1326 986 1423 1052 capnt
1441 977 1525 1052 ajam
1542 975 1574 1037 ld
1600 983 1658 1051 esf,
1681 984 1819 1038 mentem
1838 975 1940 1056 ipsius
1960 976 1991 1035 in

1249 1072 1454 1136 manifestum
1471 1074 1628 1136 deducere
1639 1074 1786 1149 enitatur,
1796 1083 1828 1136 et
1843 1075 1992 1156 predicet

1249 1172 1364 1235 animas
1380 1172 1445 1249 tali,
1464 1172 1549 1253 quod
1565 1173 1592 1234 si
1609 1191 1662 1234 rea
1676 1181 1734 1248 est,
1752 1181 1783 1235 et
1799 1173 1831 1233 in
1853 1192 1911 1234 sua
1926 1191 1993 1255 pra·

1249 1270 1347 1334 vitate
1357 1270 1575 1352 permanserit,
1584 1272 1824 1351 pertransibunt
1833 1291 1902 1334 eam
1914 1291 1993 1334 ama-

1250 1369 1384 1432 rissimae
1400 1389 1501 1450 aquae,
1518 1370 1594 1450 quia
1610 1369 1874 1433 comminationes
1896 1390 1991 1434 sacrae

1250 1467 1420 1549 Scriptura,
1440 1468 1685 1550 complebuntur
1706 1469 1739 1530 in
1761 1489 1815 1544 ea;
1833 1478 1864 1531 ct
1890 1468 1992 1532 femur

1249 1567 1318 1647 ejus
1340 1570 1511 1648 putrescet,
1529 1576 1701 1648 uterusque
1723 1567 1860 1629 tumebit
1880 1587 1916 1630 ac
1932 1569 1992 1628 dis·

1249 1673 1423 1746 rumpetur,
1436 1665 1510 1747 quia
1526 1666 1631 1728 omnis
1643 1666 1808 1728 immunda
1819 1667 1890 1747 ejus
1906 1666 1991 1728 volu·

1248 1771 1318 1844 ptas
1330 1764 1362 1825 iu
1372 1764 1616 1827 amaritudinem
1628 1773 1836 1842 convertetur,
1844 1767 1991 1846 quemad-

448 1886 507 1930 mae
522 1876 554 1932 et
569 1866 718 1950 primitia
732 1873 827 1946 atque
842 1862 1020 1926 oblationes
1036 1859 1192 1922 ministris
1211 1853 1234 1914 B
1248 1862 1377 1925 modum
1394 1862 1546 1944 scriptum
1558 1871 1605 1926 est
1615 1881 1621 1924 :
1631 1862 1787 1937 Quantum
1797 1863 1989 1943 glorifieavit
2003 1885 2117 1960 nmo..

447 1967 502 2030 Dei
519 1965 658 2030 fideliter
674 1965 894 2047 persolvantur
912 1979 919 2023 :
937 1961 1022 2042 quod
1038 1959 1094 2041 qui
1111 1957 1193 2020 fece-

449 2065 523 2143 rint,
549 2066 712 2148 copiosum
739 2072 770 2126 et
793 2060 960 2143 multiplex
985 2057 1150 2140 premium
1174 2076 1194 2117 a

448 2164 581 2228 Domino
604 2171 828 2245 assequuntur,
850 2159 947 2222 ctiam
972 2157 1005 2218 in
1031 2154 1191 2238 prasenti.

497 2266 553 2325 Vir
567 2265 661 2340 cujus
680 2282 763 2322 umor
777 2260 949 2325 erravero,
966 2264 1026 2318 cte.
1048 2254 1100 2317 t'ir
1120 2253 1191 2327 iste,

447 2373 496 2427 cst
511 2363 614 2426 bonus
629 2359 829 2439 diligensque
845 2352 1105 2438 praelatuscnjus
1116 2369 1194 2413 uxor

448 2469 496 2524 est
511 2461 617 2524 anima
632 2456 751 2520 subditi
769 2454 830 2518 sibi
845 2450 1018 2526 commissi,
1032 2469 1129 2531 quam
1144 2468 1194 2510 ca-

450 2560 541 2622 ritate
556 2555 787 2639 complectitur,
805 2561 837 2615 et
853 2550 1050 2624 instruendo,
1069 2549 1194 2610 bortan-

449 2660 502 2735 dc,
520 2656 724 2738 increpando,
738 2673 773 2716 ac
792 2651 872 2714 bene
885 2650 1006 2728 agendo
1024 2647 1195 2709 fecundare

312 2772 387 2824 rat...
397 2776 429 2818 ro.
450 2765 593 2832 conatur,
606 2763 639 2817 ut
656 2753 711 2815 illa
726 2752 767 2814 sit
782 2749 873 2832 quasi
889 2748 973 2811 oliva
990 2747 1022 2807 in
1034 2745 1128 2808 domo
1139 2743 1193 2806 [lei

452 2854 628 2918 fructifera.
645 2855 715 2917 llaec
735 2869 814 2914 uxor
834 2847 982 2911 maritum
1008 2864 1101 2907 suum
1121 2861 1195 2905 con-

442 2954 574 3030 temnit,
592 2961 623 3016 et
645 2970 716 3016 cum
743 2949 805 3012 alio
829 2945 946 3010 dormit
968 2943 1048 3020 viro,
1065 2942 1194 3025 quando

1249 1981 1282 2022 se
1298 1969 1329 2024 et
1345 1961 1377 2022 iu
1398 1961 1522 2024 deliciis
1544 1961 1615 2039 fuit,
1633 1970 1756 2024 tantum
1777 1962 1848 2024 date
1860 1962 1912 2024 illi
1930 1972 1990 2026 tor-
2005 1968 2020 1989 ¹·

1248 2068 1391 2122 mentum
1416 2069 1447 2122 et
1468 2059 1599 2122 luctum.
1616 2060 1728 2123 Uterus
1752 2070 1856 2124 autem
1877 2062 1990 2125 anima

1249 2159 1332 2234 talis,
1349 2166 1397 2221 est
1412 2177 1467 2221 cor
1482 2158 1666 2241 superbum,
1684 2161 1769 2240 quod
1789 2178 1875 2222 nunc
1891 2169 1990 2223 tumet

1248 2255 1396 2332 elatione,
1421 2264 1530 2338 postea
1550 2264 1778 2320 tormentorum
1802 2257 1988 2339 repletione.

1248 2356 1337 2419 Unde
1353 2355 1386 2417 in
1401 2354 1478 2418 Osee
1493 2355 1645 2419 [fominus
1660 2365 1868 2438 protestatur:
1881 2357 1991 2420 Occur-
2003 2378 2118 2419 ramat

1249 2474 1316 2516 ram
1333 2454 1378 2517 eis
1398 2462 1434 2516 ut
1450 2475 1523 2517 ursa
1542 2455 1641 2537 raptis
1659 2456 1793 2529 catulis;
1810 2457 1990 2539 dirumpam

1250 2553 1401 2617 interiora
1410 2572 1533 2630 corum,
1542 2563 1573 2617 ct
1583 2573 1768 2618 consumam
1779 2575 1834 2618 eos
1846 2557 1989 2620 utiensi

1249 2671 1325 2733 ergo
1336 2653 1484 2735 praelatus
1495 2653 1561 2716 baec
1573 2652 1692 2728 fecerit,
1702 2673 1764 2716 non
1777 2655 1805 2716 ei
1817 2654 1992 2735 imputatur

1249 2751 1989 2836 a[lominoculpaanimaesubditisui;sedipsa,

1251 2850 1312 2911 nisi
1335 2850 1531 2932 poenituerit,
1551 2851 1582 2912 in
1600 2850 1769 2932 iniquitate
1789 2872 1846 2914 sua
1861 2854 1989 2934 peribit.

1289 2949 1460 3026 Postrem0,
1477 2957 1512 3010 nt
1529 2949 1724 3032 praeinducta
1744 2950 1861 3013 clarius
1877 2952 1992 3016 intelli·

449 3054 578 3137 praelato
593 3051 649 3115 tali
665 3068 729 3114 non
742 3045 916 3130 acquiescit
932 3063 989 3106 nec
1000 3040 1120 3118 obedit,
1138 3040 1193 3102 sed
1212 3043 1375 3130 ligantur,
1401 3047 1564 3130 quaritur,
1582 3067 1623 3110 an
1648 3067 1705 3130 per
1730 3049 1929 3130 suspiciones
1951 3052 1990 3112 sit

448 3151 646 3216 demonibus
662 3145 959 3230 suggestionibusve
974 3141 1095 3223 iniquis
1116 3159 1194 3222 praa

448 3251 501 3316 bet
516 3245 893 3326 consensum.0uumque
905 3243 1053 3326 praelatus
1064 3240 1124 3303 boc
1135 3257 1193 3321 pro

447 3359 533 3414 certo
550 3348 661 3432 nequit
680 3361 881 3426 cognoscere,
891 3360 928 3405 co
944 3341 1030 3423 quod
1041 3341 1098 3402 illa
1108 3347 1193 3402 astu-

448 3460 478 3512 te
493 3456 672 3524 excuset,ct
692 3445 761 3528 ipse
777 3441 877 3505 nimio
893 3440 959 3504 zelo
976 3439 1088 3501 salutis
1104 3437 1192 3499 illius

447 3556 623 3631 torquetur,
645 3546 740 3608 debet
758 3561 826 3606 cam
845 3538 1000 3604 sacerdoti
1022 3537 1190 3610 adducere,

449 3650 508 3711 boc
532 3655 580 3710 est
604 3647 642 3709 ad
664 3663 772 3708 veram
793 3639 1028 3706 confessionem
1050 3653 1190 3710 morere,

448 3766 504 3810 scu
519 3745 643 3809 Christo
659 3763 715 3826 per
742 3740 916 3804 ferventem
937 3734 1113 3798 orationem
1135 3731 1193 3793 hu-

448 3845 567 3908 militer
589 3841 828 3913 commendar03
846 3833 1040 3900 sacrificium
1063 3848 1192 3912 quoquc

448 3943 569 4008 offerre
586 3960 642 4024 pro
664 3959 700 4002 ea
715 3940 872 3998 ricrr'rnana
886 3944 1013 4012 portem
1027 3933 1092 3991 sati
1110 3931 1192 4007 fori-

448 4061 498 4102 nto
517 4042 708 4104 hordeacea,
729 4033 880 4116 quoniam
901 4029 1014 4092 merita
1035 4046 1103 4102 sua,
1125 4024 1193 4107 qui-

448 4140 508 4201 bus
524 4136 635 4219 implet
653 4136 761 4197 decem
783 4138 950 4213 praecepta,
967 4127 1061 4189 debet
1082 4125 1129 4187 illi
1144 4143 1192 4186 ca-

1249 3148 1484 3229 procedendum
1500 3146 1540 3209 ad
1551 3146 1681 3208 alterius
1691 3148 1937 3226 accusationem,
1945 3150 1992 3231 ju-

1249 3245 1439 3309 dicationem
1454 3253 1510 3308 aut
1525 3245 1736 3326 punitionem.
1749 3245 1902 3320 Quocirca
1918 3268 1992 3331 pen-

1249 3345 1397 3419 sandum,
1424 3343 1499 3424 quia
1523 3345 1573 3423 (ut
1598 3342 1630 3405 in
1657 3347 1796 3408 secunda
1828 3351 1989 3426 secunda,

1247 3442 1422 3524 quaestione
1446 3441 1497 3517 oo,
1523 3442 1633 3505 scribit
1658 3444 1808 3525 Thomas)
1836 3449 1989 3529 suspicio,

1248 3548 1342 3622 prout
1356 3540 1480 3602 Tullius
1496 3540 1617 3616 scribit,
1634 3541 1818 3623 opinionem
1835 3564 1891 3608 scu
1909 3548 1992 3608 aesti-

1247 3639 1419 3702 mationem
1442 3638 1518 3701 mali
1536 3638 1696 3720 importat,
1714 3661 1785 3723 quaa
1807 3663 1845 3705 ex
1866 3643 1991 3706 levibns

1247 3737 1351 3801 causis
1373 3737 1563 3819 concipitur,
1585 3746 1615 3800 ct
1638 3743 1807 3821 procedere
1828 3751 1933 3824 potest
1953 3764 1992 3806 ex

1248 3837 1350 3899 tribus
1368 3837 1507 3911 :·Primo‚
1524 3855 1562 3898 ex
1578 3836 1699 3899 malitia
1714 3840 1916 3920 suspicantis,
1934 3845 1991 3925 qni

1248 3935 1310 3996 sibi
1325 3936 1365 3997 de
1381 3934 1510 4017 proprio
1524 3935 1638 3997 merito
1660 3937 1817 4015 consciae,
1834 3939 1915 4003 alios
1937 3963 1993 4024 pu·

1248 4041 1292 4095 tat
1308 4033 1386 4095 tales
1402 4032 1507 4113 qualis
1521 4041 1569 4096 est
1586 4033 1664 4114 ipse.
1683 4035 1837 4112 Secundo,
1855 4056 1893 4099 ex
1908 4041 1992 4102 mala

1246 4130 1421 4195 allectione
1443 4132 1482 4193 ad
1507 4130 1605 4193 alium
1626 4149 1632 4193 :
1654 4133 1730 4214 quia
1751 4135 1827 4196 dum
1853 4138 1927 4217 quis
1951 4140 1992 4201 ad

447 4237 574 4299 ritative
585 4231 830 4297 communicare.
844 4232 916 4292 Non
934 4229 1087 4304 r'rzfunrtet
1096 4246 1192 4303 sroprr
1207 4234 1230 4295 n
1246 4231 1345 4292 alium
1365 4230 1447 4292 male
1469 4229 1623 4306 aflicitur,
1647 4231 1793 4309 odiendo,
1813 4233 1992 4312 irascend0,

446 4358 517 4397 cam
532 4339 650 4402 oleam,
660 4349 723 4395 non
740 4329 850 4410 utique
864 4326 970 4390 oleum
986 4323 1189 4401 adulationis,

446 4456 504 4494 noo
520 4437 603 4504 thus,
621 4431 653 4494 id
669 4437 716 4494 est
727 4430 855 4491 odorem
873 4425 993 4499 laudis;
1012 4425 1067 4486 sed
1083 4424 1190 4488 oleum

447 4533 585 4617 pietatis,
603 4528 809 4609 fragrantiam
824 4524 977 4589 orationis
993 4531 1118 4605 oportet
1134 4523 1191 4584 frn-

446 4633 586 4717 pendere
614 4629 728 4693 animae
757 4625 908 4701 devianti,
938 4625 969 4686 in
1000 4643 1063 4704 qua
1094 4622 1189 4686 etiam

445 4733 533 4813 rigor
546 4728 677 4811 justitiae
695 4725 835 4789 vicissim
853 4732 899 4786 est
915 4723 1120 4786 exercendus.
1134 4727 1191 4783 As-

446 4841 611 4910 sumetque
627 4848 747 4907 aquom
763 4828 799 4885 in
815 4845 886 4884 vaso
901 4824 1008 4900 fictili,
1026 4821 1057 4882 id
1074 4829 1122 4882 esf
1138 4841 1189 4883 sa-

449 4930 572 4993 lubrem
588 4924 763 4990 doctrinam
781 4922 813 4984 in
824 4939 878 4984 ore
894 4940 951 4984 suo
962 4947 969 4996 ;
981 4921 1032 4983 cui
1044 4920 1192 4982 miscebit

446 5030 637 5109 peraridum
660 5035 751 5085 terrm
767 5042 778 5081 .·
793 5020 944 5103 quoniam
966 5019 1064 5082 alium
1090 5019 1193 5082 incre-

451 5128 567 5211 pando,
586 5123 680 5187 debet
695 5129 726 5184 ct
741 5119 901 5203 propriam
919 5118 1124 5199 fragilitatem
1139 5138 1194 5201 pa-

309 5237 581 5308 eanaua'rumper
595 5222 768 5297 attendere,
782 5219 863 5282 sicut
879 5218 923 5280 ait
937 5216 1108 5299 Apostolus
1126 5236 1133 5279 :
1150 5219 1193 5281 Te

445 5329 556 5411 ipsum
570 5321 786 5387 considerans
807 5321 974 5402 Quantaque
987 5319 1108 5378 steterit
1122 5338 1194 5378 maa

1246 4339 1301 4392 aut
1322 4328 1420 4391 simili
1442 4329 1546 4404 modo,
1563 4337 1638 4390 tunc
1653 4349 1691 4392 ex
1711 4330 1835 4395 levibus
1855 4333 1993 4398 faciliter

1245 4436 1341 4509 atque
1363 4427 1508 4491 celeriter
1530 4426 1647 4489 malum
1673 4429 1713 4492 de
1737 4429 1807 4512 ipso
1829 4432 1991 4515 opinatur.

1246 4527 1362 4604 Tertio,
1375 4546 1412 4589 ex
1423 4525 1634 4608 experientia:
1644 4527 1753 4608 sicque
1763 4532 1904 4594 secundo
1914 4533 1995 4597 nne

1246 4625 1353 4689 toricae
1364 4624 1408 4686 ait
1417 4622 1727 4705 Philosophus‚quod
1739 4646 1830 4690 senes
1846 4640 1920 4692 sunt
1931 4651 1994 4695 ma·

1239 4724 1331 4786 'xime
1345 4722 1525 4804 suspiciosi,
1535 4722 1686 4803 quoniam
1698 4724 1833 4788 aliorum
1846 4727 1992 4792 defectus

1247 4831 1322 4884 sunt
1337 4820 1437 4901 magis
1452 4821 1583 4903 experti.
1596 4821 1726 4885 Constat
1736 4834 1852 4901 autem,
1871 4828 1992 4908 primas

1247 4923 1325 4984 duas
1341 4920 1532 5003 suspicionis
1547 4940 1658 4982 causas
1673 4941 1742 4984 esse
1764 4924 1900 5004 injustas
1917 4929 1991 4999 3sed

1247 5020 1340 5082 tertia
1365 5018 1520 5082 rationem
1546 5019 1738 5101 suspicionis
1762 5021 1925 5092 diminuit.
1954 5045 1992 5088 eo

1248 5120 1333 5201 quod
1359 5118 1542 5181 rectitudini
1567 5119 1667 5197 magis
1690 5121 1892 5203 propinquet.
1911 5125 1992 5187 ilinc

1248 5216 1390 5299 suspicio
1419 5217 1532 5279 vitium
1562 5225 1621 5279 est.
1651 5219 1707 5280 Est
1735 5229 1844 5282 autem
1875 5222 1993 5305 triplex

1248 5317 1365 5396 gradus
1384 5315 1600 5398 suspicionis:
1618 5317 1752 5395 Primus,
1768 5319 1845 5381 dum
1860 5322 1935 5403 quis
1956 5343 1995 5386 cx
