4309 6259
536 509 711 556 stannatio
733 510 763 555 lat
784 510 854 556 GAP.
877 509 952 555 xrltl
974 510 1112 556 bartolot.
1135 529 1176 540 ··-
1196 511 1267 557 aar.
1291 511 1387 558 XXXVI
1674 493 1733 557 253

180 682 243 745 lloc
259 682 411 764 equidem
432 681 552 744 dictum
573 689 632 759 est,
645 681 678 742 in
700 689 857 762 quantum
880 680 930 744 lex
945 681 971 743 Α
987 682 1098 744 talium
1119 681 1297 764 puellarum
1312 701 1346 745 cs
1362 702 1451 758 avus,
1470 681 1541 744 ideo
1561 681 1732 744 subditur:

180 800 245 843 non
267 779 455 843 continebat
475 779 622 860 gratiam,
640 787 672 842 et
694 779 763 861 ipsa
788 780 932 843 caerimo·
986 784 1067 862 quia
1084 783 1251 860 turpitudo
1269 791 1325 842 tuo
1339 781 1436 850 estid
1453 789 1511 856 est,
1525 779 1604 843 tales
1620 779 1733 862 puellae

180 879 279 942 nialia
304 899 344 942 ex
368 898 403 942 se
428 879 508 961 ipsis
532 898 596 941 non
620 877 855 959 justificabant,
873 897 931 941 nec
987 889 1062 942 sunt
1082 898 1154 943 caro
1176 889 1239 956 tua,
1257 879 1332 962 quia
1353 881 1393 942 de
1415 879 1592 942 substantia
1614 897 1670 941 seu
1686 896 1734 940 so·

179 988 269 1040 erant
285 979 350 1042 oen
365 987 505 1061 accepta,
520 977 583 1040 nisi
599 997 637 1041 ex
652 975 862 1041 offerentium
881 979 933 1040 de
987 979 1074 1041 mine
1090 979 1189 1061 prolis
1205 988 1267 1042 tum
1283 987 1357 1041 sunt
1373 986 1454 1041 natae
1472 995 1479 1040 :
1497 979 1606 1060 sicque
1622 997 1730 1040 earum

180 1077 311 1142 votione
331 1086 364 1141 et
385 1077 452 1140 lide
471 1076 643 1140 Salvatoris
667 1074 777 1139 futuri.
802 1077 932 1158 Propter
989 1078 1152 1159 turpitudo
1172 1087 1220 1141 est
1240 1086 1303 1154 tua,
1321 1087 1353 1141 et
1374 1076 1432 1139 tibi
1453 1086 1517 1139 ‘tam
1538 1076 1730 1159 propinqua,

68 1192 166 1240 aetrno.
180 1178 266 1258 quod
282 1177 328 1238 ait
337 1177 508 1258 Apostolus
521 1193 528 1238 :
541 1175 625 1237 Nihil
642 1177 680 1237 ad
692 1174 870 1257 perlectum
880 1175 933 1238 ad·
987 1176 1072 1258 quod
1095 1195 1164 1240 eam
1187 1177 1308 1238 nudare
1329 1195 1392 1238 non
1415 1175 1522 1238 debes.
1545 1177 1732 1252 Turpitndi-

56 1259 167 1366 {zm-„¹30¹
180 1276 271 1338 duxit
287 1277 350 1338 lex.
367 1276 406 1337 Et
421 1295 531 1338 rursus
549 1293 556 1336 τ
574 1275 618 1336 En
634 1274 796 1356 operibuS,
816 1274 929 1355 inquit,
987 1297 1061 1336 nem
1076 1278 1157 1353 filice
1172 1277 1284 1336 umoris
1296 1277 1404 1354 putris
1421 1278 1483 1344 tui,
1494 1295 1594 1354 quam
1607 1277 1731 1352 peperit

180 1376 262 1457 legis
280 1394 345 1437 non
362 1373 592 1456 justificabitur
606 1373 712 1436 omnis
729 1374 832 1436 home
984 1376 1077 1452 patri
1093 1385 1159 1445 tuo,
1174 1384 1203 1434 et
1218 1385 1262 1435 est
1276 1394 1364 1436 soror
1381 1384 1448 1444 tun,
1467 1393 1532 1434 non
1547 1375 1731 1434 revelabis:

222 1474 374 1555 Sequitur
383 1474 424 1535 de
434 1472 674 1555 impedimentis
686 1470 883 1534 matrimonii
894 1490 932 1533 ex
987 1473 1070 1536 sicut
1085 1474 1151 1554 jam
1168 1481 1286 1535 tactum
1302 1480 1360 1534 est.

181 1582 272 1654 parte
298 1572 559 1653 propinquitatis.
577 1573 647 1647 Epo
666 1573 826 1632 Dominus
847 1573 932 1631 Deus
1026 1571 1263 1652 Consequentur
1285 1569 1495 1652 prohibentur
1515 1577 1546 1632 et
1571 1569 1641 1632 aliae
1665 1587 1733 1650 per-

180 1683 292 1732 vester.
306 1673 420 1734 Omnis
434 1674 527 1733 bomo
542 1673 586 1731 od
596 1673 786 1748 mavimam
799 1671 932 1745 sanqui·
987 1687 1073 1732 sonat
1088 1689 1106 1730 a
1121 1668 1282 1731 connubio
1303 1667 1426 1730 ratione
1446 1667 1732 1747 consanguinitatis

178 1774 232 1831 nis
251 1773 307 1830 sui
327 1791 392 1831 non
413 1773 548 1840 accedet,
565 1779 602 1830 ut
617 1773 735 1828 revelet
751 1769 932 1846 turpitudi-
986 1766 1037 1829 vel
1053 1766 1235 1843 affinitatis,
1254 1773 1285 1830 el
1300 1767 1404 1829 clarus
1420 1774 1468 1828 ost
1483 1774 1587 1828 textus
1603 1784 1640 1827 ex
1656 1784 1732 1847 prat-

178 1889 254 1929 nem
275 1871 348 1946 ep'vvs
369 1891 380 1928 .·
401 1868 433 1930 id
458 1876 518 1943 est,
535 1867 670 1942 cunctis,
688 1865 863 1948 praesertim
881 1865 931 1926 lu·
947 1865 970 1925 B
987 1864 1137 1928 inductis.
1155 1866 1379 1928 Verumtamen
1400 1866 1487 1946 quod
1512 1864 1567 1941 ait,
1595 1867 1731 1924 livorem

178 1967 267 2043 dreis,
281 1967 438 2050 prohibeo
453 1985 526 2029 cum
544 1984 679 2048 persona
693 1964 931 2044 consanguinea
985 1965 1103 2040 fratris
1121 1965 1175 2025 sut
1193 1968 1305 2024 nullus
1320 1965 1469 2040 accipiat,
1488 1962 1730 2042 intelligendum

178 2067 328 2148 copulam
345 2065 428 2128 inire
443 2065 614 2128 carnalem.
631 2065 675 2126 lle
690 2063 809 2146 quibus
824 2072 930 2126 autem
985 2072 1043 2140 est,
1062 2062 1160 2126 tratre
1184 2063 1240 2126 illo
1264 2062 1403 2139 vivente,
1425 2069 1535 2125 contra
1560 2062 1644 2144 quod
1665 2061 1731 2142 egil
1762 2089 1874 2142 pared,

177 2164 324 2246 cognatis
340 2183 397 2227 seu
411 2162 569 2225 affinibus
585 2162 670 2224 istud
687 2162 729 2223 sit
749 2161 931 2242 intelligen-
984 2161 1122 2224 Herodes
1140 2184 1147 2237 3
1171 2161 1221 2224 vel
1248 2161 1310 2223 nisi
1335 2159 1505 2224 defunctus
1536 2159 1577 2222 sit
1607 2160 1730 2222 semine
1746 2155 1778 2196 ¹⁸·

178 2263 267 2340 dum,
285 2269 520 2342 consequenter
535 2259 776 2323 determinatur.
790 2263 930 2336 EpoDo
985 2281 1048 2326 non
1064 2261 1187 2324 relicto.
1206 2263 1351 2321 Sororem
1369 2261 1483 2320 uvoris
1499 2270 1562 2321 luoe
1578 2261 1614 2320 in
1635 2261 1729 2336 pelli-

177 2365 301 2422 minus.
323 2362 576 2438 Turpitudinem
588 2361 806 2439 patristuiet
823 2361 929 2436 turpi·
983 2370 1093 2420 cotum
1118 2362 1221 2431 illius,
1249 2359 1280 2420 id
1305 2367 1354 2421 est
1380 2359 1420 2420 ad
1449 2358 1728 2421 concumbendum

178 2463 328 2520 tudinem
350 2461 553 2520 metretae
575 2479 639 2520 nou
659 2459 880 2536 discooperies,
896 2457 928 2520 id
983 2477 1056 2521 cum
1081 2476 1118 2520 ea
1143 2456 1394 2533 meretricaliter,
1419 2477 1484 2518 non
1509 2458 1658 2534 accipies,
1672 2476 1730 2516 nec

177 2567 237 2632 est,
255 2577 315 2620 nec
331 2556 584 2638 liliapatri,nec
602 2555 690 2618 tilius
706 2555 929 2618 matrimiaco-
983 2559 1139 2616 revelabis
1169 2557 1407 2633 turpitudinem
1436 2557 1506 2632 ejus
1536 2557 1643 2615 adbuc
1668 2557 1729 2614 illo

176 2655 276 2718 bitur.
295 2660 404 2718 Mater
424 2667 481 2717 tua
500 2665 556 2728 est,
574 2676 639 2716 non
654 2657 810 2714 revelabis
827 2656 928 2731 turpi·
983 2658 1121 2728 vivente,
1143 2655 1175 2717 id
1200 2665 1258 2727 est,
1284 2653 1383 2736 priori
1407 2673 1505 2717 uxore
1530 2662 1594 2730 lua,
1621 2671 1729 2717 sorore

178 2758 328 2816 trvdinem
352 2757 423 2832 ejus
448 2776 459 2814 .·
485 2754 517 2816 id
542 2763 602 2830 est,
628 2753 748 2816 idcirco
770 2772 839 2816 cam
863 2771 927 2816 non
983 2753 1082 2830 illius,
1100 2754 1242 2817 nondum
1258 2751 1410 2816 defuncta
1428 2771 1434 2814 :
1453 2772 1491 2815 ex
1506 2771 1569 2835 quo
1590 2751 1728 2828 elicitur,

175 2871 363 2934 cognosces,
380 2853 534 2934 quoniam
554 2861 656 2914 mater
675 2861 724 2914 est
744 2859 807 2928 tua,
825 2859 856 2913 et
872 2869 929 2932 por
982 2854 1067 2934 quod
1089 2852 1179 2915 licuit
1196 2853 1301 2934 priore
1316 2850 1478 2915 defuncta.

176 2969 463 3032 consequens,non
474 2959 539 3012 tam
550 2951 803 3014 irreverentcret
813 2949 928 3013 vitiose
1026 2957 1081 3014 Aol
1104 2955 1274 3013 mulierem
1299 2973 1370 3032 qua
1392 2952 1521 3028 patitur
1546 2959 1728 3017 menstrua,

177 3050 349 3112 tractanda
364 3051 616 3127 limpitudinem
627 3051 741 3110 umoris
748 3049 855 3126 patris
867 3050 925 3119 tui,
942 3052 965 3115 C
982 3072 1047 3113 nou
1062 3055 1199 3123 accedes,
1211 3071 1267 3111 nec
1282 3051 1436 3110 revelabis
1451 3051 1630 3130 faeditatem
1645 3049 1725 3124 ejus.

177 3147 211 3210 id
227 3156 276 3211 est
289 3148 430 3228 genitale
445 3157 508 3211 luae
523 3167 679 3225 novercae,
691 3168 756 3208 non
771 3148 928 3223 discoope-
984 3150 1025 3212 lle
1045 3148 1150 3213 causis
1170 3157 1201 3212 ct
1222 3148 1385 3212 intellectu
1405 3147 1499 3230 bujus
1521 3146 1671 3229 precepti
1693 3145 1727 3206 in

177 3249 253 3308 ries,
275 3250 457 3325 Turpiludo
476 3249 564 3308 enim
577 3248 684 3324 patris
699 3248 749 3307 tui
762 3255 808 3306 est
823 3265 834 3304 .·
849 3263 929 3326 quo
982 3248 1181 3330 expositione
1200 3246 1423 3329 quintidecimi
1445 3244 1577 3328 capituli
1597 3253 1646 3307 est
1666 3252 1727 3306 tra·
1742 3265 1874 3318 canat.

52 3363 96 3405 tien.
105 3379 124 3413 ιι,
134 3367 164 3408 ts.
178 3345 266 3407 niam
283 3345 334 3408 vir
348 3353 381 3407 el
395 3345 512 3426 conjux
523 3353 711 3426 reputantur
727 3359 790 3405 ulla
806 3349 928 3420 (tarmei
982 3355 1113 3410 etatum,
1137 3349 1217 3408 Cum
1239 3367 1339 3406 uxore
1353 3346 1503 3423 praesinti
1524 3347 1574 3406 tui
1593 3365 1658 3406 mort
1679 3365 1728 3404 co-

179 3443 252 3505 talis
281 3443 495 3525 discoopertio
521 3444 613 3506 valde
642 3441 855 3523 ignominiosa
879 3449 926 3504 est
982 3449 1043 3506 ibis
1054 3465 1112 3507 nec
1121 3447 1254 3506 seminis
1264 3447 1492 3506 comntioetione
1502 3445 1725 3504 rnacutoberis.

177 3542 273 3624 patri.
300 3542 433 3624 Propter
457 3542 542 3623 quod
567 3527 756 3622 Acbitopbel
782 3539 863 3601 dixit
886 3539 927 3601 ad
983 3549 1029 3605 De
1051 3547 1172 3605 semine
1193 3553 1246 3604 luo
1271 3564 1336 3605 non
1361 3545 1453 3604 dabis
1475 3553 1511 3602 ul
1530 3551 1728 3602 consecretur

62 3657 163 3712 tinam
177 3641 329 3704 Absalom
347 3657 354 3702 :
373 3641 540 3720 ingredere
554 3641 594 3702 ad
610 3638 807 3702 concubinas
827 3637 927 3719 patris
981 3646 1067 3703 idolo
1077 3645 1212 3703 Moloob.
1222 3640 1491 3715 Quemadmodum
1504 3639 1596 3702 tertio
1607 3639 1726 3718 Regum

52 3721 79 3760 ²¹·
177 3740 235 3816 tui,
253 3748 289 3801 ut
313 3759 413 3820 quum
439 3739 575 3801 audierit
596 3739 701 3800 omnis
722 3737 816 3800 lsrael
841 3737 927 3817 quod
981 3739 1107 3820 legitur,
1125 3741 1258 3803 Chamos
1282 3739 1343 3800 luit
1365 3739 1485 3802 idolum
1505 3737 1723 3813 Moabitarum,
1756 3756 1873 3812 trinae.

178 3837 351 3902 loedaveris
372 3846 495 3919 patrem
519 3845 620 3914 tuum,
645 3837 836 3899 roborentur
860 3854 927 3897 ma·
981 3839 1101 3903 llolocb
1126 3857 1202 3902 vero
1228 3837 1289 3900 luit
1313 3838 1434 3900 idolum
1459 3836 1723 3919 Ammonitarum.
1742 3823 1762 3862 ⁷·

178 3957 237 3999 nus
252 3955 366 4000 eorum
382 3943 498 3999 tecum.
515 3935 612 3999 Jacob
626 3953 755 4017 quoque
773 3934 924 4008 moriens,
981 3937 1123 4001 Cultoros
1143 3946 1249 4000 autem
1264 3936 1396 4012 llolocb,
1414 3935 1573 3998 interdum
1595 3933 1728 3996 miscue-

176 4035 381 4098 abominatus
403 4043 452 4098 est
475 4034 631 4098 incestum
658 4031 842 4115 hujusmodi
866 4030 927 4092 Ru·
981 4045 1055 4098 runt
1071 4037 1104 4097 in
1121 4035 1288 4098 sacrificiis
1304 4035 1373 4115 ejus
1388 4033 1509 4116 aliquid
1526 4033 1658 4096 seminis
1671 4050 1726 4094 seu

51 4133 503 4209 aa.1m,sbcn:Noncrescas,
522 4133 683 4214 inquiens,
696 4131 772 4212 quia
785 4133 927 4195 ascendi·
981 4134 1150 4216 spermatis
1172 4132 1232 4196 sui.
1255 4133 1414 4195 Interdum
1435 4140 1582 4213 parentes
1602 4130 1726 4193 obtule-

178 4233 218 4294 sti
232 4232 342 4295 cubile
358 4232 457 4314 patris
474 4231 531 4293 tui.
548 4233 799 4309 turpitudinem
807 4234 926 4292 sororis
942 4233 965 4294 Ι)
981 4241 1056 4294 runt
1071 4230 1246 4295 infantulos
1262 4249 1336 4294 suos
1352 4230 1437 4294 idolo
1457 4229 1532 4293 buic
1550 4247 1557 4293 :
1574 4229 1672 4310 quod,
1689 4235 1725 4290 ut

177 4343 240 4394 tuoe
253 4342 398 4410 enpatre
411 4333 479 4391 sive
492 4352 534 4391 ev
548 4340 665 4399 matre,
677 4329 709 4391 id
725 4336 783 4407 est,
800 4329 868 4392 sive
884 4330 925 4393 sit
981 4327 1093 4406 fertur,
1103 4348 1256 4412 cupreum
1268 4328 1329 4391 luit
1344 4336 1375 4391 et
1390 4347 1577 4404 concavum,
1589 4327 1724 4390 sormam

174 4451 265 4496 soror
280 4441 335 4493 tua
350 4431 456 4494 solum
470 4448 509 4492 ex
528 4437 617 4510 parte
637 4427 747 4510 patris,
770 4428 838 4491 sire
859 4437 926 4491 tan-
980 4428 1102 4491 babens
1121 4428 1305 4490 humanam.
1327 4428 1492 4508 Quumque
1508 4426 1594 4488 intus
1611 4423 1726 4487 luisset

176 4541 242 4594 tum
262 4551 301 4595 cx
327 4539 416 4613 parte
436 4529 567 4605 matris3
593 4550 665 4608 pram
687 4530 777 4589 dorni
802 4532 852 4588 vel
876 4531 924 4607 fo·
981 4528 1054 4606 igne
1083 4545 1282 4602 succensum,
1307 4525 1483 4608 ponebatur
1511 4523 1664 4606 puerulus
1690 4523 1724 4584 in

174 4634 223 4691 ris
236 4633 351 4709 penita
371 4640 428 4701 est,
445 4628 478 4690 id
499 4635 547 4690 est
566 4646 604 4690 ex
625 4635 693 4690 toro
709 4625 853 4707 legitimo
868 4646 924 4689 seu
980 4626 1067 4688 ulnis
1082 4644 1138 4688 seu
1154 4624 1302 4687 manibus
1318 4623 1406 4701 idoli,
1419 4631 1449 4685 et
1463 4620 1720 4684 comburebatur.

176 4730 356 4812 illegitimo,
380 4728 432 4792 vel
454 4727 553 4805 domi,
571 4727 603 4788 id
625 4733 673 4788 est
694 4726 729 4786 in
750 4724 923 4802 ludaismo,
980 4723 1434 4806 ldoxquesacerdotestantum
1451 4719 1596 4783 lecerunt
1609 4737 1723 4782 sonum
1745 4757 1748 4764 ι

176 4830 225 4892 rel
252 4827 343 4904 ioris,
372 4828 404 4889 id
429 4832 477 4890 est
501 4835 589 4889 extra
612 4824 831 4898 Iudaismum3
860 4845 925 4886 non
979 4841 1052 4885 cum
1076 4821 1246 4905 tympanis,
1264 4822 1347 4903 quod
1368 4827 1516 4902 parentes
1538 4825 1569 4881 et
1590 4816 1646 4880 alii
1667 4816 1723 4898 qui

174 4929 330 4988 revelabis
345 4948 357 4986 .·
373 4935 405 4989 et
421 4945 477 5007 per
491 4942 703 5004 consequens,
722 4923 786 4985 imo
807 4942 864 5003 per
879 4921 925 4985 lo
978 4921 1158 4997 adstabant,
1168 4919 1426 4984 lamentationem
1442 4917 1574 4981 infantis
1589 4936 1652 4980 non
1668 4936 1724 4979 au-

174 5046 246 5089 cum
261 5047 281 5089 a
296 5025 423 5107 majori,
447 5023 679 5106 turpitudinem
701 5022 771 5103 ejus
792 5040 856 5084 non
878 5041 925 5084 re
979 5021 1118 5096 dierunt,
1128 5039 1168 5082 ne
1183 5019 1403 5100 compassione
1417 5016 1652 5098 affligerentur,
1664 5015 1718 5078 sed

174 5126 307 5203 velabis,
325 5125 353 5187 si
373 5144 412 5187 ex
432 5132 522 5204 parte
542 5120 708 5202 utriusque
725 5121 866 5201 parentis
883 5121 924 5182 sit
978 5119 1118 5181 animam
1134 5116 1224 5200 pueri
1240 5116 1406 5180 crederent
1420 5135 1438 5178 a
1454 5115 1515 5177 diis
1531 5123 1719 5196 susceptam.

174 5243 264 5288 soror
279 5233 344 5286 tua.
358 5224 611 5300 Turpitudinem
625 5223 706 5298 filice
720 5221 788 5297 filii
804 5221 864 5291 tui,
874 5224 924 5279 oet
979 5219 1046 5279 Nec
1064 5221 1191 5294 pollues
1215 5236 1330 5275 nomen
1355 5217 1415 5277 Dei
1435 5216 1496 5286 tui,
1523 5213 1628 5296 ipsum
1655 5219 1719 5274 lam

174 5326 279 5403 neptis
299 5343 342 5383 eu
361 5323 448 5399 filia,
471 5340 537 5382 non
561 5320 717 5379 revelabis
738 5336 750 5379 .·
771 5315 923 5397 quoniam
977 5314 1117 5396 graviter
1136 5313 1369 5389 inhonorando,
1388 5331 1444 5375 scu
1466 5309 1721 5393 incorruptibilis
