4309 6259
293 913 369 952 attens.

438 455 499 518 232

790 481 965 528 anshelmo
986 483 1017 528 m
1038 484 1107 529 GAP.
1130 483 1206 529 xvm
1226 482 1363 529 cermel.
1386 501 1426 512 -
1446 483 1517 528 aar.
1539 482 1635 530 XXXVI

439 641 514 710 licet
530 667 715 733 synagogas,
726 652 808 715 sicut
822 661 854 716 et
869 673 955 717 nunc
970 653 1186 718 habentChri-
1200 652 1224 714 Α
1238 653 1318 716 alios
1333 673 1553 731 exercere,seu
1568 654 1692 718 labores
1707 661 1739 717 ct
1753 653 1838 718 bona
1853 647 1974 716 illorum

440 746 535 809 stiani
558 750 665 830 plures
685 751 846 815 ecclesias.

300 846 427 918 sensumt-
475 847 602 930 llystico
619 869 694 914 vero
714 851 817 914 voluit
833 851 894 914 sibi
912 854 994 915 Deus
1011 854 1044 914 in
1060 873 1124 917 uno
1140 852 1185 917 lo-

440 965 478 1008 co
498 949 684 1026 sacrificari,
702 952 741 1013 ad
759 949 1031 1033 praefigurandum
1048 955 1133 1034 quod
1152 955 1184 1016 in

440 1047 623 1126 evangelica
638 1049 708 1130 lege
726 1049 835 1112 omnia
855 1049 927 1112 lieri
947 1059 979 1113 ct
998 1050 1112 1114 offerri
1132 1054 1186 1116 de

338 1171 343 1176 ·
440 1142 535 1205 beant
551 1145 583 1207 in
601 1147 816 1210 ecclesiastiea
836 1149 969 1226 unitate,
985 1157 1082 1231 atque
1103 1149 1185 1213 indi-

438 1241 535 1305 vidua
549 1245 690 1323 caritate,
709 1245 742 1307 in
763 1247 858 1308 nnius
880 1245 957 1310 lidci
977 1267 1041 1323 ara,
1060 1256 1095 1310 ut
1115 1249 1195 1312 uni--

439 1359 537 1403 versae
561 1342 696 1406 hareses
720 1344 861 1408 vitentur
885 1355 917 1408 et
942 1346 1126 1423 schismata,
1154 1355 1185 1410 et

436 1438 593 1520 quidquid
609 1441 732 1503 caritati
749 1451 914 1524 repugnat.
933 1444 1064 1526 Insuper
1079 1454 1111 1507 et
1126 1464 1184 1508 nos

436 1536 557 1599 hostias
577 1547 700 1601 nostras
721 1559 921 1624 nequaquam
939 1543 979 1605 de
998 1550 1104 1606 cetero
1119 1544 1183 1606 dae·

436 1635 585 1698 monibus
604 1636 792 1716 offeramus,
810 1641 864 1703 sed
885 1641 959 1716 Deo,
977 1641 1021 1702 ita
1038 1649 1072 1702 ut
1089 1660 1183 1704 omne

436 1734 520 1815 quod
536 1736 670 1815 agimus,
688 1737 729 1798 ad
749 1737 802 1799 ilci
824 1739 977 1802 bonorem
997 1748 1029 1801 ct
1048 1740 1182 1819 gloriam

1239 771 1437 816 consumere.
1450 754 1543 816 Porro
1560 753 1586 814 si
1602 753 1725 834 aliquid
1740 752 1917 834 ceperimus
1932 774 1978 811 ve-

1238 855 1382 923 natione,
1405 851 1436 914 id
1459 860 1517 929 est,
1539 852 1679 934 aliquem
1701 852 1740 914 ad
1763 851 1846 914 viam
1870 850 1977 912 salutis

1238 951 1488 1014 converterimus
1508 951 1742 1032 predicatione,
1759 959 1813 1012 aut
1829 953 1977 1027 arwaerpt'o,

1239 1050 1271 1112 id
1283 1057 1330 1112 est
1342 1049 1498 1123 orationc;
1510 1059 1680 1130 antequam
1694 1049 1785 1111 illum
1797 1049 1937 1124 mamus,
1946 1048 1975 1109 id

1238 1157 1296 1224 est,
1306 1148 1547 1211 conversatione
1562 1167 1598 1210 ac
1613 1146 1791 1212 imitatione
1805 1147 1906 1228 ipsius
1922 1165 1976 1210 nos

1238 1246 1438 1322 reficiamus,
1469 1246 1558 1327 prius
1589 1245 1760 1308 tundamus
1788 1246 1977 1322 sarmuinem

1237 1347 1319 1422 ejus,
1330 1345 1362 1406 id
1378 1352 1436 1422 est,
1449 1353 1537 1406 actus
1553 1352 1584 1407 et
1600 1344 1737 1408 allectus
1752 1344 1895 1406 carnales
1909 1345 1977 1405 abs

1237 1443 1400 1506 trahamus
1415 1444 1455 1505 ab
1472 1443 1548 1526 ipso,
1565 1451 1598 1505 ut
1611 1444 1748 1506 mundus
1761 1443 1802 1505 sit
1816 1443 1914 1505 cibus
1921 1441 1976 1516 Qui

1238 1541 1324 1604 enim
1342 1545 1511 1602 corurderr't
1528 1545 1735 1603 rnorticiuum
1751 1547 1800 1602 cel
1815 1551 1976 1618 capturae

1238 1640 1388 1712 bestiam
1404 1649 1463 1717 est,
1475 1641 1545 1721 ejus
1560 1640 1683 1704 actibus
1699 1640 1803 1722 pravis
1820 1659 1977 1702 corsuum

1238 1738 1395 1816 relcccrit,
1408 1739 1464 1821 qui
1477 1759 1515 1802 ex
1528 1739 1656 1821 propria
1669 1739 1841 1801 infectione
1852 1747 1905 1800 aut
1918 1757 1978 1798 ma-

436 1831 603 1895 sinceriter
627 1835 811 1898 ordinemus
835 1857 872 1899 ac
898 1835 1068 1914 iaciamus,
1096 1841 1183 1902 omni
1203 1838 1383 1917 Blignitatc
1399 1838 1432 1899 in
1449 1837 1594 1901 mortalia
1607 1838 1714 1920 lapsus
1725 1844 1782 1912 est,
1792 1836 1843 1899 rel
1854 1845 1978 1918 captum

437 1931 565 1993 exclusa
575 1933 714 1996 vanitate
729 1953 765 1996 ac
781 1935 910 1997 sinistra
926 1935 1184 2001 intentionc.Ncc

439 2029 626 2110 sanguinem
642 2033 882 2109 manducemus,
895 2034 927 2095 id
945 2044 1003 2112 est,
1018 2035 1138 2117 iniquis
1155 2045 1185 2098 ot

439 2129 621 2192 carnalibus
640 2130 775 2194 aliorum
792 2133 943 2213 operibus
961 2152 1024 2196 non
1045 2153 1186 2197 commu-

442 2225 585 2290 nicemus
597 2247 655 2292 nec
666 2231 1005 2312 consentiamusjuxta
1016 2232 1095 2294 illud
1107 2233 1187 2315 Apo-

293 2339 423 2389 euarma.
440 2325 511 2388 stoli
531 2343 538 2388 ε
556 2326 623 2390 Non
639 2328 783 2409 acquievi
799 2329 887 2391 carni
904 2339 935 2392 et
950 2329 1111 2411 sanguini.
1130 2331 1185 2394 Vel

439 2425 627 2506 sangninem
644 2427 844 2505 manducare,
857 2437 905 2490 cst
917 2429 1136 2492 crudelitatem
1153 2430 1186 2492 in

1238 1935 1374 2008 abestis,
1386 1936 1417 1998 id
1429 1935 1665 2016 cstamalignis
1677 1934 1843 2017 spiritibus
1855 1935 1982 2007 vietum,

1239 2054 1295 2096 seu
1328 2034 1510 2097 bestialium
1542 2042 1597 2097 aut
1629 2033 1784 2098 ferocium
1816 2033 1979 2096 bominum

1240 2133 1445 2215 persuasione
1456 2134 1674 2214 deceptum,et
1685 2132 1892 2214 spiritualiter
1903 2149 1981 2194 mor-

1240 2241 1339 2308 tuum,
1359 2231 1513 2308 interibit,
1532 2230 1594 2293 nisi
1609 2253 1668 2292 suo
1689 2230 1801 2293 laverit
1819 2233 1980 2290 vestieran-

1241 2341 1286 2400 to,
1298 2330 1329 2392 id
1346 2339 1401 2406 est,
1415 2329 1512 2394 vitam
1529 2338 1560 2392 ot
1574 2339 1663 2392 actus
1679 2347 1752 2392 suos
1768 2348 1824 2411 per
1840 2327 1979 2410 poenitcn

1241 2430 1292 2494 tiae
1308 2430 1454 2493 lacrimas
1472 2438 1503 2492 et
1520 2429 1768 2493 satisfactionem
1786 2429 1977 2511 purgaverit.

940 2859 1264 2946 tumemus
1302 2861 1484 2944 XXXVI

576 3133 766 3178 DECLARATlO
788 3133 926 3178 centrum
948 3133 1160 3179 ocravmeclm
1182 3134 1189 3180 :
1214 3133 1404 3189 LOCUTUSQUE
1426 3136 1480 3181 EST
1500 3135 1631 3182 boninus
1653 3137 1694 3182 ΑΙ)
1715 3136 1844 3182 belsan.

507 3411 668 3475 uulnus
704 3412 737 3474 in
766 3413 896 3476 exordio
925 3414 1021 3494 hujus
1048 3411 1180 3494 capituli
1197 3411 1218 3474 C
1237 3413 1391 3497 AEgyptiis
1421 3415 1543 3498 aliquid
1573 3427 1811 3497 contraxerunt,
1843 3429 1875 3482 ct
1903 3421 1980 3482 vitia

515 3512 668 3592 quasdam
685 3511 817 3574 resumit
828 3511 1062 3575 exhortationes
1072 3530 1109 3574 ac
1119 3511 1182 3591 jus-

437 3609 543 3672 siones
559 3610 885 3691 prehabitas,deinde
899 3613 1016 3692 gradus
1026 3612 1181 3692 quosdam

437 3709 722 3790 consanguinitatis
738 3720 769 3773 et
788 3710 959 3774 allinitatis
980 3731 998 3774 a
1018 3714 1181 3776 matrimo-

438 3808 491 3871 nio
514 3808 662 3871 excludit.
680 3814 880 3891 Locutusque
898 3823 942 3872 cat
957 3815 1117 3874 Dominus
1138 3817 1182 3874 ad

1236 3511 1486 3577 Chananaeorum
1503 3516 1640 3579 faciliter
1661 3517 1801 3580 incidere
1821 3527 1977 3599 poterant.

1275 3609 1406 3675 Ostenso
1416 3615 1492 3694 quid
1504 3615 1640 3678 debcant
1650 3615 1775 3692 evitare,
1785 3616 1892 3679 subdit
1903 3616 1979 3698 q'uid

1235 3730 1329 3791 egere
1354 3711 1500 3776 debeant.
1528 3717 1667 3776 Facietis
1684 3717 1817 3792 judicia
1845 3737 1925 3787 mea,
1948 3715 1980 3776 id

1236 3817 1294 3886 est,
1320 3810 1485 3891 judicialia
1509 3830 1580 3874 mea
1605 3821 1761 3895 precepta
1784 3812 1924 3896 implete,
1950 3824 1980 3873 et

440 3911 581 3985 Moysen,
602 3911 712 3970 diceas
733 3931 744 3969 :
760 3913 902 3990 Loquere
920 3914 1002 3989 filiis
1023 3915 1138 3984 Israel,
1153 3923 1182 3972 ct
1231 3919 1391 3986 precepta
1403 3910 1712 3973 moraliascroubitis
1723 3931 1778 3993 pcr
1794 3913 1978 3975 memoriam

436 4008 521 4066 dicas
544 4009 588 4066 ad
608 4027 658 4066 eos
677 4026 715 4069 ex
735 4016 823 4089 parte
844 4009 906 4071 mei
925 4027 932 4070 ε
949 4012 1019 4086 Epo
1033 4031 1106 4071 sum
1121 4014 1184 4073 Do·

437 4106 548 4165 mitius
563 4109 647 4166 Deus
663 4118 774 4177 vester,
787 4106 937 4188 quoniam
954 4109 1046 4170 vobis
1062 4110 1183 4190 specia-

438 4201 510 4264 liter
532 4203 634 4282 legem
656 4205 756 4281 trado,
773 4205 930 4286 gratiosus
952 4205 1182 4290 beneficusque

437 4300 565 4377 exsisto,
583 4307 615 4363 et
629 4321 647 4364 a
662 4300 753 4365 vobis
770 4303 895 4366 adorari
911 4313 943 4367 ct
957 4305 1018 4367 coli
1040 4306 1180 4387 requiro.

435 4403 539 4460 Juutc
567 4405 832 4462 cousuetudinem
863 4413 955 4464 aava
978 4407 1118 4482 AEpypti
1145 4407 1182 4464 in

436 4518 502 4577 quo
525 4499 705 4571 habitastis,
722 4522 786 4562 nou
811 4504 950 4581 soct'ctis,
974 4502 1007 4564 id
1029 4511 1088 4580 est,
1110 4521 1182 4566 con-

1236 4015 1268 4070 et
1287 4007 1450 4084 ellectum,
1468 4020 1498 4069 ct
1517 4013 1725 4072 ornbulabitr's
1745 4013 1780 4071 iu
1800 4013 1857 4082 eis,
1877 4030 1980 4092 perse·

1237 4107 1376 4168 vorando
1401 4127 1501 4188 usque
1532 4108 1565 4169 in
1591 4106 1701 4171 linem.
1728 4111 1797 4186 Epo
1821 4113 1981 4170 Dominus
2016 4144 2117 4187 M,

1236 4209 1323 4267 Deus
1346 4218 1455 4268 cester.
1481 4210 1643 4270 Custodite
1666 4213 1745 4284 loces
1764 4229 1860 4280 meas,
1879 4208 1911 4270 id
1933 4217 1980 4272 est
1996 4209 2032 4248 Β·

1237 4303 1462 4368 cerimonialia
1471 4306 1570 4386 jussa,
1580 4308 1822 4386 atqaoejudieia.
1832 4305 1979 4380 Quasdam

1236 4402 1399 4482 judicialia
1410 4413 1568 4485 praecepta
1580 4403 1709 4466 luerunt
1720 4404 1893 4466 institutae
1904 4405 1977 4481 Deo,

1237 4502 1381 4581 quadam
1403 4521 1459 4584 per
1484 4504 1554 4583 ejus
1579 4501 1726 4580 vicarios,
1754 4521 1810 4583 per
1835 4521 1924 4584 roges
1949 4511 1981 4564 ct

436 4597 636 4660 suetudinem
655 4599 878 4662 idololatrandi
894 4600 1111 4682 AEgyptiorum
1129 4620 1182 4664 re
1198 4601 1222 4660 D
1237 4597 1407 4680 pontifices
1438 4619 1493 4663 sen
1518 4601 1691 4683 principos,
1715 4609 1747 4664 et
1770 4611 1904 4683 utraque
1929 4621 1981 4665 ro-

436 4694 486 4757 bis
516 4696 691 4777 prebibco;
718 4708 747 4759 ct
764 4702 868 4776 jueta
898 4719 1018 4760 morem
1041 4701 1183 4778 repiouis

439 4797 608 4866 (bonuau,
616 4800 661 4857 ud
670 4818 769 4877 quam
783 4817 838 4875 epo
849 4801 1097 4861 introducturus
1110 4811 1182 4860 autu

436 4913 503 4962 vos,
524 4915 589 4954 uon
613 4898 726 4971 apetie,
750 4917 808 4956 nec
832 4898 868 4957 iu
894 4899 1047 4972 lepitimis
1070 4919 1183 4958 eorum

435 4993 658 5063 ambulabitis,
675 4992 829 5055 imitando
844 4993 1040 5057 idololatrias
1055 5004 1088 5057 et
1104 5003 1183 5059 cete

437 5108 471 5152 ra
485 5089 735 5152 Chananaaorum
751 5091 1030 5156 facinorallorum
1046 5094 1182 5157 duorum

436 5187 626 5270 populorum
644 5188 840 5252 idololatrias
852 5199 1021 5272 etpcccata
1039 5193 1184 5274 speciali·

435 5293 483 5348 ter
502 5284 650 5368 probibet
669 5287 727 5365 eis,
744 5288 821 5370 quia
841 5289 881 5352 de
895 5291 1182 5356 consuetudinibus

1237 4698 1297 4760 luit
1320 4699 1401 4761 Deus
1425 4699 1563 4782 impleri.
1583 4705 1660 4770 Quoe
1675 4703 1798 4780 sociares
1813 4704 1918 4771 bomo,
1934 4706 1982 4763 oi-

1237 4807 1286 4857 vet
1313 4800 1349 4858 iu
1374 4802 1420 4860 cis
1444 4817 1501 4881 per
1530 4799 1675 4880 gratiam,
1704 4799 1736 4860 in
1762 4809 1916 4880 quantum
1943 4820 1982 4864 ex

1237 4895 1367 4959 caritate
1389 4896 1574 4977 implentur,
1593 4897 1702 4978 sicque
1722 4915 1778 4979 per
1797 4915 1907 4960 eorum
1923 4898 1981 4960 im-

1238 4993 1411 5075 pletionem
1443 4994 1482 5056 ad
1513 4994 1610 5058 vitam
1640 4995 1748 5074 glorie
1778 4995 1979 5076 perducetur.

1237 5093 1299 5155 Nec
1321 5093 1425 5155 obstat
1445 5094 1530 5173 quod
1550 5111 1608 5174 per
1624 5093 1819 5156 Ezechielem
1841 5092 1982 5174 loquitur

1238 5191 1391 5254 Dominus
1409 5209 1415 5252 :
1434 5191 1510 5253 Dedi
1526 5192 1572 5253 eis
1589 5201 1745 5273 praecepta
1761 5210 1824 5254 non
1838 5191 1933 5268 bona,
1951 5199 1982 5254 et
2008 5231 2117 5274 Em,

1240 5289 1341 5369 legem
1357 5309 1414 5352 seu
1429 5290 1578 5352 mandata
1593 5290 1624 5352 in
1641 5290 1759 5372 quibus
1775 5308 1839 5352 non
1860 5291 1979 5352 virent.
1999 5295 2033 5334 ὶδ-
