4309 6259
308 3146 428 3196 Muttinis,

298 3213 331 3252 lb.

451 475 510 540 ⁶100

795 490 968 537 Ennbnnrlo
990 491 1020 536 tv
1042 489 1111 535 ΕΜ).
1133 490 1186 536 xlv
1206 489 1403 538 Nouanonuu.
1426 511 1466 522 -
1487 492 1558 538 ΑΜ.
1579 491 1653 538 ΠΝ

449 663 504 725 Dei
528 661 709 725 clementia.
730 662 787 724 Per
811 669 1061 723 murmuratores
1086 667 1193 722 autem
1209 658 1234 720 Α
1250 661 1352 724 tiones
1363 670 1395 724 et
1406 662 1681 744 concupiscentias
1693 662 1987 744 pravas3frangitur

449 761 526 823 istos
542 779 578 823 ao
594 761 810 842 desperantes,
829 758 1052 839 intelliguntur
1073 765 1196 839 tempo

450 859 564 921 ralium
580 857 812 938 amatoresqui
825 875 863 920 ex
879 857 1134 919 transitoriarum
1151 874 1196 917 re

450 977 520 1018 rurn
537 956 719 1033 amissione,
730 956 890 1017 interdum
907 955 953 1016 sic
968 955 1195 1036 opprimuntur

449 1074 595 1132 moerore,
614 1064 648 1117 ut
663 1055 794 1136 cupiant
814 1063 960 1130 mortem,
977 1052 1042 1116 imo
1062 1071 1132 1115 eam
1153 1052 1194 1113 si-

449 1155 482 1217 bi
498 1154 741 1218 sceleratissime
758 1152 909 1216 inferant.
924 1151 1193 1233 lncorrigibilium

447 1272 576 1334 quoque
586 1254 713 1316 illorum
731 1252 928 1334 impietatem
944 1259 1129 1332 sequuntur,
1138 1248 1193 1330 qui

449 1352 537 1414 nulla
559 1351 787 1415 informatione
810 1349 986 1412 flectuntur
1007 1350 1041 1410 in
1064 1349 1191 1425 melius,

448 1452 503 1514 sed
525 1451 631 1532 potius
655 1450 839 1532 pejorentur
859 1467 897 1511 ea
917 1447 1146 1510 informatione
1162 1455 1194 1510 et

448 1549 648 1630 correptione
673 1547 821 1629 benigna,
845 1547 878 1608 in
906 1555 1028 1608 tantum
1054 1554 1090 1608 ut
1114 1565 1193 1608 non-

450 1667 614 1730 nunquam
630 1647 803 1710 violentam
825 1647 995 1709 extendant
1011 1664 1142 1708 manum
1158 1645 1191 1706 in

448 1746 673 1828 corripientem
698 1764 754 1808 seu
779 1745 1014 1820 admonentem,
1041 1744 1193 1824 quemad-

1249 779 1324 824 vero
1347 769 1442 842 atque
1463 761 1638 824 conteritur
1654 780 1711 844 per
1731 779 1827 842 opera
1848 759 1985 823 vitiosa:

1248 878 1320 939 quaa
1349 860 1456 923 omnia
1480 859 1507 921 si
1533 860 1728 937 videremus,
1754 869 1787 922 et
1816 859 1986 921 vulnerata

1248 958 1364 1021 animae
1392 958 1555 1022 cicatrices
1586 959 1786 1034 sentiremus,
1817 977 1923 1040 usquc
1949 959 1986 1019 ad

1248 1065 1383 1118 mortem
1404 1055 1624 1120 resisteremus
1648 1057 1798 1139 peccatis.
1825 1056 1886 1119 Sed
1909 1056 1987 1118 sicut

1248 1155 1437 1218 demoniaci
1454 1156 1503 1218 vel
1525 1164 1631 1218 mente
1650 1155 1735 1237 capti
1761 1175 1825 1218 non
1848 1155 1988 1218 sentiunt

1249 1253 1275 1315 si
1304 1254 1522 1331 vulnerentur,
1548 1254 1700 1334 quoniam
1727 1261 1836 1316 carent
1865 1262 1987 1315 natura·

1249 1351 1333 1414 libus
1360 1352 1532 1429 sensibus,
1560 1353 1604 1415 ita
1627 1352 1857 1434 cupiditatibus
1881 1353 1986 1415 seculi

1247 1459 1302 1513 aut
1327 1451 1433 1513 carnis
1452 1451 1721 1533 concupiscentiis
1738 1471 1793 1514 seu
1810 1451 1898 1513 vitiis
1917 1449 1986 1513 aliis

1248 1549 1413 1627 inebriati,
1442 1569 1507 1612 non
1537 1550 1693 1613 sentimus
1724 1559 1842 1631 quanta
1874 1550 1986 1611 anima

1247 1649 1391 1725 vulnera,
1410 1657 1545 1729 quantas
1564 1649 1772 1711 contritiones
1793 1668 1849 1711 seu
1868 1649 1987 1711 destru-

1247 1745 1384 1822 ctiones,
1412 1753 1530 1827 quanta
1555 1745 1671 1807 damna
1697 1745 1857 1826 peccando
1881 1745 1987 1825 acqui-

448 1845 577 1908 modum
601 1843 717 1906 Scriba
739 1852 771 1906 ot
792 1841 939 1904 Pbarisaei
962 1842 1087 1904 Christo
1111 1841 1193 1904 fece-
1208 1843 1231 1904 B
1248 1845 1358 1906 rimus.

449 1951 533 2004 runt.
550 1941 706 2023 Amplius,
731 1940 876 2022 exemplo
899 1939 1013 2021 Moysis
1037 1940 1192 2002 docentur

448 2041 500 2103 bic
522 2040 643 2122 praelati
670 2058 728 2121 pro
750 2039 811 2101 sibi
837 2038 1016 2100 commissis
1036 2038 1192 2100 ardentis-

448 2139 527 2201 sime
552 2157 692 2213 exorare,
709 2146 805 2218 atque
830 2146 864 2199 ut
887 2135 1029 2199 exaudiri
1053 2155 1193 2199 merean-

448 2245 509 2315 tur,
537 2238 664 2299 studere
689 2236 806 2299 debent
831 2235 933 2299 divini
963 2235 1094 2298 bonoris
1123 2235 1191 2298 zelo

447 2336 588 2398 accendi.
606 2335 693 2398 Patet
713 2334 789 2397 item
806 2353 843 2396 ex
858 2333 964 2410 dictis,
982 2334 1067 2414 quod
1087 2333 1192 2396 Domi-

448 2455 507 2496 nus
529 2453 612 2516 saepe
631 2433 764 2497 dimittit
784 2432 953 2515 poenitenti
975 2441 1105 2514 peccata
1121 2452 1188 2509 sua,

446 2542 601 2615 quantum
617 2534 656 2594 ad
672 2533 810 2614 culpam,
829 2550 893 2594 non
914 2539 1019 2594 tamen
1034 2541 1190 2613 quantum

446 2633 487 2694 ad
502 2650 641 2714 poenam.

491 2731 644 2811 Denique,
669 2748 725 2812 per
749 2728 809 2792 boo
834 2729 920 2810 quod
946 2736 1010 2790 tam
1034 2728 1127 2811 pauci
1152 2747 1191 2791 ex

445 2829 594 2892 lsraolitis
617 2827 792 2891 numeratis
817 2827 951 2906 ingressi
977 2835 1051 2889 sunt
1073 2836 1189 2890 terram

446 2926 678 3009 promissionis
692 2925 932 3008 praefiguratum
948 2935 1005 3002 est,
1017 2927 1103 3006 quod
1120 2945 1191 3007 per·

1280 1943 1495 2018 Postremo,ut
1505 1943 1626 2005 dictum
1637 1943 1848 2024 est,exemplo
1863 1943 1988 2006 obtcnc

1247 2041 1409 2103 bratorum
1427 2039 1567 2102 filiorum
1585 2039 1678 2103 lsrael
1695 2042 1874 2115 edocemur,
1892 2060 1985 2121 quarn

1247 2138 1424 2201 ineffabilis
1453 2139 1496 2200 sit
1525 2138 1668 2220 pronitas
1698 2147 1805 2202 nostra
1828 2140 1867 2200 ad
1893 2157 1987 2202 omne

1246 2238 1387 2312 malum3
1404 2245 1436 2300 et
1450 2237 1588 2318 qualiter
1603 2237 1766 2318 paulatim,
1776 2238 1838 2299 nisi
1855 2258 1927 2300 mox
1943 2257 1989 2300 rc

1246 2335 1442 2418 sipisoamus,
1452 2336 1484 2397 in
1496 2336 1675 2399 enormiora
1686 2336 1872 2398 dilabimur:
1882 2356 1989 2419 quem·

1245 2435 1417 2497 admodum
1433 2434 1485 2495 isti
1500 2434 1599 2497 Judaei
1622 2434 1793 2497 noluerunt
1811 2435 1850 2497 ad
1870 2443 1986 2498 terram

1246 2533 1435 2614 promissam
1461 2533 1642 2614 procedere,
1669 2533 1797 2614 quando
1821 2534 1903 2596 Deus
1927 2533 1989 2596 boc

1243 2631 1350 2712 jussit,
1357 2639 1388 2693 et
1402 2650 1495 2692 suurn
1510 2631 1658 2712 promisit
1671 2631 1823 2692 auxilium
1834 2655 1842 2694 ε
1854 2651 1989 2713 eamque

1246 2729 1370 2809 ingredi
1386 2737 1558 2805 tentarunt,
1576 2730 1651 2791 dum
1667 2730 1748 2791 Deus
1764 2730 1938 2810 probibuit,
1957 2740 1989 2793 et

1245 2847 1338 2889 suurn
1366 2828 1493 2907 negavit
1517 2827 1707 2890 subsidium.
1734 2827 1814 2891 llinc
1838 2828 1988 2891 Rabanus

1245 2933 1453 3007 protestatur:
1463 2925 1487 2986 Ο
1498 2925 1579 2986 mira
1595 2925 1784 3006 protervitas
1800 2927 1917 2988 mentis
1933 2927 1991 2988 bu-

445 3026 539 3109 pauoi
555 3034 670 3087 terram
687 3023 824 3088 coelestis
841 3023 950 3104 patriae
966 3016 1225 3100 intrant,sicutC
1245 3044 1358 3101 manaa,
1368 3033 1399 3086 et
1414 3024 1572 3087 horrenda
1587 3024 1722 3085 stultitia
1736 3025 1842 3087 cordis
1856 3027 1985 3088 caecati!

444 3124 488 3187 ait
513 3124 680 3186 Salvator:
706 3123 800 3184 Pauci
825 3123 929 3184 electi.
954 3123 1072 3185 Rursus
1097 3123 1189 3186 docet

445 3242 502 3285 nos
523 3221 796 3303 hujusscriptura
817 3220 960 3302 capituli,
978 3239 1073 3301 quam
1098 3219 1190 3283 infal-

444 3320 577 3383 libiliter
596 3320 678 3382 Deus
699 3327 845 3381 numeret
865 3328 972 3380 nostra
996 3325 1136 3401 peecata,
1157 3327 1189 3380 et

443 3418 581 3501 qualiter
604 3416 853 3480 recidivantibus
875 3417 1069 3498 improperet
1091 3417 1188 3479 etiam

443 3525 573 3599 peccata
601 3525 675 3578 ante
704 3515 838 3592 indulta,
865 3524 897 3578 et
924 3534 1020 3596 quarn
1049 3515 1188 3594 graviter

443 3616 559 3678 laedant
573 3635 610 3678 ac
628 3623 762 3678 noceant
781 3613 915 3677 vulnera
937 3614 1052 3676 animm
1071 3614 1189 3696 repeti-

346 3777 347 3780 ,
443 3723 485 3792 ta,
505 3714 586 3777 sicut
609 3714 694 3777 etin
716 3731 885 3795 corporum
912 3711 1188 3776 vulnerationibus

443 3813 503 3876 boo
519 3811 765 3876 videmus.Hinc
780 3811 923 3893 loquitur
938 3810 1108 3892 Origenes:
1121 3811 1144 3874 Ο
1160 3810 1186 3872 si

443 3931 609 3993 possemus
624 3929 681 3992 per
696 3911 948 3991 unumquodque
963 3918 1130 3991 peccatum
1146 3909 1189 3972 vi-

442 4012 527 4086 dere,
545 4009 706 4091 quomodo
726 4007 833 4070 anima
853 4007 1058 4070 vulneraturt
1077 4008 1188 4070 Sermo

443 4108 545 4170 malus
561 4108 677 4170 vulnus
693 4106 815 4185 infligit
830 4125 894 4169 non
911 4105 1039 4186 lingua,
1052 4107 1108 4168 sed
1123 4105 1189 4168 ani·

1244 3123 1369 3185 Mandat
1382 3123 1464 3184 Deus
1480 3121 1747 3203 promissionibus
1763 3123 1829 3184 suis
1843 3125 1986 3198 credere,

1244 3231 1277 3283 et
1286 3222 1326 3283 de
1335 3220 1478 3302 potentia
1493 3239 1549 3281 sua
1561 3218 1736 3296 confidere,
1746 3220 1856 3301 sicque
1869 3229 1988 3284 terram

1245 3318 1467 3401 promissionis
1492 3318 1632 3394 intrare3
1649 3325 1680 3380 et
1701 3318 1840 3381 bumana
1863 3319 1990 3382 diffidit

1245 3416 1391 3494 stultitia,
1400 3437 1437 3480 ac
1452 3417 1602 3478 salutaria
1618 3417 1740 3498 respuit
1754 3417 1881 3480 monita
1889 3418 1991 3481 Econ·

1245 3516 1342 3579 trario
1353 3535 1446 3578 suum
1462 3523 1556 3595 negat
1570 3515 1723 3577 auxilium
1734 3538 1741 3590 3
1754 3524 1786 3578 et
1801 3516 1863 3598 ipsi
1875 3527 1990 3580 contra

1244 3614 1299 3676 Ilei
1324 3602 1519 3677 voluntatem
1545 3613 1658 3676 volunt
1681 3613 1832 3677 invadere
1857 3623 1989 3678 terram.

1244 3712 1364 3786 Quibus
1389 3712 1509 3775 similes
1535 3721 1620 3789 sunt,
1638 3712 1693 3793 qui
1719 3713 1991 3795 promissionibus

1244 3811 1299 3873 Dei
1315 3831 1373 3874 nec
1386 3811 1604 3892 acquiescunt,
1621 3819 1653 3873 et
1668 3811 1827 3893 prohibita
1842 3811 1989 3876 faciunt:

1245 3909 1316 3972 ideo
1332 3909 1413 3971 sicut
1430 3909 1570 3991 perversi
1587 3908 1634 3971 illi
1649 3910 1746 3972 Judaei
1762 3929 1781 3972 a
1796 3911 1863 3972 suis
1878 3912 1994 3975 adver-

1245 4008 1337 4070 sariis
1353 4007 1732 4084 facillimevinccbantur,
1741 4009 1787 4071 sic
1802 4009 1854 4070 isti
1870 4011 1912 4072 ad
1925 4031 1993 4074 orn·

1245 4107 1298 4169 nia
1314 4106 1433 4169 scelera
1447 4107 1487 4168 ab
1503 4105 1720 4168 invisibilibus
1735 4106 1879 4171 hostibus
1896 4109 1992 4172 levis

443 4225 514 4268 mae.
532 4205 724 4269 Vulneratur
745 4205 839 4266 ctiam
862 4205 970 4266 anima
992 4223 1048 4286 per
1072 4205 1189 4284 cogita·
1204 4203 1228 4264 b
1245 4205 1324 4268 sime
1340 4206 1576 4288 pertrabuntur.
