4309 6259
605 519 779 566 exsultatio
802 521 831 564 ΙΝ
853 518 922 565 GAP.
946 519 1000 564 lllll
1021 519 1158 564 Llil'l'l'ltll.
1181 537 1221 546 -
1241 519 1312 564 nh'r.
1336 519 1431 564 xxt'ltl

1732 499 1789 564 221

230 687 316 752 ham
340 691 470 769 habere,
493 694 577 773 quod
604 693 794 757 mulieribus
822 712 884 756 non
910 692 1031 756 seleth
1046 691 1131 754 tibus
1152 691 1180 754 ei
1200 716 1207 768 ;
1231 701 1262 755 ει
1284 694 1423 755 mundus
1444 711 1462 754 a
1487 693 1584 775 lepra.
1603 691 1677 754 Tale
1702 691 1790 754 euim

230 799 433 872 competere,
453 803 569 870 septem
593 796 716 854 diebus.
736 793 826 855 Unde
843 793 929 874 quod
947 791 991 854 di-

230 897 329 950 ctum
344 898 402 966 est,
420 891 476 953 Vir
498 890 567 954 sive
582 890 709 969 mulier,
723 891 756 953 in
772 891 864 973 cujus
886 890 991 972 capite

230 988 291 1050 vel
317 988 427 1066 barba,
445 990 690 1071 intelligendum
711 998 759 1053 εει
781 1009 853 1052 eum
876 1008 990 1072 appro-

229 1086 399 1170 priatione
417 1105 425 1151 τ
441 1088 517 1171 quia
538 1089 623 1170 quod
645 1088 691 1152 ait
713 1090 753 1152 de
774 1088 889 1172 eapite,
907 1107 990 1151 eom-

230 1204 338 1249 mune
353 1196 399 1250 est
416 1185 484 1250 vim
498 1195 530 1250 ει
545 1186 673 1250 mulieri
686 1211 693 1260 ;
715 1187 802 1268 quod
822 1194 929 1248 autem
951 1186 990 1248 de

1044 790 1209 854 calvitium
1226 810 1288 855 non
1306 790 1346 854 lit
1360 811 1398 854 ex
1414 790 1646 874 putrefactione
1661 791 1791 854 luterio

1045 909 1080 952 re
1095 899 1127 953 et
1142 890 1314 968 corrosiva,
1333 892 1388 954 sed
1408 891 1513 973 potius
1534 910 1572 954 er
1592 889 1718 954 delectu
1734 889 1790 952 hn-

1045 1008 1182 1067 morum,
1196 1009 1234 1052 ex
1249 989 1365 1071 quibus
1381 989 1439 1074 pili
1456 989 1630 1071 gignuntur
1646 1008 1701 1052 seu
1717 988 1790 1051 aliis

1045 1087 1161 1151 causis
1175 1092 1217 1150 Ει
1231 1090 1261 1149 si
1276 1110 1296 1150 u
1306 1091 1413 1166 fronte
1423 1091 1594 1150 ceciderint
1604 1090 1683 1166 pili,
1694 1088 1726 1150 id
1742 1095 1790 1150 est

1045 1207 1083 1250 cx
1099 1187 1247 1269 opposita
1262 1195 1351 1270 parte
1369 1211 1376 1262 3
1398 1193 1589 1250 recalvaster
1603 1197 1633 1248 et
1648 1191 1791 1248 mundus

229 1284 350 1360 barba,
367 1285 437 1350 viro
453 1286 691 1369 appropriatur.

279 1387 325 1446 m
347 1387 402 1444 die
424 1387 557 1463 septimo
573 1386 765 1446 intuebitur.
782 1387 903 1446 Sinon
927 1405 990 1444 cre-

230 1485 326 1542 verit
344 1488 487 1554 macula,
501 1495 531 1546 et
550 1486 692 1562 capillus
712 1485 767 1544 sui
790 1485 904 1543 coloris
918 1493 962 1543 est
978 1504 989 1543 .·

230 1582 395 1644 sumendo
411 1582 565 1664 capillum
576 1602 635 1665 pro
650 1581 799 1663 congerie
814 1600 870 1644 seu
885 1581 990 1642 multi-

1043 1297 1089 1347 εει
1105 1308 1116 1346 .·
1139 1287 1407 1367 quemadmodum
1430 1287 1551 1364 colvm,
1568 1287 1660 1369 cujus
1675 1285 1733 1368 pili
1749 1286 1790 1348 ab

1045 1384 1197 1448 anteriori
1214 1384 1327 1466 capitis
1343 1393 1432 1467 parte
1448 1385 1634 1448 exciderint.
1651 1386 1714 1446 Sin
1734 1405 1791 1445 au·

1047 1493 1108 1544 tem
1130 1487 1166 1544 in
1188 1485 1320 1544 caluitio
1352 1505 1408 1544 seu
1431 1486 1657 1554 recalvatione,
1679 1483 1712 1544 id
1742 1490 1790 1546 est

1046 1591 1135 1664 parte
1156 1581 1270 1664 capitis
1293 1590 1365 1646 ante
1383 1583 1433 1648 vel
1449 1593 1533 1646 retro
1549 1584 1682 1660 calvata,
1698 1585 1789 1644 albus

232 1679 353 1743 tudine
376 1681 567 1762 capillorum
585 1708 593 1760 3
609 1693 639 1743 et
661 1686 746 1742 locus
756 1686 876 1759 piaque,
894 1680 990 1743 idest
1045 1687 1095 1741 ecl
1109 1683 1207 1758 misus
1221 1686 1307 1742 color
1320 1683 1424 1759 suerit
1439 1693 1580 1752 emortus,
1595 1683 1655 1745 hoc
1671 1689 1719 1744 est
1738 1699 1791 1744 co-

230 1779 382 1861 prrelatae
402 1779 546 1858 maculae,
564 1782 603 1844 de
618 1801 682 1862 qua
696 1781 799 1844 adhue
816 1780 990 1860 ambigitur
1045 1780 1094 1842 lor
1109 1780 1203 1844 albus
1226 1788 1258 1842 et
1273 1780 1394 1858 lucens,
1412 1780 1491 1843 alter
1506 1801 1524 1843 a
1539 1780 1638 1863 priori
1653 1789 1685 1843 ει
1700 1788 1790 1842 natu-

229 1897 279 1940 an
296 1878 340 1940 sit
353 1879 453 1962 lepra,
470 1883 566 1940 curui
580 1882 714 1960 reliqum
728 1882 885 1960 equalis,
900 1882 990 1940 rade-
1006 1881 1030 1943 B
1045 1879 1104 1942 rali
1130 1879 1244 1956 colore,
1271 1899 1333 1942 una
1358 1899 1430 1942 eum
1457 1879 1588 1962 prelata
1613 1880 1712 1961 partis
1736 1880 1790 1942 de·

232 1987 296 2038 tur
312 1979 405 2038 boum
421 1980 538 2058 absque
558 1983 623 2038 loeo
639 1983 788 2049 maculer,
801 1977 833 2039 id
853 1986 912 2053 est,
930 1975 988 2058 pili
1045 1978 1210 2059 pressione
1231 1997 1268 2041 ex
1289 1978 1450 2042 corrosiva
1471 1978 1667 2060 putriditate‚
1684 1988 1713 2038 et
1731 1981 1790 2038 boe

229 2074 355 2156 capitis
371 2095 428 2138 seu
442 2075 550 2138 barhae
565 2077 770 2153 abraduntur,
788 2075 926 2157 demptis
943 2076 990 2156 pi·
1043 2079 1188 2137 sacerdos
1208 2079 1328 2138 uiderit
1335 2102 1349 2149 ,·
1363 2078 1586 2138 condemnabit
1606 2097 1679 2138 eum
1699 2079 1789 2138 baud

229 2173 278 2236 lis
296 2173 467 2255 inquibus
486 2183 535 2237 est
550 2174 686 2250 macula,
704 2174 754 2238 vel
775 2174 831 2255 qui
848 2182 934 2236 stant
955 2175 988 2235 in
1043 2177 1150 2246 dubie,
1168 2175 1264 2237 idest
1280 2175 1349 2238 sine
1364 2174 1701 2255 ambiguitate‚leprae,
1717 2197 1789 2255 pure

229 2272 374 2335 maculae
390 2273 460 2336 loco
475 2291 532 2336 seu
548 2292 644 2336 carne
662 2290 670 2334 :
688 2273 744 2354 qui
767 2273 883 2336 adhoc
906 2280 990 2334 stare
1043 2284 1114 2334 ortu
1140 2283 1184 2333 est
1208 2275 1245 2334 iu
1267 2275 1410 2334 calvitio.

229 2372 403 2450 sinuntur,
414 2381 451 2434 ut
466 2372 686 2435 consideretur
697 2391 737 2433 an
754 2370 843 2454 lepra
859 2390 915 2434 seu
926 2389 990 2432 ma·
1085 2371 1247 2448 Subditur,
1265 2371 1403 2453 qualiter
1422 2374 1462 2436 ab
1477 2372 1549 2434 aliis
1570 2371 1789 2451 distinguendi

228 2472 313 2534 cula
334 2471 390 2534 illa
410 2471 591 2552 augebitur,
609 2480 640 2534 et
660 2479 767 2533 utrum
787 2469 989 2532 diffundetur
1044 2469 1109 2532 sint
1124 2470 1253 2552 leprosi,
1264 2471 1393 2548 vestitu,
1405 2471 1602 2536 habitatione
1611 2480 1643 2535 et
1654 2471 1786 2534 incessu

228 2589 296 2654 per
318 2589 448 2634 coruom
470 2589 575 2633 rasam
593 2595 601 2646 3
617 2580 647 2631 ct
671 2573 858 2630 includetur
872 2579 988 2648 septem
1046 2572 1245 2649 Quicumque
1268 2589 1341 2647 erpo
1367 2575 1549 2632 maculatus
1572 2573 1675 2648 fuerit
1699 2573 1789 2648 lepra

227 2671 350 2729 diebus
369 2672 458 2730 aliis.
475 2672 517 2731 Si
530 2672 585 2730 die
603 2673 736 2746 septlrno
752 2670 824 2729 uisu
844 2688 863 2730 a
889 2685 990 2729 sucer-
1044 2667 1173 2749 proprie
1189 2666 1552 2746 dieta,etsepamrusest
1567 2669 1607 2730 eb
1622 2667 1790 2731 hominum

229 2769 313 2831 dote
334 2770 439 2846 sumit
462 2771 583 2829 stetisse
601 2772 705 2846 playa
726 2771 763 2828 in
786 2772 850 2828 loeo
871 2787 942 2836 suo,
958 2772 990 2828 et
1045 2766 1205 2844 societate,
1223 2766 1373 2829 convictu
1397 2774 1428 2829 et
1449 2767 1626 2844 mansione,
1643 2771 1686 2828 ad
1705 2769 1791 2828 arbl-

230 2885 305 2930 non
327 2867 460 2945 diflusa,
477 2889 534 2928 uec
549 2870 708 2928 humilior
728 2887 825 2926 carne
839 2866 895 2927 illa
916 2869 991 2925 reti·
1046 2867 1148 2924 trium
1167 2868 1340 2926 sacerdotis
1351 2889 1364 2937 ,·
1379 2868 1505 2926 babebit
1524 2869 1712 2927 uestimenta
1727 2868 1790 2924 dis-

229 2988 304 3047 que
315 2991 329 3038 ;
343 2969 600 3028 rnrrndabiteum
611 2966 769 3042 sacerdos,
783 2965 814 3027 id
826 2973 884 3041 εει,
897 2983 991 3026 mun·
1043 2972 1130 3032 suta,
1147 2961 1179 3023 id
1195 2971 1243 3024 est
1263 2961 1370 3024 lucilia
1385 2963 1424 3024 ad
1442 2963 1637 3026 induendum
1651 2962 1701 3024 vel
1718 2981 1790 3025 exu-

231 3067 317 3128 dum
328 3085 347 3127 a
358 3065 448 3148 lepra
457 3065 691 3148 pronuntiabit,
704 3067 839 3145 totisque
854 3065 989 3125 uestibus
1007 3059 1029 3122 (l
1044 3062 1174 3140 endum,-
1192 3080 1247 3123 seu
1274 3061 1306 3122 in
1332 3060 1485 3123 lateribus
1510 3070 1627 3144 aperta,
1653 3069 1688 3124 ut
1719 3061 1789 3123 sine
1807 3089 1810 3096 v

229 3166 321 3234 suis,
336 3169 481 3226 mmmm
494 3167 569 3237 erit,
587 3165 620 3227 id
643 3172 701 3241 est,
721 3172 873 3246 tanquam
899 3181 990 3225 mun·
1044 3180 1140 3243 poena
1159 3161 1270 3223 induat
1285 3168 1317 3223 ει
1338 3169 1431 3223 exuat
1446 3179 1492 3222 ea.
1510 3160 1567 3223 llel
1587 3159 1669 3223 lorte
1683 3160 1723 3222 de
1737 3176 1789 3222 ex-

230 3265 300 3325 dus
317 3263 499 3326 habebitur.
516 3266 557 3326 Si
576 3275 685 3325 autem
696 3273 769 3341 pest
789 3264 990 3324 emundatio
1043 3259 1155 3323 teriori
1188 3259 1431 3339 intelligendum
1460 3267 1508 3322 est
1536 3259 1654 3335 tunica,
1681 3267 1716 3320 ut
1743 3257 1789 3320 sic

230 3380 313 3420 nem
330 3361 497 3442 praelatam
513 3383 627 3423 rursus
648 3364 785 3422 macerit
806 3365 937 3421 mocula
954 3363 989 3420 iu
1044 3366 1299 3438 cognosceretur.
1326 3360 1429 3434 Caput
1454 3361 1594 3427 necdum,
1614 3364 1649 3419 ut
1672 3357 1789 3419 discer-

229 3469 310 3519 cute
324 3459 440 3541 capitis
460 3467 516 3522 aut
535 3460 654 3537 barba,
670 3481 736 3522 non
752 3469 871 3540 queret
887 3477 990 3521 sacer-

229 3559 297 3621 dos
320 3561 475 3636 amplius,
493 3570 606 3620 utrum
626 3562 766 3637 curtillus
786 3557 874 3620 illius
900 3556 990 3619 inlir-

231 3655 283 3718 mi
310 3659 347 3716 in
377 3661 503 3734 flauum
527 3662 663 3718 colorem
691 3660 734 3718 sit
762 3665 988 3725 commutatus,

229 3757 441 3833 qur’nuperte
460 3758 676 3817 immunditia
690 3766 746 3827 est,
764 3754 796 3817 id
816 3763 865 3818 est
885 3754 985 3835 lepra,

229 3854 314 3915 dum
328 3862 433 3917 tamen
444 3854 860 3936 aliapreememorataleprae
871 3851 989 3914 indicia

230 3951 357 4014 adsint.
375 3956 479 4014 Porro
494 3955 524 4012 si
538 3957 657 4014 steterit
673 3957 815 4022 maceda,
829 3963 859 4012 et
874 3952 988 4028 capilli

232 4053 332 4128 uiuri
350 4054 489 4128 fuerint,
506 4055 632 4113 nouerit
653 4054 814 4113 bominem
835 4060 987 4111 sanatum

230 4169 315 4219 esse,
330 4161 360 4210 et
379 4154 576 4230 confidenter
595 4172 669 4212 eum
685 4152 876 4228 pronuntiet
897 4170 989 4210 metn-

1045 3465 1139 3519 natur
1152 3481 1159 3532 ;
1171 3476 1204 3516 os
1220 3467 1301 3518 ueste
1315 3467 1506 3526 contectum,
1518 3475 1557 3520 ne
1573 3475 1630 3519 suo
1645 3454 1788 3518 anhelitu

1045 3575 1101 3618 seu
1117 3555 1213 3619 odore
1228 3554 1355 3617 inliciat
1371 3555 1466 3630 alios3
1478 3557 1735 3618 contaminatum
1751 3574 1789 3614 ae

1043 3655 1214 3714 sordidum
1228 3656 1424 3714 reclamabit
1439 3653 1490 3715 vel
1506 3671 1571 3731 ore,
1588 3653 1639 3715 vel
1655 3671 1712 3733 per
1728 3651 1788 3714 ista

1045 3751 1175 3828 indicia,
1193 3769 1250 3832 per
1271 3770 1341 3832 qum
1364 3752 1488 3814 cunctis
1505 3751 1581 3813 setis
1596 3751 1718 3832 patebit
1740 3749 1789 3810 in·

1044 3849 1189 3931 quinctio
1215 3849 1294 3928 ejus.
1322 3851 1418 3912 Omni
1443 3861 1664 3930 temporeque
1691 3853 1789 3926 lepro-

1042 3970 1096 4008 sus
1110 3957 1154 4007 est
1169 3958 1198 4008 et
1209 3949 1411 4020 immundus,
1422 3953 1507 4008 soltus
1522 3949 1680 4009 habitabit
1694 3957 1788 4008 entra

1043 4057 1162 4116 eastre,
1180 4046 1213 4107 id
1235 4053 1283 4108 est
1305 4045 1339 4107 in
1355 4047 1450 4108 domo
1465 4043 1618 4124 seorsum,
1637 4045 1681 4108 ita
1702 4045 1788 4126 quod

1044 4144 1152 4207 nullus
1168 4163 1264 4207 sanus
1280 4152 1312 4208 et
1326 4145 1470 4234 mundusx
1481 4163 1588 4207 secum
1599 4144 1786 4208 morabitur.

229 4252 332 4310 ctum.
352 4251 409 4309 Vir
423 4251 490 4310 siue
505 4251 624 4310 mulier
639 4253 675 4309 in
690 4251 784 4326 eujus
798 4258 880 4318 cute,
893 4247 941 4310 vel
954 4247 987 4308 in
1002 4242 1027 4304 Ι)
1044 4243 1195 4327 Poterunt
1222 4251 1327 4304 tamen
1349 4242 1468 4324 leprosi
1493 4242 1687 4318 cohabitare,
1705 4241 1789 4304 sicut

230 4365 378 4428 quorum
402 4346 543 4428 pellibus
566 4351 700 4417 earzdor,
725 4347 759 4409 id
785 4355 833 4409 est
862 4345 987 4408 macula
1044 4349 1076 4404 ει
1102 4341 1206 4416 modo,
1225 4340 1301 4422 quia
1326 4340 1360 4402 iu
1385 4341 1431 4403 eis
1457 4342 1537 4404 ratio
1561 4339 1788 4422 prohibitionis

231 4446 352 4508 lucens
375 4454 430 4508 aut
454 4445 557 4522 albor,
574 4448 790 4524 apparuerim·
809 4447 988 4507 intuebitur
1044 4439 1190 4503 cessavit.
1218 4439 1371 4521 Denique,
1395 4439 1546 4521 quoniam
1573 4439 1623 4502 lex
1647 4439 1708 4502 ista
1731 4456 1790 4520 per

228 4565 287 4605 eos
312 4547 467 4605 sncmdos.
494 4547 535 4606 Si
558 4547 802 4622 deprehenderit
826 4546 988 4604 subobscu-
1043 4538 1169 4620 Moysen
1188 4539 1228 4600 de
1247 4537 1382 4620 leprosis
1403 4545 1530 4614 statuta,
1548 4538 1675 4600 videtur
1695 4538 1785 4614 dura,

229 4665 315 4705 rum
330 4646 483 4713 alborem,
493 4643 546 4706 cui
562 4643 685 4706 seilicet
700 4643 821 4722 aliquid
838 4641 920 4722 nigri
931 4649 987 4702 aut

229 4741 305 4805 rufi
327 4742 523 4804 admiscetur
543 4740 671 4818 coloris,
687 4744 769 4802 sciat
783 4762 847 4801 nou
863 4761 925 4800 esse
948 4745 987 4799 te-

223 4861 345 4920 prom,
374 4844 430 4901 sed
455 4844 619 4902 maculam
648 4841 762 4900 eoloris
786 4841 934 4909 eurrdidi,
958 4849 987 4898 et

227 4942 400 5001 hominem
417 4943 589 5003 mundum.

277 5037 431 5120 Sequitur
454 5040 495 5103 de
520 5039 608 5122 lepra
631 5057 730 5103 comae
755 5056 810 5102 seu
835 5036 986 5102 caesariei.

243 5139 306 5198 l'ir
319 5141 359 5198 de
373 5140 470 5217 cujus
489 5141 594 5216 capue
607 5141 723 5215 capilli
741 5141 864 5213 fluunt,
879 5141 989 5197 culeus

231 5257 278 5298 ac
288 5241 488 5298 munduscst
499 5257 511 5295 .·
526 5237 645 5312 calvus,
658 5243 789 5318 propter
803 5234 917 5316 capitis
934 5253 989 5296 nu-

232 5332 403 5398 dationem
418 5353 438 5396 a
452 5333 597 5397 crinibus
612 5331 751 5414 amplius
767 5350 830 5395 non
846 5350 975 5394 ereseen

1044 4638 1186 4720 qnidam,
1199 4644 1234 4699 ut
1254 4635 1410 4717 losephus
1432 4635 1554 4712 recitat,
1576 4635 1736 4712 dixerunt,
1756 4642 1788 4697 ει

1044 4735 1150 4818 ipsum
1175 4735 1300 4817 Moysen
1326 4735 1449 4817 lepram
1475 4733 1637 4811 incidisse,
1659 4733 1788 4814 illisque

1044 4835 1182 4898 similem
1207 4834 1336 4911 lactum,
1354 4853 1426 4896 eum
1451 4834 1498 4896 eis
1523 4833 1556 4894 in
1578 4831 1787 4896 Chananmam

1044 4934 1179 4997 venisse.
1197 4932 1285 5007 Quod
1311 4933 1443 4995 stultum
1466 4941 1515 4995 est
1539 4931 1655 5009 dicere,
1669 4939 1701 4994 ει
1724 4931 1788 4994 1)εο

1044 5033 1145 5113 magis
1156 5051 1251 5113 quam
1263 5031 1359 5114 Moysi
1370 5032 1420 5094 lex
1432 5032 1492 5094 ista
1507 5039 1555 5094 est
1565 5030 1786 5094 adscribenda.

1043 5133 1124 5195 Deus
1141 5151 1269 5214 quoque
1280 5131 1313 5192 in
1329 5150 1365 5194 ea
1375 5131 1514 5213 respexit
1524 5131 1563 5192 ad
1574 5129 1692 5193 bonum
1704 5146 1789 5192 com-

1044 5250 1151 5308 mune,
1168 5230 1254 5312 quod
1270 5228 1503 5311 praeferendum
1521 5237 1569 5292 est
1584 5228 1669 5292 hono
1687 5228 1789 5310 priva·

1045 5341 1089 5408 to,
1106 5339 1201 5410 atque
1217 5347 1273 5410 per
1288 5347 1415 5410 poenam
1433 5336 1464 5391 et
1478 5327 1699 5392 confusionem
1716 5325 1789 5392 vitae
