4309 6259
421 483 482 550 280
791 505 965 551 annonario
987 505 1017 549 m
1039 505 1107 550 car.
1131 504 1198 550 xxu
1217 504 1354 550 narrator.
1377 521 1417 532 -—
1438 503 1509 548 aar.
1534 502 1594 548 xau

422 682 578 749 naturam,
597 675 661 739 imo
677 694 734 759 pro
754 677 842 740 hirco
857 676 1023 758 accipitur.
1041 679 1081 738 Si
1099 696 1166 735 mu·
1180 673 1205 736 A
1222 675 1334 738 Votum
1349 683 1454 738 antem
1467 694 1504 738 ex
1520 675 1570 736 his
1582 673 1662 737 solvi
1678 691 1740 736 non
1758 671 1962 755 poterat,boc

421 778 543 844 culam,
559 773 591 834 id
609 783 656 836 est
672 775 842 838 notabilem
859 774 1095 838 deformitatem
1111 783 1166 836 aut
1220 783 1267 836 est
1287 774 1406 837 oblatio
1427 793 1464 836 ox
1486 773 1593 836 debito
1613 781 1667 834 aut
1689 772 1858 853 promisso,
1875 771 1963 850 juxta

422 872 713 935 monstruositatem
728 875 876 934 hebuerit
892 873 1020 948 animal,
1037 892 1101 932 non
1118 874 1166 949 os-
1220 873 1299 936 illud
1315 872 1490 934 Malachiae:
1504 871 1685 934 Maledictus
1696 868 1825 932 dolosus
1839 868 1896 949 qui
1910 867 1962 929 ba·
1985 888 2101 930 aaran„

420 971 657 1050 [erectamque
671 974 734 1031 erit
749 973 950 1048 acceptabile,
967 969 1042 1051 quia
1058 968 1166 1052 probi·
1220 972 1274 1034 bet
1289 972 1322 1032 in
1338 989 1433 1052 grege
1455 989 1511 1032 suo
1532 968 1719 1044 masculum,
1738 976 1770 1030 et
1784 975 1894 1030 votum
1918 966 1962 1028 fa·
1976 953 2009 992 ¹⁴·

421 1065 523 1129 bitum
540 1076 599 1130 est.
1220 1072 1320 1142 ciens,
1339 1070 1483 1132 immolat
1504 1068 1609 1132 debile
1625 1067 1698 1130 Deo.
1716 1068 1754 1128 Et
1777 1085 1887 1128 rursus
1905 1083 1913 1127 ι
1931 1066 1962 1128 Si
1986 1083 2096 1130 terune.

462 1169 564 1226 Homo
579 1167 638 1246 qai
656 1169 807 1227 obtulerit
829 1170 996 1228 victimam
1013 1168 1165 1245 pacifico·
1220 1168 1365 1232 offeratis
1388 1168 1533 1230 claudum
1559 1166 1610 1230 vel
1635 1165 1751 1242 debile,
1769 1184 1877 1228 nonne
1899 1183 1964 1228 ma-

422 1285 496 1325 rtem
518 1266 667 1338 Domine,
685 1264 745 1327 hcc
765 1272 813 1327 cst
838 1264 974 1328 hostiam
995 1262 1164 1346 pacificam
1221 1267 1287 1329 lum
1304 1270 1485 1330 csthmnc
1500 1268 1626 1326 animal
1641 1269 1726 1344 quod
1742 1268 1791 1324 nel
1804 1267 1962 1334 contritas,

422 1361 455 1424 in
471 1361 645 1442 gratiarum
661 1363 818 1425 actionem
834 1382 892 1444 pro
904 1361 1062 1425 beneficio
1078 1362 1164 1439 dafc,
1222 1371 1271 1426 nel
1296 1367 1409 1438 tunsis,
1428 1369 1477 1425 veel
1501 1367 1591 1424 sectis
1611 1365 1790 1443 oblatisque
1810 1365 1964 1423 testiculis

422 1459 472 1522 vel
489 1458 523 1520 in
540 1460 786 1541 postulationem
798 1479 855 1542 pro
871 1459 1032 1524 beneficio
1047 1460 1164 1536 dando,
1220 1473 1276 1534 est,
1294 1483 1358 1523 non
1378 1465 1515 1540 offeretis
1530 1464 1680 1532 Domino,
1690 1479 1790 1542 quum
1811 1460 1854 1522 sit
1876 1478 1966 1523 mon-

423 1562 473 1618 cel
495 1568 568 1618 vote
590 1562 723 1629 solveres,
748 1563 798 1619 ccl
819 1570 928 1636 sponte
949 1564 1093 1637 offerens,
1118 1578 1166 1620 sc·
1222 1571 1381 1624 sinuosum
1398 1569 1429 1623 et
1448 1560 1522 1622 vile.

423 1656 563 1719 cundum
580 1675 709 1718 sensum
724 1657 789 1738 jam
810 1657 966 1733 habitum,
981 1668 1047 1717 tam
1062 1661 1102 1716 dc
1117 1659 1167 1716 bo·
1262 1665 1308 1720 Dc
1323 1679 1425 1718 nancta
1438 1660 1629 1736 alienigene
1640 1677 1705 1716 reon
1722 1659 1859 1734 offeretis
1866 1677 1966 1734 panes

423 1757 479 1814 bus
494 1774 593 1833 quam
607 1757 773 1814 decaicus
787 1763 842 1817 aut
857 1755 950 1818 etiam
966 1755 1083 1836 capris,
1095 1773 1166 1835 quaa
1224 1762 1285 1819 Deo
1301 1769 1413 1818 uestro.
1433 1757 1495 1819 Hoc
1511 1755 1610 1836 aliqui
1627 1756 1672 1817 sic
1689 1762 1864 1835 exponunt,
1881 1755 1966 1836 qued

423 1871 509 1915 nunc
531 1870 627 1914 causa
651 1852 817 1914 brevitatis
843 1872 906 1916 non
931 1853 1164 1935 exprimuntur,
1185 1852 1207 1912 B
1223 1855 1439 1918 sacerdotibus
1452 1855 1632 1916 ludaeorum
1645 1871 1709 1916 non
1726 1851 1816 1915 licuit
1831 1872 1851 1914 a
1867 1853 1968 1934 genti·

423 1950 499 2031 quia
513 1968 551 2012 ex
566 1951 757 2032 procedenti
771 1953 922 2014 mandato
937 1953 1014 2014 satis
1030 1951 1166 2030 intelligi
1223 1953 1305 2015 libus
1322 1951 1554 2014 incircumcisis
1570 1950 1692 2031 aliquid
1712 1951 1868 2031 accipere,
1881 1959 1916 2013 ut
1932 1950 1967 2011 il-

423 2051 560 2121 dantur3
578 2051 829 2110 imnecculatum
845 2055 963 2128 offeret,
977 2061 1013 2110 ut
1028 2061 1168 2128 accepta·
1222 2053 1277 2114 lud
1300 2052 1383 2115 idem
1406 2069 1443 2113 ex
1469 2058 1558 2132 parte
1581 2050 1722 2132 ipsorum
1749 2048 1968 2112 immolaretur

424 2150 486 2207 bile
504 2149 557 2208 sit.
574 2145 698 2209 Poterat
722 2154 827 2209 tamen
849 2147 1074 2211 indifferenter
1099 2167 1168 2210 csse
1224 2168 1319 2231 super
1341 2149 1439 2211 altare
1455 2148 1522 2210 Dei.
1542 2151 1582 2209 Et
1597 2149 1761 2226 qzridqzn'd
1779 2149 1876 2207 aliud
1890 2151 1968 2208 darc

424 2244 593 2308 masculini
615 2253 670 2307 aut
694 2243 825 2308 feminei
845 2266 948 2309 sexus.
973 2249 1084 2310 Omnis
1104 2269 1170 2308 ma·
1224 2250 1362 2308 voluerit
1373 2246 1564 2326 alienigena,
1574 2264 1636 2308 non
1653 2244 1816 2326 accipietis
1833 2245 1912 2306 illud
1928 2247 1968 2308 ad

425 2349 499 2405 cula
518 2364 584 2404 non
601 2346 674 2416 erit,
693 2343 726 2405 id
745 2353 794 2407 est
814 2345 902 2406 nulla
921 2345 992 2422 crit,
1010 2349 1046 2406 in
1066 2367 1112 2408 eo.
1132 2346 1171 2406 Et
1224 2345 1447 2420 offerendum3
1469 2348 1549 2424 quia
1574 2355 1726 2422 corrupte
1749 2355 1779 2405 ct
1804 2349 1968 2405 maculata

425 2443 542 2507 deinde
566 2442 788 2523 exprimuntur
812 2444 945 2506 maculae
969 2445 1002 2506 in
1026 2444 1168 2527 speciali.
1224 2455 1301 2506 stunt
1324 2445 1448 2513 omnia,
1463 2461 1534 2523 qua
1555 2442 1741 2520 alienigena
1761 2441 1806 2504 ita
1825 2442 1971 2505 dederint

426 2543 466 2603 St
480 2561 598 2602 caecum
614 2541 730 2616 suerit,
746 2541 811 2604 imo
827 2549 858 2603 et
875 2542 901 2604 si
924 2561 987 2605 uno
1009 2543 1171 2606 dumtaxat
1224 2541 1316 2606 vobis
1332 2543 1371 2604 ad
1389 2540 1592 2604 offerendum
1609 2558 1615 2602 :
1630 2559 1694 2603 non
1709 2541 1795 2620 quod
1810 2541 1919 2603 omnia
1934 2541 1972 2602 il-

426 2638 565 2703 caruerit
578 2638 681 2714 oculo,
698 2641 728 2698 εἰ·
746 2641 902 2716 fractum,
920 2641 980 2705 boc
997 2652 1045 2704 est
1060 2642 1170 2704 lasum
1226 2641 1256 2703 la
1271 2649 1377 2703 essent
1393 2641 1425 2702 in
1442 2659 1476 2702 se
1492 2640 1569 2722 ipsis
1585 2649 1734 2721 corrupta
1749 2648 1780 2702 et
1799 2639 1969 2713 maculata,

427 2745 482 2801 aut
502 2745 642 2819 ruptum,
664 2739 694 2797 si
713 2739 895 2800 cicatricem
915 2743 1043 2813 habens,
1066 2741 1098 2803 id
1124 2749 1171 2804 est
1227 2740 1282 2802 sed
1302 2740 1378 2820 quia
1396 2739 1459 2802 Deo
1474 2747 1603 2820 accepta
1619 2757 1683 2801 non
1699 2747 1788 2800 erant
1812 2737 1972 2802 sacrificia

427 2834 604 2899 deformem
619 2843 651 2897 et
673 2835 915 2918 perceptibilem
936 2837 1113 2901 foeditatem
1134 2859 1172 2902 ex
1227 2838 1302 2899 inde
1332 2835 1427 2913 facta,
1455 2855 1513 2900 nec
1538 2855 1576 2899 ex
1603 2855 1648 2912 se,
1676 2855 1735 2898 nec
1764 2855 1802 2899 ex
1831 2835 1973 2899 offeren-

427 2933 516 2997 illato
531 2933 674 3009 vulnere,
685 2951 723 2997 eo
739 2944 860 3012 curato,
873 2938 904 2996 si
915 2941 1066 3014 papulas,
1076 2937 1108 2999 id
1124 2946 1172 3000 est
1228 2935 1307 2997 tium
1319 2933 1385 2996 fide
1395 2943 1426 2997 et
1437 2935 1616 3012 devotione,
1628 2934 1703 3015 quia
1714 2934 1902 3014 alienigenae
1913 2935 1972 2996 cir-

428 3050 542 3115 parvas
565 3031 647 3093 cutis
669 3031 846 3096 erectiones
871 3053 943 3096 eum
966 3034 1093 3112 rubore,
1117 3055 1172 3098 seu
1189 3032 1210 3096 C
1227 3033 1454 3096 cumcisionem
1470 3033 1554 3114 (quaa
1571 3041 1638 3096 erat
1652 3032 1780 3114 signum
1797 3029 1890 3112 fidei)
1908 3051 1971 3094 non

426 3129 571 3214 pustulas
585 3129 785 3205 babens‚out
798 3134 934 3192 scabiem
950 3136 999 3192 vel
1014 3135 1174 3210 impetiqt'-
1229 3131 1398 3207 habentes,
1431 3130 1660 3212 reputabantur
1691 3130 1875 3204 immundi;
1907 3152 1972 3191 nort

427 3251 514 3298 acm,
527 3228 586 3290 hoc
602 3234 651 3289 est
666 3227 806 3290 scabiem
823 3228 950 3306 siccam,
963 3238 1017 3292 aut
1033 3230 1172 3294 scabiem
1227 3232 1409 3307 suscipietis
1436 3251 1487 3298 ea,
1509 3248 1528 3292 o
1557 3230 1747 3305 sacerdotes,
1773 3230 1813 3290 ad
1834 3228 1974 3292 offeren-

428 3326 559 3390 alterius
577 3324 703 3404 generis
723 3326 865 3400 habens;
889 3347 953 3388 non
975 3332 1112 3406 offeretis
1136 3353 1173 3390 ec
1229 3328 1315 3389 dum.
1333 3327 1480 3389 Poterant
1500 3326 1661 3388 tamenab
1683 3325 1872 3406 alienigenis
1888 3327 1971 3388 sumi

428 3427 579 3494 Domine,
594 3423 646 3487 cui
662 3422 804 3505 perfecta
818 3432 850 3485 et
866 3424 989 3505 integra
1004 3427 1078 3489 sunt
1093 3427 1175 3491 offe·
1229 3425 1382 3508 pecuniae,
1395 3425 1542 3505 donaque
1558 3425 1632 3501 alia,
1644 3444 1681 3486 ex
1698 3423 1816 3505 quibus
1831 3443 1971 3487 emeren-

429 3523 539 3586 rcnda.
1229 3533 1280 3586 tur
1296 3521 1455 3584 sacrificia
1475 3522 1680 3585 immolanda.
1699 3522 1812 3602 Sicque
1833 3524 1971 3586 secundo

469 3626 588 3684 Bovcm
602 3631 633 3683 ct
647 3641 748 3691 ovem,
763 3642 844 3682 aare
857 3634 887 3684 ct
906 3628 1012 3685 caude
1027 3637 1174 3702 corpure·
1229 3621 1476 3684 llaehabatorum
1493 3621 1575 3683 libro
1586 3621 1739 3703 scriptum
1756 3628 1813 3700 est,
1826 3621 1910 3702 quod
1922 3623 1972 3683 Sc
2013 3643 2031 3685 u
2043 3641 2113 3684 unca.

317 3742 327 3761 ·
431 3723 484 3790 tis,
510 3721 693 3781 voluntarie
716 3724 831 3797 offerre
858 3722 931 3802 quis
952 3727 1085 3798 potcst*.
1110 3725 1173 3791 lloe
1229 3723 1338 3784 leucus
1364 3738 1416 3782 rex
1432 3719 1524 3794 Asia,
1542 3737 1579 3782 ex
1602 3719 1784 3799 sumptibus
1808 3720 1874 3781 suis
1896 3739 1971 3802 prae
1985 3709 2049 3754 '¹¹¹³'

429 3817 616 3881 contrariari
627 3817 861 3882 videturverbo
877 3821 963 3900 quod
973 3820 1093 3884 dictum
1105 3833 1170 3887 est:

428 3917 528 3979 llomo
547 3916 603 3996 qui
626 3914 778 3977 obtulerit
800 3916 936 3980 hostiam
962 3919 1171 4000 pacificorum

427 4014 571 4089 Domino,
589 4013 639 4074 vel
655 4021 729 4075 vota
744 4013 882 4090 solvens,
899 4017 948 4079 vel
965 4026 1079 4098 sponte
1094 4019 1173 4083 offe·

428 4129 512 4186 rens,
538 4109 779 4172 immaculatum
805 4110 931 4174 offeret.
952 4112 998 4176 Ad
1022 4115 1082 4179 boe
1102 4118 1173 4198 qui-

1229 3819 1332 3882 stabat
1357 3837 1393 3880 ea
1412 3836 1483 3898 qua
1508 3818 1548 3879 ad
1573 3816 1732 3880 sacrificia
1756 3818 1971 3899 pertinebant.

1228 3918 1314 3980 Hanc
1334 3915 1565 3997 expositionem
1588 3915 1732 3995 sequitur
1752 3915 1841 3996 Lyra.
1855 3916 1972 3978 l'crum

1227 4017 1277 4095 (ut
1293 4014 1403 4092 refert)
1425 4013 1525 4076 llabbi
1543 4013 1691 4075 Salomon
1715 4013 1807 4076 aliter
1831 4013 1973 4096 exponit,

1228 4113 1363 4175 dicendo
1388 4112 1475 4192 quod
1500 4111 1561 4173 ista
1587 4110 1636 4173 lex
1659 4111 1752 4172 datur
1776 4111 1814 4174 ad
1840 4111 1974 4174 dubium

428 4211 499 4272 dam
517 4209 721 4290 respondent,
736 4210 821 4290 quod
837 4209 921 4271 istud
937 4212 979 4273 sit
994 4213 1173 4295 intelligen-
1187 4218 1212 4279 D
1228 4212 1467 4273 removendum.
1493 4209 1555 4271 Lex
1580 4208 1698 4271 etenim
1724 4210 1798 4271 data
1823 4209 1883 4271 fuit
1909 4229 1973 4274 non

428 4306 504 4368 dum
521 4306 560 4368 de
581 4304 744 4368 oblatione
766 4307 921 4370 sacerdoti
946 4308 1038 4387 facta,
1057 4331 1121 4375 non
1138 4322 1173 4375 ut

428 4402 546 4467 offerat
570 4404 644 4479 fleo,
671 4405 726 4466 sed
751 4412 786 4466 ut
810 4406 939 4468 vendita
963 4428 1010 4485 ea,
1033 4412 1171 4492 pretium

429 4503 499 4583 ejus
520 4510 685 4564 convertat
707 4502 872 4566 inutilem
897 4505 1037 4587 aliquem
1061 4509 1172 4592 templi

428 4619 532 4677 usum,
551 4607 627 4680 puta
642 4600 675 4661 in
697 4602 929 4682 reparationem
949 4624 1097 4668 vasorum
1120 4617 1173 4670 aut

427 4700 634 4762 cortinarum.
653 4702 764 4762 Votum
779 4712 886 4761 actem
901 4723 942 4761 eac
956 4706 1001 4763 eis
1015 4707 1098 4765 solvi
1108 4728 1172 4768 non

425 4807 524 4874 potest
534 4819 546 4857 .·
561 4797 621 4860 boc
637 4806 695 4874 est,
709 4798 851 4862 votivum
865 4808 920 4861 aut
935 4801 1068 4865 solenne
1079 4805 1173 4866 sacri-

427 4894 538 4957 ficium
554 4896 649 4957 exeis
666 4893 738 4956 fieri
755 4894 950 4976 prohibetur.
963 4898 1051 4963 Unde
1067 4902 1173 4964 dicen-

426 4994 513 5070 dum,
526 4993 610 5072 quod
626 4991 800 5055 sacrificari
817 4993 892 5056 talia
907 5006 1053 5078 poteraut
1064 5000 1126 5062 Deo
1139 5001 1171 5062 in

425 5110 500 5154 casu
512 5089 709 5152 necessitatis
721 5091 921 5173 articuloque
933 5094 1061 5176 inopiae,
1070 5116 1172 5178 quan-

425 5190 467 5252 do
480 5189 554 5270 quis
569 5187 728 5267 obligatus
740 5207 804 5250 uon
820 5198 887 5252 erat
902 5191 943 5251 ad
959 5193 1168 5271 sacrificium,

427 5305 486 5350 nec
500 5287 586 5349 aliud
601 5285 718 5348 animal
731 5285 853 5362 habuit,
866 5287 1023 5353 babereve
1034 5300 1166 5372 poterat.

1227 4308 1412 4390 gentilibus,
1426 4308 1480 4370 sed
1495 4306 1611 4370 Judaeis
1625 4325 1631 4368 :
1646 4307 1764 4370 idcirco
1780 4315 1974 4389 preceptum

1229 4405 1415 4468 immolandi
1440 4405 1654 4480 immaculata,
1677 4404 1779 4467 solum
1802 4406 1977 4486 adstringe-

1228 4504 1282 4566 bat
1304 4504 1427 4567 Judaeos
1453 4519 1461 4564 :
1489 4502 1560 4565 ideo
1590 4502 1770 4565 sacerdotes
1795 4503 1973 4566 ludaeorum

1228 4601 1356 4663 credero
1371 4608 1517 4682 poterant
1532 4599 1685 4662 animalia
1696 4601 1853 4663 maculata
1868 4600 1975 4664 oblata

1227 4698 1420 4779 agentibus,
1439 4717 1477 4760 ex
1491 4697 1662 4760 devotione
1677 4714 1770 4779 posse
1790 4696 1901 4760 offerri
1918 4717 1975 4779 per

1228 4815 1341 4858 manus
1353 4815 1425 4857 suas
1441 4796 1473 4856 in
1485 4795 1577 4858 altari
1590 4794 1858 4870 holocaustorum,
1872 4804 1903 4858 ct
1914 4796 1975 4859 boc

1228 4902 1371 4956 removet
1386 4895 1538 4956 Dominus
1554 4913 1610 4975 per
1627 4893 1764 4955 litteram
1782 4893 1886 4970 istam,
1903 4913 1974 4975 quae

1228 4993 1300 5055 talis
1315 5001 1364 5055 est
1384 4992 1416 5054 in
1434 4993 1564 5056 llebraeo
1582 5009 1588 5053 :
1607 4992 1650 5054 lle
1666 5011 1763 5054 manu
1784 4993 1974 5073 alienigenae

1227 5110 1290 5153 non
1307 5089 1451 5153 offeretis
1468 5109 1565 5170 panes
1581 5089 1643 5152 lleo
1660 5098 1765 5153 vestro
1783 5109 1790 5152 :
1808 5091 1883 5171 quia
1904 5109 1973 5154 cor-

1227 5189 1392 5272 ruptiones
1408 5205 1517 5249 eorum
1534 5187 1567 5248 in
1583 5187 1630 5249 eis
1647 5197 1734 5267 sunt,
1751 5197 1782 5253 et
1798 5190 1921 5252 macula
1937 5189 1971 5251 in

1226 5288 1273 5351 eis
1289 5294 1347 5362 est,
1365 5303 1430 5347 non
1445 5284 1616 5367 proficient
1632 5287 1689 5350 eis.
