4309 6259
583 527 757 577 maranno
778 528 810 574 ru
831 528 899 575 aar.
922 528 956 574 111
975 528 1111 576 aavrrrer.
1133 547 1173 560 -
1194 528 1264 576 aar.
1288 527 1309 576 x
1660 509 1719 574 aaa

168 701 306 784 spondet
318 718 325 764 :
339 699 534 784 Sanguinem
545 700 722 765 hostiarum
733 703 815 765 Deus
826 701 918 766 fundi
933 701 959 763 Α
974 701 1104 785 sanguis
1119 709 1151 766 et
1166 703 1262 785 adeps
1274 719 1337 765 non
1348 707 1505 765 venerunt
1519 699 1552 762 in
1568 719 1661 764 usum
1672 719 1720 762 sa·

168 819 296 884 semper
316 802 480 884 praecepit,
498 808 530 864 et
554 801 678 864 comedi
699 801 792 864 illurn
814 802 919 884 prohi-

168 899 250 963 buit.
262 901 362 982 Cujus
377 900 544 982 potissima
553 919 649 962 causa
659 898 721 962 fuit
732 899 919 964 idololatriae

169 1000 379 1064 consuetudo.
396 999 572 1063 idololatrae
582 1018 721 1081 namque
737 1019 801 1063 non
816 1000 919 1062 solum

41 1115 154 1165 rsa-,aa
169 1117 334 1182 pecorum,
352 1099 408 1162 sed
424 1097 567 1162 filiorum
587 1116 715 1180 quoque
730 1106 762 1160 et
777 1098 920 1161 filiarum

169 1217 298 1261 suarum
311 1196 500 1278 sanguinem
511 1196 577 1259 suis
588 1196 662 1273 diis,
675 1197 739 1261 imo
754 1198 920 1260 daemoniis

169 1297 379 1361 immolabant
403 1296 592 1360 :oblatione
614 1305 719 1360 autern
742 1297 918 1377 sanguinis,

167 1395 224 1478 qui
249 1395 325 1458 ritae
350 1395 583 1458 nutrimentum
609 1414 645 1458 ac
667 1395 919 1458 sustentaculum

167 1503 228 1572 est,
255 1494 440 1558 fatebantur
467 1495 544 1557 deos
570 1511 646 1557 suos
670 1513 739 1558 esse
764 1502 921 1557 sustenta-

167 1603 254 1659 tores
284 1602 317 1657 ct
345 1594 518 1657 nutritores
547 1593 622 1656 vitae
652 1613 726 1657 suae.
749 1594 921 1657 Probabile

167 1694 267 1756 etiam
282 1701 342 1771 est,
359 1695 447 1775 quod
462 1692 594 1775 quidam
610 1692 785 1756 idololatrae
798 1694 920 1776 aliquid

168 1795 208 1856 de
220 1793 377 1874 sanguina
388 1791 622 1855 sacrificiorum
639 1811 768 1856 suorum
780 1793 846 1854 suis
866 1793 922 1855 mi-

973 803 1137 866 cerdotum
1166 821 1225 865 nec
1253 800 1481 875 offerentium;
1504 801 1559 862 sad
1591 799 1719 880 sanguis

974 903 1013 964 ad
1028 901 1085 964 Dei
1107 903 1260 966 bonorem
1282 901 1366 965 circa
1391 899 1498 964 altaris
1522 900 1720 983 crepidinem

975 1001 1178 1077 fundebatur,
1196 1009 1228 1063 et
1248 1001 1344 1082 adeps
1367 999 1557 1062 adurebatur
1578 999 1611 1061 in
1633 987 1716 1078 igne.

974 1100 1091 1176 Primo,
1104 1101 1143 1162 ad
1155 1100 1387 1163 excludendum
1404 1097 1591 1161 idololatria
1609 1097 1717 1160 ritum.

976 1200 1131 1275 Secundo,
1158 1200 1198 1262 ad
1229 1198 1486 1262 informationem
1510 1198 1583 1261 vitae
1610 1198 1720 1260 huma-

976 1319 1024 1363 nae
1042 1317 1049 1361 :
1067 1297 1297 1381 prohibebatur
1310 1297 1426 1360 ludaeis
1449 1297 1613 1378 sanguinis
1634 1316 1717 1374 esua,

976 1406 1134 1481 quatenus
1166 1397 1299 1460 humani
1334 1396 1498 1478 sanguinis
1528 1395 1718 1460 effusionem

977 1496 1134 1560 intensius
1159 1496 1392 1572 abhorrerent3
1416 1513 1489 1558 esus
1515 1513 1591 1557 vero
1617 1493 1720 1576 adipis

977 1596 1158 1681 prohibitus
1178 1594 1224 1658 eis
1240 1595 1345 1672 estad
1362 1594 1527 1657 vitandum
1544 1592 1718 1656 lasciviam.

976 1696 1096 1758 Deinde
1113 1702 1243 1777 propter
1260 1693 1471 1757 reverentiam
1479 1692 1534 1755 Dei
1549 1710 1555 1755 :
1569 1691 1721 1774 qnoniam

978 1794 1107 1876 sanguis
1122 1793 1325 1876 potissimum
1342 1791 1540 1855 necessarius
1558 1800 1607 1854 est
1623 1791 1662 1853 ad
1678 1791 1722 1853 vi-

167 1901 322 1956 scuerunt
341 1890 484 1968 cibariis,
500 1891 638 1973 utquasi
655 1891 807 1954 sacratior
825 1901 919 1955 esset.
940 1896 963 1957 B
980 1901 1054 1970 tam,
1074 1901 1204 1974 propter
1229 1893 1315 1974 quod
1338 1891 1444 1954 anima
1465 1890 1582 1953 dicitur
1598 1909 1667 1954 esse
1688 1889 1721 1951 in

166 1990 305 2072 Adipem
330 2008 406 2053 vero
431 1989 576 2053 omnium
600 1989 834 2054 sacrificiorum
859 1990 922 2053 sibi

167 2089 314 2166 retinuit,
325 2087 605 2171 sanctificavitque
611 2090 705 2167 Deus,
716 2089 865 2152 similiter
876 2109 923 2152 re

168 2208 227 2252 nes
242 2197 340 2270 atque
355 2188 560 2251 renunculos.
574 2187 702 2270 Triplex
717 2196 823 2251 autem
838 2189 924 2251 vida-

168 2297 222 2350 tur
238 2286 341 2349 fuisse
354 2306 462 2364 causa,
480 2305 537 2349 cur
555 2287 654 2369 adeps
675 2294 853 2350 reservatus
875 2297 923 2351 est

169 2387 245 2450 Deo.
269 2386 348 2463 Una,
366 2385 443 2467 quia
462 2385 638 2449 idololatra
662 2386 808 2449 fecerunt
828 2404 924 2469 oppo

38 2498 154 2570 naama
170 2487 283 2562 situm,
299 2485 390 2567 juxta
407 2484 487 2548 illud
507 2485 744 2548 Deuteronomii
760 2504 767 2547 :
785 2487 828 2549 De
845 2506 923 2568 quo

37 2563 65 2602 at.

171 2605 243 2647 rum
258 2584 400 2648 victimis
415 2583 627 2647 comedebant
636 2585 758 2667 adipes.
770 2585 841 2647 Alia
851 2605 923 2649 cau-

170 2703 206 2746 sa
222 2683 297 2760 fuit,
310 2691 346 2744 ut
359 2683 394 2744 in
409 2681 579 2746 sacrificiis
593 2683 676 2763 gulae
692 2684 921 2762 detraheretur,

169 2791 201 2845 et
216 2783 251 2844 in
275 2780 357 2864 ipsis
377 2781 534 2845 sobrietas
557 2791 747 2846 servaretur.
765 2782 834 2844 ntia
856 2792 923 2846 erat

168 2881 273 2945 honor
295 2880 363 2957 Dei,
386 2880 442 2962 qui
470 2880 675 2962 pinguiorum
701 2889 733 2943 et
754 2881 922 2944 meliorum

168 2979 333 3044 oblatione
348 2979 576 3043 honorabatur.
593 2979 664 3043 llaec
679 2979 880 3043 Guillelmus.

978 1992 1151 2073 sanguine3
1169 1991 1265 2073 adeps
1281 2009 1357 2053 vero
1373 1989 1601 2052 abundantiam
1625 1989 1723 2052 nutri-

977 2091 1077 2154 menti
1094 2093 1314 2154 demonstrat:
1337 2091 1408 2154 ideo
1430 2091 1470 2152 ad
1489 2089 1722 2152 ostendendum

978 2191 1062 2272 qnod
1079 2191 1169 2253 aDeo
1187 2189 1279 2252 nobis
1296 2189 1359 2252 sint
1370 2189 1435 2253 vita
1450 2197 1481 2252 et
1496 2187 1601 2252 omnis
1616 2207 1723 2251 rerum

978 2288 1187 2366 sufficientia,
1197 2289 1259 2351 duo
1271 2289 1337 2351 haec
1353 2289 1392 2350 ad
1408 2287 1463 2350 Dei
1479 2288 1633 2351 bonorem
1650 2295 1723 2349 sunt

978 2396 1148 2452 reservata.
1166 2389 1253 2464 Item,
1271 2386 1347 2469 quia
1369 2387 1507 2468 perhanc
1525 2385 1723 2465 figurabatur
1780 2447 1784 2454 ,

979 2487 1097 2551 effusio
1122 2487 1285 2567 sanguinis
1301 2485 1428 2562 Christi,
1445 2493 1540 2567 atque
1563 2484 1723 2567 pinguedo

979 2587 1120 2650 caritatis
1132 2587 1243 2670 ipsius.
1256 2587 1337 2649 Aves
1349 2604 1485 2668 quoque,
1498 2583 1647 2647 videlicet
1659 2594 1724 2647 tur-

980 2696 1041 2765 tur,
1059 2687 1206 2750 columba
1223 2694 1277 2750 aut
1291 2705 1410 2768 passer,
1425 2704 1488 2748 non
1503 2679 1723 2748 offerebantur

980 2786 1013 2847 in
1024 2786 1143 2850 hostias
1152 2785 1473 2868 pacificaS‚quoniam
1486 2784 1638 2848 institutae
1650 2793 1725 2847 sunt

979 2886 1018 2948 ad
1044 2884 1246 2948 offerendum
1269 2891 1398 2966 propter
1417 2882 1624 2946 offerentium
1649 2904 1724 2966 pau-

978 2992 1133 3066 pertatem
1153 3001 1159 3045 :
1183 2981 1293 3044 hostica
1315 2989 1420 3044 autern
1442 2978 1587 3063 pacificae
1609 2980 1724 3044 offere

208 3079 365 3142 Praeterea
381 3079 421 3140 de
436 3077 486 3140 his
502 3077 614 3140 scribit
629 3078 764 3140 Thomas
775 3078 809 3141 in
820 3079 924 3162 prima
939 3085 960 3149 C
979 3082 1094 3145 bantur
1110 3081 1208 3163 gratis
1229 3089 1261 3144 ot
1281 3087 1395 3162 sponte
1414 3079 1535 3161 absque
1558 3079 1724 3160 obligatio-

169 3177 332 3254 secundae,
348 3176 525 3258 quaestione
548 3175 606 3239 102
623 3193 631 3237 ε
649 3176 756 3239 llostia
775 3177 924 3259 pacifico-

169 3296 241 3339 rum
264 3274 470 3338 dividebatur
491 3275 524 3336 in
547 3283 609 3337 tres
633 3284 765 3357 partos:
788 3296 922 3358 quarum

169 3395 233 3438 una
248 3375 290 3438 ad
305 3373 362 3437 Dei
378 3373 533 3438 bonorem
550 3374 790 3451 incendebatur,
801 3375 864 3438 alia
874 3396 924 3439 ve·

170 3473 218 3536 nit
234 3474 268 3535 in
285 3492 382 3535 usum
398 3473 610 3549 sacerdotum,
628 3472 721 3535 tertia
737 3473 769 3534 in
782 3472 923 3537 offeren-

169 3573 251 3636 tium
262 3591 357 3635 usum
370 3590 427 3634 scu
437 3591 526 3634 esum
541 3588 548 3633 :
561 3572 600 3634 ad
613 3570 827 3652 figurandum,
836 3575 921 3655 quod

169 3673 256 3735 salus
270 3680 304 3734 et
320 3690 381 3753 par
397 3670 538 3734 bominis
554 3678 629 3732 sunt
645 3691 663 3733 a
678 3671 741 3734 Deo
757 3691 814 3754 per
830 3673 922 3734 mini·

168 3779 247 3834 stros
255 3769 415 3844 Ecclesia,
421 3768 668 3851 cooperantibus
680 3769 726 3832 eis
737 3769 790 3851 qui
801 3770 922 3832 salvan-

169 3878 231 3933 tur.
248 3869 313 3934 lloc
328 3887 404 3932 vero
419 3868 610 3952 generaliter
626 3869 822 3946 servabatur,
835 3871 920 3951 quod

979 3201 1030 3243 ne.
1047 3181 1118 3242 Hac
1134 3179 1282 3242 Thomas,

1018 3280 1179 3342 Postremo
1194 3279 1358 3361 quaritur,
1371 3297 1411 3340 an
1423 3297 1496 3341 esus
1508 3277 1611 3360 adipis
1628 3276 1725 3340 fuerit

977 3379 1093 3441 Judais
1116 3378 1306 3459 generaliter
1328 3378 1359 3439 in
1384 3376 1506 3440 cunctis
1530 3375 1722 3460 prohibitus,

978 3477 1245 3559 quamadmodum
1264 3477 1428 3558 sanguinis
1451 3495 1538 3554 usus,
1555 3495 1595 3539 an
1621 3476 1724 3539 solum

979 3575 1011 3636 in
1027 3575 1219 3638 animalibus
1234 3575 1450 3639 immolaticiis
1467 3593 1522 3638 seu
1538 3574 1664 3638 oblatis.
1682 3576 1725 3637 De

979 3674 1037 3736 hoc
1060 3675 1130 3736 duae
1151 3682 1225 3736 sunt
1240 3675 1419 3757 opiniones,
1437 3675 1476 3736 de
1498 3673 1615 3755 quibus
1638 3692 1724 3737 nunc

980 3781 1117 3849 transeo,
1140 3773 1291 3853 quoniam
1315 3771 1391 3834 alibi
1417 3771 1549 3834 materia
1575 3771 1636 3834 ista
1661 3791 1726 3834 am-

979 3870 1064 3952 plius
1087 3870 1191 3934 locum
1213 3871 1319 3934 habet.

748 4256 1072 4345 ARTICULUS
1111 4258 1148 4343 X

526 4505 704 4554 aldemario
730 4507 863 4554 musaeu
889 4507 1026 4556 taetrum
1053 4509 1153 4555 'l'Ell'l'll
1180 4507 1376 4555 saltttwatls.

229 4759 531 4824 PlRl'lUllhl'fER
562 4769 594 4824 et
621 4761 790 4842 allegorice
821 4761 1722 4846 hostiaDminem,interangelumquoqucetbominem,

238 4867 351 4924 nostra
373 4858 521 4941 pacifica,
538 4867 587 4922 est
601 4860 754 4923 Dominus
770 4870 802 4923 ot
818 4860 925 4924 Salva-

50 4977 153 5035 apa...1‚
168 4967 230 5036 tor,
248 4957 306 5041 qni
332 4966 380 5020 est
412 4977 474 5041 pax
499 4967 617 5037 nostra,
643 4958 764 5022 faciens
789 4968 923 5043 utraque

39 5043 67 5120 '⁵5
168 5077 291 5132 unnm3
316 5063 349 5120 et
369 5057 502 5119 veniens
526 5057 711 5139 predicavit
736 5077 846 5140 pacem
871 5060 922 5122 his

168 5156 224 5238 qui
241 5174 354 5238 prope,
371 5163 403 5218 et
422 5154 474 5217 his
489 5156 545 5237 qui
561 5156 672 5236 longe3
691 5177 709 5220 a
729 5176 793 5239 quo
811 5178 920 5240 pacem

167 5254 336 5336 temporis,
349 5271 461 5334 pacem
477 5253 626 5336 pectoris,
644 5275 819 5339 pacemque
834 5266 920 5322 ater-

169 5353 280 5416 nitatis
304 5352 479 5426 sortimur3
501 5353 557 5435 qui
583 5353 666 5417 inter
689 5356 786 5419 Deum
808 5365 838 5420 et
865 5358 919 5423 ho-

979 4871 1011 4925 et
1027 4863 1102 4926 item
1119 4863 1202 4926 inter
1215 4863 1363 4928 homines
1374 4864 1512 4928 invicem
1523 4884 1633 4947 pacem
1649 4865 1726 4928 effa·

978 4963 1033 5025 cit.
1050 4962 1193 5045 Denique
1209 4964 1345 5027 hostiam
1362 4964 1454 5027 istam
1476 4963 1646 5046 pacificum
1661 4965 1724 5028 Deo

978 5061 1061 5124 Patri
1077 5061 1257 5140 offerimus,
1275 5063 1403 5125 dumea
1426 5081 1722 5141 commemoramus,

978 5181 1046 5243 quaa
1062 5180 1119 5243 pro
1136 5169 1243 5225 nostra
1260 5161 1360 5224 salute
1380 5162 1523 5224 Christus
1538 5162 1722 5245 assumpsit,

980 5259 1058 5323 fecit
1074 5279 1109 5323 ao
1132 5261 1273 5342 pertulit,
1291 5268 1322 5323 ct
1338 5261 1378 5323 da
1393 5259 1443 5322 his
1459 5261 1522 5323 Deo
1543 5261 1656 5326 devote
1676 5281 1725 5323 re-

978 5359 1164 5443 gratiamur,
1182 5377 1237 5421 sou
1260 5378 1316 5443 par
1340 5379 1377 5421 ca
1402 5377 1511 5443 pacem
1537 5367 1566 5422 ct
1590 5359 1724 5424 salutem
