4309 6259
544 514 718 561 mannito
740 514 769 560 ΙΝ
791 514 859 561 ΰΑΡ.
882 515 915 561 xl
935 516 1169 566 onurnbottoltu.
1193 536 1232 545 -
1253 516 1325 563 All‘l'·
1348 516 1392 563 xlt

746 927 1068 1015 ARTICULUS
1105 929 1192 1013 llll

305 1200 483 1247 atuclunrlo
505 1200 680 1245 ttt'raantls
701 1199 838 1245 castrum
860 1200 1002 1245 unouclltl
1025 1202 1032 1246 :
1056 1202 1123 1246 aua
1143 1201 1254 1255 tinette:
1273 1203 1412 1250 conluunt
1432 1206 1513 1252 naun
1534 1209 1626 1255 TUUll.

45 1497 122 1540 narra.
136 1512 173 1545 n..
252 1479 338 1542 lCUT
348 1479 394 1542 ait
405 1476 616 1541 Salvator:l]x
627 1477 824 1541 abundantia
834 1477 938 1539 cordis
953 1476 978 1539 Α
993 1476 1189 1542 affirmativa
1204 1492 1360 1563 praecepta
1375 1483 1519 1565 obligant
1534 1507 1669 1570 semper,
1682 1492 1737 1555 sed

46 1564 129 1669 Ἕω
142 1628 175 1669 ἢ
262 1598 297 1641 os
314 1578 466 1659 loquitur.
479 1578 551 1640 ldeo
566 1584 693 1639 sanctus
709 1576 827 1657 Moyses
838 1575 938 1638 divini
994 1595 1058 1640 non
1072 1579 1113 1640 ad
1129 1598 1274 1661 semper:
1287 1580 1431 1662 obligant
1446 1584 1530 1647 enim
1548 1605 1606 1668 pro
1622 1588 1691 1651 loco
1706 1600 1738 1652 et

133 1660 138 1676 ’
189 1677 323 1740 bonoris
343 1677 411 1740 zelo
431 1695 596 1751 accensus,
613 1682 709 1757 atque
730 1675 877 1737 lraternae
892 1676 939 1737 di·
994 1685 1136 1759 tempore
1151 1688 1342 1760 opportuno,
1359 1682 1434 1762 quia
1455 1685 1645 1767 praecipiunt
1665 1687 1737 1751 lieri

188 1776 337 1839 lectionis
358 1774 471 1839 crediti
495 1773 556 1836 sibi
577 1774 682 1855 gregis
705 1772 825 1837 aflectu
845 1774 938 1837 mira·
994 1775 1077 1838 bona
1096 1795 1168 1856 quae
1187 1795 1328 1859 congruo
1348 1779 1418 1843 loco
1437 1789 1574 1863 apioque
1595 1792 1737 1867 ternpore

186 1874 297 1937 biliter
316 1872 549 1949 inflammatus,
572 1891 637 1935 non
658 1881 761 1935 cessat
782 1873 935 1954 populum
992 1891 1065 1935 oum
1087 1875 1201 1937 ceteris
1223 1875 1472 1939 circumstantiis
1497 1889 1572 1943 sunt
1592 1884 1734 1962 agenda3

185 1992 282 2034 suum
302 1972 434 2048 hortari,
452 1991 489 2034 ac
513 1971 611 2035 variis
633 1971 736 2033 modis
758 1972 797 2033 ad
818 1971 936 2035 divinae
993 1989 1050 2034 nee
1066 1991 1236 2053 possumus
1251 1976 1417 2039 actualiter
1432 1976 1503 2041 siue
1519 1979 1737 2062 interpolatio

183 2070 422 2135 observantiam
437 2070 518 2152 legis
534 2070 694 2133 inducere.
708 2070 868 2147 Praei-rea,
880 2069 934 2132 lici
993 2088 1033 2132 ne
1048 2071 1197 2134 virtuosis
1212 2073 1336 2135 actibus
1352 2093 1422 2138 esse
1438 2075 1564 2140 intenti.

183 2168 347 2233 beneficia
369 2170 549 2245 recolendo,
573 2168 687 2233 divina
708 2168 865 2250 promissa
888 2186 936 2231 re
1033 2170 1213 2245 Gapnoscite
1227 2172 1331 2243 bodie,
1349 2171 1382 2234 id
1402 2180 1460 2251 est,
1478 2174 1639 2256 sapienter
1660 2195 1737 2258 pen-

184 2268 346 2351 plicando,
365 2287 450 2331 nunc
467 2286 618 2350 prospera
639 2266 832 2348 pollicendo,
850 2286 935 2330 nunc
991 2275 1148 2346 sateqma
1162 2269 1315 2345 ionarant
1327 2272 1396 2347 filii
1405 2273 1578 2354 vestriqui
1595 2283 1737 2356 tempore

183 2368 320 2432 adversa
334 2366 499 2442 minando,
508 2366 574 2447 jam
585 2366 640 2429 Ilei
656 2366 932 2448 omnipotentiam,
990 2363 1094 2427 exitus
1118 2366 1159 2428 ab
1182 2366 1315 2449 AEgppto
1340 2370 1482 2432 nondum
1508 2370 1638 2434 luerunt
1667 2373 1734 2436 nati

183 2466 355 2549 justitiam,
372 2466 582 2547 majestatem,
605 2464 768 2547 pietatem,
792 2464 935 2527 amabili·
990 2481 1046 2525 seu
1067 2464 1184 2527 adultas
1206 2466 1319 2543 atatis,
1336 2467 1387 2530 vel
1409 2469 1465 2548 qui
1486 2471 1621 2533 necdum
1642 2491 1736 2534 usum

186 2575 284 2629 tatem
302 2564 426 2628 lervidc
442 2564 643 2640 declarando,
657 2562 776 2627 idcirco
791 2564 934 2627 eamdem
990 2561 1124 2624 rationis
1139 2563 1243 2625 sortiti
1259 2569 1408 2645 sunt,qni
1421 2588 1487 2628 non
1504 2572 1658 2631 vr'aeram
1672 2590 1737 2634 cor·

186 2663 381 2728 sententiam
402 2662 588 2744 frequenter
607 2661 751 2738 resumit,
770 2681 854 2724 nunc
876 2662 935 2725 sub
950 2659 973 2720 B
991 2660 1154 2742 poralibus
1175 2662 1277 2724 oculis
1299 2666 1511 2741 disciplinam
1526 2670 1661 2730 Domini
1674 2672 1737 2731 Dei

185 2764 321 2839 eisdem,
339 2780 424 2825 nunc
447 2761 507 2823 sub
529 2760 602 2823 aliis
625 2759 739 2837 verbis
757 2768 792 2822 ut
809 2762 934 2824 tandem
990 2762 1357 2838 vestrimaqaatiaajas
1371 2771 1402 2822 et
1416 2766 1578 2827 robustam
1590 2789 1736 2838 nrannm,

185 2862 338 2926 cordibus
368 2859 456 2923 duris
481 2859 695 2923 indelebiliter
720 2858 933 2941 imprimatur.
989 2868 1216 2937 calcatamque
1240 2862 1418 2934 brachium,
1447 2861 1479 2924 id
1505 2872 1553 2926 est
1578 2865 1735 2944 rigorosas

184 2962 276 3024 Unde
305 2960 398 3041 quasi
424 2959 619 3021 concludens
648 2977 686 3021 ex
716 2958 933 3040 praeinductis,
990 2955 1173 3037 punitiones
1188 2976 1268 3038 quas
1284 2957 1405 3020 indixit
1418 2960 1671 3045 AEgyptiis,quas
1681 2984 1737 3047 pu-

183 3058 307 3123 ellatur
334 3076 342 3121 ε
370 3061 455 3119 Ama
485 3059 594 3137 itaque
624 3058 801 3118 Dominum
831 3060 934 3118 mum
990 3054 1036 3116 eri
1057 3054 1110 3116 isti
1131 3055 1267 3117 necdum
1290 3066 1458 3135 noverunt,
1475 3060 1526 3122 vel
1547 3080 1611 3124 non
1632 3062 1736 3126 itadi·

186 3168 281 3219 ianm
304 3174 383 3239 puro
409 3162 440 3217 et
465 3153 614 3217 irreilexo
639 3171 757 3230 amore,
774 3155 813 3216 ad
838 3172 933 3235 quem
989 3152 1104 3216 stinctc
1124 3172 1160 3216 ac
1182 3153 1332 3237 perfecte,
1351 3164 1386 3217 ut
1401 3156 1434 3218 bi
1449 3158 1506 3239 qui
1527 3162 1735 3243 corporaliter

184 3255 295 3319 omnia
316 3253 380 3317 alia
401 3252 591 3316 ordinantur
611 3260 780 3335 praecepta,
805 3260 935 3334 propter
989 3270 1026 3315 ea
1049 3252 1209 3315 viderunt.
1236 3250 1384 3326 Quemvis
1405 3256 1523 3319 etenim
1544 3260 1672 3323 auditus
1693 3262 1735 3325 sit

183 3355 272 3437 quod
293 3353 372 3417 dicit
391 3352 526 3416 Glossa:
549 3350 662 3415 Omnia
683 3351 831 3413 mandata
855 3351 933 3432 legis
990 3369 1102 3413 sensus
1117 3350 1295 3432 discipline
1311 3370 1366 3415 seu
1382 3355 1734 3438 cruditioniS‚cognitio

185 3454 219 3517 in
230 3452 404 3516 dilectione
415 3452 469 3515 [lei
480 3452 796 3515 consummantum
805 3453 934 3510 observa
990 3457 1095 3511 tamen
1118 3449 1206 3512 visus
1231 3458 1279 3512 est
1302 3452 1418 3515 certior
1440 3455 1622 3534 cognitione
1647 3460 1734 3521 audi-

180 3563 344 3631 proecepta
363 3553 444 3628 ejus,
461 3561 491 3611 ei
509 3551 723 3621 carimonias,
744 3558 774 3609 et
785 3549 933 3627 judicia,
990 3557 1050 3624 tus,
1068 3567 1104 3610 ac
1121 3548 1260 3630 plurium
1277 3567 1382 3612 rerum
1399 3553 1608 3634 proprietates
1623 3576 1660 3621 ηρ
1675 3559 1734 3620 dis.

184 3652 274 3734 juxta
289 3668 419 3715 sensum
441 3648 625 3730 frequenter
644 3646 865 3729 praehabitum,
887 3658 934 3708 at·
989 3646 1140 3710 ieremias
1169 3647 1262 3710 nobis
1291 3649 1441 3711 ostendit.
1468 3651 1624 3716 Viderunt
1654 3656 1730 3719 item

184 3772 247 3831 que
262 3752 431 3811 inundata.
448 3746 597 3820 Quamvis
618 3754 775 3827 praecepta
795 3753 826 3807 et
846 3765 934 3808 man·
988 3745 1072 3809 oculi
1098 3744 1207 3821 vestri,
1230 3767 1302 3825 pnoe
1322 3749 1493 3809 Pharaoni
1513 3753 1584 3828 rapi
1604 3764 1634 3815 et
1657 3758 1732 3816 uni.

183 3849 258 3911 data
273 3846 487 3911 communiter
503 3863 560 3926 pro
575 3844 686 3907 eodem
700 3843 969 3921 sumantur,bicc
988 3865 1086 3905 versa
1102 3853 1194 3904 terra
1211 3844 1293 3926 ejus,
1310 3847 1457 3925 vobisque
1471 3869 1543 3926 qna
1558 3851 1680 3927 facerit,
1699 3852 1731 3915 id

183 3954 292 4010 mmen
318 3944 501 4007 insinuatur
524 3941 687 4004 distinctio
717 3941 824 4023 aliqua
849 3941 933 4005 inter
988 3951 1036 4005 est
1050 3960 1088 4005 ea
1102 3961 1174 4023 quae
1191 3941 1340 4004 Dominus
1356 3942 1433 4007 lecit
1448 3945 1550 4024 vobis,
1571 3950 1607 4009 in
1622 3954 1733 4013 solita

181 4064 229 4109 ea.
257 4043 469 4124 Hieronymus
494 4058 623 4123 quoque
649 4040 732 4102 inter
757 4058 794 4102 ea
819 4039 932 4102 distin·
985 4043 1075 4111 dine,
1091 4040 1125 4101 in
1141 4059 1205 4122 qua
1224 4041 1324 4103 multa
1343 4041 1503 4107 beneficia
1522 4047 1658 4110 contulit
1677 4068 1732 4114 vo-

179 4144 257 4225 guit,
268 4142 406 4205 dicendo
417 4140 504 4222 quod
521 4146 679 4222 precepta
693 4138 931 4220 dicuntur,quae
986 4139 1046 4215 bis,
1064 4147 1097 4202 et
1115 4147 1220 4221 patres
1240 4147 1362 4204 vestros
1382 4151 1512 4225 propter
1531 4156 1662 4225 peccata
1680 4167 1732 4213 eo-

179 4243 326 4321 obligant
349 4240 514 4315 absolute;
537 4238 686 4300 mandata
706 4256 780 4300 vcro
802 4256 865 4300 non
886 4236 930 4300 ita
986 4258 1055 4300 rum
1078 4238 1260 4319 prostravit,
1284 4243 1383 4300 danea
1404 4244 1556 4305 veniretis
1577 4250 1622 4307 ad
1645 4251 1732 4310 bunc

179 4339 382 4423 simpliciter,
401 4338 456 4401 sed
471 4337 564 4418 quasi
579 4335 686 4399 medio
707 4336 801 4399 modo
822 4356 855 4399 sc
875 4337 929 4399 ba·
985 4340 1100 4408 maura,
1116 4346 1146 4397 et
1162 4354 1234 4417 quae
1249 4335 1326 4399 lecit
1343 4341 1470 4401 Datban
1487 4352 1583 4421 atqua
1602 4347 1726 4408 Abiran

178 4440 257 4503 bent
286 4438 370 4501 inter
399 4434 534 4499 consilia
562 4443 594 4498 et
623 4442 793 4517 praccepta.
823 4434 928 4499 Nibilo
982 4436 1281 4514 filiisEliab,qaas
1297 4446 1383 4497 terra
1403 4440 1565 4503 absorbuit
1585 4463 1659 4504 cam
1673 4448 1729 4504 aa
1756 4465 1874 4520 nram,

179 4540 287 4601 minus
310 4536 344 4598 in
366 4535 516 4599 hocloco
537 4542 671 4617 possunt
690 4552 746 4615 per
768 4542 929 4615 precepta
983 4534 1088 4595 midas
1106 4543 1136 4593 et
1156 4535 1382 4605 tabmnaauiis,
1404 4534 1436 4596 id
1459 4545 1507 4599 cst
1527 4541 1672 4603 tentoriis
1697 4550 1729 4605 et
1743 4530 1813 4573 ³¹⁴³·

181 4634 331 4717 intelligi,
347 4634 437 4717 jussa
462 4632 540 4713 legis
564 4631 738 4707 naturalis3
761 4650 818 4713 per
840 4651 928 4694 men·
983 4630 1212 4712 papilionibus,
1230 4640 1324 4712 prout
1338 4630 1371 4693 in
1387 4632 1533 4697 Numeris
1548 4638 1727 4720 expositum

181 4737 263 4813 daia,
291 4734 360 4817 lpse
386 4732 569 4812 Deealogus
596 4731 667 4794 Hac
695 4748 771 4811 ergo
795 4730 929 4795 observa
983 4738 1042 4792 est.
1070 4732 1164 4793 Oculi
1188 4732 1285 4790 vestri
1314 4733 1468 4793 viderunt
1495 4738 1605 4796 omnia
1629 4758 1727 4815 opera

181 4836 271 4895 amni
287 4844 425 4911 tempore
439 4850 504 4912 quo
520 4829 636 4895 vixeris
658 4829 691 4891 in
712 4829 772 4893 boc
794 4831 925 4909 mundo,
983 4830 1118 4891 Domini
1132 4848 1252 4905 maana
1266 4848 1337 4907 qam
1351 4831 1438 4907 fecit.
1456 4830 1524 4894 Non
1540 4832 1729 4916 simpliciter

183 4931 416 5015 perseverando
441 4930 475 4991 in
498 4928 591 4993 bonis
615 4946 718 5010 usque
749 4929 788 4990 ad
815 4926 926 4992 linem.
984 4926 1102 5003 omnia,
1120 4927 1176 4990 scd
1190 4926 1299 4989 omnia
1314 4926 1370 4988 illa
1384 4930 1566 5010 magnifica,
1584 4953 1656 5015 quat
1672 4954 1726 5000 vo-

183 5032 278 5095 Porro
295 5036 454 5112 precepta
470 5027 616 5107 negativa
631 5026 775 5106 obligant
791 5046 926 5110 semper,
944 5027 969 5088 l)
984 5026 1034 5089 bis
1056 5034 1088 5088 et
1108 5026 1191 5087 inter
1214 5044 1269 5088 vos
1291 5024 1378 5103 lecit,
1395 5045 1467 5108 quai
1482 5038 1587 5095 tamen
1604 5032 1729 5098 intelle-

184 5130 268 5193 etad
284 5146 432 5211 semper:
450 5126 521 5190 ideo
536 5124 754 5189 indesinenter
764 5125 931 5189 observan·
985 5122 1143 5186 ctuelibus
1159 5123 1259 5186 oculis
1275 5142 1339 5186 non
1357 5124 1434 5187 setis
1454 5126 1670 5209 intuebantur,
1693 5144 1728 5197 nt

184 5229 225 5291 da
247 5235 323 5290 sunt
352 5225 441 5289 omni
466 5225 554 5300 hora,
580 5224 732 5306 quoniam
758 5223 931 5305 probibent
986 5221 1071 5285 inira
1091 5220 1224 5283 babetur
1242 5237 1249 5281 ε
1267 5220 1330 5283 Vos
1351 5222 1475 5287 vidistis
1494 5228 1643 5292 universa
1663 5251 1729 5295 ma·
1750 5254 1873 5312 aetram,

185 5328 262 5393 vitia
280 5345 354 5408 quae
373 5322 607 5388 incessabiliter
622 5331 696 5386 sunt
712 5322 852 5387 vitanda.
870 5323 930 5387 Sed
985 5321 1093 5405 gnalia
1106 5338 1178 5401 qua
1192 5337 1299 5382 coram
1314 5320 1406 5383 vobis
1421 5323 1572 5389 [lominus
1593 5327 1679 5409 lecit,
1696 5341 1728 5395 et
1742 5323 1762 5373 ²·
1772 5324 1794 5367 ⁴·
