4309 6259
747 463 920 511 unaunarto
941 465 972 510 IN
993 465 1061 511 CAP.
1085 465 1162 512 xxnt
1181 465 1318 512 Luvmtot.
1340 483 1381 494 ··-
1400 464 1471 509 aar.
1493 463 1566 510 xum

901 880 1225 967 lltrlottLtts
1262 882 1407 964 XLIII

528 1154 684 1200 uxrostrto
707 1155 880 1200 Ll'lTElIlILlS
901 1155 1038 1200 acetrum
1061 1155 1192 1200 transtu!
1211 1155 1310 1199 'l’Ell'l'll
1334 1155 1340 1198 :
1365 1154 1553 1210 tootmusottt:
1574 1155 1628 1199 EST
1649 1154 1780 1200 uoutntts

986 1254 1027 1298 ΑΙ)
1048 1253 1179 1311 110Υὸ1111,
1202 1253 1319 1298 DICENS.

452 1533 475 1594 E
500 1531 591 1594 lestis
614 1531 704 1611 logis,
728 1540 760 1593 et
782 1530 935 1594 festorum
958 1530 1127 1594 sacrifieiis
1142 1530 1167 1590 A
1182 1530 1290 1612 genita
1311 1531 1541 1614 AEgyptiorum,
1559 1541 1590 1595 ct
1614 1532 1759 1596 Hebraeos
1784 1553 1848 1597 non
1873 1555 1930 1598 ra-

453 1649 539 1693 nunc
563 1637 723 1691 tractatur.
740 1634 940 1709 Immitisque
960 1641 1005 1690 est
1020 1631 1128 1691 Domi-

383 1751 444 1790 nus
459 1732 503 1789 ad
514 1730 660 1804 Moysen,
675 1729 783 1786 dicens
799 1748 810 1785 .·
825 1731 968 1805 Loquere
982 1729 1063 1803 filiis
1084 1731 1128 1787 Is·

381 1833 451 1888 rael
462 1849 473 1887 .·
489 1831 549 1888 Hae
562 1835 640 1885 sunt
654 1826 748 1901 ferioe
762 1827 896 1885 Domini
911 1847 991 1904 quas
1007 1827 1128 1884 vorabi-

384 1932 424 1989 tis
442 1936 583 1994 sanctas,
601 1924 632 1986 id
658 1932 706 1986 est
730 1923 882 1999 celebres,
900 1932 931 1986 et
954 1925 992 1985 ad
1017 1921 1128 1984 divina

383 2045 478 2108 opera
489 2024 668 2107 peragenda
679 2021 859 2103 specialiter
870 2023 1045 2104 deputatas.
1059 2026 1127 2083 Sea:

382 2128 495 2185 diebus
509 2125 637 2200 facietis
652 2143 743 2200 opus,
755 2121 788 2182 id
804 2129 863 2197 est,
881 2139 934 2182 sex
950 2121 1045 2202 primi
1057 2120 1126 2183 dics

383 2224 416 2286 in
442 2223 639 2285 bebdomada
663 2231 757 2284 erunt
782 2219 923 2296 feriales,
950 2220 982 2281 in
1009 2220 1127 2301 quibus

383 2323 490 2386 licebit
507 2320 696 2383 manualiter
710 2328 806 2401 atque
821 2318 1005 2381 mechanico
1020 2337 1128 2400 opera-

383 2423 421 2498 ri,
440 2421 502 2482 nisi
518 2420 601 2482 inter
616 2420 674 2482 hos
690 2419 758 2481 dies
773 2418 937 2497 contingat
953 2417 1127 2479 solennitas

382 2520 470 2594 alia3
497 2520 565 2580 dies
588 2520 755 2594 septimas,
778 2517 901 2579 scilicet
925 2516 1037 2577 ultIma
1059 2514 1127 2577 dies

384 2618 604 2693 hebdomadae,
623 2618 702 2695 quia
717 2617 841 2676 sabbati
855 2618 981 2694 requies
994 2625 1052 2684 est,
1067 2614 1127 2676 boo

383 2727 432 2780 est
450 2718 600 2797 deputata
614 2714 653 2776 ad
669 2714 897 2794 quiescendum
917 2713 957 2775 ab
977 2713 1128 2794 operibus

1183 1640 1295 1694 stans:
1319 1631 1351 1693 in
1377 1632 1470 1710 cujus
1496 1632 1540 1692 rei
1558 1631 1741 1695 memoriam
1767 1633 1929 1714 paschalis

1183 1730 1238 1792 illa
1257 1730 1432 1793 solennitas
1454 1729 1574 1812 incepit
1595 1749 1614 1792 a
1637 1749 1767 1811 vespera
1792 1739 1929 1811 quartae-

1182 1829 1313 1891 decimas
1330 1828 1392 1890 diei
1411 1828 1530 1890 mensis
1547 1828 1642 1910 primi
1660 1852 1668 1902 3
1691 1827 1807 1910 etipsa
1823 1829 1931 1891 solen-

1183 1928 1266 1988 nitas
1286 1927 1385 1989 liebat
1410 1926 1441 1988 in
1469 1928 1654 1990 memoriam
1676 1926 1872 1990 liberationis
1889 1929 1931 1990 ti-

1183 2026 1298 2089 liorum
1328 2027 1421 2089 lsrael
1451 2045 1489 2088 ex
1513 2027 1657 2108 AEgppto,
1683 2047 1753 2108 quaa
1779 2027 1930 2090 liberatio

1185 2123 1267 2187 lacta
1284 2123 1345 2186 luit
1363 2125 1599 2205 quintadecima
1619 2125 1736 2198 mensis
1754 2125 1845 2187 istius
1860 2126 1926 2188 dic.

1182 2223 1262 2286 Hinc
1285 2223 1441 2299 subditur,
1459 2233 1488 2283 rt
1510 2225 1752 2302 quintadecima
1767 2227 1820 2284 (lie
1841 2246 1930 2285 men-

1181 2325 1226 2384 sis
1250 2323 1350 2398 ltnjics
1371 2323 1546 2382 solennitas
1570 2325 1771 2399 Arymorurn
1793 2324 1932 2384 Domini-

1182 2432 1240 2490 εει,
1252 2420 1283 2482 id
1300 2429 1346 2482 est
1364 2419 1539 2483 solennitas
1555 2419 1724 2501 paschalis,
1743 2421 1776 2483 in
1792 2440 1855 2502 qua
1869 2439 1931 2502 per

1184 2527 1303 2600 septem
1321 2519 1390 2581 dies
1406 2537 1470 2581 non
1487 2518 1561 2582 licet
1576 2519 1623 2580 uti
1640 2519 1775 2599 panibus
1792 2519 1931 2582 fermen-

1184 2618 1268 2694 tatis,
1287 2618 1341 2679 sed
1364 2617 1481 2698 azymis
1508 2625 1655 2679 tantum:
1681 2617 1713 2678 in
1739 2617 1863 2698 signum
1888 2637 1929 2680 ac

1184 2715 1435 2779 recordationem
1452 2717 1536 2796 quod
1552 2716 1690 2798 AEgyptii
1704 2716 1930 2798 compulerunt

383 2814 592 2878 exterioribus
607 2812 789 2890 servilibus,
807 2812 839 2873 in
855 2812 1166 2875 commemoratio-B
1186 2815 1272 2878 lilios
1286 2815 1379 2876 lsrael
1399 2822 1460 2875 tam
1478 2814 1628 2877 velociter
1643 2815 1761 2895 egredi,
1779 2816 1862 2896 quod
1878 2816 1929 2898 ip

247 2930 369 2980 aeneas.
386 2934 458 2977 nem
483 2913 568 2994 quod
589 2913 670 2975 Deus
692 2912 895 2992 omnipotens
920 2911 1055 2992 septimo
1077 2911 1129 2974 die
1184 2914 1210 2976 si
1227 2913 1375 2976 Israeliten
1386 2931 1450 2975 non
1467 2921 1613 2994 poterant
1625 2913 1846 2976 fermentatum
1862 2913 1927 2976 sibi

385 3011 508 3094 quievit
522 3011 562 3073 ab
578 3011 665 3073 omni
681 3029 777 3092 opere
787 3010 872 3090 quod
888 3017 1130 3090 patraratzpro-
1184 3031 1298 3095 panem
1324 3029 1446 3093 parare,
1469 3012 1523 3074 sed
1549 3011 1683 3073 larinum
1709 3031 1924 3094 conspersam,
1967 3041 2105 3088 mnu„
2149 3093 2150 3110 ἵ

386 3119 456 3193 pter
477 3110 562 3191 quod
582 3109 747 3170 benedixit
767 3107 830 3170 dlei
848 3108 994 3189 septim,
1012 3115 1043 3170 et
1058 3128 1130 3170 san·
1184 3119 1353 3191 antequam
1378 3108 1633 3185 fermentaretur,
1651 3109 1785 3189 ligantes
1807 3110 1838 3172 in
1861 3110 1928 3193 pal·
1943 3106 1985 3144 ³⁴·

385 3208 544 3272 etilicavit
562 3208 674 3280 illum3
693 3209 858 3266 vocabitur
872 3216 1012 3268 sanctus.
1031 3209 1130 3267 Omne

385 3330 463 3387 opus
479 3329 544 3369 non
553 3309 682 3384 [iacietis
698 3308 734 3365 in
749 3326 794 3366 co.
808 3308 984 3366 Sabbatum
996 3307 1130 3366 Domini

385 3407 510 3476 eseboe
524 3415 572 3468 est
582 3406 650 3467 <lies
661 3403 795 3484 requIei,
808 3403 979 3484 designans
989 3403 1128 3483 quie-tem

267 3517 374 3561 'latita-
388 3506 442 3568 oei
468 3505 632 3586 praelatam
651 3527 659 3577 3
683 3506 719 3563 in
749 3503 873 3563 cernetis
902 3503 1130 3561 habitaculis*

243 3583 339 3626 tionibus

387 3606 500 3664 vestris
515 3625 526 3663 .·
542 3603 618 3684 quia
641 3602 673 3663 in
692 3601 745 3664 die
767 3599 823 3662 ille
839 3607 1025 3661 manserunt
1043 3599 1130 3662 domi

386 3702 608 3777 communitor,
626 3720 684 3763 nec
704 3700 810 3779 ignem
830 3699 1054 3773 accenderunt,
1072 3717 1130 3760 nce

386 3807 644 3882 praeparaverunt
654 3797 780 3873 cibaria,
793 3797 857 3860 imo
873 3815 930 3858 nec
942 3815 1059 3858 manna
1069 3797 1131 3859 col-

386 3898 541 3977 legerunt,
560 3906 654 3979 prout
674 3916 769 3979 super
783 3897 926 3959 Exodum
947 3895 1132 3957 dictumest

1185 3209 1237 3270 liis
1259 3226 1366 3270 secum
1383 3207 1534 3282 tulerunt,
1552 3216 1587 3269 ut
1612 3208 1643 3270 in
1660 3209 1766 3271 llrodo
1786 3208 1928 3272 contine

1186 3317 1247 3369 tur.
1274 3309 1350 3366 Dies
1370 3307 1500 3382 primus
1530 3306 1729 3368 solennItatls
1756 3307 1926 3388 paschalia,

1185 3408 1248 3466 erit
1263 3406 1349 3464 vobis
1363 3405 1584 3464 celeberrimus
1598 3415 1800 3484 sanctusque,
1811 3405 1869 3467 hoc
1879 3415 1930 3468 cst

1186 3502 1321 3566 celebris
1332 3503 1432 3575 valde,
1444 3510 1539 3581 atque
1549 3501 1705 3565 celebrior
1715 3503 1857 3584 quinque
1867 3504 1932 3565 dir-

1187 3601 1247 3663 bus
1272 3600 1414 3681 ejusdcm
1442 3597 1515 3662 sesti
1541 3600 1646 3682 ipsum
1678 3601 1859 3663 immediate
1884 3621 1932 3662 se-

1187 3697 1371 3780 quentibus
1387 3701 1486 3760 Omne
1500 3719 1579 3774 opus
1593 3700 1708 3758 seruile
1723 3720 1787 3758 non
1802 3701 1932 3777 facietis

1186 3801 1222 3858 in
1249 3817 1312 3867 eo,·
1331 3801 1386 3857 seri
1410 3799 1547 3874 offeretis
1570 3797 1770 3873 sacrificium
1795 3799 1831 3856 in
1856 3799 1932 3872 inne

1187 3898 1325 3957 Donum
1339 3905 1456 3972 septem
1478 3897 1590 3954 (liebus
1604 3893 1723 3975 quibus
1739 3895 1830 3956 durat
1847 3894 1933 3958 lesti-

387 3997 524 4078 plenius.
543 4001 602 4058 Hei
615 4006 692 4056 sunt
706 4016 780 4072 erpo
795 3998 887 4074 fim'ca
903 3996 1038 4055 Domini
1059 4014 1132 4053 san·
1148 3998 1169 4061 C
1186 3994 1279 4056 ritas.
1297 3994 1334 4054 Et
1350 3993 1444 4074 quale
1462 3991 1558 4054 luerit
1575 3992 1770 4055 sacrificium
1788 3992 1878 4068 illud,
1896 3993 1931 4055 in

385 4107 455 4166 ctae,
466 4118 547 4175 quas
562 4098 718 4155 celebrare
726 4095 844 4153 {lebetis
855 4094 1050 4169 temporibus
1063 4095 1131 4152 suis

387 4214 472 4256 nunc
487 4193 702 4275 exprimendis
721 4210 727 4253 :
746 4191 856 4272 sicque
877 4189 1068 4270 intelligitur
1091 4189 1132 4251 is-

388 4293 442 4354 tud
458 4293 498 4355 de
510 4291 600 4354 lestis
610 4289 808 4366 solennibus,
820 4308 892 4369 quae
903 4307 960 4370 per
976 4289 1132 4370 plurimos

388 4391 456 4453 dies
471 4391 639 4466 durabant,
657 4398 692 4451 ut
708 4388 792 4450 inira
808 4387 953 4450 babetur.

427 4493 536 4550 Mense
558 4491 665 4566 primo
690 4487 778 4564 anni,
801 4488 976 4550 secundum
1001 4504 1133 4567 compu-

389 4587 540 4651 tationem
565 4595 596 4650 et
620 4587 766 4650 ordinem
791 4583 949 4649 meusium
972 4585 1056 4666 apud
1079 4584 1134 4645 He

387 4686 488 4749 bracos
511 4704 518 4747 :
545 4686 599 4768 qui
630 4686 750 4749 mensis
779 4685 954 4747 secundum
986 4683 1133 4745 ordinem

389 4785 547 4846 mensium
570 4785 654 4866 apud
676 4802 745 4859 nos,
763 4791 811 4846 est
833 4781 945 4844 tertius
967 4787 1021 4842 aut
1043 4797 1135 4860 quar-

389 4892 440 4944 tus
454 4901 461 4945 :
474 4883 717 4963 quartadecima
732 4881 785 4939 ate
800 4882 917 4939 rnensis
932 4878 1075 4959 ejusdem
1090 4881 1135 4937 acl

391 5002 571 5059 vesperum,
584 4980 834 5041 PlreseDomini
848 4987 905 5045 est,
917 4977 948 5038 id
965 4985 1013 5038 ost
1029 4975 1134 5038 solen-

392 5081 476 5142 nitas
501 5080 671 5158 designans
698 5077 957 5157 transitumque
982 5075 1135 5138 Dominus

1186 4092 1331 4154 Numeris
1347 4091 1548 4167 describitur,
1563 4109 1625 4171 quo
1640 4090 1794 4153 babetur:
1812 4090 1933 4154 Ollere·

1188 4192 1227 4252 tis
1244 4191 1410 4252 incensum
1426 4190 1645 4252 holocaustum
1657 4189 1800 4266 Domino,
1814 4188 1958 4278 vitulos}

1187 4291 1226 4352 de
1237 4295 1379 4350 armento
1395 4290 1485 4364 duos,
1498 4288 1628 4350 arietem
1647 4307 1756 4361 unum,
1769 4303 1868 4366 agnos
1878 4307 1933 4349 au-

1188 4387 1312 4450 niculos
1328 4395 1461 4469 septem,
1479 4395 1539 4449 etc.
1562 4387 1637 4446 Dios
1652 4397 1760 4446 autem
1775 4389 1932 4464 septimus

1187 4489 1249 4546 erit
1264 4488 1454 4546 reintraret
1471 4487 1613 4545 sanctior
1629 4483 1772 4564 quinquo
1789 4482 1932 4565 praelatis

1188 4585 1301 4647 diebus
1318 4583 1525 4654 intermediis,
1544 4590 1653 4662 utpote
1670 4590 1731 4643 tam
1752 4581 1884 4643 lestivus
1899 4591 1932 4644 ct

1190 4690 1316 4745 sanctus
1328 4687 1363 4742 ut
1374 4679 1594 4762 primusUnde
1604 4679 1637 4739 in
1646 4679 1790 4740 Numeris
1801 4687 1932 4742 vocatur

1190 4779 1415 4844 celeberrimus
1442 4777 1524 4840 sicut
1549 4777 1683 4858 primus
1707 4776 1931 4840 Verumtamen

1190 4879 1317 4959 quando
1353 4876 1519 4939 sabbatum
1556 4873 1741 4937 occurrebat
1770 4875 1803 4936 in
1832 4875 1933 4937 altero

1190 4979 1303 5039 borum
1333 4975 1468 5051 dicrum,
1499 4973 1559 5035 luit
1589 4971 1735 5036 absolute
1764 4971 1930 5035 celebrior.

1192 5077 1392 5151 Nullamque
1406 5075 1521 5132 seruile
1536 5089 1614 5147 oprrs
1629 5071 1757 5146 facietis
1772 5073 1807 5130 in
1823 5089 1864 5129 eo.

393 5200 450 5242 seu
474 5178 605 5258 angelus
624 5176 695 5256 ejus
715 5176 841 5237 transiit
866 5175 922 5238 illo
947 5193 1079 5256 vespere
1104 5175 1176 5237 ctD
1230 5173 1467 5251 Consequenter
1483 5167 1629 5230 subditur
1655 5167 1792 5249 speciale
1807 5167 1934 5229 manda-

393 5280 432 5341 de
448 5286 540 5341 nocte
556 5295 612 5358 per
627 5276 807 5357 AEgyptum,
825 5273 1006 5356 percutiens
1021 5273 1136 5355 primo

1191 5279 1259 5332 tum
1284 5270 1323 5330 de
1349 5266 1500 5348 primitiis
1520 5266 1680 5348 spicarum
1701 5265 1833 5328 Domino
1854 5262 1935 5326 olle-

1979 4113 2063 4156 Νιιιιι.

1962 4187 2033 4224 utut,
2047 4182 2073 4218 III
2084 4185 2105 4220 cl

1961 4703 2035 4746 leid.
2054 4708 2090 4746 25.
2149 4705 2150 4708 ’
