4309 6259
487 488 713 535 mannariora
735 488 802 534 car.
827 487 899 534 xxiv
921 487 1155 535 nsuranououu.
1178 507 1217 517 -
1237 489 1309 535 aar.
1332 491 1417 536 xxvu
1666 473 1726 536 625

176 665 288 739 postea
305 669 436 742 propter
457 660 558 743 ipsius
574 660 764 738 foeditatem,
782 660 927 723 incredu-
942 660 967 721 h
982 679 1063 738 rum,
1073 668 1106 723 et
1120 661 1149 723 ei
1164 670 1352 744 cooperatur
1366 682 1402 725 ac
1418 662 1517 726 servit
1531 663 1570 725 ad
1586 663 1720 727 aliorum

175 755 927 840 litatem,ingratitudinemquereliquit,etscri-

176 855 241 936 psit
267 856 297 918 ei
323 856 473 942 libellum¹
502 859 638 940 repudii,
665 857 741 940 quia
771 875 827 939 per
852 875 926 918 suos

175 953 354 1036 discipulos
370 956 561 1038 conscripsit
576 957 795 1036 Evangelium,
814 956 847 1016 in
862 974 926 1036 quo

176 1072 307 1114 causam
331 1055 563 1136 repudiationis
579 1054 667 1117 illius
683 1053 848 1136 expressit.
866 1053 926 1116 llo-

177 1151 299 1228 raliter,
327 1153 355 1214 si
379 1153 454 1234 quis
479 1173 537 1236 pro
562 1172 680 1236 sponsa
704 1153 766 1215 sibi
791 1152 926 1234 accipiat

177 1250 369 1332 sapientiam
389 1253 665 1335 philosophorum,
682 1261 737 1314 aut
758 1251 925 1315 hominum

177 1349 425 1428 mundanorum,
444 1360 475 1414 et
494 1359 625 1434 propter
644 1351 799 1415 vanitates
813 1369 850 1412 ac
868 1349 925 1412 fal·

175 1445 287 1510 sitates
299 1448 454 1512 admixtas
467 1450 604 1514 voluerit
619 1468 689 1512 eam
704 1450 860 1526 deserere,
874 1449 926 1510 ha-

174 1544 229 1608 bet
246 1546 280 1608 in
301 1556 453 1630 promptu
474 1549 599 1612 tradere
621 1568 760 1626 causam,
778 1556 810 1610 et
831 1547 926 1610 debet

175 1643 273 1706 aliam
304 1645 368 1709 sibi
395 1665 558 1709 assumere
587 1666 749 1730 sponsam,
778 1645 926 1708 videlicet

175 1743 397 1825 evangelicam
414 1745 582 1809 theoriam.

982 759 1205 840 perditionem.

1024 861 1158 920 Observa
1172 861 1358 937 diligenter,
1375 882 1415 920 ee
1429 863 1580 921 incurras
1590 865 1726 938 plagam

982 961 1084 1034 lepra.
1096 958 1249 1020 iubemur
1263 957 1314 1019 his
1325 958 1440 1034 verbis,
1454 959 1655 1040 superiorum
1672 977 1725 1020 no

981 1063 1117 1118 strorum
1130 1056 1283 1120 doctrinis
1300 1075 1336 1120 ac
1349 1057 1546 1138 jussionibus
1556 1058 1726 1138 diligenter

980 1154 1213 1238 obtemperare,
1241 1175 1281 1218 ne
1306 1155 1394 1219 falsa
1418 1156 1571 1220 doctrina
1595 1166 1650 1219 aut
1677 1157 1726 1218 in-

980 1253 1169 1317 obedientia
1188 1255 1309 1336 lepram
1329 1255 1502 1335 aliquando
1523 1255 1723 1329 incidamus;

981 1369 1039 1412 nec
1063 1351 1190 1432 aliquis,
1215 1351 1451 1433 quantumlibet
1476 1352 1646 1431 virtuosuS,
1675 1352 1725 1415 in·

980 1458 1071 1512 cante
1087 1458 1142 1512 aut
1157 1450 1356 1531 negligenter
1370 1469 1405 1513 se
1424 1451 1549 1528 babeat,
1566 1470 1622 1514 seu
1646 1451 1726 1533 peri-

980 1547 1089 1611 culosa
1101 1549 1279 1612 resolvatur
1289 1549 1468 1625 securitate,
1477 1549 1532 1611 sed
1543 1550 1726 1612 recordetur

980 1645 1082 1708 Maria
1093 1646 1298 1728 prophetissa
1314 1647 1432 1710 sororis
1442 1647 1643 1730 lloysis,qua
1654 1657 1726 1729 post

982 1749 1067 1805 tanta
1081 1744 1254 1825 gratiarum
1265 1745 1466 1820 charismata,
1476 1744 1508 1806 iu
1525 1745 1725 1828 spiritualem

214 1845 289 1903 Non
305 1845 441 1920 accipies
456 1849 521 1905 loco
531 1847 681 1922 pignoris
697 1845 886 1921 inferiorern
897 1853 926 1903 et
941 1841 964 1903 B
980 1861 1016 1904 ac
1036 1843 1233 1925 corporalem
1253 1843 1376 1924 dilapsa
1400 1851 1448 1906 est
1468 1843 1600 1925 lepram.
1618 1848 1725 1914 Qum

175 1945 376 2018 superiorem
397 1947 527 2004 molam.
544 1942 701 2005 Debemus
718 1942 750 2004 in
767 1941 832 2005 vila
847 1960 927 2023 pra-

177 2041 262 2102 senti
285 2057 412 2122 semper
433 2059 502 2103 esse
525 2040 665 2118 solliciti,
683 2049 714 2103 et
734 2040 816 2102 inter
836 2058 926 2122 spem

177 2146 275 2220 atque
302 2137 448 2202 timorem
474 2139 682 2220 spiritualiter
706 2138 795 2215 moli,
822 2139 865 2201 ita
892 2146 926 2200 ut

177 2237 283 2300 omnis
295 2236 425 2315 duritia,
437 2237 595 2320 impietas,
604 2237 698 2319 culpa
709 2255 839 2319 prorsus
854 2256 927 2300 con·

177 2343 322 2398 terantur
338 2355 374 2398 ac
388 2337 592 2398 destruantur
607 2336 640 2398 iu
655 2335 758 2398 nobis.
768 2335 925 2397 Debemus

178 2451 318 2515 namque
338 2434 467 2497 assidue
481 2453 519 2498 ex
534 2433 789 2497 consideratione
809 2432 926 2497 divina

178 2533 307 2614 pictatis
333 2531 509 2610 confidere,
534 2541 565 2596 et
586 2533 653 2595 hac
676 2551 749 2614 spes
771 2541 819 2594 est
843 2532 927 2594 mola

178 2632 346 2714 superior;
363 2641 460 2714 atque
476 2651 513 2694 ex
529 2632 666 2714 propria
689 2630 871 2711 fragilitatis
890 2650 927 2693 ac

177 2731 281 2813 culpa
297 2731 417 2793 intuitu
433 2729 679 2812 formidare,qui
697 2731 792 2793 timor
803 2739 851 2794 est
864 2749 928 2793 mo

178 2827 208 2890 la
223 2827 508 2891 inferior.Nullum
525 2826 632 2910 itaque
648 2826 693 2890 sic
709 2826 924 2904 molestemus,

178 2945 283 3008 neque
299 2925 465 3007 abaliquo
481 2924 613 3008 itaquid
628 2933 883 3006 extorqueamus,
893 2933 927 2986 ut

980 1952 1097 2020 repetes
1111 1965 1132 2003 a
1142 1943 1295 2018 prooeimo
1312 1952 1364 2002 tcto
1379 1963 1447 2002 rem
1463 1944 1610 2022 aliquam
1625 1964 1724 2022 quam

979 2041 1067 2100 debet
1078 2041 1137 2099 tibi
1147 2061 1158 2099 .·
1175 2040 1206 2101 id
1222 2047 1281 2116 est,
1299 2040 1375 2102 dum
1390 2060 1409 2102 a
1426 2048 1478 2103 tuo
1494 2040 1653 2122 discipulo
1668 2051 1724 2104 aut

981 2139 1176 2216 subdito,vel
1193 2139 1233 2201 ab
1244 2157 1281 2202 eo
1296 2140 1348 2202 cui
1366 2138 1455 2202 fuisti
1472 2139 1648 2215 beneficus,
1658 2157 1727 2202 exe

979 2237 1062 2316 geris
1080 2237 1279 2319 spiritualem
1294 2236 1474 2319 profectum
1489 2245 1543 2300 aut
1553 2237 1656 2301 vicem
1667 2255 1725 2318 pro

981 2336 1208 2399 informatione
1237 2345 1267 2399 et
1295 2336 1585 2400 communicatione
1615 2336 1725 2414 gratia

981 2453 1060 2516 quas
1076 2434 1105 2497 ei
1121 2434 1306 2511 exhibuisti,
1318 2454 1382 2498 non
1398 2434 1497 2498 facias
1512 2435 1572 2498 hoc
1588 2454 1662 2498 curn
1678 2435 1727 2496 in-

982 2532 1117 2595 discreta
1141 2533 1393 2616 importunitate,
1415 2542 1469 2596 aut
1492 2533 1595 2614 rigore
1617 2553 1727 2616 super·

983 2629 1060 2708 fluo,
1079 2649 1138 2694 nec
1153 2631 1237 2694 ultra
1252 2631 1335 2694 vires
1352 2639 1383 2694 et
1397 2632 1604 2713 capacitatem
1625 2631 1724 2708 illius,

982 2747 1022 2791 ne
1033 2728 1137 2810 ipsum
1148 2728 1313 2810 perturbes
1323 2738 1375 2791 aut
1388 2731 1587 2811 perdasNon
1596 2732 1727 2807 negabis

982 2831 1155 2889 mercedem
1170 2829 1359 2904 indigentis.
1377 2827 1424 2888 Ad
1440 2827 1579 2890 litteram
1596 2827 1727 2889 instrui-

982 2945 1054 2988 mur
1079 2925 1113 2987 in
1140 2925 1202 2988 isto
1228 2925 1369 3006 capitulo
1394 2926 1434 2988 ad
1464 2943 1611 3006 magnam
1641 2926 1726 2989 circa

177 3023 364 3088 auferamus
380 3023 409 3087 ei
426 3024 483 3087 has
499 3024 610 3102 molas,
629 3023 833 3106 impediendo
853 3042 927 3084 eum
943 3019 965 3083 C
982 3024 1142 3106 proximos
1167 3025 1329 3086 caritatem
1354 3043 1391 3087 ac
1417 3024 1578 3106 pietatem,
1601 3023 1727 3106 potissi·

177 3143 195 3186 a
223 3122 445 3186 saluberrimis
475 3122 796 3200 considerationibus,
822 3121 927 3186 confi-

177 3221 297 3284 dentiis
319 3241 355 3284 ac
381 3220 610 3285 formidinibus
633 3221 713 3299 istis,
731 3227 786 3283 aut
808 3228 928 3302 pertra-

179 3320 285 3384 hendo
301 3339 374 3382 eum
391 3321 429 3382 ad
440 3319 529 3396 vitia,
538 3319 714 3401 prasertim
729 3320 769 3381 ad
783 3319 928 3400 despera-

179 3418 391 3500 tionem,qua
407 3417 564 3501 superiori
580 3417 673 3481 mola
684 3417 926 3500 opponitur‚vel

177 3514 217 3576 ad
240 3513 455 3596 periculosam
477 3513 679 3577 securitatem
700 3531 756 3576 seu
776 3533 928 3595 prasum-

178 3612 334 3695 ptionem,
360 3631 431 3694 qua
456 3612 548 3676 mola
577 3610 721 3674 inferiori
752 3612 927 3674 contraria·

178 3719 242 3773 tur.
259 3712 301 3772 Si
321 3713 535 3788 deprehensus
557 3712 660 3788 suerit
682 3713 784 3782 tomo,
803 3718 876 3786 etc,
895 3711 927 3772 id

178 3818 238 3886 est,
257 3807 314 3891 qui
337 3808 486 3872 inventus
509 3807 605 3870 fuerit
628 3808 807 3890 proximum
833 3829 926 3870 suurn

179 3925 250 3970 esse
276 3904 413 3983 furatus,
431 3925 505 3969 eum
527 3905 650 3970 occulte
672 3906 925 3984 scandalizando,

179 4004 369 4083 inficiendo,
397 4005 549 4082 fallendo,
577 4005 686 4086 sicque
715 4005 928 4068 abstrahendo

179 4123 254 4168 eum
268 4104 404 4168 Domino
419 4122 477 4166 suo
488 4104 561 4166 lesu
572 4103 696 4167 Christo
709 4112 740 4167 et
755 4103 848 4166 matri
864 4124 929 4167 sua

981 3143 1067 3185 mum
1094 3123 1178 3186 circa
1203 3141 1330 3204 egenos,
1360 3141 1400 3185 ne
1425 3122 1585 3186 debitores
1612 3122 1725 3205 inopes

981 3221 1194 3298 molestemus,
1209 3221 1343 3303 pignora
1359 3220 1654 3284 immisericorditer
1669 3221 1727 3283 exi·

980 3321 1084 3400 gendo
1098 3328 1152 3382 aut
1164 3319 1348 3396 detinendo,
1357 3327 1412 3381 aut
1426 3319 1588 3402 operarios
1600 3339 1637 3383 ac
1649 3339 1727 3382 mer·

981 3418 1125 3481 senarios
1140 3417 1369 3496 defraudando,
1379 3419 1508 3481 tardeve
1524 3438 1727 3482 remuneran-

981 3518 1021 3580 do
1049 3535 1055 3578 :
1086 3517 1150 3580 imo
1179 3516 1353 3598 unicuique
1385 3516 1476 3580 nobis
1500 3518 1726 3599 quodcumque

981 3615 1171 3695 obsequium
1186 3624 1241 3677 aut
1255 3614 1450 3678 beneficium
1466 3614 1663 3697 impendenti
1677 3634 1727 3678 co
1750 3675 1753 3681 ,

982 3732 1095 3777 nemur
1109 3731 1181 3777 mox
1192 3733 1261 3776 esse
1271 3711 1539 3795 grati,ricemque
1554 3715 1727 3795 rependere

982 3829 1039 3875 suo
1056 3819 1197 3894 tempore
1212 3811 1398 3893 postulanti.

1026 3914 1101 3972 Non
1125 3913 1310 3971 occidentur
1332 3921 1441 3988 patres
1461 3931 1524 3988 pro
1548 3912 1642 3988 filiis,
1668 3929 1727 3973 nec

982 4017 1121 4070 econtra.
1138 4007 1253 4070 Contra
1275 4008 1336 4072 hoc
1357 4008 1530 4072 enormiter
1545 4017 1577 4071 et
1597 4026 1726 4089 prorsus

981 4105 1168 4188 gravissime
1192 4115 1336 4188 peccant,
1358 4106 1413 4187 qui
1439 4125 1496 4188 pro
1521 4106 1640 4188 injuria
1664 4105 1727 4168 sibi

179 4211 298 4266 sancta
313 4201 474 4280 Ecclesia,
492 4211 587 4283 atque
603 4202 783 4266 vendiderit
798 4221 881 4280 eum,
895 4203 927 4266 id
943 4207 968 4268 D
982 4214 1037 4268 aut
1052 4205 1118 4267 suis
1134 4205 1282 4286 irrogata,
1292 4225 1348 4288 per
1359 4225 1393 4268 se
1406 4214 1436 4268 et
1453 4224 1527 4268 suos
1543 4224 1606 4269 non
1623 4205 1728 4268 solum

179 4311 238 4378 est,
257 4319 316 4384 pro
338 4301 505 4382 temporali
528 4301 705 4378 commodo,
724 4308 778 4362 aut
799 4301 928 4383 propria

177 4399 393 4464 oblectatione
405 4398 578 4480 subjecerit
593 4399 685 4461 illum
702 4399 848 4464 servituti
860 4419 928 4482 pec-

177 4497 241 4563 eati
257 4517 295 4561 ac
308 4497 384 4579 jugo
400 4497 530 4574 diaboli,
547 4497 701 4561 morietur
721 4507 822 4561 morte
839 4499 928 4561 dam-

179 4597 322 4661 nationis
341 4604 513 4678 perpetua.
529 4596 614 4658 Talis
629 4596 749 4679 quippe
764 4605 813 4660 est
827 4597 929 4679 pessi-

180 4717 254 4760 mus
280 4693 381 4758 hostis
400 4694 466 4772 Dei,
491 4703 522 4758 et
548 4693 790 4758 fructificationi
818 4696 928 4759 mortis

181 4817 219 4860 ac
235 4793 400 4875 sanguinis
409 4794 527 4856 Christi
540 4793 699 4872 renititur,
709 4794 929 4877 percussitque

62 4916 166 4972 raum,
181 4895 289 4958 loedus
305 4912 378 4956 cum
394 4901 506 4969 morte,
523 4900 642 4956 etcum
661 4892 788 4957 inferno
808 4893 930 4976 pepigit

47 4980 73 5022 lt.

182 5001 324 5077 pactum,
342 4999 453 5072 estque
468 4991 595 5054 satelles
611 4991 766 5074 principis
783 4993 929 5056 tenebra·

983 4312 1129 4386 quarunt
1143 4304 1183 4366 ad
1198 4305 1406 4368 occidendum
1423 4313 1477 4367 aut
1494 4305 1726 4369 vulnerandum

982 4403 1193 4487 principalem
1218 4411 1356 4466 actorem
1382 4403 1518 4485 injuria,
1546 4405 1601 4466 sed
1624 4411 1655 4466 et
1676 4421 1729 4466 co-

982 4510 1095 4583 gnatos
1120 4501 1221 4583 ipsius
1245 4502 1341 4563 etiam
1363 4501 1525 4582 usquead
1548 4501 1673 4564 tertiam
1696 4509 1728 4564 et

984 4608 1128 4682 quartam
1143 4599 1391 4680 generationem.
1403 4599 1453 4662 Sic
1468 4599 1565 4662 etiam
1580 4608 1724 4681 peccant,

983 4699 1039 4780 qui
1060 4696 1180 4761 offensi
1199 4697 1239 4760 ab
1257 4697 1377 4778 aliquo,
1395 4715 1458 4760 uon
1482 4697 1584 4761 solum
1611 4704 1728 4760 stoma·

984 4797 1119 4860 chantur
1140 4805 1195 4858 aut
1216 4796 1360 4860 aversive
1382 4815 1415 4858 se
1436 4796 1554 4858 habent
1568 4803 1680 4860 contra
1695 4795 1729 4857 il·

985 4895 1062 4974 lum,
1080 4896 1135 4957 sod
1157 4895 1232 4958 item
1252 4904 1362 4958 contra
1377 4894 1508 4971 amicos,
1526 4894 1725 4977 propinquos

984 5003 1039 5055 ant
1054 4993 1157 5056 socios
1172 4993 1252 5075 ejus.
