4309 6259
581 520 755 566 annuunrto
777 521 807 566 ΙΝ
829 520 896 567 CAP.
921 520 1007 567 XXXll
1028 520 1130 566 uttoot.
1154 540 1193 551 -
1215 521 1285 566 uttr.
1310 521 1370 566 lel

1691 504 1748 568 l05

198 693 370 772 inflictam,
388 684 481 757 valde
497 693 655 757 6111166661
674 688 714 757 61)
734 690 873 757 llebrrois
893 693 945 755 do·
959 691 985 754 A
999 713 1018 755 a
1034 692 1188 772 sanguine
1203 692 1280 756 Abel
1295 693 1384 775 justi,
1402 701 1462 757 etc.
1475 694 1563 757 Unde
1573 703 1605 756 61
1621 694 1747 759 inbuca

196 794 340 859 ctoribus
353 812 360 855 :
373 794 488 871 Primo,
496 794 573 875 quia
584 792 724 857 16166166
735 792 945 875 principalem

196 912 327 957 causam
343 891 539 974 captivitatis
554 890 864 975 Babyloniomjiuisse
880 910 946 954 sce-

197 994 263 1057 lera
276 992 470 1067 Judaeorum,
488 990 544 1072 qui
566 990 630 1052 illis
646 990 777 1053 1666661
798 990 946 1071 tempori-

195 1093 268 1169 bus,
281 1100 378 1175 prout
394 1091 426 1152 16
440 1090 576 1153 Jeremia
592 1091 769 1171 ceterisque
780 1088 945 1171 Prophetis

197 1191 341 1254 babetur.
353 1188 506 1252 Similiter
525 1186 734 1270 principalem
751 1207 878 1251 causam
896 1208 946 1250 66-

196 1288 357 1373 ptivitatis
381 1288 560 1351 ludaeorum
586 1282 645 1348 sub
669 1287 830 1363 Romanis,
856 1286 946 1349 61116-

197 1396 287 1451 mant
319 1386 438 1463 161666,
465 1385 550 1467 quod
580 1404 686 1466 regem
712 1385 854 1447 llessiam
882 1403 945 1448 non

196 1496 401 1571 receperunt,
429 1486 484 1549 sed
506 1486 703 1549 occiderunt.
725 1486 820 1547 Porro
846 1485 945 1547 Rabbi

197 1587 349 1651 Salomon
371 1594 403 1649 et
417 1585 472 1648 alii
499 1583 616 1667 66611611
638 1584 817 1647 Jndaeorum
840 1585 947 1647 docto

142 1724 146 1731 .
196 1705 247 1750 666
273 1692 434 1761 66666661,
461 1703 589 1747 causam
616 1682 811 1765 captivitatis
837 1701 945 1746 eorum

63 4381 180 4430 Petunt,

46 4447 78 4485 0-1.

46 4584 82 4627 Px.
92 4598 150 4630 xxru.
157 4586 179 4626 6.

80 5170 164 5214 uarat.

47 5236 178 5286 16663135.

196 1785 257 1847 sub
272 1784 437 1861 Romanis,
455 1802 520 1845 non
540 1802 610 1845 csso
628 1782 712 1863 quod
734 1790 947 1863 peccaverunt

1000 800 1210 875 protestatur:
1223 793 1323 856 Amen
1340 793 1412 855 dico
1428 794 1531 871 661116,
1545 793 1747 875 requirentur
1760 826 1851 878 mn,
1860 827 1894 869 51.

1001 892 1067 955 luco
1084 893 1191 955 omnia
1206 912 1225 954 a
1240 892 1444 971 generatione
1460 893 1531 955 ista.

1040 991 1172 1071 Insuper
1197 991 1259 1053 diei
1284 999 1397 1073 potest,
1424 993 1509 1073 quod
1534 992 1615 1056 Deus
1641 994 1747 1057 diceu-

1002 1091 1042 1154 do
1052 1090 1169 1152 ludaeis
1184 1090 1249 1152 illis
1265 1090 1452 1167 idololatris,
1463 1091 1565 1155 Semel
1576 1094 1745 1155 ascendam

1002 1190 1035 1252 in
1056 1190 1161 1253 medio
1183 1189 1239 1266 tui,
1257 1197 1288 1251 61
1308 1189 1422 1252 delebo
1445 1197 1495 1265 te;
1513 1191 1664 1271 itemque,
1682 1192 1747 1272 Ego

1003 1290 1035 1351 in
1059 1288 1111 1351 die
1134 1288 1267 1351 ultionis
1286 1287 1422 1351 visitabo
1444 1296 1475 1350 et
1494 1290 1554 1352 boc
1581 1299 1746 1371 peccatum

1002 1408 1111 1453 eorum
1130 1408 1137 1451 z
1156 1406 1219 1451 non
1236 1388 1339 1449 solum
1360 1388 1500 1449 minatur
1521 1387 1585 1450 illis
1601 1388 1748 1451 incredu-

1002 1488 1052 1565 lis,
1070 1488 1127 1569 qui
1143 1496 1217 1549 tunc
1232 1494 1332 1564 erant,
1351 1488 1406 1549 sed
1426 1486 1522 1549 etiam
1538 1486 1597 1548 sub
1618 1488 1748 1550 nomine

1002 1606 1112 1650 corum
1129 1586 1286 1649 universis
1303 1586 1539 1649 successoribus
1555 1605 1664 1650 eorum
1682 1605 1749 1669 666-

1002 1686 1114 1763 rersis,
1130 1686 1174 1748 116
1188 1686 1275 1767 quod
1295 1685 1502 1748 comminatio
1519 1685 1574 1747 illa
1592 1685 1626 1748 in
1647 1685 1749 1749 direr-

1003 1785 1045 1845 sis
1063 1784 1276 1847 dirersimode
1293 1804 1329 1847 ao
1341 1784 1476 1846 dirersis
1488 1784 1685 1866 temporibus
1700 1792 1749 1849 est

196 1885 231 1947 in
256 1884 431 1959 Christum,
455 1883 509 1945 sed
531 1881 625 1945 vituli
646 1881 874 1957 adorationem,
892 1882 1135 1965 autBimpleta
1163 1901 1169 1944 :
1201 1883 1311 1965 sicque
1341 1883 1485 1946 doctores
1516 1883 1568 1945 isti
1599 1884 1747 1947 catholici

196 1983 259 2046 alia
274 1982 434 2065 quaedam.
453 1982 554 2062 Atque
574 1988 608 2042 ut
629 1980 728 2043 llabbi
744 1980 859 2043 Paulus
874 1998 947 2043 con-

197 2081 320 2159 scribit,
340 2082 400 2143 boc
417 2080 479 2163 ipsi
489 2080 649 2143 malitiose
659 2078 862 2161 contingunt,
872 2098 947 2160 quo

198 2181 283 2244 niam
302 2180 417 2244 nolunt
434 2178 538 2257 lateri,
548 2179 633 2260 quod
645 2198 739 2242 causa
752 2178 946 2261 captivitatis

196 2290 228 2345 ct
243 2278 473 2343 destructionis
490 2277 581 2341 iactae
597 2297 653 2360 per
669 2278 774 2339 Titum
791 2278 947 2359 61116666-

196 2378 337 2454 sianum,
357 2396 428 2458 quae
452 2376 658 2440 acerbissima
683 2375 757 2451 1611,
779 2384 810 2439 61
835 2394 946 2438 omnes

195 2478 414 2562 praecedentes
444 2476 477 2537 16
513 2475 690 2555 ignominia
719 2482 751 2538 et
780 2474 947 2537 duratione

195 2578 332 2655 excedit,
360 2574 445 2639 iacta
470 2575 511 2637 sit
536 2574 569 2636 in
594 2574 749 2638 ultionem
777 2572 946 2637 occisionis

194 2676 327 2739 llessiae.

237 2776 396 2853 Secundo,
406 2774 483 2857 quia
499 2774 644 2837 doctores
660 2772 787 2855 6661611
797 2772 946 2838 6611661161

196 2896 261 2941 non
279 2875 454 2938 intendunt
464 2892 605 2937 asserere
616 2874 702 2954 quod
713 2873 880 2956 captivitas
893 2874 947 2935 tta-

193 2964 348 3059 bylonica
369 2981 424 3035 aut
439 2972 580 3036 Romana
604 2971 729 3034 16111616
750 2972 791 3034 611
816 2981 946 3055 6666166

1003 1990 1137 2065 6666661
1167 1980 1302 2058 salvari,
1331 2001 1389 2044 nec
1409 1983 1479 2044 'tam
1511 1980 1648 2045 166111166
1674 1993 1748 2047 6661

1003 2082 1152 2161 negandi.

1044 2180 1174 2262 1666666
1189 2180 1341 2261 quaritur
1357 2180 1442 2243 circa
1457 2180 1749 2262 praedicta,curAa·

1005 2298 1060 2342 ron
1077 2279 1134 2360 qui
1149 2279 1286 2341 vitulum
1311 2279 1402 2341 illum
1428 2278 1609 2362 specialiter
1634 2280 1748 2344 1661666

1004 2377 1105 2441 166166
1121 2379 1154 2440 16
1171 2386 1255 2441 textu
1270 2404 1277 2455 ;
1295 2378 1349 2460 qui
1366 2379 1749 2443 61666666611616661111-

1003 2478 1087 2541 cavit
1112 2478 1221 2554 altare,
1248 2487 1279 2541 ct
1305 2478 1460 2560 praeoonis
1486 2497 1563 2542 6666
1585 2479 1745 2557 clamarit,

1002 2578 1076 2639 Cras
1088 2577 1261 2639 solennitas
1271 2576 1397 2640 Domini
1414 2586 1477 2651 est;
1488 2578 1527 2641 ad
1544 2597 1640 2660 quem
1652 2578 1747 2642 etiam

1003 2676 1105 2738 Aaron
1122 2676 1240 2756 lloyses
1261 2694 1336 2738 vcro
1361 2675 1485 2738 locutus
1505 2684 1563 2754 est,
1585 2676 1664 2750 Quid
1688 2678 1747 2740 tibi

1001 2773 1054 2836 hic
1071 2772 1147 2837 16611
1163 2775 1310 2856 6666166,
1329 2782 1361 2836 61
1375 2774 1542 2839 induceres
1558 2796 1654 2859 super
1674 2796 1747 2840 eum

1002 2882 1167 2956 peccatum
1190 2873 1363 2935 maximum
1382 2891 1389 2935 τ
1407 2894 1473 2952 666,
1495 2874 1636 2956 inquam,
1654 2876 1749 2939 ultio

1003 2992 1076 3036 nem
1101 2971 1264 3055 praelatam
1291 2972 1402 3035 erasit.
1420 2973 1509 3036 Circa
1524 2974 1584 3036 hoc
1608 2974 1749 3055 loquitur

193 3074 416 3138 adorationem
448 3070 623 3135 conflatilis
648 3072 760 3149 vituli,
784 3072 833 3134 rel
859 3072 945 3153 quod
963 3071 984 3134 C
1003 3072 1198 3151 Augustinus
1217 3089 1224 3133 :
1240 3071 1333 3134 Novit
1349 3072 1429 3134 11666
1450 3072 1501 3135 661
1518 3081 1627 3153 666661
1647 3091 1747 3154 usque

194 3175 279 3237 Deus
305 3172 429 3235 crimen
460 3171 540 3232 illud
570 3170 741 3233 ulciscatur
772 3171 804 3233 in
829 3172 945 3233 Judaeis

194 3292 282 3335 nuno
302 3272 418 3354 captis,
437 3270 500 3331 nisi
521 3288 558 3333 eo
575 3270 679 3347 modo,
697 3288 760 3351 quo
780 3270 888 3334 omnia
904 3272 946 3333 vi·

193 3374 239 3435 116
255 3370 466 3454 reproborum
482 3369 632 3432 dicuntur
649 3369 682 3431 in
698 3388 807 3433 eorum
824 3370 946 3432 univer·

194 3472 323 3534 sitatem
340 3476 436 3550 atque
452 3468 632 3548 congeriem
650 3469 837 3531 redundare.
855 3469 945 3531 Ponit

195 3588 337 3651 namquo
354 3568 517 3650 Scriptura
533 3567 694 3649 duplicem
711 3567 879 3631 hominum
894 3585 947 3647 go-

194 3668 399 3732 nerationem
425 3684 432 3727 :
459 3685 567 3742 unam,
594 3665 751 3729 bonorum
777 3674 808 3729 et
830 3666 947 3730 electo-

194 3788 289 3841 rum;
312 3765 421 3841 aliam,
438 3764 596 3827 malorum
616 3785 652 3827 ac
673 3765 891 3847 reproborum.
909 3766 946 3827 Et

194 3868 288 3931 docet
314 3865 400 3946 quod
423 3864 505 3926 sicut
521 3864 654 3926 virtuosi
679 3873 767 3926 actus
789 3866 946 3946 justorum

195 3966 258 4028 sibi
275 3964 417 4027 invicem
433 3962 772 4040 communicantur-,ita
788 3964 874 4045 quod
886 3983 948 4026 me·

195 4064 258 4128 6116
274 4082 387 4127 eorum
405 4061 438 4123 in
454 4080 488 4126 se
504 4060 642 4125 invicem
665 4063 852 4139 redundant,
871 4082 948 4143 quo-

196 4164 285 4225 niam
302 4180 360 4245 666
376 4162 541 4225 caritatem
557 4160 693 4223 connexi
713 4168 833 4224 suntet
849 4181 947 4223 unum

1002 3172 1040 3234 ad
1071 3171 1370 3248 commutationem,
1395 3191 1458 3254 qua
1486 3171 1588 3234 noscit
1612 3190 1685 3235 eum
1714 3173 1747 3235 in

1002 3272 1119 3334 melius
1141 3270 1328 3333 commutari
1343 3294 1350 3345 ς
1368 3279 1398 3333 61
1413 3271 1465 3333 661
1485 3279 1594 3353 666661
1614 3272 1654 3333 661
1669 3280 1748 3335 tem-

1004 3390 1074 3453 pus,
1087 3370 1234 3451 quamvis
1250 3369 1393 3453 66666161
1414 3390 1485 3433 cum
1503 3370 1535 3431 16
1553 3366 1746 3434 6661166666

1003 3470 1139 3543 mutari,
1157 3478 1187 3532 et
1210 3470 1261 3532 cui
1288 3488 1350 3532 nou
1367 3478 1482 3552 parcat,
1501 3477 1536 3532 ut
1561 3479 1698 3532 mutetur
1714 3470 1747 3532 in

1003 3569 1135 3643 melius;
1153 3578 1183 3631 ct
1199 3568 1250 3631 cui
1267 3587 1329 3631 non
1342 3577 1460 3650 parcat,
1475 3569 1518 3630 ita
1533 3577 1633 3631 61666
1649 3578 1748 3631 muta·

1004 3667 1121 3731 tionem
1145 3668 1214 3748 ejus
1239 3675 1405 3748 exspectet.
1431 3667 1650 3730 luscrutabilia
1674 3676 1896 3740 6661666666.

1003 3766 1089 3828 euim
1105 3766 1225 3847 judicia
1240 3767 1320 3847 ejus,
1338 3774 1370 3829 ct
1385 3766 1621 3846 investigabiles
1638 3767 1748 3830 616611-

1004 3865 1075 3927 1166.
1098 3865 1160 3926 Alii
1185 3874 1291 3928 autem
1317 3865 1438 3941 dieunt,
1455 3866 1540 3946 quod
1566 3866 1648 3942 ideo,
1672 3886 1748 3947 quo

1004 3965 1090 4026 niam
1107 3984 1144 4026 ex
1160 3965 1296 4045 quadam
1312 3964 1474 4028 coactione
1491 3972 1520 4027 61
1537 3965 1650 4028 timorc
1666 3985 1749 4028 mor-

1005 4064 1046 4124 tis
1063 4062 1324 4144 16611666611616
1341 4072 1425 4125 6661.

1045 4162 1132 4224 Ν666
1149 4163 1302 4243 quaeritur
1318 4164 1357 4225 de
1372 4163 1573 4228 ordinatione
1589 4164 1747 4247 Decalogi,

197 4263 370 4345 mysticum
389 4280 505 4342 corpus
525 4260 679 4322 exsistunt
694 4285 700 4335 ;
720 4262 946 4343 propterquod
963 4266 988 4326 1)
1005 4262 1151 4324 videlicet
1168 4269 1246 4342 quot
1261 4270 1419 4344 praeopta
1437 4262 1554 4343 scripta
1570 4262 1699 4325 1666661
1717 4263 1749 4325 16

197 4363 243 4425 611
269 4361 320 4423 vir
346 4368 494 4436 sanctus,
515 4358 674 4442 Particcps
699 4378 757 4440 ego
788 4380 857 4421 sum
884 4379 950 4423 om-

199 4462 291 4524 nium
319 4460 503 4521 timentium
530 4466 571 4536 te,
597 4467 680 4533 etc.;
705 4460 743 4522 do
768 4478 830 4541 qua
854 4460 948 4522 ctiam

196 4559 407 4641 generatione
428 4567 608 4634 cantamus,
632 4558 702 4621 1166
719 4566 768 4620 661
787 4559 949 4637 generatio

197 4656 416 4741 quarentium
433 4656 620 4719 Dominum:
634 4655 680 4717 sic
696 4656 773 4719 vitia
789 4665 883 4738 atque
899 4658 950 4720 de-

197 4755 316 4820 merita
331 4754 518 4836 iniquorum
529 4754 562 4815 in
578 4754 760 4817 seinvicem
773 4756 950 4818 redundare

196 4856 364 4930 dicuntur,
382 4861 413 4915 61
433 4852 596 4917 communi
621 4854 826 4916 damnatione
846 4854 951 4936 dispc-

197 4962 307 5029 reunt,
325 4952 407 5015 sicut
429 4960 503 5014 sunt
519 4971 618 5014 unum
640 4970 767 5034 corpus,
785 4960 816 5013 et
837 4952 949 5015 civitas

197 5072 264 5116 una
289 5050 423 5115 diaboli.
441 5050 519 5113 Hinc
540 5051 683 5113 Christus
708 5050 787 5112 dixit
805 5051 921 5113 ludaeis
940 5068 947 5113 ε

195 5153 280 5215 Ecce
296 5168 356 5233 ego
373 5150 465 5213 mitto
480 5150 519 5212 ad
533 5168 588 5212 ros
598 5150 781 5232 Prophetas,
794 5158 823 5213 ct
836 5169 873 5212 ex
885 5150 949 5211 illis

195 5248 365 5327 occidetis,
383 5257 418 5311 ut
439 5247 547 5311 veniat
567 5267 733 5331 supervos
754 5249 859 5311 omnis
880 5269 951 5311 san-

195 5352 270 5432 guis
287 5350 402 5432 justus,
421 5347 621 5431 qui'clfusus
641 5356 799 5432 estsuper
822 5357 947 5428 terram,

1005 4360 1147 4441 qualibet
1173 4360 1289 4423 tabula.
1308 4359 1355 4422 Ad
1377 4362 1461 4441 quod
1485 4362 1680 4441 Augustinus
1706 4382 1751 4427 66-

1005 4460 1148 4541 spondet,
1174 4460 1258 4540 quod
1281 4459 1341 4521 tria
1363 4460 1476 4541 prima,
1494 4461 1533 4521 ad
1549 4460 1603 4522 Dei
1629 4462 1750 4524 cultum

1005 4558 1125 4620 directe
1141 4558 1326 4639 spectantia,
1340 4567 1368 4620 61
1385 4558 1499 4621 6616616
1511 4558 1748 4641 6616616611666,

1006 4657 1124 4739 6661616
1149 4663 1240 4719 66661
1264 4656 1296 4717 16
1324 4656 1432 4718 tabula
1456 4656 1584 4737 prima:
1613 4658 1752 4721 undeet

1006 4764 1163 4837 praeopta
1182 4754 1292 4836 prima
1313 4754 1427 4817 tabula
1444 4764 1681 4836 nuncupantur.
1698 4758 1751 4819 Ce-

1006 4864 1072 4918 tera
1094 4862 1215 4935 septem
1235 4855 1275 4915 ad
1295 4854 1473 4935 proximum
1495 4854 1697 4934 pertinentia,
1717 4855 1749 4917 in

1008 4952 1115 5015 tabula
1140 4953 1304 5015 secunda:
1329 4961 1457 5034 propter
1482 4952 1567 5034 quod
1593 4963 1752 5037 66666616

1007 5051 1122 5113 tabula
1134 5052 1281 5113 66666616
1295 5050 1506 5132 appellantur.
1520 5052 1608 5115 Η666
1619 5054 1750 5116 modum

1007 5150 1176 5214 ordinandi
1202 5159 1234 5212 et
1255 5150 1394 5211 situandi
1418 5159 1575 5234 66666616
1591 5151 1749 5233 Decologi‚

1007 5258 1184 5331 sequuntur
1199 5249 1335 5311 lsidorus
1351 5256 1382 5310 et
1402 5249 1575 5311 llicbardus
1597 5251 1636 5312 de
1652 5250 1683 5312 S.
1701 5251 1753 5314 11-

1007 5358 1104 5426 61666,
1117 5348 1275 5429 multique
1286 5347 1353 5411 alii.
1366 5347 1446 5429 Lyra
1456 5367 1531 5412 rero
1547 5348 1656 5426 661661,
1665 5352 1753 5430 quod
