4309 6259
505 524 679 571 ennnmrro
702 524 732 569 ut
754 523 822 569 uxr.
846 521 920 567 xvur
941 522 1175 569 usuranorvoxn.
1198 542 1238 553 -
1258 524 1330 569 nar.
1353 523 1407 569 xxx
1665 506 1722 569 titt

172 693 303 776 Moysen
325 702 507 777 opportuno
529 704 673 777 ‘tempore
695 694 861 757 suscitavit
885 692 924 755 ad
940 690 1202 775 Ahpostolorum
1224 694 1305 757 hanc
1321 694 1539 757 auctoritatem
1556 693 1672 775 allegat
1686 694 1725 756 de

125 786 127 793 ⁴
174 792 332 874 populum
365 793 588 856 instruendum
616 810 623 854 :
655 793 765 875 sieque
795 791 926 874 ponitur
979 792 1104 855 Christo
1120 793 1314 874 predictam,
1328 794 1361 855 in
1377 793 1463 869 hatis
1478 793 1726 874 loquenszMoy-
1753 811 1870 861 xanta.

172 890 340 971 singulare
356 910 413 974 pro
428 892 558 974 plurali,
575 892 728 973 quoniam
745 889 926 954 successive
983 909 1032 953 ses
1051 891 1132 954 dixit
1150 910 1156 953 :
1174 891 1361 973 Prophetam
1383 890 1549 953 suscitabit
1563 890 1653 953 vobis
1669 890 1726 953 llo

172 988 227 1051 vel
243 990 340 1053 etiam
355 990 549 1072 quandoque
570 990 666 1052 simul
687 988 853 1053 suscitavit
868 988 926 1050 tto
981 989 1099 1068 minus,
1123 999 1184 1053 ete.
1203 990 1356 1053 Similiter
1377 990 1441 1054 alio
1463 991 1599 1053 hetuum
1621 989 1725 1072 eapite

173 1087 288 1150 minus
309 1097 382 1170 post
402 1089 528 1171 Moysen
549 1089 668 1151 multos
687 1089 869 1171 Prophetas,
891 1094 927 1148 ut
981 1088 1011 1151 S.
1030 1088 1209 1171 Stephanus
1224 1088 1288 1151 ait:
1306 1089 1362 1151 llic
1377 1098 1426 1151 est
1440 1089 1559 1171 Moyses
1574 1088 1629 1170 qui
1646 1087 1726 1150 dixit
1739 1103 1870 1155 iaruman.

33 1196 156 1249 sarrana.
174 1186 296 1267 partim
313 1196 400 1270 patet
415 1189 449 1249 in
464 1187 547 1251 libro
561 1188 718 1265 iudicum,
732 1187 848 1250 deinde
863 1204 927 1247 ma·
981 1185 1061 1248 liliis
1076 1187 1170 1249 lsrael
1189 1206 1195 1249 :
1212 1187 1401 1269 Prophetam
1423 1186 1515 1251 vohis
1530 1186 1614 1250 Deus
1628 1185 1726 1249 susei-

52 1294 155 1349 lta-¹1¹.
174 1285 227 1365 gis
245 1285 278 1347 in
294 1285 378 1348 lihro
393 1286 524 1368 Regum.
542 1285 622 1349 llinc
643 1287 784 1368 loquitur
804 1286 923 1348 lsaias:
981 1284 1070 1347 tabit.
1088 1284 1229 1348 Christus
1245 1304 1373 1368 quoque
1388 1285 1420 1347 in
1436 1285 1608 1366 Evangelio
1624 1284 1726 1347 inere

33 1360 63 1466 :fl
73 1358 93 1463 ¹,¹
101 1360 158 1414 ¹¹⁶⁹·
175 1382 290 1446 Nonne
305 1403 324 1445 a
338 1385 402 1447 Deo
418 1402 475 1447 suo
491 1385 629 1467 populus
640 1384 805 1448 veritatem
822 1383 927 1467 inqui·
981 1380 1065 1442 dulis
1091 1380 1225 1462 loquens
1248 1380 1363 1442 ludatis
1386 1397 1393 1441 :
1420 1379 1453 1443 Si
1477 1379 1659 1455 crederetis,
1677 1379 1725 1440 in·
1758 1396 1869 1448 rma,

35 1484 154 1581 panaro,
175 1488 247 1545 reti
264 1484 355 1565 quasi
371 1485 541 1561 dieat,lmo
553 1502 561 1546 ι
574 1484 646 1549 ideo
661 1485 757 1562 addit,
767 1484 812 1547 Ad
824 1485 925 1567 legem
980 1479 1061 1560 quit,
1071 1479 1179 1561 Moysi,
1189 1480 1359 1543 crederetis
1375 1478 1510 1543 forsitan
1525 1489 1557 1542 et
1572 1478 1653 1541 mihi
1665 1495 1672 1540 :
1684 1478 1725 1541 de
1738 1460 1772 1501 ⁴⁶·

35 1559 61 1592 '’'
173 1583 279 1663 magus
301 1592 333 1645 et
354 1584 394 1645 ad
414 1582 596 1665 Prophetas,
615 1584 740 1666 supple,
759 1593 807 1647 est
823 1603 926 1647 recur-
981 1596 1032 1641 me
1046 1580 1134 1642 enim
1150 1578 1205 1642 ille
1220 1579 1358 1662 scripsit.

173 1681 325 1743 rendum.
1019 1674 1163 1755 Denique
1178 1674 1262 1736 cirea
1277 1675 1344 1738 haee
1367 1674 1479 1737 scribit
1494 1672 1593 1737 ltahbi
1609 1673 1724 1735 Paulus

213 1782 259 1841 El
271 1783 320 1842 ait
329 1783 490 1842 Dominus
502 1782 586 1841 milii
597 1799 608 1841 ,·
619 1786 706 1842 Bene
715 1783 826 1843 omnia
839 1800 925 1844 nune
980 1772 1055 1835 satis
1077 1772 1246 1849 (lilMlOMGO,
1268 1772 1379 1837 dicens
1398 1790 1406 1836 Ζ
1425 1773 1525 1836 Mlliffl’
1546 1769 1725 1852 intelligen-

172 1886 338 1958 praataeta,
361 1890 437 1940 suat
460 1882 569 1952 locuti,
595 1880 628 1941 in
651 1879 765 1943 Horeb.
786 1883 925 1958 Prophe·
942 1882 964 1943 Β
979 1872 1055 1934 dum
1071 1882 1129 1949 est,
1147 1873 1233 1955 quod
1254 1873 1357 1955 primo
1372 1875 1425 1937 hie
1443 1874 1572 1949 dicitur,
1589 1873 1725 1955 Prophe

172 1985 241 2036 lam
262 1980 422 2038 suscitabo
442 1981 487 2037 eis
502 1982 542 2037 (lc
564 1982 669 2038 medio
689 1982 835 2057 fratrum
855 2000 947 2039 suos
980 1980 1043 2034 lam
1059 1974 1099 2035 de
1113 1981 1208 2052 genle
1222 1980 1276 2034 Mla
1285 1982 1317 2035 el
1332 1974 1371 2037 de
1387 1973 1539 2037 fratribus
1555 1973 1629 2050 luis,
1642 1973 1724 2036 Sicut

170 2095 249 2135 runt
264 2078 407 2136 similem
424 2079 483 2137 tui.
502 2077 586 2138 istud
602 2076 695 2139 multi
708 2087 874 2159 exponunt
885 2079 924 2141 de
979 2090 1040 2147 me,
1058 2072 1224 2134 SUSGMBPM
1245 2071 1303 2133 libi
1324 2072 1497 2147 Dominus;
1514 2081 1545 2136 θῑ
1566 2073 1652 2154 quod
1674 2091 1723 2136 ὅθ·

170 2174 284 2237 eodem
310 2173 477 2256 Propheta,
506 2194 561 2238 seu
583 2175 715 2253 eisdem,
743 2176 923 2259 dequibus
978 2171 1083 2233 eundo
1108 2169 1235 2247 dieitur,
1262 2170 1450 2253 Prophetam
1478 2171 1637 2234 suscitabo
1662 2172 1720 2249 eis,

171 2290 261 2334 nune
278 2272 363 2335 lacta
379 2282 427 2335 est
442 2274 573 2337 mentio.
586 2273 675 2337 Unde
689 2283 721 2337 et
731 2274 841 2338 Glossa
856 2275 919 2338 ait:
977 2278 1037 2331 ete.
1063 2269 1201 2331 Primum
1226 2269 1312 2333 enim
1339 2270 1530 2352 intelligitur
1555 2272 1595 2334 de
1615 2272 1719 2348 losue,

170 2370 261 2434 Licet
277 2372 486 2435 historialiter
502 2374 541 2436 de
552 2373 716 2456 Prophetis
733 2374 835 2457 accipi
855 2393 924 2457 pos·
977 2369 1112 2450 aliisque
1122 2369 1286 2452 Prophetis
1302 2371 1529 2452 sequentibus3
1547 2371 1723 2433 seeundum

169 2470 225 2546 sit,
243 2470 301 2551 qui
324 2480 396 2553 post
410 2471 536 2555 Moysen
559 2472 593 2534 in
616 2473 736 2554 populo
758 2474 853 2536 lsrael
878 2492 923 2536 re·
978 2488 1064 2546 vero,
1083 2476 1204 2531 tantum
1221 2470 1261 2532 de
1275 2469 1409 2533 Christo.
1419 2470 1515 2551 Cujus
1531 2470 1724 2533 diversitatis

171 2568 251 2648 pleti
277 2578 353 2631 sunt
375 2568 495 2651 Spiritu
522 2570 597 2645 llei3
615 2570 730 2633 melius
755 2580 860 2635 tamen
883 2574 922 2635 de
978 2568 1058 2631 ratio
1078 2569 1215 2631 sumitur
1236 2588 1274 2631 ex
1295 2570 1536 2633 continuatione
1557 2572 1724 2653 utriusque

171 2666 310 2731 llomino
338 2667 566 2749 Prophetarum
597 2669 763 2750 accipitur,
790 2671 830 2732 de
860 2689 923 2753 quo
978 2668 1067 2731 verbi
1083 2668 1237 2751 predicti,
1254 2670 1294 2731 ad
1316 2688 1353 2731 ea
1368 2690 1440 2750 quac
1455 2670 1561 2732 statim
1583 2680 1657 2733 ante
1672 2671 1722 2734 di·

59 2792 153 2829 amen,
172 2765 276 2828 turbae
295 2782 303 2827 τ
330 2766 387 2829 llic
413 2774 471 2843 est,
490 2766 651 2849 inquiunt,
669 2787 743 2830 vere
767 2769 923 2851 Propheta
977 2775 1102 2829 cuntur.
1120 2766 1331 2847 intelligentia
1347 2787 1485 2849 namque
1500 2769 1668 2846 dictorum,
1682 2790 1720 2833 ex

59 2874 63 2881 '
170 2864 229 2944 qui
245 2874 401 2927 venturus
416 2875 464 2928 est
485 2866 518 2927 in
540 2867 707 2929 mundum.
724 2867 923 2949 Glossaquo
977 2866 1081 2928 causis
1111 2865 1237 2928 dicendi
1267 2868 1422 2928 sumenda
1452 2875 1509 2944 est,
1542 2870 1717 2932 secundum

169 2982 237 3043 que
252 2963 468 3027 interlinearis
488 2965 619 3046 exponit
639 2964 704 3028 sic:
722 2965 919 3049 Prophetam,
976 2964 1198 3045 Augustinum.
1216 2964 1249 3026 ln
1272 2965 1377 3047 primo
1392 2966 1478 3029 enim
1494 2966 1564 3030 loco
1582 2968 1722 3030 intendit

169 3061 323 3125 videlieet
338 3061 511 3139 Christum,
524 3063 684 3128 suscitabo
699 3063 746 3127 eis
761 3066 801 3128 de
816 3066 921 3130 medio
938 3072 960 3137 C
976 3064 1094 3146 Moyses
1110 3063 1261 3127 iuducere
1283 3064 1449 3147 populum,
1467 3074 1502 3127 ut
1517 3065 1624 3129 lutura
1646 3086 1721 3131 con·

170 3164 466 3243 mahummariam,
485 3166 516 3228 id
540 3175 588 3230 est
610 3167 650 3229 da
670 3168 917 3248 seminaberunt,
975 3162 1131 3244 tingentia
1146 3170 1177 3225 et
1196 3164 1377 3226 consimilia
1399 3184 1462 3227 non
1485 3176 1664 3247 quererent
1678 3168 1719 3230 ab

169 3262 311 3326 similem
328 3264 386 3341 tui,
399 3264 455 3345 qui
472 3282 536 3327 nou
553 3265 641 3327 venit
658 3265 759 3346 legem
782 3267 917 3346 solvere,
974 3262 1083 3325 ariolis
1105 3270 1136 3325 et
1155 3262 1286 3339 divinis,
1304 3264 1492 3346 promittens
1515 3266 1599 3346 quod
1621 3266 1718 3330 alteo

49 3367 63 3381 ’·
168 3362 227 3424 sed
250 3362 437 3445 adimplere.
460 3366 649 3443 Pontumque
674 3366 769 3425 υενὸα
790 3387 860 3427 mea
883 3372 919 3429 in
974 3369 1103 3442 possent
1127 3378 1317 3440 cognoscere
1348 3362 1422 3425 talia
1448 3382 1504 3444 per
1527 3363 1716 3446 Prophetam

118 3486 151 3527 vn.
167 3480 224 3520 ore
237 3462 320 3538 ejus.
338 3460 410 3524 ldeo
425 3460 569 3523 Christus
585 3461 747 3543 professus
764 3472 831 3526 est:
854 3465 919 3529 Mea
974 3480 1028 3522 seu
1046 3460 1272 3523 revelationem
1296 3460 1458 3536 divinam;
1474 3470 1506 3523 et
1520 3480 1718 3545 consequen·

58 3564 62 3574 '
167 3559 317 3621 doctrina
340 3578 404 3622 non
425 3568 473 3621 est
489 3577 569 3637 mea,
585 3561 639 3622 sed
662 3560 732 3641 ejus
752 3562 807 3643 qui
830 3563 918 3627 misit
972 3568 1020 3622 tet
1044 3559 1133 3621 addit
1157 3560 1242 3621 aliud
1267 3561 1500 3641 quodammodo
1525 3562 1642 3640 simile,
1668 3564 1716 3626 di·

77 3677 122 3717 ra
168 3676 221 3719 me
236 3657 348 3719 Patris.
361 3658 620 3739 ltemque2hme
637 3658 706 3740 ipso
724 3658 806 3723 lacio
818 3662 915 3738 nihil;
972 3675 1067 3720 cens:
1085 3658 1125 3719 Ut
1143 3658 1511 3739 petistiallominolleo
1535 3670 1588 3724 tuo
1611 3662 1643 3724 in
1660 3664 1717 3727 llo
1760 3711 1763 3717 ,

35 3736 61 3775 ²⁸·
168 3757 224 3819 sed
241 3756 325 3818 sicut
340 3775 392 3819 me
412 3756 521 3819 docuit
535 3756 635 3833 Pater,
653 3757 698 3819 sie
715 3758 838 3841 loquor.
857 3764 915 3821 Lo·
974 3755 1039 3833 reb,
1067 3755 1099 3818 id
1128 3764 1186 3833 est,
1219 3775 1282 3819 non
1313 3757 1415 3820 solum
1446 3759 1625 3840 providebit
1656 3761 1715 3823 tibi

165 3866 348 3935 quaterque
369 3858 414 3915 od
437 3876 487 3915 eos
512 3858 623 3916 omnio
647 3877 719 3934 quac
740 3878 917 3936 praecepero
972 3854 1123 3918 Dominus
1139 3856 1179 3917 de
1188 3855 1343 3937 Propheta
1358 3856 1521 3921 revelante
1538 3859 1594 3921 tibi
1606 3859 1715 3923 lutura

166 3955 233 4012 illi.
254 3955 319 4022 Qui
340 3963 449 4014 autem
472 3955 566 4015 verta
583 3954 653 4031 ejus
673 3958 789 4015 audire
810 3960 917 4017 notue-
972 3954 1189 4034 contingentia
1211 3962 1242 4017 et
1263 3954 1397 4031 occulta,
1415 3957 1472 4018 sed
1491 3966 1523 4020 et
1544 3959 1629 4039 quod
1651 3979 1716 4022 am-

167 4054 224 4121 rr't,
245 4071 300 4127 ayo
325 4056 414 4111 attor
436 4054 598 4112 exsistam.
615 4050 692 4113 Nam
718 4052 789 4115 ideo
814 4072 915 4135 usque
970 4054 1055 4136 plius
1071 4062 1129 4129 est,
1147 4053 1326 4136 providebit
1346 4055 1404 4117 tibi
1420 4057 1460 4119 de
1475 4057 1639 4140 Propheta,
1658 4060 1713 4142 qui

167 4149 199 4209 in
218 4168 360 4231 praesens
376 4149 522 4231 pervenit
538 4149 572 4210 in
596 4149 668 4212 illos
694 4150 740 4213 ira
758 4152 824 4229 Dei,
837 4171 915 4233 quo·
969 4153 1091 4233 absque
1112 4160 1232 4215 terrore
1252 4153 1461 4218 conturbante
1476 4157 1602 4220 docebit
1618 4166 1649 4223 te
1672 4159 1716 4223 le

44 4238 59 4267 '''
165 4248 255 4310 niam
271 4247 433 4311 Christum
456 4248 618 4330 suscipere
640 4258 911 4332 contempserunt.
929 4261 1039 4331 ligem
1062 4251 1225 4326 divinam;
1242 4253 1329 4334 quod
1350 4254 1390 4316 de
1408 4255 1476 4318 solo
1491 4256 1615 4321 Christo
1631 4262 1713 4324 veri-

34 4416 51 4439 ,-
63 4366 148 4409 uuu.
163 4346 256 4408 Unde
277 4347 424 4428 predixit
448 4346 614 4409 Psalmista
631 4364 638 4409 :
655 4346 794 4411 Ellunde
819 4370 915 4432 super
969 4352 1095 4429 linatur,
1113 4351 1169 4433 qui
1183 4351 1277 4413 aliam
1294 4353 1382 4415 dedit
1396 4353 1499 4436 legem
1514 4375 1609 4438 quam
1632 4360 1714 4444 Moy-

34 4432 59 4456 '''
162 4466 219 4509 ecs
235 4446 317 4507 iram
338 4454 436 4523 tuam,
454 4454 486 4509 et
510 4446 599 4509 luror
614 4446 669 4509 irae
686 4455 747 4510 tuae
769 4467 913 4531 eompre—
968 4470 1028 4513 ses.
1046 4452 1090 4514 De
1109 4450 1170 4514 isto
1189 4451 1288 4514 llabbi
1310 4451 1423 4515 Paulus
1443 4455 1553 4518 scribit
1570 4459 1703 4539 prolixe,

162 4545 285 4607 hendat
303 4563 369 4607 eos.
387 4544 457 4607 Maec
479 4553 585 4607 autem
607 4545 718 4608 dieunt
732 4547 772 4608 de
787 4547 912 4614 Christo
966 4558 1062 4632 atque
1071 4551 1121 4630 (ut
1131 4558 1249 4613 tactum
1260 4553 1320 4631 est)
1330 4552 1405 4613 satis
1417 4553 1709 4623 catholice.Tamen

162 4644 342 4707 secuudum
366 4653 511 4706 naturam
528 4646 597 4725 ejus
620 4646 791 4709 humanam
815 4649 912 4712 servi·
966 4650 993 4711 si
1010 4650 1091 4713 bene
1107 4658 1267 4732 pensetur,
1284 4650 1391 4713 verbis
1411 4653 1460 4714 his
1476 4653 1588 4737 Moysis
1605 4658 1708 4739 primo

162 4741 227 4805 lem
253 4751 463 4824 assumptam,
489 4745 665 4806 secundum
689 4763 784 4826 quam
807 4748 912 4813 minor
966 4748 1035 4811 loeo
1057 4747 1188 4830 prolatis
1210 4747 1412 4811 beatissimus
1433 4750 1541 4814 Petrus
1562 4755 1708 4838 adjungit

88 4870 104 4897 a
162 4848 210 4901 est
221 4840 324 4917 Patre,
337 4842 512 4903 secundum
529 4861 624 4923 quam
636 4842 716 4903 dixit
728 4862 735 4905 :
749 4843 838 4908 Pater
848 4866 912 4910 ma·
967 4846 999 4907 in
1012 4845 1097 4908 Actis
1107 4846 1214 4923 verba,
1228 4865 1299 4927 quac
1313 4847 1366 4911 hie
1376 4858 1588 4913 annectuntur
1602 4855 1709 4919 verbis
1732 4869 1853 4923 detenet.

34 4917 71 4955 ““”
92 4950 96 4958 ’
161 4938 213 5019 jor
228 4956 282 4999 me
297 4946 356 5015 est,
374 4944 406 5000 et
421 4938 503 5001 sieut
525 4941 708 5002 mandatum
726 4941 816 5004 dedit
832 4944 910 5007 mihi
965 4944 1034 5007 istis
1050 4945 1189 5007 secundo
1205 4945 1274 5008 loeo
1290 4948 1522 5027 pronuntiatis:
1538 4968 1602 5031 quo
1617 4956 1707 5035 argui
1723 4934 1757 4975 ῃ·

162 5036 266 5113 Pater,
284 5036 330 5098 sic
347 5036 441 5099 laeio.
458 5037 565 5118 ltaque
587 5056 624 5100 ex
648 5038 710 5101 isto
728 5048 790 5101 tam
807 5042 912 5122 singu·
966 5052 1079 5125 potest,
1097 5045 1182 5124 quod
1204 5052 1375 5126 utrumque
1394 5047 1433 5109 ad
1449 5050 1594 5112 eumdem
1613 5055 1708 5133 perti-

163 5133 222 5195 lari
250 5134 404 5215 adjuncto
434 5134 511 5196 satis
542 5134 735 5214 insinuatur,
762 5140 846 5219 quod
872 5141 911 5204 de
965 5148 1049 5203 neat.

160 5232 289 5295 Christo
311 5231 463 5313 praedicta
485 5240 560 5294 sunt
582 5233 668 5297 haec:
686 5244 717 5297 et
738 5236 798 5298 hoc
818 5236 910 5301 lateri
1010 5239 1245 5321 consequenter
1274 5243 1485 5323 reprobantur
1514 5250 1708 5332 pseudopro·

160 5338 297 5414 oportet,
322 5330 474 5412 quoniam
504 5333 736 5395 sacratissimus
760 5334 910 5419 princeps
965 5337 1079 5419 phetae.
1090 5342 1251 5417 Propheta
1261 5351 1370 5403 autem
1384 5344 1709 5423 quiarroyantiade-
