4309 6259
539 470 712 516 munusue
735 470 766 514 m
787 469 855 515 cnr.
879 467 911 514 ru
932 469 1129 517 uuuanonmi.
1152 492 1192 500 —
1213 472 1284 519 nnr.
1307 473 1362 521 xix
1662 454 1721 519 383

167 638 235 706 ritu
259 640 325 702 oris
342 641 420 721 ejus
445 643 550 704 omnis
575 640 676 705 virtus
702 659 833 715 eorum;
846 659 919 718 pro
936 638 1100 706 Afervora
1125 644 1249 726 repleti,
1266 643 1352 726 quod
1377 663 1411 706 sa
1436 642 1585 706 cohibere
1609 642 1721 726 nequi-

162 740 397 813 pictaverunt,
422 762 479 801 nee
503 745 593 802 ultra
617 750 830 810 cessaverunt,
859 739 920 800 hoc
975 741 1109 820 bautlii
1121 742 1183 804 duo
1195 742 1311 819 viri,ut
1327 742 1358 804 in
1372 740 1568 805 Scholastica
1583 742 1719 804 habetur

164 845 227 912 est,
247 837 381 918 spiritus
404 839 580 921 prophetiae
603 839 720 901 mansit
744 839 776 899 in
799 837 857 915 eis,
875 837 920 899 ita
975 840 1118 917 historia,
1137 842 1312 904 secundum
1335 841 1482 904 Hebraeos
1506 839 1636 903 luerunt
1659 838 1721 901 lra-

164 936 255 1014 quod
271 937 424 1018 deinceps
441 946 583 1020 tempore
596 947 777 1020 opportuno
788 935 920 1018 prophe·
977 949 1039 1002 tres
1054 939 1167 1022 Moysis
1184 959 1222 1003 ex
1241 948 1341 1022 patre,
1360 958 1424 1002 non
1447 958 1484 1001 ex
1507 947 1627 1001 matre:
1645 937 1721 1019 quia

166 1035 456 1098 taveruntllerum
472 1043 507 1097 ut
523 1035 634 1113 lertur,
646 1036 778 1098 verbum
794 1034 920 1096 Hebrai-
975 1045 1046 1119 post
1072 1038 1174 1118 legem
1200 1047 1372 1120 acceptam,
1396 1037 1524 1099 Amram
1549 1036 1721 1098 mandante

165 1151 243 1194 eum
260 1152 319 1214 pro
334 1153 399 1216 quo
414 1131 921 1214 habcmus,Cessaverunt,signi·
975 1135 1088 1217 Moyse,
1106 1136 1228 1198 dimisit
1253 1136 1389 1219 primam
1415 1135 1584 1216 conjugem
1608 1134 1720 1214 Moysis

166 1229 249 1293 licat
271 1231 380 1310 etiam,
397 1231 616 1295 Addiderunt:
634 1242 666 1295 et
687 1232 731 1294 ita
756 1237 920 1313 exponunt
975 1240 1120 1310 matrem,
1138 1234 1290 1317 quoniam
1316 1235 1412 1296 amita
1437 1253 1493 1296 sua
1520 1232 1600 1307 iuit;
1618 1232 1721 1295 duxit-

164 1329 305 1406 Hebraei,
315 1331 378 1394 Nec
394 1331 477 1394 ultra
492 1331 695 1407 addiderunt,
706 1331 766 1394 hoc
781 1338 840 1407 est,
855 1348 918 1416 non
974 1350 1037 1413 que
1052 1331 1159 1409 aliam,
1177 1333 1216 1395 dc
1232 1352 1295 1414 qua
1311 1332 1450 1414 suscepit
1471 1332 1530 1395 hos
1549 1331 1640 1393 duos.
1658 1329 1719 1392 Sed

165 1427 453 1509 prophetaverunt,
472 1430 534 1492 nisi
552 1430 586 1492 in
602 1429 658 1492 illo
674 1429 736 1492 die.
749 1427 837 1502 Quod
854 1447 918 1491 non
973 1430 1063 1510 juxta
1087 1431 1157 1506 hoc,
1182 1433 1324 1495 nondum
1347 1430 1485 1493 fuissent
1507 1429 1597 1506 bimi,
1617 1429 1648 1490 id
1671 1435 1721 1490 est

165 1526 297 1588 videtur
317 1527 431 1590 idonee
450 1528 583 1606 dictum,
600 1529 821 1610 quiapropter
837 1544 920 1589 com·
975 1528 1109 1591 duorum
1121 1529 1402 1611 annorum,quiaa
1415 1529 1483 1608 lege
1494 1530 1566 1591 data
1577 1527 1719 1590 nondum

165 1643 302 1686 munem
324 1627 436 1709 populi
462 1627 633 1690 utilitatem
655 1634 686 1689 et
709 1625 918 1689 directionem
975 1626 1134 1690 fluxerant
1148 1629 1211 1691 duo
1227 1629 1316 1690 anni.
1335 1628 1404 1690 llaec
1425 1627 1717 1690 ihillerumtamen

164 1723 243 1784 data
269 1723 331 1785 luit
355 1725 457 1804 gratia
479 1725 655 1808 prophetiae
678 1724 808 1787 senibus
830 1723 916 1785 illis:
974 1725 1105 1806 quidam
1116 1723 1234 1802 dicunt,
1244 1728 1329 1808 quod
1342 1727 1461 1808 Moyses
1473 1725 1505 1787 in
1517 1723 1631 1807 spiritu
1643 1743 1720 1805 prae

165 1820 241 1883 ideo
258 1822 394 1886 durante
410 1841 520 1886 eorum
536 1822 659 1899 oliicio,
678 1822 795 1885 mansit
817 1821 851 1883 in
873 1823 919 1904 ip·
935 1824 958 1884 B
974 1823 1054 1888 vidit
1069 1844 1103 1887 se
1119 1825 1221 1905 legem
1236 1833 1453 1907 accepturum,
1466 1833 1498 1886 et
1512 1832 1585 1886 ante
1601 1823 1718 1885 realem

164 1919 211 2002 sis
228 1920 344 1983 saltem
360 1929 502 2003 tempore
518 1931 709 2004 opportune,
728 1921 791 1984 nisi
808 1919 916 1984 lorsan
974 1923 1043 2004 ejus
1054 1924 1278 2006 acceptionem
1289 1943 1346 1987 suo
1358 1924 1440 2006 patri
1452 1923 1531 1985 illud
1542 1921 1716 1984 mandavit.

165 2018 337 2096 posuerint
352 2018 489 2082 obicem.
1014 2025 1136 2083 Statim
1150 2027 1244 2083 Josue
1261 2025 1410 2084 minister
1426 2024 1548 2100 Moysis
1570 2019 1718 2103 specialis

198 2119 441 2178 Remanserortt
456 2129 565 2180 autem
581 2122 616 2178 irc
632 2121 820 2180 castrisdco
836 2119 916 2189 viri,
974 2125 1005 2179 et
1023 2117 1209 2183 familiaris:
1228 2121 1299 2184 ideo
1316 2120 1474 2197 subditur,
1486 2126 1602 2182 eiectus
1616 2141 1632 2180 e
1645 2123 1720 2197 plu·

167 2232 234 2278 non
251 2234 291 2278 ex
306 2216 444 2280 elatione
463 2225 517 2279 aut
537 2216 767 2292 inobedientia,
784 2217 838 2278 sed
861 2216 919 2276 hu·
973 2220 1073 2279 ribus.
1091 2219 1163 2281 Fuit
1184 2220 1270 2282 enim
1292 2220 1341 2282 vir
1364 2220 1456 2284 valde
1478 2219 1635 2302 egregius,
1653 2237 1717 2281 non

167 2314 319 2390 militate,
337 2315 489 2396 quoniam
513 2325 601 2378 tanto
617 2314 729 2378 officio
745 2333 779 2377 se
795 2321 920 2396 reputa-
974 2307 1076 2378 solum
1093 2336 1111 2379 a
1127 2318 1189 2380 lieo
1208 2317 1400 2394 sublimiter,
1419 2318 1473 2380 sed
1490 2337 1508 2380 a
1523 2318 1625 2399 Moyse
1640 2335 1719 2398 quo

65 2429 151 2474 aaa.
167 2411 247 2474 bant
261 2413 423 2493 indignos,
433 2413 516 2475 sicut
527 2423 558 2477 et
569 2413 642 2476 Saul
659 2432 692 2476 se
707 2413 918 2476 absconderat
973 2433 1035 2495 que
1050 2414 1084 2477 in
1101 2415 1367 2498 specialissimum
1383 2415 1564 2479 ministrum
1586 2415 1716 2491 electus,

167 2512 269 2589 domi,
287 2512 364 2574 dum
386 2521 454 2575 erat
477 2514 712 2595 promovendus
732 2512 765 2574 in
784 2530 891 2592 regem
909 2536 916 2588 ;
973 2522 1004 2576 et
1020 2513 1063 2576 ita
1079 2534 1163 2576 nunc
1179 2515 1431 2592 commendatur,
1443 2514 1520 2596 quia
1535 2515 1630 2596 paulo
1646 2521 1718 2594 post

165 2632 265 2689 super
285 2633 363 2692 quos
385 2615 545 2692 requievit
560 2615 729 2692 Spiritus:
745 2611 801 2692 qui
822 2629 918 2693 super
973 2611 1166 2694 increpatur,
1185 2631 1225 2674 ne
1249 2613 1411 2676 videretur
1437 2633 1475 2676 ex
1499 2613 1622 2676 malitia
1646 2630 1718 2694 pec·

53 2721 150 2766 stunt
165 2709 309 2784 humiles
334 2717 366 2772 et
391 2709 423 2771 in
454 2710 631 2773 humilibus
661 2709 832 2791 requiescit
862 2727 917 2771 seu
972 2730 1071 2774 casse.
1089 2715 1147 2773 Ait
1163 2731 1174 2773 .·
1192 2714 1328 2773 Domine
1354 2715 1401 2772 mi
1426 2715 1560 2789 Moyses,
1583 2713 1717 2789 proicite

165 2817 394 2872 commoratur.
417 2813 505 2872 Nam
528 2822 559 2872 et
583 2813 647 2887 ipsi
671 2811 825 2888 descripti
849 2812 918 2888 fue-
971 2830 1031 2872 eos.
1049 2809 1149 2883 Quare
1174 2810 1235 2872 hoc
1259 2810 1304 2872 ait
1325 2810 1418 2884 iosue
1433 2813 1445 2870 i
1460 2809 1617 2888 Forsitan,
1640 2810 1718 2891 quia

163 2917 254 2979 rarat,
265 2908 326 2971 hoc
343 2918 391 2970 est
406 2909 490 2971 inter
503 2908 621 2972 electos
637 2927 655 2970 a
670 2908 772 2989 Moyse
787 2925 917 2988 compo·
972 2907 1095 2990 putavit
1109 2926 1164 2971 eos
1179 2927 1215 2970 ex
1232 2907 1391 2990 superbia,
1409 2908 1460 2970 vel
1477 2926 1515 2970 ex
1531 2907 1715 2970 inobedien-

166 3005 233 3082 tati,
258 3015 291 3068 et
316 3007 507 3070 nominatim
532 3007 716 3089 conscripti.
741 3007 831 3070 Circa
856 3006 952 3073 hoco
973 3007 1016 3069 tia
1041 3025 1105 3070 non
1131 3006 1257 3068 venisse
1281 3025 1354 3069 cum
1384 3006 1456 3068 aliis
1483 3007 1573 3088 juxta
1600 3005 1712 3087 Moysis

165 3103 278 3190 recitat
294 3106 375 3187 Lyra
391 3104 533 3168 fabulam
548 3104 649 3168 Rabiri
666 3105 855 3180 Salomonis,
870 3103 916 3165 di·
970 3105 1159 3186 jussionem,
1169 3104 1241 3166 ideo
1252 3104 1420 3181 dubitavit,
1429 3124 1469 3166 an
1480 3123 1555 3168 vera
1566 3103 1715 3186 spiritum

163 3203 268 3266 centis
284 3206 372 3286 quod
393 3205 511 3286 Moyses
527 3206 568 3266 de
582 3203 727 3286 qualibet
748 3202 833 3265 tribu
853 3203 916 3264 ele·
972 3202 1147 3284 prophetiae
1161 3202 1324 3265 haherent.
1342 3202 1399 3266 Vel
1415 3203 1581 3265 videbatur
1597 3203 1626 3265 ei
1642 3222 1715 3266 con·

163 3301 210 3383 git
231 3321 287 3364 sex
309 3321 412 3379 senes,
431 3303 581 3366 videlicet
601 3301 803 3385 septuaginta
823 3302 914 3378 duca,
972 3311 1019 3364 tra
1043 3303 1196 3365 honorem
1221 3301 1345 3383 Moysis
1369 3302 1455 3382 quod
1481 3301 1716 3383 prophetabant

166 3417 206 3486 ne
230 3401 333 3482 aliqui
360 3402 390 3464 ei
416 3401 661 3483 indignarentur
687 3400 713 3462 si
742 3401 849 3483 pluras
876 3400 916 3462 de
971 3420 1009 3465 eo
1033 3400 1175 3477 absente,
1202 3400 1292 3481 quasi
1318 3419 1382 3464 non
1408 3400 1510 3482 adjuti
1536 3401 1660 3464 meritis
1685 3410 1717 3465 et

165 3517 229 3561 una
245 3499 345 3584 tribu,
358 3519 455 3581 quam
471 3502 510 3562 de
526 3500 588 3562 alia
603 3499 761 3580 elegisset,
776 3498 916 3580 scripsitf
971 3500 1119 3583 precibus
1138 3500 1252 3582 Moysis
1270 3500 1309 3562 ad
1330 3499 1537 3562 obtinendam
1553 3499 1716 3580 hujusmo

164 3614 227 3676 quc
243 3599 278 3660 in
300 3597 462 3661 schedulis
483 3598 684 3681 septuaginta
704 3597 763 3661 hoc
785 3616 913 3673 nomen,
970 3599 1002 3661 di
1018 3599 1163 3681 gratiam.
1181 3598 1253 3662 ldco
1275 3598 1441 3661 subditur:
1458 3602 1502 3660 At
1519 3601 1595 3658 iiie:
1613 3602 1711 3671 Quiri,

165 3698 286 3770 Senem
299 3706 331 3760 et
347 3697 426 3759 duas
441 3697 548 3779 posuit
564 3696 741 3772 schedulae,
752 3697 786 3758 in
797 3695 914 3776 quibus
969 3700 1091 3778 inquit,
1113 3700 1280 3760 famularis
1299 3718 1361 3774 pro
1387 3719 1436 3758 me
1452 3699 1468 3757 t
1485 3698 1546 3759 hoc
1571 3707 1631 3776 est,
1656 3717 1713 3760 cur

165 3796 247 3859 nihil
273 3795 398 3859 exstitit
422 3796 589 3877 scriptum,
606 3794 829 3876 commisitque
851 3794 916 3855 sin·
970 3797 1064 3860 talem
1089 3797 1193 3861 zelum
1220 3815 1283 3860 non
1310 3797 1386 3860 satis
1411 3796 1584 3860 discretum
1611 3796 1709 3860 hahes

164 3895 249 3974 gulis
260 3913 300 3956 ex
312 3913 386 3956 vase
401 3894 546 3975 accipere
562 3913 658 3955 unam
675 3893 859 3955 schedulam
875 3893 915 3954 ad
969 3915 1027 3978 pro
1043 3915 1114 3960 meo
1129 3896 1261 3972 honore,
1275 3904 1309 3957 ut
1324 3895 1461 3960 videaris
1476 3896 1712 3978 quodammodo

166 3992 339 4069 fortunam,
350 3992 520 4054 aliirmans
532 3993 618 4073 quod
634 3991 688 4054 Dei
705 4000 789 4054 esset
804 3991 915 4054 volun·
970 3994 1113 4058 invidere
1133 3995 1242 4074 gratia
1262 3994 1420 4057 aliorumi
1438 3997 1516 4063 Quis
1538 3997 1659 4056 tribuat
1677 4007 1714 4058 ut

166 4101 213 4154 tas
230 4091 311 4180 'illos
337 4093 417 4154 duos
442 4111 505 4154 non
532 4110 601 4154 esse
626 4091 856 4172 computandos
880 4091 912 4151 in
968 4095 1073 4154 omnis
1091 4097 1231 4171 populus
1249 4095 1427 4172 prophetet,
1443 4103 1473 4154 et
1492 4097 1544 4154 det
1563 4096 1609 4154 eis
1627 4098 1713 4156 Deus

166 4209 302 4254 numero
318 4190 595 4273 septuaginta,qui
612 4198 762 4272 caperent
779 4189 914 4252 schedu-
932 4189 1134 4268 DSpiritum
1152 4193 1271 4252 suurn?
1290 4190 1381 4272 quasi
1401 4190 1496 4268 dicat,
1515 4192 1583 4255 Non
1604 4212 1712 4256 meum

164 4289 211 4352 las
239 4309 304 4352 non
331 4289 521 4372 inscriptas:
540 4289 611 4352 ideo
634 4289 751 4352 dicitur
777 4288 817 4352 de
843 4288 912 4350 istis
969 4289 1141 4371 privatum,
1151 4291 1206 4352 sed
1222 4289 1277 4352 Dei
1292 4307 1401 4372 quaem
1415 4289 1580 4368 honorem,
1599 4299 1630 4353 et
1645 4291 1714 4353 uni·

163 4389 290 4451 duobus
305 4387 392 4469 quod
409 4394 499 4450 erant
514 4387 677 4469 descripti,
690 4387 767 4468 quia
782 4386 914 4450 schedu-
969 4407 1132 4452 versorum
1155 4389 1289 4451 salutem
1314 4407 1351 4451 ae
1376 4388 1495 4452 bonum
1520 4407 1709 4454 commune:

164 4487 210 4548 las
231 4486 369 4568 scriptas
391 4493 590 4567 acceperant.
609 4485 668 4548 Sed
685 4485 769 4548 istud
787 4504 850 4548 non
868 4484 914 4548 vi·
969 4486 1040 4550 ideo
1055 4496 1186 4570 opto,ut
1201 4496 1265 4550 tam
1280 4487 1364 4549 dona
1378 4487 1488 4566 gratita
1502 4488 1600 4567 gratis
1616 4489 1709 4566 data,

163 4582 658 4664 deturlitterteconsonare,quia
675 4603 738 4646 non
752 4583 910 4664 sequitur:
967 4605 1063 4668 quam
1093 4587 1202 4666 gratiae
1231 4596 1355 4666 gratum
1387 4583 1533 4649 facientis
1562 4586 1712 4649 omnibus

163 4691 358 4765 acceperunt
379 4682 547 4745 schedulas
568 4681 613 4744 sic
634 4681 820 4764 descriptas,
838 4701 913 4762 ergo
967 4684 1199 4747 condonentur.
1218 4685 1371 4765 lienique,
1393 4683 1427 4744 in
1449 4683 1500 4744 his
1522 4683 1627 4746 verhis
1650 4684 1712 4748 ire-

163 4781 227 4862 ipsi
243 4779 398 4862 descripti
415 4779 558 4843 luerunt..
967 4790 1102 4863 quenter
1126 4782 1271 4844 innuitur
1293 4781 1470 4863 personalis
1490 4781 1653 4846 distinctio
1676 4782 1709 4844 in

204 4885 378 4959 Quumque
397 4882 627 4957 prophetarent
653 4882 689 4940 in
714 4883 839 4953 castris,
857 4902 912 4940 ca-
967 4879 1097 4958 divinis,
1115 4888 1209 4961 atque
1230 4899 1366 4962 persona
1387 4879 1523 4962 Spiritus
1543 4879 1661 4958 Sancti,
1679 4890 1711 4945 et

162 4981 269 5040 crcrrit
284 4997 383 5056 puer,
399 4977 454 5058 qui
480 4978 655 5040 secundum
677 4978 831 5058 quosdam
856 4979 912 5040 lle-
966 4979 1052 5061 quod
1072 4979 1101 5042 ci
1121 4978 1344 5062 approprietur
1365 4978 1490 5059 largitio
1512 4979 1708 5060 gratiarum3

162 5077 265 5140 bracos
282 5075 484 5138 iuitGersam
500 5075 732 5158 primogenitus
749 5075 872 5158 Moysis,
882 5087 912 5138 et
967 5079 1051 5159 quod
1070 5077 1147 5140 item
1167 5077 1236 5159 ipse
1255 5076 1305 5138 his
1325 5077 1416 5139 detur
1435 5097 1454 5138 a
1473 5077 1573 5155 Patre,
1590 5077 1708 5158 quibus

163 5177 334 5238 nuntiavit
350 5177 471 5252 Moysi,
481 5177 591 5235 diceris
601 5196 612 5234 :
623 5178 732 5236 iiidad
746 5185 775 5234 et
792 5179 911 5236 Medati
968 5175 1050 5239 dona
1064 5175 1173 5256 gratiae
1188 5174 1407 5251 conieruntur,
1420 5176 1567 5256 quamvis
1582 5174 1710 5238 obtene-

159 5275 417 5360 prophetantia
443 5273 796 5336 castris.Erantonim
823 5282 911 5337 tanto
966 5273 1047 5336 braii
1064 5272 1296 5354 perlidiJudaei
1312 5273 1501 5336 haecomnia
1517 5282 1645 5356 negent.
1706 5260 1709 5267 ⁴
