4309 6259
588 499 763 564 manuario
784 499 815 546 lN
835 499 903 546 GAP.
927 496 948 544 Χ
969 498 1105 545 tttv'lxtct.
1128 516 1168 530 -
1189 498 1259 544 Ant.
1283 498 1359 546 Xlllll

1690 479 1747 546 lut

198 677 388 741 sacerdotali
404 674 518 739 officio
533 682 610 737 sunt
625 671 727 750 abusi,
740 673 875 754 ideoque
885 670 948 754 pla·
961 667 986 730 Α
1001 677 1123 733 storum
1138 670 1248 750 altari;
1266 672 1315 734 vel
1334 671 1373 734 dc
1387 671 1451 734 alio
1468 671 1551 752 igne,
1570 673 1669 735 instar
1684 672 1746 754 pri-

196 777 273 858 gati.
291 775 344 837 nir
359 794 436 857 ergo
452 774 615 856 Scriptura
634 791 641 834 ε
659 773 869 852 Arrepttsqne
883 773 948 832 Na·

195 877 258 936 dcl>
273 874 510 957 primogenitus
525 871 641 948 Aaron,
658 882 687 931 ct
702 873 790 932 Abin
807 869 946 932 secundo

196 974 581 1050 natu5,!}1uribnlt‘ssuis,
593 980 772 1050 posrxcrn-nt
788 972 896 1048 agnem
911 969 945 1031 in

195 1071 383 1148 thuribulis,
393 1083 423 1132 et
439 1074 605 1132 incensum
620 1069 809 1148 desuper,id
825 1078 946 1132 estma-

195 1171 309 1236 tcriam
320 1170 538 1252 quamdamad
547 1168 780 1232 incendendum
791 1187 859 1231 earn
872 1168 945 1249 igne

195 1270 253 1334 illo
275 1277 309 1332 et
329 1267 531 1332 offerendum
548 1268 632 1341 lle03
653 1269 817 1346 offerentes
837 1288 945 1326 eoram

194 1370 335 1431 Domino
362 1371 470 1446 ignem
492 1369 650 1438 alienum,
671 1366 705 1428 id
730 1373 789 1440 est,
807 1366 848 1428 de
871 1363 945 1446 igne

195 1465 306 1529 altaris
321 1464 501 1530 holocausti
519 1466 656 1547 desuper
679 1466 763 1542 dato,
780 1482 844 1527 non
861 1483 946 1525 sum-

194 1574 299 1648 ptum,
327 1566 384 1628 sed
414 1565 546 1627 aliunde
575 1571 763 1645 acceptum;
790 1567 876 1645 qnod
899 1565 945 1623 ets

190 1675 391 1744 preceptum
407 1685 471 1724 non
486 1674 567 1735 erat,
585 1663 640 1725 sed
656 1662 865 1745 prohibitum.
876 1663 945 1724 lam

193 1763 281 1826 enirn
299 1761 494 1844 pcrllopscn
510 1760 632 1823 dictum
649 1759 710 1822 fuit
723 1761 761 1821 ad
778 1779 842 1837 eos,
856 1779 897 1822 ne
912 1760 945 1823 in

1001 768 1065 831 oris
1087 769 1212 832 noviler
1231 769 1454 832 descendente.
1471 773 1514 832 Et
1530 773 1650 832 mortni
1669 782 1745 832 sunt

1000 887 1108 927 corant
1125 870 1272 928 Domine.
1290 868 1345 929 Est
1365 875 1470 931 tamen
1488 868 1684 950 ambiguum,
1704 889 1744 933 en

1000 966 1118 1030 occisio
1144 967 1199 1029 illa
1224 969 1423 1030 sacerdotum
1447 988 1504 1052 per
1526 970 1643 1050 ignem,
1663 969 1745 1034 facta

1000 1065 1040 1127 sit
1057 1065 1236 1130 ministerio
1252 1067 1356 1146 angeli
1372 1067 1450 1130 boni
1464 1087 1504 1130 an
1521 1068 1608 1131 mali.

1039 1167 1198 1245 Dicitque
1215 1170 1337 1244 Moysen
1358 1171 1401 1226 ml
1416 1170 1540 1236 Aaron,
1556 1187 1655 1248 quum
1675 1167 1745 1250 ipse

999 1263 1103 1327 Aaron
1115 1272 1146 1326 ct
1158 1263 1220 1326 lilii
1235 1266 1306 1346 ejus
1316 1264 1495 1347 inciperent
1505 1265 1669 1347 deplorare
1679 1275 1744 1328 tam

1000 1363 1173 1445 improvise
1184 1382 1218 1426 ac
1231 1371 1360 1446 repente
1371 1364 1553 1427 combustos
1564 1382 1571 1426 :
1582 1368 1649 1426 Hoc
1658 1365 1744 1446 quod

1000 1481 1086 1524 nunc
1102 1462 1190 1525 vides
1207 1462 1373 1544 impletum
1390 1463 1423 1524 in
1440 1462 1518 1524 filiis
1539 1463 1601 1525 tuis
1617 1463 1741 1540 occisis,

999 1571 1044 1621 est
1058 1565 1144 1640 quood
1155 1565 1277 1622 loculus
1287 1571 1332 1620 est
1341 1564 1507 1630 Dominus,
1520 1561 1630 1626 dicens
1642 1580 1649 1625 ι
1662 1566 1744 1625 Son-

1000 1662 1164 1738 rfificaber
1180 1662 1281 1721 indis
1297 1663 1355 1741 qni
1369 1663 1632 1741 appropinquent
1648 1663 1744 1732 nn'ln',

1001 1757 1108 1835 idest,
1127 1759 1160 1820 in
1178 1759 1395 1822 sacerdotibus
1416 1767 1448 1822 ct
1463 1759 1618 1822 ministris
1638 1759 1743 1841 quiin

194 1858 418 1942 hujuscemodi
433 1856 603 1921 sacrificiis
619 1857 682 1920 alio
697 1866 862 1920 uterentur
873 1858 946 1938 igne
964 1862 986 1923 B
1002 1858 1122 1940 templo
1138 1858 1217 1920 mibi
1229 1859 1631 1935 deserviunt‚sanctilatcm
1649 1867 1744 1941 atque

193 1977 291 2040 quam
318 1957 376 2020 ille
400 1957 537 2037 desuper
562 1956 646 2018 dato.
668 1955 706 2017 Ut
731 1954 829 2017 refert
852 1956 943 2038 Lyra,
997 1958 1153 2038 justitiam
1180 1979 1283 2022 meam
1309 1959 1377 2022 sine
1402 1978 1609 2042 personarum
1634 1979 1745 2042 accep-

193 2057 295 2121 llabbi
313 2056 464 2120 Salomon
479 2054 559 2118 dicit
573 2075 702 2118 causam
718 2056 831 2119 mortis
846 2076 946 2119 sacer·
1001 2058 1087 2122 tione
1108 2056 1312 2132 monstrab03
1335 2068 1364 2118 et
1388 2060 1425 2118 in
1449 2068 1615 2136 conspecta
1640 2061 1744 2119 oannis

193 2159 306 2223 dotum
332 2158 468 2221 istorum
494 2153 611 2233 fuisse,
637 2155 713 2237 quia
738 2156 945 2221 immoderate
995 2162 1114 2238 populi
1137 2161 1357 2237 glorificabor,
1382 2158 1414 2221 id
1443 2167 1505 2236 cst,
1531 2159 1688 2239 gloriosus
1713 2167 1745 2221 et

193 2257 307 2339 potati,
320 2256 522 2318 intraverunt
536 2256 575 2317 ad
590 2253 839 2316 ministrandum
856 2255 887 2317 in
901 2264 946 2318 ta·
1001 2259 1205 2340 omnipotens
1225 2256 1411 2321 declarabor
1426 2277 1482 2340 per
1502 2257 1638 2320 effectus
1652 2257 1745 2339 justi-

193 2354 395 2419 hernaculo:
417 2352 460 2416 ob
484 2371 581 2434 quam
608 2351 850 2414 irreverentiam
871 2361 947 2414 sunt

194 2453 351 2535 percussi.
368 2452 459 2514 Unde
480 2459 512 2514 ct
531 2451 628 2532 paulo
644 2457 715 2532 post
731 2451 882 2513 Dominus
902 2451 946 2513 ait

193 2552 233 2614 ad
247 2551 355 2614 Aaron
369 2567 377 2612 ε
395 2549 512 2612 l’inum
528 2557 560 2612 ct
575 2567 671 2612 omne
685 2550 770 2630 quod
788 2548 946 2613 inebriare

194 2657 310 2731 potest,
329 2667 395 2711 non
411 2646 503 2710 bibes
519 2655 553 2709 ιιι
570 2655 601 2709 el
617 2645 680 2709 filii
697 2646 754 2723 tui,
767 2655 840 2724 etc,
854 2648 945 2728 quasi

193 2751 232 2813 ad
255 2749 503 2832 praecavendum
529 2746 635 2810 simile
655 2746 786 2809 malum.
805 2747 865 2810 Scd
886 2748 946 2811 ista

1002 2357 1054 2420 tiae
1074 2367 1106 2420 et
1127 2356 1365 2440 omnipotentiae
1386 2375 1475 2434 meae,
1493 2356 1676 2420 ulciscendo
1697 2376 1744 2418 sa-

1001 2457 1164 2518 cerdotum
1181 2463 1310 2538 peccata
1324 2455 1451 2535 quando
1471 2454 1674 2517 excesserint.
1687 2453 1743 2515 Vel
1801 2449 1802 2454 ’

1001 2553 1062 2616 sic:
1074 2553 1302 2617 Sanctificabor
1314 2553 1347 2615 in
1362 2553 1412 2615 bis
1423 2553 1478 2634 qui
1491 2553 1746 2635 appropinquant

1000 2652 1091 2730 mihi,
1106 2652 1137 2714 id
1149 2652 1250 2730 est,in
1266 2651 1416 2715 cordibus
1432 2650 1651 2714 ministrorum
1663 2670 1744 2714 mee

1001 2771 1082 2828 rum,
1101 2751 1157 2833 qui
1178 2770 1234 2833 per
1256 2751 1372 2813 mentis
1394 2750 1636 2813 conversionem
1660 2768 1746 2813 acce

122 2869 125 2873 ·
194 2846 338 2910 narratio
354 2865 419 2909 non
435 2845 563 2908 videtur
581 2844 680 2908 textui
697 2844 774 2906 satis
791 2863 942 2921 consona,
1000 2851 1081 2912 dunt
1101 2852 1218 2926 adme,
1237 2858 1364 2913 sanctus
1381 2857 1412 2912 ct
1426 2849 1530 2930 justus
1546 2867 1615 2912 esse
1630 2866 1746 2929 cogno-

193 2965 294 3028 quum
316 2943 484 3008 evidenter
508 2943 633 3005 dicatur
658 2941 691 3004 in
718 2941 833 3018 littera,
861 2947 944 3024 quod
1000 2969 1081 3026 sear,
1096 2950 1139 3012 ita
1154 2950 1240 3031 quod
1251 2948 1348 3012 abeis
1359 2947 1566 3011 volomibiin
1578 2947 1745 3010 sanctitate

193 3045 383 3108 obtulerunt
399 3043 508 3125 ignem
524 3043 678 3119 alienum,
696 3043 802 3120 idest,
821 3042 854 3104 in
872 3044 944 3124 igne
962 3045 983 3107 C
1001 3048 1129 3123 serviri;
1142 3049 1180 3110 Et
1195 3048 1228 3110 in
1244 3055 1417 3129 conspectu
1432 3046 1537 3110 omnis
1552 3046 1663 3129 populi
1679 3045 1744 3126 glo-

194 3142 359 3225 probibite
384 3141 633 3205 immolaverunt
655 3142 831 3204 incensum.
860 3142 943 3222 lgnis

193 3241 317 3323 quippe
334 3259 399 3304 non
415 3248 484 3302 erat
499 3258 556 3322 per
572 3259 606 3301 sc
623 3239 756 3302 materia
776 3239 944 3302 immolati·

193 3341 255 3418 cia,
271 3351 371 3423 atque
389 3341 432 3404 ob
453 3339 532 3402 illud
558 3340 709 3403 dicuntur
729 3339 838 3403 occisi.
866 3341 943 3403 Nam

193 3441 341 3524 sequitur
358 3460 365 3506 :

234 3543 454 3620 Eme-sausque
468 3540 556 3616 r'pnic
574 3560 595 3599 a
610 3540 762 3608 Domino,
776 3543 943 3600 decoravit

192 3659 252 3709 eos,
270 3638 303 3701 id
324 3646 374 3701 est
393 3635 556 3713 exstinxit,
574 3655 638 3699 non
660 3644 766 3698 autem
787 3637 944 3700 incinera-

194 3737 253 3798 vit.
279 3737 438 3800 llevorarc
464 3753 601 3816 namquo
626 3735 786 3797 interdum
815 3744 944 3798 extense

194 3835 354 3917 accipitur
369 3853 427 3916 pro
443 3851 604 3915 superare,
622 3832 775 3910 occidere,
793 3833 941 3915 dejicere.

64 3945 179 3995 rmum.
193 3933 285 3996 Unde
309 3941 342 3996 ct
366 3932 401 3994 in
419 3930 479 3994 lob
499 3932 653 4013 scriptum
674 3940 746 3995 est:
764 3932 878 4008 Etiam,
897 3933 945 3994 in-

193 4032 279 4112 quit,
297 4031 325 4093 si
341 4031 467 4093 locutus
484 4029 580 4092 fuerit
602 4030 709 4106 bomo,
726 4030 941 4093 devorabitur.

191 4128 353 4211 Josepbus
375 4145 451 4190 vcro
473 4126 520 4188 sic
542 4125 641 4189 refert
659 4144 666 4188 :
684 4128 764 4189 Dum
787 4126 894 4190 Nadab
913 4136 945 4190 ct

1000 3146 1042 3208 rii
1045 3146 1162 3222 icabor,
1176 3145 1209 3208 id
1225 3153 1282 3222 cst,
1296 3147 1328 3207 in
1345 3145 1446 3208 oculis
1461 3163 1571 3208 corum
1586 3143 1743 3225 gloriosus

1000 3245 1126 3308 efficiar
1142 3265 1197 3308 scu
1221 3246 1403 3327 reputabor.
1420 3245 1531 3307 Primm
1551 3243 1741 3326 expositioni

999 3345 1100 3425 magis
1125 3346 1296 3408 concordat
1314 3345 1399 3426 quod
1421 3345 1453 3406 in
1471 3344 1574 3407 Exodo
1590 3342 1742 3406 Dominus
1762 3341 1766 3348 '

999 3443 1141 3524 loquitur
1159 3461 1165 3505 :
1185 3443 1367 3505 Sacerdotes
1388 3442 1443 3524 qui
1460 3441 1615 3505 accedunt
1630 3442 1669 3503 ad
1684 3441 1742 3503 llo-
1764 3451 1887 3505 amana,

999 3541 1133 3616 minum,
1152 3539 1405 3614 sanctificentur,
1424 3559 1464 3603 nc
1484 3539 1657 3622 percutiam
1674 3556 1739 3600 coa.
1756 3518 1789 3558 ²²·

999 3637 1150 3702 &eundae
1180 3639 1370 3721 expositioni
1401 3649 1555 3704 consonat
1583 3640 1668 3720 quod
1698 3637 1742 3699 ait

1000 3737 1167 3800 Salvator:
1192 3737 1326 3800 Videant
1347 3757 1444 3820 opera
1465 3745 1570 3801 vestra
1592 3738 1687 3814 bona,
1710 3744 1743 3799 ct
1775 3754 1887 3807 namn,

998 3835 1183 3916 glorificent
1200 3836 1323 3898 Patrem
1349 3844 1489 3899 vestrum
1514 3835 1569 3917 qui
1597 3835 1629 3898 in
1652 3835 1742 3899 coelis
1757 3820 1790 3862 ¹⁶·

999 3945 1057 3998 est.
1076 3941 1168 4006 Orcod
1182 3939 1319 3997 arcdr'enn
1334 3941 1459 4008 Aaron,
1472 3941 1584 4008 foravit,
1602 3937 1743 4000 volunla-

1000 4046 1061 4099 tem
1087 4037 1261 4118 subjicicns
1276 4057 1312 4099 ac
1332 4037 1535 4100 conformans
1558 4036 1675 4100 divinae
1695 4038 1744 4118 ju-

999 4136 1105 4212 stitiae,
1124 4155 1182 4198 nec
1197 4136 1310 4216 Moysis
1326 4136 1423 4198 vcrba
1439 4136 1642 4217 indignanter
1665 4136 1745 4199 acci-

193 4227 280 4291 notu
306 4233 472 4309 portarent
493 4224 613 4287 bestias
634 4244 730 4307 super
750 4245 847 4301 aram,
865 4246 944 4307 quas
960 4227 984 4290 ll
1000 4236 1103 4318 piens,
1116 4242 1210 4316 atquc
1226 4254 1244 4296 a
1260 4233 1575 4316 ploratu,vcrblsque
1589 4235 1744 4298 dolorosis

192 4346 261 4391 non
277 4332 474 4409 praeeperat
488 4323 653 4402 Dominus,
671 4326 725 4387 sed
741 4324 858 4405 quibus
881 4326 945 4409 pri-

191 4427 294 4490 mitus
310 4423 494 4501 utebantur,
512 4430 586 4486 ante
601 4442 690 4500 suam
707 4423 856 4487 videlicet
871 4443 945 4487 con-

191 4523 409 4589 secrationem
433 4522 465 4583 in
489 4522 679 4599 sacerdotes,
696 4521 801 4585 subito
817 4522 946 4585 inflam-

192 4623 273 4687 mati
290 4630 376 4697 sunt,
391 4641 450 4684 nec
460 4619 561 4684 valuit
576 4639 629 4682 eos
645 4621 814 4702 quisquam
830 4623 946 4684 exstin-

190 4741 305 4806 guere.
318 4721 377 4784 Pro
392 4738 528 4801 quorum
546 4719 717 4782 concordia
733 4719 865 4783 forsitan
882 4722 945 4785 dici

191 4830 317 4907 posset,
340 4821 426 4902 quod
449 4820 554 4902 primo
577 4829 753 4901 posuerunt
777 4820 945 4884 incensum

191 4939 295 5004 super
309 4919 417 5000 ignem
438 4918 607 4994 thuribuli,
626 4917 741 4980 deinde
757 4937 853 5000 super
871 4919 946 4981 alta-

190 5043 235 5086 re.
254 5021 354 5083 Porro
368 5020 453 5101 quod
476 5017 671 5096 dictumest,
688 5018 840 5098 Egressus
862 5019 946 5099 ignis

190 5143 210 5185 a
233 5120 385 5197 Domino,
407 5118 573 5182 devoravit
598 5135 677 5182 eos:
700 5117 944 5198 intelligendum

190 5229 255 5297 est,
272 5217 322 5300 vel
344 5218 385 5280 de
405 5217 480 5298 igne
495 5215 551 5279 ille
568 5217 634 5298 jam
654 5225 728 5278 ante
743 5234 870 5296 egresso
890 5219 945 5298 qui

190 5316 385 5382 holocausta
400 5313 536 5393 voravit,
553 5322 585 5378 et
604 5314 722 5378 mansit
745 5315 776 5376 in
799 5314 946 5378 holocau-

1000 4353 1034 4396 se
1051 4331 1238 4414 reprime-ns.

1039 4430 1142 4505 Quaeri
1165 4435 1280 4511 potest,
1301 4448 1357 4492 cur
1382 4429 1537 4492 ultionem
1564 4429 1656 4491 istam
1682 4438 1745 4492 tam

1001 4527 1629 4610 rigorosam,improvisam,subitaneam,
1639 4527 1671 4587 in
1687 4530 1749 4610 pri-

1000 4628 1062 4691 mis
1077 4628 1295 4690 sacerdotibus
1316 4627 1381 4688 illis
1397 4646 1454 4708 pro
1476 4627 1570 4708 culpa
1586 4629 1636 4708 (ut
1652 4647 1748 4711 appa-

1001 4729 1062 4807 ret)
1074 4745 1137 4790 non
1154 4747 1280 4808 magna,
1291 4725 1403 4790 feccrit
1413 4728 1505 4790 Deus.
1516 4727 1746 4809 Respondotur,

1001 4826 1087 4906 quod
1113 4824 1189 4887 fecit
1210 4826 1280 4897 boc,
1301 4826 1339 4887 ad
1361 4824 1578 4887 incutiendum
1601 4826 1747 4890 timorem

1001 4923 1115 4986 ceteris
1131 4923 1404 5005 sequentibusque
1416 4923 1687 5000 sacerdotibus,ut
1703 4943 1749 4985 re

1001 5029 1148 5082 vcrcntcr
1164 5029 1195 5083 ct
1212 5021 1357 5084 timorate
1373 5041 1430 5083 sua
1446 5029 1659 5101 exsequantur
1674 5020 1749 5084 olfi-

1001 5119 1081 5181 cia:
1110 5119 1191 5180 sicut
1217 5126 1246 5180 et
1277 5119 1363 5181 circa
1388 5118 1583 5201 principium
1610 5119 1748 5181 dationis

1002 5216 1081 5297 legis
1098 5215 1248 5278 [lominus
1264 5216 1359 5296 jussit
1375 5235 1447 5278 curn
1464 5217 1519 5297 qui
1537 5216 1669 5278 sabbato
1685 5217 1748 5279 col-

1002 5315 1078 5396 logit
1090 5313 1186 5394 ligna,
1199 5332 1272 5375 mox
1289 5313 1439 5395 lapidari3
1454 5313 1486 5375 in
1503 5314 1662 5397 principio
1673 5335 1748 5397 quo·
1762 5327 1896 5376 omncs.
