4309 6259
439 465 498 531 402
797 483 970 531 manuario
992 483 1021 529 m
1043 484 1113 530 cir.
1135 481 1174 528 xv
1196 482 1392 530 noueooauu.
1414 503 1455 513 -
1475 485 1547 530 aar.
1569 484 1631 530 xxv

437 660 494 718 bus
515 660 655 736 repioais
679 659 783 726 iltius,
800 656 992 734 separabitis
1014 656 1181 731 primitias
1196 651 1221 713 A
1236 673 1292 736 per
1302 654 1496 718 oblationem
1510 655 1748 735 orationemque
1763 650 1953 726 sacerdotis,
1961 648 1989 710 si

436 759 584 828 Domino,
613 756 643 818 id
674 762 731 830 est,
759 752 921 835 primitiva
949 751 1056 834 aliqua
1085 761 1181 832 atque
1238 762 1342 815 tamon
1364 755 1550 834 poeniteant,
1567 761 1599 816 et
1613 773 1652 816 ea
1667 753 1871 827 contritione,
1889 750 1989 812 dero

436 854 597 936 praecipua
618 853 658 917 ab
681 853 752 914 aliis
773 851 935 928 dividetis,
954 850 1126 933 reponetis
1145 869 1181 912 ae
1237 852 1386 933 tioneque
1406 851 1545 915 ollerant
1564 853 1653 933 juxta
1674 851 1752 930 legis
1773 857 1985 933 preceptum,

437 952 490 1014 noi
512 951 669 1014 ministris
691 951 809 1014 dabitis
832 969 879 1026 ea,
896 954 936 1010 rie
955 951 1034 1010 cibis
1056 951 1178 1010 vestris.
1236 954 1392 1030 quoniam
1407 973 1472 1012 aaa
1487 961 1597 1028 sponte
1608 960 1794 1028 peccarunt.
1811 948 1903 1012 Circa
1924 947 1988 1008 hoc

436 1053 529 1113 Sicut
544 1055 583 1111 dc
602 1053 697 1122 areis,
716 1050 747 1112 id
769 1058 818 1112 est
838 1049 946 1129 granis
966 1068 1002 1111 ac
1024 1047 1181 1111 lructibus
1236 1048 1351 1130 quaerit
1375 1050 1407 1111 B.
1431 1049 1637 1129 Augustinus
1663 1068 1734 1130 qua
1760 1049 1826 1109 siut
1854 1055 1988 1128 peccata

437 1149 595 1214 contentis
622 1150 655 1211 ln
680 1169 763 1224 area,
778 1150 946 1225 primitias
966 1148 1158 1225 separabitis
1168 1169 1182 1217 ;
1237 1165 1381 1227 quianon
1393 1147 1874 1231 spontecommittuntur‚quum
1886 1163 1986 1208 omne

292 1257 423 1310 'comitiva
438 1249 485 1309 ita
500 1259 529 1309 ct
544 1252 582 1309 rte
593 1251 772 1326 pulmentis
787 1249 907 1308 dabitis
919 1247 1108 1324 primitias*
1119 1248 1181 1305 Do·
1236 1255 1400 1326 pcccatum
1427 1248 1468 1309 sit
1492 1247 1719 1311 voluntarium.
1736 1245 1857 1308 Deinde
1879 1243 1988 1306 decla-

436 1349 536 1410 miuo.
552 1347 753 1410 Pulmentum
776 1355 908 1409 vocatur
929 1345 1066 1426 quilibet
1089 1343 1181 1407 cibus
1237 1351 1295 1418 rat,
1312 1345 1449 1426 qualiter
1464 1365 1502 1408 ea
1517 1365 1588 1426 qua
1604 1345 1689 1407 liunt
1703 1344 1744 1408 ab
1760 1343 1987 1424 ignorantibus

437 1445 540 1508 duleis
555 1453 586 1508 et
601 1444 831 1521 delicatuS,seu
847 1443 984 1525 quilibet
998 1443 1089 1506 cibus
1103 1461 1181 1525 pra·
1236 1451 1290 1503 aut
1305 1443 1478 1525 compulsis
1499 1444 1623 1521 timore,
1639 1444 1695 1525 qui
1716 1442 1802 1506 cadit
1823 1443 1856 1504 in
1877 1441 1985 1502 virum

437 1552 484 1606 ter
508 1563 633 1626 panem,
662 1545 693 1606 id
719 1552 766 1607 est
790 1541 1069 1624 comparaticium,
1093 1542 1180 1623 quod
1235 1550 1445 1618 constantem,
1462 1543 1588 1605 valeant
1604 1542 1667 1605 dici
1684 1560 1748 1604 uon
1764 1549 1880 1624 sponte
1895 1559 1985 1601 eom-

434 1643 556 1706 scilioet
570 1663 643 1706 cum
662 1662 744 1725 pano
759 1643 792 1703 in
809 1661 898 1705 esum
921 1640 1104 1722 suscipitur.
1123 1640 1180 1702 Ta·
1235 1639 1343 1717 missa,
1355 1659 1419 1703 non
1430 1642 1515 1721 quod
1531 1641 1595 1703 sint
1607 1641 1735 1723 penitus
1752 1638 1983 1713 involuntaria,

433 1743 566 1822 men(ut
582 1741 695 1821 fertur)
712 1742 745 1803 in
761 1741 892 1804 Hebraeo
908 1740 1055 1816 habetur,
1067 1740 1109 1801 De
1125 1758 1179 1821 pa·
1234 1738 1457 1820 sedquoniam
1474 1740 1554 1803 ratio
1565 1739 1737 1802 voluntarii
1753 1737 1935 1800 minoratur
1951 1737 1985 1798 iu

432 1841 490 1902 stis
505 1841 620 1904 vestris
636 1841 819 1904 tortellum:
836 1839 966 1921 quiade
986 1856 1178 1919 unaquaque
1197 1835 1291 1912 Bois,
1309 1855 1368 1900 nec
1385 1856 1422 1900 ea
1441 1857 1512 1918 qua
1531 1846 1630 1919 agunt
1646 1846 1775 1920 propter
1797 1856 1831 1900 se
1854 1835 1984 1899 volunt.

432 1939 584 2003 frumeuti
597 1940 782 2003 decoctione
798 1939 1006 2021 separabatur
1021 1957 1104 2000 unus
1120 1945 1179 1999 tor-
1235 1937 1349 1996 Nihilo
1362 1939 1470 1997 miuus
1484 1941 1647 2015 offerentes
1663 1939 1830 1998 incensum
1840 1937 1984 1995 Darniaa

433 2039 537 2116 tellus,
555 2037 771 2102 sacerdotibus
792 2056 849 2120 pro
872 2037 1024 2118 primitiis
1040 2036 1175 2098 dandus.
1228 2053 1290 2109 pro
1311 2055 1355 2104 se,
1372 2034 1404 2096 id
1429 2044 1477 2097 est
1502 2054 1560 2116 pro
1585 2054 1642 2098 sua
1667 2035 1769 2097 salute
1793 2042 1825 2097 et
1848 2052 1930 2115 pace
1952 2039 1986 2094 ct

473 2141 564 2207 Quod
584 2139 614 2196 si
630 2158 690 2215 per
710 2139 932 2214 iquoraatiam
950 2135 1178 2212 praeterieritis
1233 2141 1363 2213 peccato
1384 2134 1431 2197 eis
1451 2134 1651 2210 dimittendo,
1669 2144 1767 2216 atque
1784 2153 1893 2193 errore
1910 2152 1984 2202 sato,

431 2239 610 2316 quidquam
634 2240 853 2312 aereaere,
870 2252 940 2315 quae
966 2252 1022 2315 per
1047 2233 1173 2314 Moysen
1233 2232 1457 2296 commissione
1481 2251 1536 2296 seu
1562 2232 1735 2296 omissione
1758 2250 1903 2307 erronea,
1930 2230 1983 2294 vel

434 2335 585 2398 Dominus
615 2335 720 2416 jussit,
751 2336 911 2414 oblitaque
940 2335 1043 2410 fucrit
1072 2335 1179 2410 facere
1233 2349 1492 2413 proerrorcquo
1512 2332 1666 2413 putabant
1688 2331 1783 2395 licere
1802 2331 1889 2412 quod
1910 2347 1979 2392 noo

433 2434 668 2503 matricuriam
694 2441 751 2508 est,
775 2432 987 2496 communitas
1014 2451 1071 2512 per
1096 2430 1177 2494 obli·
1234 2428 1319 2491 licet.
1336 2430 1431 2493 Porro
1445 2431 1486 2492 de
1501 2430 1562 2493 isto
1581 2429 1713 2495 incenso
1732 2429 1850 2492 dicitur
1871 2429 1905 2490 in
1926 2429 1985 2490 Le-

433 2531 560 2594 vionem
576 2531 828 2613 ignorantiamve
838 2530 982 2594 omiserit
992 2530 1175 2612 quidpiam3
1234 2527 1488 2591 viticozllmuem
1502 2529 1628 2610 adipem
1640 2528 1733 2592 vituli
1748 2529 1849 2605 tollet,
1858 2537 1890 2590 et
1905 2528 1984 2590 ado-
1999 2541 2051 2582 her.
2061 2545 2118 2582 ut·-

433 2632 574 2690 aitulum
590 2633 697 2707 offeret
712 2631 748 2690 iu
764 2631 983 2690 holocaustum
999 2629 1038 2690 ad
1057 2628 1177 2690 diviua
1235 2625 1312 2688 labit
1326 2646 1421 2709 super
1435 2628 1544 2690 altare.
1562 2613 1600 2689 m
1615 2628 1766 2710 quiahoc
1783 2626 1858 2690 lecit
1874 2645 1984 2688 sacer·

431 2727 606 2808 majestatis
615 2727 724 2809 (quam
742 2726 959 2804 inhonoravit)
969 2726 1176 2801 honoremur
1232 2726 1290 2788 dos
1306 2745 1364 2808 pro
1385 2726 1486 2803 turba,
1505 2727 1623 2791 idcirco
1645 2727 1686 2790 de
1707 2726 1851 2808 personis
1874 2726 1982 2788 turbas

429 2829 629 2904 sacrificium
640 2828 711 2904 ejus
723 2847 761 2886 ac
778 2827 855 2897 liba,
869 2835 904 2886 ut
917 2828 1111 2886 carimoniae
1123 2845 1178 2902 pa
1232 2823 1398 2888 collective
1413 2825 1548 2908 sumptis
1563 2845 1650 2889 nuuc
1661 2824 1984 2903 dicitur,0llereutes

429 2930 564 2998 cautant,
585 2924 617 2987 id
642 2933 691 2988 est
715 2925 777 2988 alia
801 2925 957 3005 quedam,
982 2943 1053 3004 qum
1079 2924 1175 2986 simul
1232 2921 1409 3000 incensum,
1422 2943 1479 3006 per
1494 2943 1606 2988 manus
1622 2924 1771 2989 videlicet
1789 2924 1982 2987 sacerdotis.

429 3043 502 3086 eum
519 3023 619 3087 vitulo
636 3023 690 3088 illo
707 3031 780 3086 sunt
796 3021 973 3098 offerenda,
986 3023 1074 3103 J'uxta
1091 3024 1213 3089 tenet}
1272 3025 1406 3090 Quodsi
1421 3026 1536 3086 auimo
1555 3045 1623 3086 una
1644 3026 1797 3095 nesciens,
1815 3022 1848 3084 id
1871 3031 1934 3099 est,
1953 3021 1982 3084 si

431 3141 496 3185 rem
512 3122 775 3185 caerimonialium
790 3121 1114 3204 praceptorumtluae
1124 3141 1176 3184 au·
1231 3121 1431 3202 particularis
1444 3122 1540 3186 homo
1554 3142 1610 3186 scu
1620 3141 1756 3205 persona
1766 3122 1909 3204 vulgaris
1921 3141 1984 3204 per

430 3229 493 3282 tem
510 3220 574 3282 sint
590 3219 749 3283 sacrificia
763 3239 837 3283 cum
848 3219 949 3283 vitulo
966 3220 1173 3296 immolanda,
1233 3220 1442 3298 ignorantiam
1464 3224 1658 3299 peccauerit,
1682 3220 1858 3285 omittendo
1888 3221 1981 3302 quod

431 3318 494 3399 jam
512 3319 706 3396 dictumest,
724 3318 978 3395 scilicetsimila‚
996 3318 1116 3395 oleum,
1134 3319 1178 3381 vi·
1233 3317 1303 3381 lieri
1328 3320 1452 3401 jussum
1477 3329 1535 3396 est,
1559 3320 1609 3383 vel
1635 3320 1863 3384 committendo
1889 3320 1981 3400 quod

433 3437 521 3494 num,
540 3418 715 3481 secundum
730 3436 911 3480 mensuram
928 3425 1121 3499 praetactam.
1136 3419 1179 3480 De
1232 3417 1435 3499 prohibetur;
1452 3423 1560 3497 offeret
1574 3438 1707 3496 capram
1721 3421 1928 3486 auuieutam,
1943 3417 1979 3480 id

432 3515 625 3579 cerimoniis
649 3535 776 3598 quoque
799 3515 831 3576 in
857 3515 919 3578 isto
941 3515 1102 3579 sacrificio
1124 3515 1179 3579 ob
1232 3524 1290 3592 est,
1308 3535 1379 3598 qua
1394 3535 1458 3579 uon
1475 3516 1516 3579 sit
1530 3517 1613 3579 ultra
1628 3516 1724 3580 unius
1743 3516 1819 3579 anni
1835 3525 1977 3578 atatem.

434 3614 608 3690 servandis
638 3613 758 3677 dictum
788 3621 836 3677 est
865 3613 899 3674 in
928 3613 1083 3690 Levitico,
1114 3633 1178 3696 quo
1232 3615 1275 3677 Dc
1295 3615 1456 3678 sacriticio
1474 3625 1581 3678 autem
1601 3635 1659 3698 pro
1679 3624 1808 3697 peccato
1830 3615 1983 3678 sacordo-

301 3723 419 3777 caura.
435 3712 550 3794 legitur
573 3731 579 3774 :
607 3713 638 3775 Si
663 3712 767 3777 omnis
796 3713 887 3774 turba
916 3711 1057 3776 liliorum
1082 3713 1176 3777 lsrael
1233 3713 1284 3790 tis,
1302 3713 1435 3776 habetur
1457 3713 1490 3776 in
1512 3713 1678 3776 Levitico:
1701 3714 1740 3777 de
1763 3732 1828 3796 quo
1853 3722 1982 3776 tacetur
2016 3728 2072 3770 rua
2086 3731 2102 3768 ε.

289 3791 397 3845 um.
435 3811 637 3890 ignoraverit,
654 3811 771 3875 olleret
791 3829 848 3893 pro
869 3819 997 3892 peccato
1018 3831 1075 3874 suo
1097 3812 1178 3876 vitu·
1233 3812 1292 3874 boc
1307 3813 1387 3876 loco.
1406 3816 1475 3873 Una
1493 3817 1544 3873 tea
1558 3815 1622 3873 erit
1636 3815 1783 3873 omnium
1797 3815 1856 3892 qui
1868 3833 1983 3890 pecca·

435 3910 512 3987 lum,
530 3919 591 3974 etc.
609 3913 809 3990 Hircumque
821 3931 881 3987 pro
894 3922 1032 3987 peccato.
1045 3912 1179 3974 Verum·
1232 3913 1338 3972 ututur
1354 3911 1727 3989 ianoraatas,dumm0do
1741 3909 1860 3974 luerint
1877 3911 1979 3974 unius

434 4013 539 4071 temen
556 4009 588 4070 in
600 4009 738 4072 Levitico
753 4009 990 4090 habetur‚quod
1002 4029 1059 4091 pro
1071 4029 1178 4091 pecca·
1231 4017 1401 4084 statusseo
1417 4010 1533 4090 gradus
1548 4018 1603 4072 ant
1613 4009 1792 4090 diguitatis:
1803 4028 1867 4072 nou
1882 4010 1978 4073 alias.

301 4120 360 4164 nu.
372 4122 404 4164 aa.
435 4115 466 4168 to
483 4107 578 4168 totius
594 4107 694 4169 turba
709 4106 905 4170 oflerebatur
921 4107 1051 4184 vitulus,
1067 4108 1176 4171 hircus
1231 4107 1300 4169 Alia
1315 4127 1452 4189 namque
1469 4107 1527 4169 luit
1543 4108 1645 4190 jussio
1661 4109 1733 4171 data
1752 4109 1792 4171 de
1812 4106 1980 4172 sacrificio

433 4213 538 4266 autem
564 4223 621 4286 pro
646 4214 774 4286 peccato
800 4205 956 4286 principis
980 4223 986 4265 :
1014 4207 1175 4287 quomodo
1190 4210 1215 4271 n
1231 4207 1402 4269 sacerdotis
1417 4227 1474 4290 per
1490 4207 1701 4286 ignorantiam
1711 4206 1902 4282 excedentis,
1911 4207 1980 4270 alla

433 4317 507 4381 erge
523 4321 606 4364 nunc
623 4302 749 4378 dieitur,
759 4303 843 4383 quod
857 4302 977 4364 vitulus
994 4303 1176 4367 immolaba-
1229 4306 1269 4368 de
1284 4305 1429 4387 principe
1445 4306 1628 4385 ignoranter
1643 4313 1803 4389 peccante,
1816 4306 1879 4367 alia
1895 4325 1980 4387 quo-

433 4407 483 4461 tur
499 4399 531 4461 in
548 4400 818 4476 holocaustumet
833 4401 940 4462 hircus
956 4420 1014 4482 pro
1026 4407 1174 4483 peccatot
1229 4421 1291 4483 que
1306 4404 1345 4466 de
1361 4422 1496 4485 persona
1515 4403 1649 4484 vulgari,
1667 4412 1702 4466 ut
1721 4412 1806 4485 patet
1827 4403 1860 4464 in
1881 4404 1977 4468 Levi·
2007 4423 2111 4473 naeu

432 4498 491 4562 Sed
516 4498 665 4579 quoniam
692 4499 811 4562 vitulus
834 4517 892 4580 pro
916 4509 1045 4581 peccato
1073 4501 1172 4564 turba
1229 4501 1303 4564 tice.
1993 4488 2027 4529 ᾖ·

430 4597 564 4674 oblatus,
581 4597 829 4661 comburebatur
853 4598 1002 4675 totaliter,
1025 4599 1173 4662 holocau-
1269 4603 1392 4662 Auirua
1417 4621 1500 4671 vero,
1527 4601 1559 4662 id
1584 4607 1633 4663 est
1657 4618 1802 4682 persona,
1818 4621 1892 4680 quoe
1910 4622 1977 4679 per

430 4705 512 4758 stum
543 4705 665 4779 poterat
694 4695 769 4758 diei.
797 4695 853 4758 Hic
878 4715 1005 4778 quoque
1035 4699 1173 4760 sumitur
1226 4701 1409 4776 superbiam
1433 4701 1564 4778 aliquid
1586 4701 1860 4767 commiscebant
1883 4710 1975 4762 certo

428 4794 599 4858 multitudo
613 4815 685 4858 cum
701 4794 857 4876 principis
873 4795 1062 4872 inclusione,
1076 4807 1111 4859 ut
1127 4798 1173 4861 vi·
1227 4796 1380 4872 omiserit,
1396 4800 1464 4857 siue
1478 4800 1558 4857 ciuis
1572 4799 1614 4856 sit
1629 4799 1696 4867 itte,
1713 4796 1746 4858 id
1767 4805 1815 4858 est
1837 4796 1974 4860 natione

428 4893 539 4955 detur:
556 4893 707 4973 quoniam
733 4911 797 4955 nou
821 4893 858 4954 lit
880 4893 932 4955 hie
957 4895 1077 4957 mentio
1101 4915 1171 4978 spe·
1225 4894 1386 4970 Hebraeus,
1401 4898 1468 4955 siue
1478 4897 1670 4972 porcarium
1684 4896 1724 4957 ad
1739 4894 1907 4957 llosaicam
1927 4896 1974 4958 le

428 4990 518 5053 cialis
543 4991 582 5052 de
607 4991 763 5072 principe,
790 4991 835 5052 ibi
861 5009 935 5054 vero
960 4993 999 5054 de
1023 4993 1116 5056 turba
1140 5003 1171 5057 et
1225 5012 1296 5073 gem
1312 5011 1504 5056 conversus:
1521 4996 1842 5072 quoniamadccrsas
1857 4996 1973 5055 Domi-

428 5088 573 5171 principe
583 5088 815 5169 sacrificiisque
827 5108 936 5152 corum
949 5091 1099 5154 distincte
1112 5102 1171 5155 tra·
1226 5114 1306 5153 uum
1321 5093 1446 5152 rebellis
1460 5093 1540 5168 fuit,
1556 5109 1594 5154 ex
1617 5090 1712 5155 lirmo
1729 5092 1894 5175 proposito
1909 5112 1971 5157 seu

425 5195 539 5251 ctatur.
552 5191 594 5250 m
609 5190 734 5265 ropabit
749 5193 892 5250 sar-cados
905 5209 965 5266 pro
980 5193 1070 5251 orarii
1086 5197 1169 5252 mui·
1224 5198 1408 5272 eontemptu
1438 5191 1609 5272 peccando,
1633 5194 1755 5268 peribit
1779 5195 1819 5251 dr
1844 5197 1972 5271 populo

426 5289 567 5350 titudine
581 5288 727 5366 filioram
743 5291 864 5359 Israel,·
877 5299 907 5348 ct
921 5291 1106 5351 dimittatur
1120 5293 1167 5351 cis
1222 5311 1290 5364 aaa,
1307 5290 1340 5351 id
1362 5297 1412 5351 est
1432 5290 1472 5351 de
1492 5306 1587 5369 grege
1605 5289 1762 5370 justorum
1781 5298 1813 5353 et
1831 5309 1970 5358 numero
