4309 6259
433 458 474 522 32
513 468 514 471 ’
814 470 987 519 meamne
1008 470 1039 515 nr
1060 467 1130 515 car.
1151 466 1230 514 xxm
1249 464 1352 513 mom.
1374 485 1414 497 —
1432 466 1505 513 aar.
1527 464 1598 513 xxm

433 655 502 709 tera
515 655 650 721 tactam;
669 664 732 709 non
749 653 854 707 tamen
870 644 996 706 videtur
1011 661 1081 705 esse
1095 658 1177 703 mor·
1190 638 1217 699 A
1231 647 1295 701 mm
1311 639 1472 721 accipiunt
1487 637 1681 720 stipendium
1697 636 1747 698 sui
1762 633 1891 710 laboris,
1908 651 1973 695 non

432 744 494 807 talc
510 752 674 827 peccatum
688 762 694 806 :
706 744 816 825 sicque
826 742 959 805 verbum
976 741 1062 802 istud
1074 746 1176 801 exstat
1230 738 1368 818 pretium
1388 743 1543 800 attestatae
1562 734 1716 797 veritatis.

430 844 611 905 consilium.
629 843 667 904 Et
690 842 771 904 sicut
795 841 880 902 istud
908 839 1095 922 prohibetur
1118 856 1175 900 seu
1269 836 1431 898 Postremo
1443 834 1576 897 verbum
1592 832 1741 908 istud,Ne
1755 829 1894 911 accipias
1908 846 1975 889 mu·

430 941 630 1003 dissuadetur
644 939 871 1021 judicibuS,ita
885 946 917 1000 et
931 937 1175 1016 testibus:quo
1230 954 1317 1011 nera,
1338 935 1513 997 secundum
1534 932 1689 1007 Glossam,
1710 930 1900 992 sumendum
1925 934 1974 989 cst

431 1040 516 1101 niam
531 1058 663 1101 munera
684 1045 841 1101 excaecant
862 1037 1045 1119 prudentes,
1065 1035 1097 1096 id
1112 1043 1172 1110 cst,
1229 1036 1269 1096 de
1289 1033 1407 1115 triplici
1427 1052 1559 1095 munere
1575 1039 1684 1114 utpote
1699 1047 1831 1092 munere
1845 1045 1970 1102 manus,

428 1138 467 1199 ad
484 1138 600 1200 mentis
610 1137 853 1200 excecationem
871 1135 1026 1197 inducunt
1041 1152 1107 1209 cos,
1117 1133 1174 1215 qui
1230 1151 1362 1195 munere
1377 1132 1505 1212 linguae,
1517 1139 1549 1194 et
1563 1148 1695 1191 munere
1711 1126 1867 1208 obsequii,
1885 1125 1974 1205 juxta

428 1245 503 1299 ante
518 1235 691 1317 prudentes
713 1232 852 1297 luerunt.
871 1232 1035 1315 Siquidem
1051 1252 1090 1295 ex
1106 1250 1175 1293 mu·
1229 1230 1309 1293 illud
1329 1230 1363 1292 iu
1383 1230 1483 1292 lsaia:
1500 1228 1558 1303 Qui
1573 1228 1692 1291 excutit
1711 1245 1824 1289 manus
1839 1244 1914 1286 suas
1931 1222 1972 1285 ab
2003 1240 2037 1282 ι..
2049 1254 2112 1289 mn.

430 1354 541 1397 nerum
568 1334 753 1415 acceptione
776 1331 949 1394 inclinatur
971 1330 1109 1393 allectus
1133 1330 1172 1391 ad
1229 1330 1317 1392 omni
1344 1347 1486 1391 munere.
1513 1326 1572 1401 Qui
1596 1344 1672 1389 vcro
1701 1343 1760 1407 pro
1785 1321 1972 1386 muneribus
1987 1306 2017 1345 ¹²

431 1433 648 1496 inordinatum
673 1448 829 1507 amorem,
857 1438 921 1492 tam
946 1429 1052 1491 dantis
1077 1448 1174 1510 quam
1229 1436 1416 1509 pervertunt
1429 1423 1888 1508 judiciumauttestimonium
1903 1438 1973 1503 pro

430 1530 585 1606 muneris,
605 1538 636 1592 et
656 1528 817 1592 emollitur
839 1536 949 1590 contra
969 1528 1106 1606 rigorem
1125 1528 1176 1608 ju·
1231 1526 1339 1588 ierunt
1358 1526 1486 1603 falsum,
1505 1532 1682 1606 sequuntur
1699 1523 1813 1585 Judam
1832 1520 1973 1603 prodite

430 1629 536 1705 stitiae,
554 1636 585 1691 et
600 1628 700 1690 invite
715 1626 854 1690 ollendit
868 1626 1051 1702 donantem,
1070 1645 1176 1687 assue
1230 1643 1307 1701 rem,
1325 1624 1553 1703 negotiatorem
1568 1622 1795 1697 miserrimum,
1811 1619 1867 1702 qui
1882 1617 1974 1681 Chri·
2013 1636 2096 1678 narrt

430 1727 554 1809 scitque
570 1728 662 1809 plura
685 1733 834 1808 appetere
851 1743 994 1801 munera,
1011 1733 1107 1805 atquc
1122 1744 1175 1787 eo
1230 1730 1315 1785 stum
1331 1741 1389 1805 pro
1405 1722 1534 1801 triginta
1548 1720 1688 1784 denariis
1703 1718 1859 1783 vendidit.
1987 1712 2046 1748 '¹⁸¹'
2058 1702 2088 1740 ¹⁵·

430 1846 501 1889 rum
516 1844 623 1889 amore
636 1824 778 1906 judicare
793 1842 952 1906 perverse.
971 1822 1021 1885 Sic
1043 1841 1173 1905 quoque
1190 1822 1213 1884 B
1268 1824 1444 1898 Pereprtno
1461 1825 1611 1882 nwtcstus
1628 1840 1694 1880 aon
1707 1822 1772 1878 eris
1793 1824 1903 1881 contra
1921 1816 1972 1897 ju-

429 1942 561 1987 munera
582 1923 771 1987 subvertunt
785 1922 883 1986 verba
897 1940 1007 1985 eorum
1023 1922 1078 2002 qui
1100 1931 1174 1984 ante
1229 1920 1360 1996 stitiam,
1383 1920 1493 1981 eadem
1518 1919 1640 1982 ratione
1659 1937 1724 2000 qua
1745 1934 1803 1979 nec
1827 1915 1969 1989 advenae,

428 2022 506 2103 justi
531 2021 672 2097 luerunt,
694 2021 750 2102 qui
775 2038 882 2083 amore
907 2038 1077 2081 munerum
1104 2038 1174 2083 cor·
1227 2020 1343 2095 vidue,
1360 2027 1415 2081 aut
1433 2018 1567 2101 pupillo,
1584 2025 1620 2079 ut
1642 2017 1675 2079 in
1698 2014 1905 2099 praecedentis
1922 2032 1971 2074 ar-

431 2128 633 2202 rumpuntur,
651 2119 695 2181 ita
717 2119 802 2200 quod
823 2125 935 2181 contra
950 2117 1117 2182 veritatem
1142 2125 1174 2181 et
1229 2118 1320 2180 ticuli
1350 2125 1382 2181 ct
1409 2116 1541 2200 capituli
1570 2116 1769 2199 expositione
1797 2114 1969 2176 deductum

429 2216 584 2300 justitiam
599 2216 754 2298 judicant,
770 2224 802 2279 et
822 2214 932 2278 fovent
952 2234 1063 2278 causas
1087 2215 1174 2297 inju-
1229 2225 1288 2280 cst.
1306 2216 1339 2278 Si
1357 2224 1463 2278 autem
1483 2214 1639 2278 referatur
1664 2214 1749 2275 istud
1771 2213 1812 2275 ad
1835 2210 1969 2292 judices,

299 2328 331 2371 n.
342 2342 356 2378 t,
369 2330 402 2371 aa.
432 2322 507 2377 stas.
523 2314 602 2376 llinc
622 2314 656 2375 in
671 2313 750 2375 lsaia
768 2310 902 2374 habetur
921 2328 928 2373 :
945 2311 1110 2392 Principes
1127 2312 1174 2375 tui
1230 2335 1342 2379 sensus
1357 2323 1416 2391 cst,
1433 2314 1518 2397 quod
1533 2314 1630 2395 judex
1646 2331 1710 2376 non
1731 2313 1827 2375 debet
1840 2312 1972 2393 permit-

432 2413 711 2489 infideles,omnes
728 2410 866 2491 diligunt
881 2429 1024 2487 munera,
1041 2429 1177 2492 sequun
1229 2419 1307 2489 tere,
1317 2420 1353 2475 ut
1367 2411 1528 2493 peregrini
1543 2411 1663 2492 injuste
1673 2411 1901 2474 retardentura
1914 2426 1972 2471 suo

433 2519 484 2574 tur
508 2510 760 2575 retributionem.
785 2509 931 2585 Econtra,
948 2509 1054 2589 justus
1078 2510 1175 2590 judex
1229 2510 1355 2587 itincre,
1372 2511 1422 2574 vel
1437 2511 1524 2592 quod
1539 2511 1587 2573 eis
1602 2509 1660 2573 liat
1676 2510 1868 2592 injuria,aut
1881 2508 1967 2590 quod

299 2624 416 2679 laco-111,
432 2618 560 2673 sanmus
576 2608 701 2671 Samuel
725 2608 829 2690 primo
844 2606 963 2687 Regum
989 2607 1034 2668 ait
1051 2625 1058 2667 :
1077 2608 1109 2669 Si
1134 2609 1174 2671 de
1229 2609 1333 2672 carius
1350 2610 1428 2692 ipsis
1443 2610 1609 2673 vendatur.
1626 2610 1664 2670 Et
1679 2609 1706 2671 si
1722 2609 1892 2672 habuerint
1901 2626 1973 2670 cau-

286 2690 307 2732 ³'
433 2726 528 2771 manu
552 2708 741 2788 cujusquam
766 2724 882 2767 munus
904 2705 1024 2787 accepi.
1041 2706 1085 2768 Dc
1110 2724 1174 2788 quo
1230 2728 1296 2769 sam
1322 2718 1451 2791 propter
1477 2708 1628 2789 injuriam
1653 2709 1700 2771 eis
1724 2707 1852 2783 iactam,
1878 2708 1973 2773 debet

315 2824 390 2868 aeota.
432 2815 463 2869 et
477 2804 715 2868 Ecclesiasticus
739 2803 853 2866 asserit
870 2822 877 2865 :
894 2803 1047 2865 Pecunias
1069 2812 1102 2866 ct
1122 2824 1173 2866 us
1228 2806 1325 2887 judex
1346 2826 1474 2869 causam
1494 2826 1604 2870 eorum
1626 2814 1782 2888 quantum
1803 2815 1907 2890 potest
1924 2828 1974 2872 ce

284 2890 382 2941 ‘³¹³²'
431 2924 493 2987 que
515 2906 554 2967 ad
577 2904 790 2966 calceamenta
815 2903 856 2965 ab
875 2902 963 2965 omni
989 2922 1084 2965 earne
1109 2922 1173 2966 non
1230 2904 1339 2968 leriter
1352 2906 1513 2987 expedire,
1530 2925 1572 2969 ne
1586 2905 1633 2969 eis
1648 2905 1682 2967 in
1698 2914 1782 2969 terra
1795 2906 1900 2969 aliena
1919 2928 1971 2970 su-

431 3004 563 3086 accepit,
580 3011 612 3065 ct
627 3021 691 3065 non
705 3000 867 3064 accusavit
888 3001 980 3063 illum
996 3001 1103 3064 homo.
1122 3002 1173 3065 Sic
1190 3008 1213 3071 C
1230 3024 1287 3089 per
1307 3004 1521 3068 afflictionem
1545 3005 1680 3067 addatur
1701 3004 1848 3069 aillictio.
1871 3010 1972 3068 Scitis

284 3121 413 3173 satanas.
431 3111 462 3166 et
484 3103 599 3165 Paulus
623 3108 842 3166 contestatur:
865 3101 1038 3182 Argentum
1063 3109 1095 3163 et
1119 3121 1175 3163 au·
1227 3106 1316 3165 enim
1325 3108 1528 3165 advenarum
1541 3106 1682 3175 animas,
1695 3103 1755 3166 hoc
1770 3112 1818 3165 est
1833 3105 1971 3186 peregri-

430 3222 501 3265 rum
524 3208 578 3265 aut
601 3208 722 3263 vestem
747 3199 868 3261 nullius
894 3200 1077 3282 concupivi.
1101 3200 1173 3265 llaec
1228 3201 1343 3266 norum
1356 3201 1600 3283 dispositionem
1621 3201 1816 3278 interiorem,
1834 3203 1911 3282 quia
1926 3202 1973 3266 ia·

430 3302 619 3364 documenta
637 3307 669 3361 et
688 3297 843 3378 exempla,
861 3306 934 3359 sunt
946 3298 1111 3379 judicibus
1127 3309 1173 3363 tc-
1227 3302 1331 3365 ciliter
1346 3301 1673 3380 contristantur,quia
1687 3310 1718 3360 et
1731 3303 1797 3377 ipsi
1802 3303 1971 3378 pmprini

429 3398 594 3479 stibusque
610 3396 772 3479 pensanda
786 3413 822 3457 ae
839 3395 1003 3458 imitanda.
1226 3402 1339 3477 fuistis
1354 3402 1391 3460 in
1407 3410 1493 3461 terra
1506 3402 1646 3476 AEpypti
1661 3418 1673 3460 .·
1688 3399 1760 3461 ideo
1774 3400 1971 3482 experientia

467 3495 599 3569 Quidam
620 3493 749 3576 exponit
770 3494 837 3555 hac
853 3493 899 3555 sic
917 3510 924 3554 :
942 3494 1009 3557 Non
1032 3495 1171 3577 accipies
1227 3507 1331 3562 vestra
1345 3499 1526 3561 docerevos
1543 3504 1657 3578 potest.
1668 3497 1758 3560 Circa
1772 3498 1840 3562 hac
1855 3498 1971 3563 scribit

426 3614 558 3658 munera
577 3594 672 3657 etiam
693 3610 752 3674 pro
772 3610 847 3656 vero
865 3591 997 3673 judicio,
1015 3593 1168 3674 quoniam
1225 3597 1356 3679 quidam
1373 3614 1381 3658 :
1396 3595 1585 3676 Peregrinus
1599 3595 1653 3658 hic
1667 3596 1796 3673 dicitnr,
1809 3598 1969 3661 transiens

424 3694 522 3774 judex
538 3711 600 3756 non
611 3691 705 3755 debet
714 3690 870 3772 justitiam
882 3691 1030 3754 vendere.
1040 3690 1071 3754 si
1082 3692 1170 3755 enim
1225 3714 1282 3777 per
1296 3702 1413 3758 terram
1429 3693 1577 3756 alienam.
1589 3693 1677 3767 Quod
1689 3694 1814 3757 videtur
1829 3714 1892 3759 non
1902 3696 1971 3759 sul-

426 3792 523 3872 judex
546 3800 594 3855 est
619 3789 763 3866 inferior,
791 3790 886 3853 debet
914 3809 983 3853 esse
1002 3798 1170 3854 contentus
1225 3792 1372 3856 licienter
1396 3793 1566 3875 prolatum.
1583 3791 1685 3866 Quum
1708 3794 1796 3856 enim
1821 3795 1968 3874 dixisset,

427 3891 596 3973 stipendiis
617 3889 678 3952 sibi
700 3888 782 3951 datis
807 3908 826 3949 a
849 3888 1023 3970 superiore.
1042 3889 1073 3951 Si
1095 3910 1170 3954 vero
1224 3892 1393 3972 Peregrino
1418 3891 1572 3955 molestus
1595 3909 1659 3954 nou
1690 3892 1764 3970 eris,
1791 3912 1848 3975 pro
1872 3913 1973 3957 causa

427 3990 469 4051 sit
482 3989 637 4070 superior,
655 3986 777 4049 scilicet
792 3985 941 4068 princeps
956 3994 1058 4063 terra,
1076 3988 1171 4052 debet
1223 3992 1352 4073 adjecit,
1375 3990 1470 4053 Scitis
1498 3989 1583 4053 enim
1614 3991 1809 4054 advenarum
1832 3992 1968 4057 animas.

427 4106 496 4151 esse
520 4094 688 4149 contentus
712 4086 779 4147 suis
803 4084 992 4161 redditibus
1014 4085 1069 4167 qui
1095 4096 1170 4150 sunt
1223 4089 1289 4163 Quo
1304 4096 1438 4164 constat,
1455 4089 1540 4168 quod
1556 4089 1743 4170 peregrinus
1758 4109 1845 4154 nunc
1861 4091 1972 4173 appel·

426 4185 585 4267 stipendia
601 4184 661 4247 sibi
677 4202 827 4247 concessa
842 4202 860 4245 a
874 4184 1101 4247 communitate
1112 4188 1209 4268 prol)
1225 4189 1392 4263 latur,non
1408 4186 1512 4250 solum
1527 4187 1583 4268 qui
1599 4206 1656 4268 per
1671 4187 1809 4251 alienam
1825 4190 1972 4269 graditur

425 4283 647 4349 observatione
656 4282 851 4364 justitiae.lle
866 4282 926 4345 hoe
942 4282 1083 4364 loquitur
1092 4284 1171 4348 The
1226 4297 1353 4362 terram,
1372 4286 1428 4348 sed
1451 4286 1528 4347 item
1546 4285 1603 4367 qui
1623 4286 1658 4347 in
1679 4286 1784 4349 aliena
1800 4296 1884 4351 terra
1905 4308 1972 4352 mo

426 4402 495 4445 mas
517 4383 550 4444 in
572 4382 710 4445 secunda
734 4381 891 4457 secunda,
908 4382 1086 4463 quastione
1103 4383 1166 4445 7l:
1226 4394 1322 4462 ratur,
1350 4384 1526 4467 prasertim
1548 4384 1624 4466 quia
1648 4385 1864 4466 subjungitur,
1890 4387 1970 4462 Quia

427 4482 608 4545 Secundum
622 4478 846 4561 Augustiuum
869 4480 966 4560 judex
989 4498 1052 4543 non
1075 4481 1171 4544 debet
1225 4492 1257 4547 et
1272 4484 1334 4566 ipsi
1355 4482 1515 4565 peregrini
1536 4481 1643 4545 fuistis
1665 4483 1697 4545 in
1721 4492 1805 4547 terra
1819 4486 1967 4568 AEgypti:

427 4581 565 4647 rendere
579 4580 700 4661 justum
716 4578 883 4660 judicium,
902 4597 960 4641 nec
976 4579 1066 4641 testis
1084 4580 1171 4643 testi·
1227 4584 1259 4644 in
1274 4602 1338 4664 qua
1352 4590 1474 4645 eertum
1490 4590 1538 4644 est
1552 4599 1618 4659 eos,
1635 4582 1753 4663 quibus
1768 4584 1829 4645 ista
1845 4584 1970 4647 locutus

427 4680 570 4744 monium
593 4698 714 4743 verum.
735 4677 914 4740 Advocatus
938 4685 1041 4741 tamen
1066 4687 1172 4760 potest
1226 4691 1274 4744 est
1287 4681 1417 4763 lloyses,
1435 4679 1490 4741 diu
1506 4680 1539 4741 in
1554 4682 1687 4763 AEgypto
1702 4682 1869 4745 mansisse.

427 4780 564 4845 vendere
580 4777 792 4861 patrocinium
808 4795 911 4837 suum.
929 4776 1006 4838 Nam
1021 4780 1170 4858 quamvis
1266 4784 1331 4841 Sec
1345 4781 1443 4839 annis
1461 4782 1635 4840 seminabis
1655 4791 1774 4841 terram
1790 4790 1882 4842 tuam
1897 4800 1972 4863 pro-

427 4878 560 4941 scientia
578 4876 660 4958 juris
686 4876 727 4937 sit
752 4875 871 4937 bonum
897 4873 1074 4955 spirituale,
1093 4885 1172 4939 atta·
1227 4877 1296 4960 pria
1320 4896 1428 4953 manu,
1446 4876 1514 4939 sive
1538 4896 1596 4958 per
1619 4877 1766 4954 alterum,
1790 4887 1820 4939 et
1844 4900 1973 4958 conpre-

427 4996 500 5040 mcn
515 4996 592 5039 usus
613 4974 683 5056 ejus
710 4974 748 5036 lit
768 4991 864 5055 opere
885 4973 1054 5055 corporali.
1070 4974 1170 5039 Judex
1222 4979 1314 5056 podis
1328 4977 1440 5052 frages
1454 4977 1525 5052 ejus
1548 4985 1690 5057 tempore
1713 4978 1826 5040 messis
1847 4978 1882 5039 in
1897 4978 1972 5041 hor-

425 5084 532 5139 autem
547 5083 579 5137 et
595 5081 690 5137 testes
705 5080 780 5135 sunt
790 5090 935 5153 persona
945 5071 1072 5152 utrique
1088 5073 1170 5155 parti
1226 5093 1289 5136 rea.
1302 5077 1398 5135 Anno
1413 5083 1521 5133 autem
1535 5077 1667 5153 septimo
1682 5078 1826 5137 dimittes
1840 5098 1928 5147 eam,
1940 5087 1971 5137 et

425 5192 611 5238 communes
629 5190 636 5235 :
655 5171 774 5235 idcirco
788 5169 951 5252 judicibus
968 5178 1042 5233 sunt
1057 5172 1098 5234 de
1113 5192 1172 5253 pu·
1225 5176 1416 5252 requiescere
1438 5173 1548 5250 facies,
1566 5183 1602 5233 at
1621 5176 1787 5235 comedant
1807 5194 1970 5253 pauperes

425 5273 510 5337 blico
525 5270 684 5355 stipendia
703 5268 821 5333 laboris
843 5276 980 5343 statuta;
997 5276 1094 5333 testes
1112 5289 1168 5333 au·
1221 5273 1339 5350 popuii
1359 5272 1421 5341 tui,
1436 5279 1466 5330 et
1484 5274 1648 5351 quidquid
1665 5277 1829 5353 reliquum
1848 5276 1966 5352 sumt,
