4309 6259
568 515 741 563 ιιιιιιιιιιιιιο
763 516 793 561 m
815 514 883 561 aar.
907 515 917 560 1
938 513 1171 562 nauranonornr.
1194 536 1235 547 -
1255 516 1326 565 aar.
1351 517 1373 564 ιι
1681 501 1738 567 &ll

188 688 354 747 Dominus
370 708 381 746 .·
398 688 460 747 Dio
481 689 525 746 ad
545 707 595 746 eos
610 704 621 747 .·
639 688 747 749 Nolite
761 688 941 755 ascendere,
955 684 981 745 A
994 684 1072 746 bant
1088 685 1298 764 AmorrhaeOS,
1315 687 1371 769 qui
1392 687 1438 751 ihi
1457 688 1664 769 designantur
1683 707 1741 771 per

188 804 294 863 neque
305 786 470 861 pugnetis,
487 804 552 845 aon
573 786 661 845 enim
680 806 752 844 sam
768 786 939 854 caducum,
995 783 1198 847 ChananaeoS.

188 902 231 941 ne
246 886 374 943 cadatis
389 903 497 943 eoram
513 883 659 942 inimicis
670 884 943 943 vestristoeatas
1037 881 1206 956 (latumque
1229 882 1349 939 reuersi
1363 902 1375 940 .·
1397 898 1460 943 non
1485 880 1533 942 illi
1558 881 1612 963 qui
1634 880 1742 961 gladio

187 1000 263 1039 sum
286 982 374 1039 cobis
399 980 532 1043 verbum
549 980 604 1042 Dei
628 980 660 1041 id
684 980 896 1061 prohibentis,
913 990 942 1039 et
996 984 1195 1053 corruerunt,
1213 978 1268 1038 sed
1284 977 1339 1059 qui
1355 978 1536 1061 perfugam
1552 988 1740 1054 evaserunt3

187 1098 256 1137 ιιοιι
278 1081 419 1139 audistis
444 1078 576 1140 auribus
601 1078 717 1154 cordis,
742 1078 774 1139 id
797 1086 854 1153 est,
878 1095 942 1139 non
992 1077 1167 1151 ploraretis
1188 1096 1297 1136 eorem
1317 1080 1466 1149 Domtao,
1484 1077 1590 1160 potius
1613 1087 1743 1160 propter

187 1176 462 1258 obtemperastis;
493 1181 548 1237 sed
577 1180 781 1237 adversantes
808 1177 943 1252 imperio
996 1173 1130 1236 adversa
1151 1191 1213 1258 seu·
1227 1174 1311 1237 mala
1333 1194 1436 1258 poenae
1456 1195 1527 1256 quae
1547 1176 1740 1255 incurristis,

186 1276 338 1346 Domini,
355 1284 385 1335 et
407 1284 561 1335 tumentes
581 1276 744 1352 superbio,
768 1273 843 1354 quia
865 1292 943 1355 prae·
997 1290 1093 1353 quam
1114 1261 1244 1355 propter
1266 1274 1349 1336 mala
1370 1274 1473 1357 culpae
1492 1294 1564 1357 quea
1583 1276 1744 1338 commisi-

188 1371 376 1453 sumpsistis
387 1374 427 1435 de
437 1373 553 1435 vestris
564 1371 731 1449 viribuset
741 1390 821 1434 vane
832 1370 944 1452 gloria·
997 1372 1070 1448 stis;
1083 1394 1148 1433 noa
1158 1376 1360 1451 audivitvos,
1371 1374 1403 1435 id
1413 1382 1613 1449 estvestrum
1628 1373 1742 1436 lletum

188 1468 314 1531 bamini
329 1470 445 1533 dehoc
461 1471 546 1553 quod
563 1470 675 1533 essetis
691 1468 944 1552 populusDei‚et
963 1525 964 1531 ,
997 1488 1062 1533 non
1087 1471 1274 1552 acceptavit,
1301 1472 1377 1553 quia
1401 1491 1465 1536 non
1493 1472 1582 1535 venit
1606 1492 1644 1535 en
1668 1490 1743 1534 vera

187 1568 368 1649 adjuvandi
385 1570 491 1647 abeo,
508 1568 561 1632 cui
577 1587 641 1631 non
657 1567 822 1644 obedistis,
839 1589 943 1629 aseen-
997 1569 1199 1646 oontritione,
1216 1571 1279 1630 aee
1289 1573 1370 1642 voci,
1386 1571 1447 1634 hoe
1462 1579 1511 1634 est
1526 1570 1674 1647 orationi,
1692 1592 1743 1631 ve-

186 1668 287 1726 distt's
303 1669 340 1727 itt
356 1678 507 1737 montem,
519 1666 550 1727 id
567 1665 664 1728 estin
680 1665 749 1728 loca
763 1665 942 1728 Amorrhae-
995 1678 1069 1729 stroe
1085 1670 1188 1728 voluit
1203 1671 1400 1747 acquiescere
1414 1688 1425 1730 :
1439 1670 1517 1751 quia
1539 1689 1602 1734 non
1626 1670 1743 1733 relaxa·

187 1781 284 1826 orum
296 1772 477 1828 montuosa.
487 1768 602 1843 Itaque
611 1784 752 1841 egressas
763 1768 943 1825 Arnorrtaa·
996 1762 1042 1823 vit
1058 1779 1197 1842 poenam,
1215 1781 1311 1843 quam
1327 1762 1418 1825 vobis
1433 1762 1642 1843 infligendam
1663 1783 1742 1845 preo-

188 1882 239 1935 us,
258 1865 319 1940 qut
334 1864 501 1923 habitabat
522 1864 559 1922 in
579 1864 751 1933 montibus,
768 1871 797 1922 et
816 1862 978 1923 obviamB
996 1859 1076 1921 dixit
1106 1868 1236 1941 propter
1266 1860 1386 1923 scelera
1415 1869 1530 1937 vestra,
1562 1880 1621 1924 nec
1650 1882 1740 1924 suam

188 1962 336 2031 veniens,
360 1970 546 2037 persecutam
575 1970 620 2020 est
648 1979 701 2019 oos
730 1962 815 2019 sicat
843 1964 942 2021 solent
997 1957 1178 2020 retractavit
1201 1958 1404 2021 sententiam.
1428 1959 1531 2021 Etiam
1556 1960 1630 2022 dato
1655 1961 1740 2041 quod
1813 2005 1818 2013 -

189 2079 268 2135 apes
279 2060 444 2137 persequi,
463 2057 495 2120 id
511 2066 570 2135 est,
584 2056 721 2121 faciliter
733 2057 857 2139 fugavit
873 2077 942 2135 vos,
995 2056 1126 2137 quidam
1152 2055 1281 2119 illorum
1307 2075 1381 2120 vere
1411 2058 1648 2139 poenituisscnt,
1676 2078 1741 2122 nou

188 2157 276 2220 sieut
302 2156 455 2237 fugantur
479 2174 566 2237 apes.
594 2156 663 2232 Vel,
689 2156 875 2219 Persecutus
894 2165 943 2219 est
998 2164 1103 2218 tamen
1123 2156 1305 2218 retractavit
1323 2157 1405 2219 Deus
1428 2157 1617 2219 sententiam
1637 2158 1742 2240 prola-

189 2274 260 2331 vos,
278 2254 397 2317 aeriter
412 2273 469 2316 vos
485 2253 630 2317 ladendo
646 2254 730 2316 sieut
745 2273 820 2335 apes
837 2273 943 2335 perse·
998 2262 1060 2315 tam
1075 2254 1116 2315 de
1136 2272 1245 2317 corum
1265 2254 1351 2335 justa
1371 2254 1549 2337 punitione,
1566 2275 1662 2336 quam
1683 2275 1742 2320 nee

189 2361 337 2435 quuntur
352 2371 406 2416 eos
423 2370 502 2434 quos
519 2352 621 2415 acutis
642 2351 762 2415 aculeis
783 2360 940 2433 pungunt.
995 2352 1092 2433 Moysi
1108 2371 1167 2415 nec
1181 2352 1286 2414 Aaron
1306 2352 1459 2417 relaxavit
1474 2373 1531 2435 pro
1546 2364 1676 2435 peccato
1689 2374 1742 2419 eo-

68 2466 161 2509 ·saun
189 2456 233 2513 Et
249 2454 392 2513 concidit
408 2452 432 2524 *,
455 2451 488 2513 id
511 2459 570 2529 est,
591 2451 697 2532 gladio
719 2450 887 2532 percussit,
903 2455 942 2511 de
996 2470 1065 2512 rum
1092 2451 1131 2512 ad
1156 2469 1255 2532 aquas
1280 2451 1557 2515 Contradictionis.
1580 2453 1740 2515 Interdum

190 2553 279 2624 δεῖν,
298 2550 331 2613 id
355 2558 403 2613 est
424 2570 442 2612 a
464 2550 534 2613 loco
555 2550 605 2613 vel
627 2549 771 2613 confinio
794 2549 943 2613 ldumaeo
996 2549 1125 2626 etenim,
1144 2549 1208 2613 imo
1225 2549 1411 2632 frequenter
1427 2551 1506 2614 Deus
1523 2551 1655 2613 dimittit
1674 2552 1741 2614 cul-

190 2668 274 2726 rum,
289 2670 389 2730 usque
404 2652 542 2719 Hormo,
554 2648 586 2710 id
602 2655 650 2711 est
666 2667 765 2730 usque
781 2648 819 2710 ad
837 2647 939 2710 locum
996 2666 1081 2728 pam,
1108 2664 1172 2709 non
1198 2664 1336 2728 poenam.
1360 2650 1498 2710 Sedtstts
1518 2669 1605 2725 erpo,
1626 2648 1658 2710 id
1680 2658 1738 2725 est,

66 2760 174 2813 nasa,
189 2747 237 2811 sic
264 2747 399 2825 dictum,
427 2755 559 2830 propter
583 2766 711 2810 causam
738 2746 771 2808 in
796 2746 941 2809 Numeris
997 2744 1158 2807 mansistis
1174 2754 1205 2807 et
1221 2745 1392 2819 habitastis
1403 2749 1439 2805 io
1452 2749 1649 2807 cadesbarne
1661 2752 1742 2808 rnat-

55 2824 105 2928 ἕξω,
113 2889 174 2937 ω,
189 2846 341 2927 positam.
354 2846 393 2907 Et
403 2854 442 2908 ut
458 2845 492 2908 in
507 2844 653 2908 Numeris
669 2842 814 2921 habetur,
826 2845 942 2907 Horma
998 2855 1026 2905 to
1043 2854 1190 2923 ternpore.
1207 2843 1308 2918 Quum
1330 2845 1416 2907 enim
1441 2844 1597 2907 vidissent
1619 2864 1653 2909 se
1675 2864 1740 2909 non

189 2946 422 3027 interpretatur
431 2944 608 3007 anathema
619 2943 715 3006 Porro
731 2951 765 3005 ut
781 2943 813 3004 in
829 2944 940 3006 eodem
996 2943 1149 3025 possead
1172 2950 1288 3005 terram
1311 2942 1533 3023 promissionis
1556 2945 1738 3025 procedere,

70 3052 122 3095 ltil-
133 3068 174 3105 nv.
186 3043 275 3106 libro
292 3044 419 3124 legitur,
433 3042 602 3106 Descendit
616 3041 805 3105 Amaleeitcs
821 3050 852 3104 et
867 3036 977 3105 Cha-C
995 3049 1182 3104 manserunt
1203 3040 1257 3102 diu
1278 3040 1311 3101 in
1334 3041 1403 3103 loeo
1424 3040 1557 3123 praeiato
1572 3050 1604 3104 et
1626 3041 1659 3102 in
1682 3042 1741 3104 eir-

55 3118 83 3157 ⁴⁵'
190 3160 333 3219 uanaeus,
352 3149 384 3203 at
398 3148 585 3223 persecutus
601 3148 650 3203 est
669 3158 723 3202 eos
744 3158 845 3221 usque
866 3140 942 3202 Hor·
994 3138 1248 3221 cumjacentibus
1273 3139 1362 3203 locis.
1382 3139 1555 3202 Rodierunt
1576 3147 1681 3202 tamen
1705 3140 1738 3202 in

188 3259 253 3302 ma.
270 3239 360 3302 Unde
381 3240 519 3315 elicitur,
543 3239 629 3319 quod
652 3237 833 3301 Amalecita
854 3237 941 3318 juva·
993 3257 1136 3301 eremum
1151 3239 1190 3300 ad
1206 3237 1301 3301 nubis
1317 3247 1448 3302 motum.

760 3666 1086 3754 ARTICULUS
1124 3667 1168 3751 ΙΙ

540 3944 579 3988 DE
606 3943 776 3989 selulruatt
802 3943 894 3988 nutus
921 3943 1057 3989 caetrati
1083 3943 1168 3989 aulul
1193 3944 1384 3991 mentituro.

268 4220 403 4287 OYSES
424 4242 486 4285 non
509 4220 668 4285 Christum
684 4222 864 4297 dumtaxat,
883 4220 938 4282 sed
952 4219 978 4281 Ι)
992 4240 1026 4283 ιι
1042 4220 1112 4302 ejus
1124 4240 1188 4303 qua
1204 4222 1353 4286 transiret
1367 4224 1546 4304 ad‘Patrem,
1553 4232 1734 4295 convocatis

278 4329 311 4385 ct
325 4320 504 4403 quemlibet
519 4319 698 4402 designavit
715 4319 844 4382 fidelem
863 4336 939 4399 praa
991 4326 1022 4381 et
1045 4338 1151 4381 seeum
1167 4320 1377 4383 ⁴coenantibus
1396 4322 1567 4404 apostolis,
1584 4336 1679 4409 atque
1699 4329 1732 4390 in

190 4420 300 4483 latum.
318 4418 590 4494 Quemadmodum
606 4436 680 4499 ergo
700 4417 830 4499 Moyseo
847 4415 938 4480 obitu
990 4435 1102 4479 eorum
1125 4435 1262 4499 persona
1287 4418 1445 4482 universis
1471 4421 1632 4501 fidelibus,
1661 4435 1732 4507 post

189 4538 246 4582 suo
276 4518 429 4593 instante,
455 4516 610 4599 populum
640 4515 702 4578 sibi
732 4515 937 4579 commissum
990 4530 1114 4575 coenam
1140 4512 1216 4578 lecit
1238 4516 1398 4599 prolixum
1420 4518 1733 4604 pulcherrimumque

188 4616 365 4699 prasolito
380 4615 552 4697 diligenter
573 4634 609 4677 ac
631 4614 753 4678 fervide
771 4611 937 4676 admonuit
990 4629 1180 4690 sermonem,
1210 4612 1246 4675 in
1275 4634 1340 4697 quo
1370 4615 1471 4697 legem
1501 4618 1728 4699 evangelicam,

189 4714 397 4791 etinstruxit,
415 4714 454 4776 de
477 4712 625 4795 pervigili
648 4712 766 4775 divinae
785 4710 864 4791 legis
886 4730 937 4773 ou·
989 4728 1085 4790 quam
1106 4711 1268 4793 jamenta
1290 4714 1322 4776 in
1345 4723 1461 4777 monte
1475 4715 1657 4796 tradiderat,
1680 4740 1734 4784 ex-

188 4814 301 4890 stodia,
331 4812 370 4875 de
397 4810 566 4875 beneficiis
595 4820 627 4874 et
656 4810 855 4874 mirabilibus
874 4810 935 4873 Dei
991 4807 1141 4888 placavit,
1150 4818 1182 4873 et
1196 4811 1334 4894 plurima
1348 4813 1733 4901 addidit,christianaeque

189 4910 281 4974 lactis
311 4919 409 4991 atque
435 4910 564 4986 fiendis,
590 4910 630 4973 de
656 4908 879 4991 iniquitatibus
904 4916 935 4972 et
989 4904 1066 4969 fidei
1083 4908 1191 4971 docuit
1207 4908 1425 4989 fundamenta,
1442 4921 1474 4975 et
1489 4914 1557 4995 ejus
1573 4934 1629 4997 per
1644 4938 1734 4981 mun-

188 5008 473 5089 ingratitudinibus
489 5008 609 5090 populi,
628 5016 660 5071 et
681 5009 719 5070 do
738 5007 832 5090 justis
852 5006 935 5087 judi·
988 5005 1064 5066 dum
1095 5007 1356 5088 divulgationem,
1388 5010 1551 5075 miraculis
1581 5014 1735 5079 roboran-

188 5108 246 5170 ciis
256 5105 493 5188 omnipotentis
504 5124 598 5188 super
612 5105 714 5186 justos
730 5124 766 5168 ac
783 5103 933 5187 reprobos
988 5104 1068 5166 dam.
1082 5106 1116 5167 ln
1132 5126 1196 5188 quo
1212 5107 1286 5170 item
1302 5127 1459 5187 sermone,
1471 5110 1650 5177 Judaorum
1667 5136 1732 5180 sce

52 5211 173 5259 emsa
188 5206 219 5268 in
240 5205 401 5279 luturum3
419 5203 465 5267 sic
480 5203 633 5267 Dominus
648 5212 679 5267 et
700 5202 841 5266 Salvator
860 5212 934 5266 ante
988 5202 1054 5265 lara
1078 5223 1115 5266 ac
1141 5204 1371 5285 dispersionem
1396 5208 1552 5290 prodixit,
1574 5210 1733 5277 beneficia

48 5286 85 5320 ”¹¹
187 5305 270 5369 diem
287 5303 406 5367 lestum
420 5302 557 5381 Pascha,
568 5302 671 5366 sciens
687 5302 763 5385 quia
778 5302 866 5365 veuit
881 5302 934 5365 ho
988 5301 1124 5385 Spiritus
1140 5300 1244 5365 Sancti
1260 5304 1417 5385 promisit,
1425 5315 1456 5369 et
1470 5309 1510 5371 de
1525 5307 1634 5375 futuro
1643 5320 1729 5377 statu
