4309 6259
417 488 476 552 tet
800 506 975 554 manuario
995 507 1027 552 m
1047 507 1117 554 car.
1140 506 1194 552 uu
1214 506 1350 552 corruel.
1372 525 1414 536 -
1433 504 1505 552 aar.
1528 506 1581 554 xrs

418 676 569 740 delectari
593 678 688 740 debet
711 677 744 739 in
770 676 915 741 Domino.
941 676 1029 750 Quod
1054 685 1160 740 tamen
1177 675 1309 739 ridetur
1328 682 1475 740 tartareo.
1491 679 1615 738 Anima
1631 681 1758 756 polluta
1773 697 1844 758 quoe
1857 680 1960 738 ederit

416 795 589 858 parumper
613 784 718 857 potest
742 775 881 851 dillerri,
898 775 953 838 sed
977 794 1042 839 nou
1064 775 1162 838 nimis
1217 777 1430 836 decernibus
1455 778 1565 837 hostire
1585 777 1811 854 pact'ficorum,
1827 778 1959 855 peribit.

417 874 484 951 diu,
501 875 653 954 qnoniam
678 873 838 938 beneficia
861 874 927 954 jam
952 873 1068 936 collata
1090 891 1163 936 con·
1216 873 1274 936 Per
1296 874 1356 936 hoc
1379 872 1569 952 insinuatur,
1587 893 1682 955 quam
1703 873 1875 937 enormiter
1892 893 1962 956 pec

417 991 543 1036 servare
573 991 636 1035 non
664 972 818 1049 valemus,
845 971 908 1034 nisi
932 971 1067 1052 gratiam
1092 989 1163 1054 per·
1217 979 1279 1048 cet,
1297 971 1352 1052 qui
1377 972 1416 1033 ad
1441 971 1557 1034 Christi
1583 990 1725 1034 mensam
1751 971 1871 1036 accedit
1896 991 1961 1035 non

416 1071 566 1133 manendi
588 1079 621 1133 et
645 1069 838 1152 proficiendi
868 1070 902 1132 in
932 1069 979 1133 eis
1009 1070 1162 1133 Dominus
1219 1071 1421 1133 emundatus.

417 1169 578 1249 largiatur.
604 1168 730 1232 Etenim
762 1186 825 1231 non
851 1167 1010 1251 progredi,
1036 1176 1068 1230 et
1098 1186 1162 1231 non
1257 1168 1429 1246 Postremo,
1452 1187 1509 1250 per
1529 1169 1748 1250 pectusculum
1769 1188 1832 1232 non
1857 1169 1960 1232 solum

416 1266 585 1349 prolicere,
603 1276 651 1330 est
666 1266 790 1347 regredi
805 1273 900 1348 atque
915 1265 1162 1340 delicere.0uod
1218 1266 1385 1348 sapientia,
1403 1267 1459 1330 sed
1474 1268 1569 1330 etiam
1586 1268 1713 1349 pietatis
1734 1269 1911 1350 compassio
1930 1277 1963 1330 et

416 1364 620 1447 significatur
639 1385 695 1449 per
715 1366 786 1442 boe,
803 1366 889 1447 quod
911 1366 1004 1428 tertio
1025 1365 1077 1429 die
1098 1385 1162 1428 non
1217 1365 1359 1428 caritatis
1388 1365 1521 1429 allectio
1551 1367 1769 1447 designantur,
1796 1386 1866 1448 quae
1891 1386 1961 1429 esse

416 1465 492 1527 licet
516 1463 591 1527 indo
619 1465 795 1528 comedere.
821 1464 899 1526 Nam
924 1482 1005 1546 opus
1028 1463 1161 1540 bonurn,
1217 1463 1335 1527 debent
1350 1464 1543 1528 excellenter
1558 1465 1592 1526 in
1609 1466 1772 1528 sacerdote
1789 1483 1795 1526 :
1814 1465 1961 1528 similiter

416 1570 598 1646 opportuno
621 1571 762 1645 tempore
784 1581 840 1625 scu
862 1562 940 1625 bora
962 1561 1096 1645 praelixa
1116 1571 1164 1625 est
1218 1560 1372 1625 fortitudo
1396 1570 1492 1644 atque
1515 1563 1650 1643 justitia,
1667 1583 1738 1644 quaa
1760 1583 1816 1645 per
1837 1583 1961 1625 armum

417 1662 666 1742 exsequendum.
693 1661 731 1722 Et
761 1660 788 1722 si
819 1659 952 1722 nimium
979 1659 1161 1736 disseratur,
1216 1661 1361 1724 dextrum
1378 1661 1667 1740 significanturbe
1683 1661 1841 1744 spirituali
1856 1672 1961 1724 autem

417 1778 482 1823 non
501 1768 694 1842 acceptatur.
717 1764 797 1822 Caro
817 1781 889 1839 quaa
908 1761 1038 1838 aliquid
1059 1762 1164 1837 tetipe·
1217 1758 1457 1841 significatione
1479 1761 1582 1842 adipis
1605 1768 1637 1824 et
1658 1760 1833 1841 sanguinis,
1853 1767 1884 1824 et
1906 1780 1963 1823 cur

417 1860 463 1918 rit
487 1860 708 1931 immundam,
731 1879 796 1920 aon
819 1860 1024 1918 comedetur:
1046 1857 1078 1919 id
1102 1866 1161 1933 est,
1177 1867 1200 1928 Β
1218 1877 1281 1920 nou
1303 1858 1479 1920 debuerant
1500 1859 1696 1936 manducari,
1713 1868 1809 1940 etque
1824 1860 1864 1922 de
1883 1868 1963 1922 cele·

418 1956 513 2019 bomo
538 1957 593 2036 qui
622 1956 760 2037 peccatis
790 1955 959 2031 consentit,
986 1963 1019 2018 et
1047 1955 1162 2018 alienis
1217 1957 1272 2033 ris,
1294 1975 1431 2038 quorum
1457 1957 1699 2039 spiritualizatio
1721 1977 1777 2020 seu
1800 1957 1963 2021 moraliza-

417 2054 632 2117 oommunicat
646 2055 744 2131 vitiis,
760 2053 884 2118 Christo
900 2071 964 2116 non
981 2053 1163 2136 incorpora·
1218 2054 1262 2117 tio
1288 2075 1373 2118 nunc
1399 2055 1589 2134 transilitur,
1615 2057 1681 2138 jam
1706 2054 1890 2138 frequentor
1915 2065 1964 2119 est

418 2162 481 2230 tur,
499 2171 557 2215 nec
577 2160 626 2216 est
647 2153 738 2215 cibus
760 2151 921 2229 Ecclesia,
937 2153 993 2214 sed
1013 2153 1080 2233 igni
1103 2162 1162 2216 tra·
1217 2154 1350 2216 dictum.

961 2600 1287 2688 ARTICULUS
1322 2603 1425 2686 XIX

511 2877 700 2924 nectanebo
723 2878 898 2925 tlt'rttnntts
918 2877 1055 2922 caettutt
1076 2876 1185 2923 ocravt
1210 2876 1217 2921 :
1241 2876 1431 2932 LOCUTUSQUE
1453 2878 1507 2924 EST
1528 2877 1660 2927 DOlllNUS
1682 2878 1724 2924 AD
1744 2876 1876 2940 HOYSEN,

1000 2975 1107 3022 DICENS
1130 2974 1137 3022 ἶ
1163 2973 1256 3020 route
1278 2975 1393 3022 AARON.

480 3255 739 3319 onsucnlrte
759 3257 970 3332 sacerdotum,
988 3256 1105 3318 summi
1125 3255 1205 3318 vi-C
1224 3262 1362 3318 strorum
1378 3255 1439 3318 tria
1455 3253 1588 3318 fiebant.
1601 3255 1707 3319 Primo
1722 3257 1806 3319 euim
1819 3256 1966 3339 purifica·

490 3354 606 3416 delicet
621 3355 794 3417 sacerdotis
809 3373 866 3417 seu
882 3353 1060 3437 pontilicis,
1074 3364 1105 3417 et
1121 3355 1170 3416 in·
1224 3354 1352 3429 bantur,
1362 3353 1502 3415 secundo
1517 3353 1746 3416 ordinabantur
1760 3363 1793 3417 ct
1807 3373 1969 3418 consecra-

420 3451 573 3515 leriorum
584 3453 866 3528 sacerdotum,boc
878 3453 948 3516 loco
964 3453 1166 3516 describitur.
1223 3451 1351 3529 bantur,
1369 3451 1461 3515 tertio
1480 3452 1723 3534 applicabantur
1738 3455 1777 3516 ad
1797 3454 1968 3516 ministerii

300 3564 374 3608 naua.
420 3550 595 3631 Eteaquae
611 3551 763 3627 llominus
774 3551 807 3613 in
819 3550 925 3615 Exodo
938 3551 1010 3614 lieri
1020 3551 1168 3633 jussit,in
1225 3571 1328 3613 usum.
1346 3549 1969 3616 —Purilioabanturautemcommuni·

259 3631 406 3672 ¹¹'¹'¹“¹¹¹¹⁴
421 3650 483 3712 isto
502 3669 539 3712 ac
559 3649 705 3730 sequenti
722 3649 871 3730 capitulis
893 3649 1066 3712 recitantur
1082 3669 1169 3712 erse·
1224 3657 1271 3711 ter
1296 3667 1406 3712 omncs
1432 3667 1488 3730 per
1510 3648 1706 3713 ablutionem
1732 3669 1832 3732 aquae,
1857 3660 1888 3714 ct
1913 3670 1969 3733 per

419 3747 541 3810 cutioni
559 3747 718 3810 mandata.
736 3747 824 3810 Unde
844 3757 876 3810 ct
897 3749 1011 3811 horum
1032 3749 1167 3811 duorum
1224 3747 1384 3811 sacrificia
1400 3749 1556 3828 quandam.
1567 3749 1837 3830 Specialitervero
1852 3750 1970 3813 Levita

421 3865 533 3909 sensus
548 3846 772 3928 capitulorum,
789 3866 827 3909 ex
848 3847 977 3910 illorum
998 3847 1169 3929 expositio
1224 3846 1377 3909 radebant
1392 3865 1503 3909 omnes
1521 3845 1604 3928 pilos
1619 3848 1726 3910 carnis
1742 3849 1970 3911 sua—Porro

421 3944 516 4006 nibus
532 3962 590 4025 pro
606 3952 696 4026 parte
711 3945 849 4007 maxima
863 3945 1045 4009 innotescit.
1223 3945 1419 4008 consecratio
1435 3943 1600 4026 pontilicis
1615 3954 1647 4008 et
1663 3947 1858 4009 sacerdotum
1872 3946 1971 4009 siebat

460 4043 613 4124 Denique,
630 4051 667 4104 ut
685 4043 820 4106 dicenda
839 4063 925 4108 nuuc
944 4044 1061 4108 clarius
1082 4053 1169 4126 pate
1223 4043 1284 4106 hoc
1299 4043 1422 4106 ordine.
1432 4043 1509 4105 Nam
1521 4051 1690 4125 postquam
1701 4043 1802 4106 abluti
1812 4053 1913 4120 erant,
1924 4045 1971 4106 in-

419 4149 486 4217 aut,
504 4141 702 4222 pensandum
718 4142 802 4222 quod
819 4142 849 4205 S.
863 4143 999 4205 Thomas
1014 4142 1047 4204 in
1064 4143 1168 4224 prima
1222 4143 1403 4204 duebantnr
1418 4140 1610 4221 quibusdam
1622 4142 1816 4223 specialibus
1827 4142 1969 4205 vestibus

420 4238 578 4315 secundas,
596 4237 773 4320 quastione
790 4239 859 4316 102,
872 4241 1066 4304 conscribit:
1081 4241 1169 4304 Siout
1223 4239 1333 4316 sacris,
1352 4240 1391 4301 ad
1413 4256 1521 4301 eorum
1538 4237 1651 4302 ollicia
1666 4239 1910 4321 pertinentibus,
1928 4241 1968 4302 ad

420 4335 558 4418 populus
569 4337 663 4399 lsrael
680 4336 908 4401 instituebatur
922 4340 962 4401 ad
978 4340 1099 4402 cultum
1112 4340 1166 4402 Dei
1223 4337 1455 4419 designandum
1470 4336 1658 4416 dignitatem
1674 4338 1827 4420 ipsorum.
1845 4338 1969 4420 Specie·

420 4454 478 4517 per
492 4434 781 4513 circumcisionem,
795 4436 840 4499 ita
855 4437 1007 4514 ministri,
1021 4447 1099 4520 puta
1113 4439 1167 4501 Le
1183 4435 1207 4495 D
1222 4436 1295 4499 liter
1311 4455 1385 4499 vero
1400 4435 1546 4519 pontifex
1566 4436 1636 4500 olco
1652 4437 1812 4500 unctionis
1829 4438 1968 4518 ungeba-

420 4533 494 4596 vita
508 4542 540 4596 et
555 4533 734 4596 sacerdotes
745 4554 782 4597 ac
793 4536 948 4616 pontilari,
958 4555 1014 4618 per
1024 4536 1165 4618 aliquam
1222 4545 1273 4598 tur
1299 4534 1332 4596 in
1357 4535 1472 4616 capite,
1496 4535 1535 4596 ad
1559 4534 1790 4598 ostendendum
1816 4537 1902 4616 quod
1927 4536 1968 4598 ab

419 4631 590 4712 specialem
606 4629 867 4714 purificationem
884 4633 934 4696 rel
955 4635 1168 4698 consecratio·
1223 4633 1292 4715 ipso
1322 4631 1564 4695 dillundcbatur
1593 4641 1733 4714 potestas
1758 4633 1966 4697 consecrandi

419 4748 504 4792 nem.
522 4730 610 4793 Unde
625 4739 658 4794 et
673 4730 813 4812 separari
833 4731 875 4793 ab
894 4731 966 4794 aliis
981 4732 1061 4812 jussi
1078 4741 1164 4810 sunt,
1221 4733 1260 4794 ad
1285 4731 1376 4808 alios,
1404 4731 1486 4794 sicut
1511 4730 1616 4794 oleum
1641 4751 1660 4793 a
1681 4731 1786 4813 capite
1804 4731 1966 4795 derivatur

417 4828 509 4909 quasi
532 4829 712 4910 specialiter
732 4829 772 4890 ad
795 4829 917 4892 cultum
933 4831 988 4893 llei
1009 4832 1165 4912 praeliis
1220 4831 1260 4892 ad
1277 4828 1439 4892 inferiora.
1458 4828 1575 4891 Levitae
1592 4837 1697 4892 autom
1720 4847 1783 4892 non
1804 4829 1966 4894 habebant

417 4925 570 5006 deputati.
588 4927 627 4988 Et
649 4934 751 4989 totum
774 4928 859 5008 quod
882 4928 967 4991 circa
989 4947 1043 4992 eos
1066 4928 1167 4992 liebat
1219 4929 1316 4992 aliam
1340 4927 1623 5004 consecrationem,
1652 4927 1714 4989 nisi
1741 4929 1825 5009 quod
1850 4927 1966 4992 ollcro

417 5024 451 5085 in
467 5043 577 5087 corum
593 5023 794 5087 institutione
809 5035 841 5088 et
856 5027 1107 5104 consecratione,
1124 5029 1163 5090 ad
1220 5027 1336 5089 bantur
1358 5025 1491 5088 Domino
1513 5045 1531 5087 a
1555 5024 1633 5088 liliis
1655 5025 1749 5088 lsrael
1773 5045 1964 5108 parmenus

415 5122 477 5185 boo
493 5122 726 5204 pertinebat‚ut
741 5126 961 5188 ostenderetur
976 5145 1030 5189 eos
1046 5127 1163 5191 habere
1218 5123 1394 5208 pontificia,
1422 5122 1477 5204 qui
1502 5124 1613 5187 orabat
1638 5143 1695 5207 pro
1725 5124 1782 5187 eis.
1809 5124 1963 5188 llinorum

415 5222 585 5303 quamdam
602 5221 842 5302 prerogativam
859 5224 1018 5305 puritatis,
1036 5225 1163 5288 virtutis
1218 5242 1293 5287 voro
1310 5223 1509 5285 sacerdotum
1526 5222 1600 5286 sola
1615 5241 1728 5284 manus
1739 5223 1964 5286 consecraban-

415 5340 453 5383 ac
476 5317 651 5401 diguitatis.
685 5319 756 5383 ldeo
782 5320 815 5382 in
841 5321 1044 5388 institutione
1066 5324 1163 5387 mini·
1218 5331 1279 5400 tur,
1296 5339 1368 5402 quaa
1389 5329 1480 5383 erant
1500 5321 1540 5383 ad
1563 5318 1721 5384 sacrificia
1742 5321 1961 5402 applicanda3
