4309 6259
586 505 761 553 susnmrro
783 506 814 551 nv
834 505 903 551 cur.
927 506 992 553 xxu
1014 506 1116 553 avom.
1138 526 1179 537 —
1199 507 1270 553 cnr.
1294 508 1365 555 xmv
1546 526 1554 534 ·
1708 488 1747 552 23

194 679 287 739 artam
312 682 365 739 ael
389 701 446 741 aas
469 683 506 741 iu
527 682 719 751 custodiam,
737 696 794 760 per
817 678 946 742 modum
961 678 987 741 A
1002 678 1108 757 morti,
1118 678 1371 743 debilitationive
1386 697 1630 762 pecorumque
1644 696 1682 741 ex
1698 696 1750 740 aa·

195 776 345 857 depositi,
363 788 396 841 ot.
412 778 495 841 idem
512 778 552 842 de
567 797 770 861 quacumque
794 796 827 841 re
847 776 946 840 simili
1003 777 1098 839 turali
1126 786 1158 839 et
1188 777 1367 841 inevitabili
1396 778 1532 857 contigit
1555 796 1661 855 causa,
1689 795 1748 839 uec

195 874 240 938 ita
254 876 439 955 commissa,
456 888 485 939 et
504 882 546 939 ab
563 898 598 939 eo
618 881 678 959 qui
691 888 871 957 susceperat
886 880 946 938 itta
1002 876 1098 939 etiam
1114 876 1215 939 valuit
1230 876 1410 960 raptoribus
1426 875 1550 960 pecoris
1565 874 1744 959 praevalere

194 975 236 1038 ad
250 976 508 1055 custodiendum,
520 979 612 1056 furto
628 981 739 1039 ablata
752 980 903 1058 fucriat;
917 978 947 1036 si
1003 978 1095 1045 Quod
1107 977 1138 1035 si
1152 980 1243 1057 furta
1258 979 1404 1038 ablatum
1418 979 1522 1054 suerit
1536 994 1646 1058 pecus,
1656 977 1748 1037 resti-

194 1075 368 1135 iaocaitur
382 1080 453 1156 sur,
470 1080 612 1157 duplum
627 1080 737 1138 reddet
753 1075 944 1159 deponenti:
1002 1085 1069 1135 luet
1083 1079 1242 1137 damnum
1252 1078 1384 1136 domimo
1399 1073 1644 1157 pecorisQuum
1659 1073 1746 1137 enim

193 1174 224 1232 si
240 1177 318 1233 latet
337 1174 410 1251 fur,
427 1174 534 1253 idest,
553 1176 718 1255 ignoratur
739 1175 812 1257 quis
836 1172 943 1251 luerit,
1000 1171 1115 1237 habeat
1129 1174 1308 1237 mercedem
1327 1194 1346 1237 a
1365 1174 1496 1238 domino
1516 1191 1667 1255 pecorum
1688 1190 1746 1254 pro

194 1274 349 1333 domiuus
371 1276 486 1335 domus
505 1277 728 1353 applicabitur
748 1277 792 1335 ad
812 1277 897 1343 cleos,
912 1272 945 1335 id
1000 1291 1109 1336 eorum
1125 1272 1279 1349 custodia,
1297 1281 1422 1336 tenetur
1444 1272 1554 1335 eadem
1575 1271 1746 1352 diligenter

194 1377 254 1447 est,
272 1369 372 1452 isqui
393 1372 534 1455 suscepit
553 1372 669 1435 illaad
689 1364 942 1449 custodiendum,
1000 1390 1136 1435 servare.
1152 1371 1242 1435 Unde
1264 1371 1292 1433 si
1313 1371 1400 1435 furto
1420 1370 1618 1447 auferantur,
1642 1370 1746 1453 suspi-

194 1469 372 1533 addueetur
387 1471 427 1533 ad
442 1470 578 1552 judices,
595 1482 624 1533 ct
631 1474 763 1550 jurabit
779 1474 865 1551 quod
879 1490 944 1531 aaa
999 1469 1050 1533 cic
1068 1479 1128 1546 est,
1144 1470 1230 1552 quod
1246 1489 1284 1533 ex
1299 1469 1494 1553 negligentia
1509 1489 1566 1533 sua
1580 1468 1743 1545 acciderit,

194 1572 378 1631 masadam
388 1592 525 1633 martum
536 1590 592 1654 per
603 1590 645 1649 se,
654 1590 758 1653 neque
769 1590 825 1653 per
835 1570 942 1645 alium,
999 1578 1031 1633 ει
1051 1571 1198 1651 quamvis
1218 1571 1320 1653 possit
1344 1571 1405 1634 hoo
1424 1569 1546 1653 absque
1568 1589 1625 1632 sua
1647 1569 1745 1649 negli-

194 1670 232 1728 iu
242 1689 310 1728 rem
318 1670 468 1747 praccimi
476 1672 531 1731 sui
540 1673 584 1731 ad
590 1673 843 1749 perpetrandam
853 1670 945 1745 frau-
998 1670 1107 1750 gentis
1121 1669 1261 1746 evenire,
1271 1677 1378 1732 tamen
1393 1687 1458 1732 non
1474 1676 1575 1731 statur
1586 1686 1650 1731 sute
1660 1667 1745 1749 jura·

192 1770 420 1837 mmmmm
441 1771 525 1841 bove,
543 1789 642 1848 quam
665 1769 702 1828 iu
724 1769 817 1829 asima
837 1777 866 1827 et
887 1787 944 1827 oue
999 1767 1091 1845 lieni,
1109 1768 1191 1831 sicut
1205 1767 1359 1850 jurationi
1374 1767 1560 1850 depositarii
1575 1766 1631 1849 qui
1645 1767 1743 1846 gratis

192 1886 233 1925 aa
254 1868 455 1937 vestimento,
478 1866 590 1943 idest,
613 1867 699 1947 quod
723 1865 803 1927 nihil
828 1866 941 1929 borum
962 1859 1148 1944 bservavit,
1182 1867 1259 1949 quia
1289 1866 1329 1929 ad
1359 1866 1514 1949 majorem
1543 1864 1743 1945 diligentiam

192 1964 233 2025 ad
250 1964 434 2046 proximum
452 1984 557 2041 suum,
575 1964 697 2028 scilicet
716 1965 941 2047 deponentem,
998 1964 1168 2046 obligatur,
1185 1983 1223 2028 eo
1243 1965 1329 2046 quod
1348 1965 1527 2027 mercedem
1547 1982 1605 2047 pro
1620 1984 1678 2027 sua
1692 1982 1744 2027 ou-

192 2062 427 2144 pertinentium
444 2062 663 2127 fraudulenter
681 2064 873 2139 tractaverit,
892 2082 944 2126 ne
998 2064 1102 2128 stodia
1122 2064 1283 2127 sortiatur.
1302 2066 1343 2125 Si
1361 2073 1533 2125 comestum
1547 2086 1569 2125 a
1584 2065 1693 2135 bestia,
1711 2062 1743 2125 id

191 2180 256 2243 que
266 2161 482 2241 abstulerit,et
492 2164 656 2243 quidquid
665 2166 825 2224 domuum
841 2166 943 2243 iufer-
997 2171 1055 2240 εει,
1080 2162 1107 2224 si
1129 2181 1227 2245 pecus
1248 2163 1433 2226 devoratum
1455 2161 1497 2224 sit
1517 2160 1668 2238 abestis,
1691 2160 1743 2224 cui

190 2281 227 2320 re
236 2270 353 2337 potest,
361 2260 393 2324 id
409 2268 467 2339 est,
475 2261 562 2343 quod
573 2260 653 2323 nihil
670 2259 789 2323 lurtivo
803 2259 943 2340 attigerit
997 2270 1106 2345 pastor
1121 2260 1268 2325 resistere
1284 2279 1348 2325 nou
1361 2261 1504 2336 valebat3
1512 2261 1684 2341 proserau*
1699 2262 1743 2321 ad

190 2359 233 2421 de
257 2358 321 2435 his,
349 2377 486 2441 quorum
516 2359 691 2423 subtractio
717 2368 765 2423 est
790 2360 943 2422 damnosa
997 2382 1070 2423 cum
1086 2364 1172 2442 quod
1185 2362 1325 2423 occisum
1338 2371 1394 2433 cst,
1412 2360 1444 2423 id
1460 2369 1520 2438 est,
1536 2360 1669 2424 cadaver
1688 2378 1743 2441 pe

191 2456 326 2521 domino
342 2457 389 2520 rei
402 2481 410 2533 ς
426 2462 471 2519 ad
485 2462 558 2519 deos
579 2461 746 2539 utriusque
761 2480 859 2521 causa
872 2478 943 2536 pcr-
996 2459 1079 2523 coris
1096 2459 1142 2521 sic
1157 2458 1266 2537 occisi,
1280 2478 1336 2523 seu
1350 2468 1473 2542 partem
1488 2458 1652 2523 cadaveris
1667 2475 1743 2521 non-

191 2558 310 2629 uem'et,
328 2556 361 2619 id
377 2564 436 2633 est,
447 2557 571 2639 judices
586 2556 776 2639 judicabunt
791 2558 875 2621 inter
890 2558 943 2619 de-
997 2559 1072 2621 dum
1088 2566 1262 2621 comestam
1277 2565 1381 2641 portet
1402 2557 1443 2619 ad
1464 2556 1630 2621 dominum
1650 2574 1743 2639 poco

190 2662 369 2737 ponentem
384 2664 418 2719 et
431 2656 595 2720 custodem
619 2656 767 2739 depositi,
790 2655 834 2718 ita
855 2657 941 2738 quod
996 2656 1051 2733 ris,
1063 2667 1093 2718 et
1108 2676 1174 2717 uou
1189 2660 1344 2730 restituet,
1356 2656 1417 2719 hoc
1431 2664 1490 2733 cst,
1502 2655 1662 2737 obligatus
1677 2674 1741 2719 non

189 2762 300 2817 custos
321 2774 379 2837 per
399 2773 492 2817 suum
507 2756 724 2836 juramentum
739 2756 860 2832 evadet,
879 2755 942 2817 nisi
996 2756 1057 2819 erit
1078 2754 1246 2818 restituere
1266 2756 1419 2819 damnum
1435 2754 1535 2831 illud3
1558 2763 1590 2818 et
1611 2752 1638 2816 si
1659 2752 1741 2816 nihil

190 2853 370 2935 deponens,
381 2872 439 2936 per
454 2853 671 2917 testimonium
688 2853 857 2917 suilioiens
872 2874 942 2937 pos
997 2853 1150 2917 remansit
1171 2854 1210 2916 de
1231 2854 1383 2917 cadavere
1407 2855 1558 2918 devorato
1582 2872 1601 2917 a
1625 2852 1739 2929 bestia,

190 2952 234 3014 sit
256 2952 395 3033 probaro
409 2952 605 3035 oppositum.
627 2952 699 3015 ldao
722 2952 893 3016 subditur:
911 2964 941 3014 et
995 2960 1119 3035 poterat
1140 2953 1298 3015 adducere
1322 2950 1468 3015 homines
1493 2952 1549 3034 qui
1571 2950 1738 3027 vidissent,

188 3055 221 3113 si
236 3054 302 3127 itti,
319 3050 470 3114 videlieet
488 3049 623 3131 judices,
636 3053 876 3129 judicaverim,
893 3051 976 3115 re-(l
995 3051 1046 3115 vel
1066 3052 1193 3131 signum
1215 3050 1432 3114 devorationis
1454 3051 1589 3133 probare
1610 3068 1667 3132 per
1687 3050 1740 3113 ad-

187 3154 302 3213 stituet
325 3158 434 3213 eustos
464 3149 602 3231 depositi
631 3153 770 3228 duplum
786 3153 939 3228 praeimo
995 3149 1193 3233 sparsionem
1216 3157 1308 3212 terrae
1325 3167 1364 3211 ex
1384 3166 1497 3213 cruore
1517 3147 1666 3213 animalis
1685 3166 1740 3212 vo·

188 3270 259 3321 suo,
277 3256 390 3332 utpote
409 3247 437 3310 si
455 3248 569 3330 probat
589 3266 646 3330 per
666 3256 761 3311 testes
781 3250 865 3330 quod
886 3268 940 3312 cu·
993 3249 1065 3311 rati.

190 3356 257 3411 stcs
273 3346 443 3430 pejeravit,
455 3354 510 3408 aut
525 3346 608 3409 male
623 3346 769 3409 tractavit
784 3348 936 3430 deposita.
1036 3350 1101 3417 Qui
1124 3368 1145 3407 a
1165 3349 1318 3425 proximo
1341 3367 1399 3408 suo
1419 3348 1599 3428 quidquam
1623 3348 1740 3407 borum

238 3449 279 3509 Si
307 3449 382 3527 quis
411 3448 684 3506 commendaverit
703 3448 855 3523 prouimo
882 3468 939 3508 suo
994 3455 1148 3507 mutuum
1163 3446 1392 3523 postulaverit,
1410 3444 1517 3521 idest,
1538 3444 1668 3527 aliquod
1688 3444 1739 3526 ju·

188 3548 339 3615 asinum,
354 3547 472 3615 bovem,
489 3563 588 3616 ouem,
606 3552 636 3604 et
649 3545 940 3621 omaejumentum
995 3552 1139 3607 mentum
1154 3543 1313 3626 acceperit
1327 3562 1346 3604 a
1363 3542 1508 3625 proximo
1524 3562 1581 3607 suo
1603 3561 1660 3625 per
1674 3560 1740 3605 mo·

188 3647 235 3704 ad
253 3644 450 3714 mrstodiam,
471 3641 504 3705 id
524 3650 583 3718 εει,
606 3642 633 3704 si
653 3642 725 3723 quis
746 3642 941 3707 commiserit
995 3642 1071 3705 dum
1092 3642 1196 3703 mutui
1211 3641 1251 3703 ad
1271 3641 1425 3704 utendum
1445 3640 1503 3704 illc
1521 3642 1665 3723 jumento
1681 3658 1739 3722 pro

188 3740 324 3822 aliquod
340 3760 437 3823 pecus
453 3759 508 3803 seu
523 3758 674 3823 pecorum
690 3758 817 3823 gregem
836 3741 939 3818 alteri,
995 3741 1165 3804 commodo
1189 3758 1258 3817 suo,
1285 3750 1314 3801 et
1338 3741 1548 3803 debilitatum
1572 3750 1630 3802 aut
1654 3761 1739 3802 mor-

189 3848 269 3923 puta
294 3840 428 3922 pastori,
444 3840 484 3903 ad
506 3838 750 3903 custodiendum
773 3848 869 3922 atque
888 3859 942 3922 pa·
997 3850 1090 3901 tuum
1105 3840 1209 3915 suerit
1224 3837 1304 3900 illud
1319 3838 1510 3920 jumentum,
1526 3841 1658 3901 domiuo
1671 3858 1738 3900 uou

188 3938 348 4003 scendum
363 3956 401 4001 ea
415 3956 474 4021 pro
489 3938 637 4003 mercede
651 3938 756 4002 danda
771 3938 942 4020 pistorica
992 3947 1159 4017 prasente,
1172 3936 1205 3999 id
1220 3946 1268 4000 est
1284 3954 1348 4001 non
1364 3943 1520 4019 prasente
1534 3954 1572 4000 eo
1586 3936 1642 4019 qui
1657 3935 1738 4000 illud

187 4048 360 4100 mortuum
374 4039 491 4118 fuerit,
509 4048 567 4099 aut
588 4039 805 4109 debilitatum,
823 4042 872 4098 uel
890 4059 942 4099 ca·
996 4035 1175 4112 eoncessit;
1192 4034 1316 4115 roganti
1330 4039 1462 4097 reddere
1475 4040 1693 4115 compelletur,
1705 4035 1738 4098 id

182 4148 284 4215 ptum
309 4140 351 4198 ab
377 4137 518 4198 haedoue
542 4135 674 4217 aliquod
697 4135 877 4217 jumentum
898 4137 942 4199 ita
996 4142 1044 4197 est
1059 4133 1242 4198 satisfacere
1253 4133 1382 4198 domiuo
1392 4152 1450 4216 pro
1459 4134 1645 4217 hujusmodi
1655 4135 1740 4197 dam·

185 4236 312 4319 pastori
338 4235 558 4313 commissum,
579 4238 754 4315 uultusque
774 4237 832 4295 lzoc
857 4237 981 4300 uide-l)
997 4232 1209 4315 no‚quoniam
1224 4233 1372 4297 utebatur
1382 4232 1513 4297 animali
1529 4232 1585 4298 illo
1600 4252 1738 4316 propre

184 4338 249 4406 rit,
273 4334 307 4398 id
334 4342 394 4412 cst,
418 4342 526 4417 pastor
550 4352 702 4416 pecorum
727 4332 861 4416 probare
885 4352 941 4417 per
995 4332 1065 4415 pria
1095 4330 1244 4395 utilitate.
1273 4335 1363 4401 Quod
1386 4334 1417 4393 si
1441 4334 1738 4412 impraesentiarum

184 4440 288 4497 testes
305 4431 490 4514 nequiverit
503 4452 601 4515 pecus
617 4433 663 4495 sie
678 4451 748 4496 esse
767 4442 938 4511 mortuum,
994 4433 1148 4492 domiuus
1157 4431 1312 4511 fueritid
1327 4439 1385 4509 εει,
1396 4430 1423 4494 si
1439 4430 1589 4496 domiuus
1600 4432 1738 4514 jumenti

184 4540 247 4595 aut
269 4532 434 4595 sublatum
456 4532 497 4594 ab
519 4531 665 4595 hostibus
679 4557 686 4609 ;
696 4532 940 4611 jusjurandum
995 4532 1041 4594 sic
1056 4531 1193 4593 mutuati
1214 4529 1313 4594 luerit
1332 4550 1472 4613 presens
1491 4532 1525 4595 iu
1541 4532 1612 4614 ejus
1627 4530 1740 4595 debili-

183 4635 252 4695 erit
273 4634 312 4692 im
335 4632 454 4701 medio,
474 4634 560 4711 quod
583 4652 649 4691 aaa
674 4634 852 4693 eroteuclerit
874 4653 942 4692 ma·
996 4630 1116 4694 tatione
1131 4637 1186 4692 aul
1201 4638 1323 4704 morte3
1347 4651 1412 4691 moa
1428 4634 1572 4693 restituet
1587 4632 1740 4694 damnum

182 4752 272 4793 uum
294 4732 333 4791 iu
355 4750 422 4791 rem
442 4732 592 4807 prouimi
611 4732 678 4800 sui,
699 4729 732 4792 id
753 4738 811 4807 est,
833 4740 941 4812 pastor
994 4729 1126 4793 domino
1142 4746 1304 4810 pecorum,
1322 4729 1378 4812 qui
1398 4729 1479 4792 illud
1498 4730 1604 4794 taliter
1619 4738 1740 4794 mutua·

184 4829 246 4893 ille
261 4827 385 4913 jurabit
401 4847 435 4891 se
451 4846 516 4891 non
537 4828 685 4891 intulisse
705 4828 867 4892 lesionem
886 4836 942 4891 aut
995 4829 1042 4892 vit
1066 4846 1124 4910 pro
1149 4829 1316 4891 commodo
1336 4846 1394 4891 suo
1418 4848 1437 4890 a
1458 4829 1588 4894 domino
1610 4830 1678 4907 illo,
1701 4848 1740 4894 eo

184 4930 348 4992 damnum
366 4926 473 5009 pecori
489 4927 571 5009 ejus,
589 4947 608 4989 a
626 4945 691 5009 quc
706 4926 785 4989 illud
801 4928 942 5011 suscepit
996 4928 1082 5011 quod
1101 4927 1250 4992 domiuus
1270 4928 1355 4989 adsit
1370 4928 1410 4990 ad
1431 4929 1556 5011 pecoris
1572 4929 1621 4993 sui
1636 4939 1742 4994 custo-

184 5028 228 5091 ad
253 5025 457 5102 custodiam;
486 5027 699 5105 suscipietque
717 5028 869 5088 domiuus
890 5047 942 5110 pe
995 5028 1097 5105 diam,
1125 5044 1184 5090 nee
1211 5026 1328 5090 viderit
1357 5028 1464 5111 pecori
1495 5029 1740 5095 suo-lesionem

184 5126 276 5191 coris
293 5126 527 5204 jurameutum
549 5124 696 5206 pastoris,
718 5125 876 5190 credendo
893 5127 942 5209 ju·
996 5126 1175 5189 nimiumve
1194 5125 1335 5190 laborem
1354 5127 1477 5210 imponi
1497 5128 1538 5191 ab
1552 5148 1591 5193 eo
1606 5130 1657 5193 cui
1673 5150 1743 5193 mu-

185 5224 290 5301 ranti‚
307 5234 337 5285 et
355 5226 411 5284 ille
425 5223 537 5305 Jurans
559 5226 690 5285 reddere
709 5246 774 5285 uou
789 5237 916 5303 coqetur
931 5248 942 5288 :
997 5225 1099 5289 tuavit
1119 5226 1322 5308 jumentum
1344 5230 1486 5290 maxime
1505 5231 1535 5289 si
1549 5232 1742 5292 coucluctum

185 5323 270 5408 quia
299 5340 366 5387 uon
397 5320 502 5405 potuit
526 5338 693 5387 occurrere
717 5332 772 5385 aut
797 5325 943 5389 resistcre
996 5336 1129 5390 ceuuat
1141 5346 1204 5408 pro
1226 5330 1368 5390 mercede
1387 5331 1491 5407 operis
1504 5330 1568 5404 sui,
1586 5328 1618 5394 id
1638 5336 1697 5409 est,
1714 5329 1743 5391 si
