4309 6259
457 494 516 556 tlh
786 517 959 565 sumasne
983 520 1103 567 11011,
1126 519 1396 567 antecameram.
1419 537 1460 549 -
1480 519 1551 564 aar.
1573 518 1668 565 mu

459 684 564 743 1111101
583 706 594 745 ,·
617 686 692 766 quia
715 687 748 749 in
770 688 838 751 loeo
859 689 904 752 sic
927 690 1012 754 dicto
1035 691 1240 775 proposuith
1287 690 1344 754 llic
1359 690 1511 773 pleraque
1521 689 1628 765 Biblia,
1638 698 1670 753 et
1681 688 1888 771 Septuaginta
1901 687 1991 749 inter-

457 789 567 843 oontra
586 783 742 847 israelitas
766 806 917 869 pugnare.
936 789 1117 871 Fors-enque
1137 791 1202 873 pri·
1255 800 1360 873 pretes
1382 790 1589 857 exordiuntur
1610 788 1797 851 vicesimum
1822 787 1988 850 secundum

458 899 510 943 mo
536 880 720 947 intendebat
745 887 959 967 exploratores
990 888 1062 951 illos
1088 890 1120 951 in
1150 890 1202 952 via
1255 888 1451 971 capitulum:
1468 890 1675 967 Profectique
1697 891 1772 947 lade
1792 889 1860 965 filii
1881 890 1988 956 Israel,

458 978 624 1059 perimere,
638 990 807 1064 antequam
824 995 1057 1050 reverterentur
1073 989 1202 1071 01111101-
1254 990 1475 1048 castrametati
1493 996 1569 1047 sunt
1589 990 1625 1047 in
1647 987 1875 1062 colecestriam
1890 987 1988 1055 1110οὸ,

457 1096 528 1151 scn;
543 1078 597 1142 sed
609 1081 672 1144 Deo
685 1083 856 1162 revelante,
868 1085 986 1168 Moyses
1002 1087 1199 1169 propositum
1256 1089 1314 1147 ubi
1331 1097 1420 1147 trans
1434 1090 1609 1147 Iordanem
1622 1086 1748 1145 Iericho
1762 1086 1827 1144 silc
1840 1094 1895 1144 est.

458 1183 489 1237 et
508 1194 675 1241 occursum
692 1180 736 1261 Dg
756 1183 839 1263 regis
861 1185 1022 1265 cognovit.
1041 1185 1079 1246 Et
1102 1194 1135 1248 ut
1149 1188 1201 1248 Je·
1295 1185 1468 1261 Postremo,
1490 1192 1525 1246 ut
1549 1183 1727 1246 infelicium
1749 1183 1927 1245 ludaeorum
1951 1183 1991 1244 la-

458 1275 575 1357 sephus
592 1276 701 1355 refert,
719 1280 903 1345 intendebat
923 1303 1106 1347 succurrere
1125 1285 1202 1347 ami·
1256 1270 1352 1347 luitas
1376 1284 1493 1347 clarius
1519 1292 1634 1365 pateat,
1653 1280 1790 1345 recitabo
1810 1282 1897 1363 quod
1919 1283 1991 1363 Lyra

458 1392 495 1437 00
515 1393 572 1437 suo
594 1376 659 1456 regi
676 1378 779 1442 Sebon
798 1397 805 1441 :
828 1400 923 1462 quem
942 1401 1042 1463 quum
1062 1384 1203 1446 audisset
1256 1383 1307 1445 hic
1324 1381 1432 1445 refert.
1450 1383 1484 1444 ln
1505 1381 1586 1444 libre
1601 1381 1655 1463 qui
1672 1381 1756 1463 apud
1771 1380 1896 1443 ludaeos
1911 1399 1991 1443 voca-

458 1473 660 1551 cxstinotum,
684 1476 786 1541 nihile
806 1479 913 1541 minus
933 1481 1074 1543 decrevit
1092 1492 1203 1545 contra
1257 1491 1308 1544 tur
1332 1482 1415 1545 liber
1438 1480 1711 1557 Benedictionum,
1735 1488 1891 1555 narratur,
1912 1480 1989 1559 quod

458 1572 583 1653 lloysen
615 1575 762 1655 praeliari.
781 1578 869 1641 Unde
894 1579 1100 1661 subjungitur
1119 1598 1126 1642 :
1149 1583 1204 1642 lh·-
1256 1581 1302 1661 Og
1316 1580 1450 1643 audiens
1465 1587 1567 1642 castra
1580 1578 1719 1657 filiorum
1735 1578 1829 1640 lsrael
1845 1596 1991 1659 occupare

457 1673 569 1749 aitque
588 1675 748 1735 Dominus
772 1680 815 1735 cd
831 1681 961 1754 Moysen
983 1700 994 1738 .·
1020 1682 1068 1739 Ne
1092 1682 1204 1740 timeas
1257 1679 1409 1741 milliaria
1425 1679 1496 1756 tria,
1514 1678 1583 1754 ivit,
1601 1687 1631 1741 et
1654 1677 1770 1740 evulsit
1791 1696 1891 1739 unum
1912 1696 1992 1740 mon-

457 1791 542 1840 cum,
559 1773 705 1851 quamvis
722 1774 763 1836 sit
778 1785 957 1858 prepotens
972 1778 1072 1859 gigas,
1090 1779 1202 1858 grandi
1257 1788 1321 1842 tem
1348 1787 1470 1840 tanturn
1496 1777 1634 1859 spatium
1660 1784 1881 1858 occupantem,
1902 1795 1990 1857 quem

458 1887 495 1930 ac
512 1869 616 1932 valido
633 1872 769 1935 vallatus
785 1875 935 1953 exercitu,
952 1880 1031 1955 picto
1050 1880 1085 1937 fc
1103 1899 1203 1937 manu
1221 1886 1243 1946 B
1259 1877 1413 1958 imposuit
1426 1876 1524 1958 capiti
1538 1895 1608 1951 suo,
1624 1875 1671 1937 uti
1687 1893 1781 1957 super
1799 1872 1886 1937 filios
1905 1875 1991 1937 lsrael

460 1977 515 2027 tua
532 1972 658 2029 tradidi
674 1973 784 2041 illum,
801 1972 831 2034 id
848 1981 906 2049 est,
925 1974 999 2037 dare
1019 1976 1156 2051 decrevi,
1174 1985 1204 2036 et
1258 1975 1429 2058 projiceret
1450 1994 1535 2037 cum.
1553 1975 1635 2037 Deus
1650 1991 1725 2035 vero
1741 1973 1874 2035 immisit
1894 1972 1993 2037 formi-

458 2086 581 2126 omrtem
594 2073 754 2145 populum
770 2092 808 2131 ac
824 2082 942 2133 terrum
957 2074 1111 2149 ejeraetc.
1128 2077 1204 2135 Per·
1258 2094 1322 2150 cas,
1339 2092 1411 2155 quae
1434 2082 1575 2136 mentem
1600 2071 1844 2155 perforaverunt
1862 2098 1870 2148 3
1891 2072 1994 2152 sieque

457 2176 625 2226 cesserunt
641 2168 743 2244 icitur
767 2169 828 2231 filii
850 2170 956 2247 lsrael,
974 2172 1036 2233 Deo
1052 2171 1205 2233 auxilian-
1258 2171 1474 2255 perforamen
1490 2191 1584 2234 suum
1600 2189 1692 2239 mons
1708 2169 1870 2233 descendit
1885 2172 1925 2233 ad
1939 2170 1994 2233 col·

459 2270 500 2338 le,
518 2274 547 2323 el
562 2265 707 2345 hencog
721 2289 795 2329 aaran
809 2272 985 2346 filiissur's,
1001 2274 1205 2331 universum·
1259 2272 1327 2333 lum
1348 2272 1405 2353 Og,
1428 2270 1484 2352 qui
1510 2271 1585 2333 dum
1611 2269 1706 2333 vellet
1731 2288 1765 2332 se
1789 2269 1938 2351 expedire
1955 2271 1995 2331 >dc

459 2383 519 2441 quc
533 2369 689 2441 populum
704 2368 784 2442 ‹y'aa
806 2367 947 2431 Forsitan
970 2369 1082 2432 babuit
1097 2388 1204 2432 secum
1259 2379 1368 2433 monte
1389 2369 1456 2445 ille,
1473 2377 1643 2433 creverunt
1666 2369 1777 2431 dentes
1801 2368 1882 2450 ejus,
1902 2378 1934 2431 et
1955 2370 1996 2431 in—

461 2460 494 2523 in
519 2462 603 2526 bello
629 2464 714 2527 filios
740 2485 813 2529 suos
838 2468 991 2546 carnales,
1016 2469 1070 2550 qui
1097 2488 1204 2531 secum
1262 2477 1426 2533 travernnt
1441 2468 1598 2531 feramina
1614 2466 1805 2530 mentiszita
1820 2485 1883 2529 non
1899 2466 1996 2549 potuit

460 2562 688 2625 occubuerunt.
1260 2570 1352 2632 illum
1375 2587 1392 2630 c
1414 2566 1497 2630 collo
1521 2584 1578 2629 suo
1602 2566 1729 2647 ejicere.
1752 2566 1872 2647 Moyses
1895 2576 1994 2629 autem

471 2686 473 2689 ·
501 2660 641 2735 Qualiter
651 2672 755 2725 autem
769 2672 856 2743 gesta
872 2664 937 2726 sint
952 2665 1012 2728 ista
1026 2667 1205 2729 contrahes
1261 2670 1370 2731 decem
1384 2665 1508 2729 cubitos
1525 2665 1558 2727 in
1573 2664 1743 2728 altitudine
1754 2664 1997 2739 habensbabnit

328 2769 448 2819 Dent-rtet
462 2759 540 2821 duos
557 2778 646 2841 reges
661 2762 870 2839 Amorrhaeos,
882 2763 1008 2845 plenius
1024 2764 1205 2828 continetur
1261 2765 1409 2840 securim,
1428 2765 1520 2846 cujus
1544 2763 1747 2826 manubrium
1770 2761 1997 2843 longitudinem

315 2836 406 2937 {25⁹⁴
418 2846 446 2881 ¹¹¹⁸
462 2856 495 2919 in
511 2859 765 2925 Deuteronomio.
783 2862 911 2937 Verum,
930 2871 964 2924 ut
984 2863 1016 2924 in
1038 2864 1206 2926 Scholasti-
1261 2867 1369 2928 decem
1386 2862 1567 2927 cubitorum
1584 2861 1906 2943 habebat.0uumque
1920 2862 1998 2923 vide

461 2976 498 3019 ca
524 2958 624 3020 fertur
648 2960 791 3037 historia,
813 2961 972 3025 territoria
998 2982 1108 3044 regum
1133 2963 1206 3027 isto
1260 2973 1309 3027 ret
1324 2964 1429 3046 ipsum
1444 2961 1490 3042 Dg
1505 2969 1614 3024 monte
1628 2960 1797 3037 irretitum,
1809 2960 1949 3023 cucurrit
1962 2960 1997 3022 ad

463 3076 533 3118 rum
549 3076 613 3120 non
630 3057 761 3121 fuerunt
776 3060 815 3123 de
832 3068 914 3123 terra
930 3061 1087 3143 promissa
1100 3080 1107 3123 :
1120 3063 1206 3143 quod
1223 3061 1245 3124 G
1260 3081 1346 3138 eum,
1364 3069 1396 3125 et
1411 3059 1538 3123 saltavit
1559 3060 1592 3121 in
1614 3060 1712 3122 altum
1736 3078 1793 3141 per
1812 3060 1937 3122 cubitos
1950 3060 2000 3120 de

453 3163 560 3236 -patet,
577 3157 727 3237 quoniam
745 3178 813 3220 earn
833 3158 996 3238 ingressus
1012 3168 1059 3222 est
1074 3161 1204 3243 Moyses,
1262 3182 1342 3237 cem,
1353 3161 1463 3241 sicque
1479 3158 1584 3241 attigit
1595 3158 1742 3222 cavillam
1757 3158 1849 3240 pedis
1866 3158 1999 3227 111101,οί

463 3254 514 3317 eui
535 3255 661 3318 locutus
683 3266 731 3319 est
751 3258 922 3321 Dominus:
941 3258 1007 3322 Non
1025 3260 1207 3322 introduces
1262 3260 1398 3343 projecit
1412 3278 1484 3321 cum
1503 3259 1536 3320 in
1553 3266 1680 3333 terram,
1697 3256 1998 3320 cointellectum

464 3352 550 3417 filios
566 3354 659 3421 lsrael
681 3356 719 3417 ad
741 3364 855 3419 terram
877 3376 972 3438 quam
994 3356 1040 3420 eis
1060 3358 1204 3439 promisi.
1262 3378 1360 3440 quam
1380 3356 1511 3419 infinita
1530 3356 1707 3419 stoliditas!

968 3788 1290 3875 ARTlCULUS
1328 3790 1510 3874 XXXVI

778 4066 816 4110 DE
844 4065 1012 4112 setutuuatl
1041 4066 1133 4111 uutus
1161 4065 1291 4111 vtcusutl
1319 4065 1402 4111 l'llllll
1430 4065 1566 4110 cheteum
1595 4066 1699 4110 SENSU.

530 4344 599 4407 lLll
624 4343 729 4421 lsrael,
753 4342 919 4406 christiani
945 4343 1054 4425 populi
1081 4342 1209 4406 fuerunt
1226 4344 1336 4419 Ubus,
1354 4344 1443 4406 varia
1461 4363 1498 4405 ac
1515 4341 1624 4423 gravia
1641 4350 1813 4405 occurrunt
1831 4340 2001 4415 obstacula,

471 4444 474 4451 '
528 4442 644 4523 figura.
661 4441 931 4515 Quemadmodum
957 4444 1042 4505 enim
1068 4441 1148 4503 filiis
1169 4442 1211 4503 ls-
1265 4463 1283 4504 a
1304 4441 1487 4504 visibilibus
1507 4448 1539 4503 et
1558 4439 1775 4502 invisibilibus
1796 4438 1953 4515 hostibus,
1968 4457 2004 4500 cx

465 4542 529 4604 rael
551 4540 591 4602 ad
612 4548 728 4603 terram
748 4538 969 4621 promissionis
992 4539 1208 4615 tendentibus,
1266 4540 1394 4623 propria
1415 4558 1520 4615 carne,
1538 4558 1577 4601 en
1599 4539 1719 4601 mundo
1739 4546 1769 4600 et
1790 4534 2005 4618 improbare

465 4640 590 4703 diversa
606 4647 637 4701 ct
653 4656 766 4717 magna
782 4646 989 4701 occurrerunt
1004 4638 1211 4719 impedimen·
1265 4640 1398 4715 luntate,
1410 4638 1595 4719 fomitisque
1611 4634 1932 4716 infectione:quibus
1944 4654 2005 4697 em·

465 4747 497 4801 ta
522 4737 697 4800 intrinseca
722 4746 751 4800 et
776 4737 964 4813 extrinseca,
991 4746 1101 4819 utpote
1128 4736 1211 4798 mala
1265 4736 1360 4799 nibus
1391 4755 1519 4799 necesse
1548 4743 1597 4798 est
1621 4735 1757 4798 viriliter
1786 4734 1946 4809 reluctari,
1971 4752 2003 4794 ac

466 4838 579 4919 culpae,
597 4855 668 4917 quaa
683 4856 722 4898 ex
737 4855 846 4899 eorum
863 4856 962 4919 prava
978 4836 1151 4911 voluntate,
1169 4843 1212 4897 at·
1266 4834 1408 4898 fideliter
1431 4833 1613 4916 prevalere,
1637 4834 1713 4915 quia
1737 4851 1801 4896 nen
1825 4840 2002 4905 coronatur,
2018 4855 2115 4899 orme

466 4954 529 5016 que
553 4933 672 4997 infecta
697 4934 902 4997 sensualitate
927 4944 958 4997 et
981 4934 1104 4997 ratione
1127 4952 1213 4997 erre·
1266 4934 1329 4996 nisi
1344 4933 1400 5014 qui
1416 4931 1559 5013 legitime
1574 4940 1685 4995 certat.

468 5053 526 5096 nea
538 5032 998 5116 proflrrxcruntmalaqueque
1015 5052 1117 5115 poenae
1134 5033 1212 5114 ipsis
1305 5031 1412 5108 Porro,
1422 5050 1479 5112 per
1488 5031 1703 5093 Chananaeum
1717 5028 1773 5110 qui
1788 5028 1826 5090 ad
1844 5028 2005 5090 meridiem

468 5132 555 5194 illata
578 5152 596 5193 a
617 5131 800 5194 visibilibus
824 5132 975 5209 inimicis,
1000 5131 1101 5208 labor,
1125 5131 1213 5194 lassi·
1268 5128 1440 5206 habitabat,
1459 5128 1684 5208 intelliguntur
1706 5127 1837 5210 spiritus
1860 5146 2004 5208 nequam.

455 5230 556 5307 tudo,
575 5228 687 5305 iameS,
705 5238 737 5292 et
752 5230 842 5305 sitis;
860 5231 904 5293 ita
925 5238 956 5293 et
971 5230 1159 5293 Christianis
1174 5230 1212 5291 ad
1268 5228 1323 5310 qui
1340 5227 1373 5289 in
1390 5227 1516 5291 fervore
1532 5246 1597 5289 sua
1612 5227 1787 5307 perdurant
1802 5225 1943 5300 malitiae,
1955 5222 2007 5305 qui

468 5327 597 5395 eoeleste
620 5344 752 5408 regnum
775 5329 821 5391 eis
843 5329 1035 5411 promissum
1057 5328 1214 5392 tendenti·
1267 5327 1306 5390 ad
1323 5326 1428 5405 ignem
1446 5324 1722 5406 concupiscentia,
1731 5323 1770 5387 ad
1782 5321 1944 5386 flammam
1954 5323 2007 5383 ira-
