<?xml version="1.0" encoding="UTF-8"?>
<!DOCTYPE html PUBLIC "-//W3C//DTD XHTML 1.0 Transitional//EN"
    "http://www.w3.org/TR/xhtml1/DTD/xhtml1-transitional.dtd">
<html xmlns="http://www.w3.org/1999/xhtml" xml:lang="en" lang="en">
 <head>
  <title>
</title>
<meta http-equiv="Content-Type" content="text/html;charset=utf-8" />
  <meta name='ocr-system' content='tesseract 3.04.00' />
  <meta name='ocr-capabilities' content='ocr_page ocr_carea ocr_par ocr_line ocrx_word'/>
</head>
<body>
  <div class='ocr_page' id='page_1' title='image "./doctorisecstati00unkngoog_0461.png"; bbox 0 0 4309 6259; ppageno 0'>
   <div class='ocr_carea' id='block_1_1' title="bbox 553 503 1365 555">
    <p class='ocr_par' dir='ltr' id='par_1_1' title="bbox 553 503 1365 555">
     <span class='ocr_line' id='line_1_1' title="bbox 553 503 1365 555; baseline 0.006 -5"><span class='ocrx_word' id='word_1_1' title='bbox 553 504 727 552; x_wconf 75' lang='lat' dir='ltr'>annnnnrto</span> <span class='ocrx_word' id='word_1_2' title='bbox 749 504 779 550; x_wconf 80' lang='lat' dir='ltr'>tu</span> <span class='ocrx_word' id='word_1_3' title='bbox 802 505 869 550; x_wconf 79' lang='lat' dir='ltr'><strong>GAP.</strong></span> <span class='ocrx_word' id='word_1_4' title='bbox 894 503 926 550; x_wconf 79' lang='lat' dir='ltr'>xl</span> <span class='ocrx_word' id='word_1_5' title='bbox 947 505 1144 552; x_wconf 72' lang='lat' dir='ltr'><strong>NUMERORUH.</strong></span> <span class='ocrx_word' id='word_1_6' title='bbox 1167 525 1208 536; x_wconf 90' lang='lat'>-</span> <span class='ocrx_word' id='word_1_7' title='bbox 1228 506 1298 553; x_wconf 74' lang='lat' dir='ltr'>Aur.</span> <span class='ocrx_word' id='word_1_8' title='bbox 1323 508 1365 555; x_wconf 77' lang='lat' dir='ltr'>XX</span> 
     </span>
    </p>
   </div>
   <div class='ocr_carea' id='block_1_2' title="bbox 734 913 1173 1000">
    <p class='ocr_par' dir='ltr' id='par_1_2' title="bbox 734 913 1173 1000">
     <span class='ocr_line' id='line_1_2' title="bbox 734 913 1173 1000; baseline 0 -2"><span class='ocrx_word' id='word_1_9' title='bbox 734 913 1058 1000; x_wconf 78' lang='lat' dir='ltr'>ARTICULUS</span> <span class='ocrx_word' id='word_1_10' title='bbox 1095 915 1173 998; x_wconf 85' lang='lat' dir='ltr'>XX</span> 
     </span>
    </p>
   </div>
   <div class='ocr_carea' id='block_1_3' title="bbox 522 1187 1387 1234">
    <p class='ocr_par' dir='ltr' id='par_1_3' title="bbox 522 1187 1387 1234">
     <span class='ocr_line' id='line_1_3' title="bbox 522 1187 1387 1234; baseline -0.001 -1"><span class='ocrx_word' id='word_1_11' title='bbox 522 1189 562 1233; x_wconf 82' lang='lat' dir='ltr'>DE</span> <span class='ocrx_word' id='word_1_12' title='bbox 591 1187 758 1234; x_wconf 67' lang='lat' dir='ltr'>salntruntt</span> <span class='ocrx_word' id='word_1_13' title='bbox 788 1187 919 1233; x_wconf 77' lang='lat' dir='ltr'>atdsnnu</span> <span class='ocrx_word' id='word_1_14' title='bbox 947 1187 1084 1232; x_wconf 71' lang='lat' dir='ltr'>eumdum</span> <span class='ocrx_word' id='word_1_15' title='bbox 1112 1188 1254 1233; x_wconf 67' lang='lat' dir='ltr'>uuossctttt</span> <span class='ocrx_word' id='word_1_16' title='bbox 1283 1189 1387 1234; x_wconf 83' lang='lat' dir='ltr'><strong>SENSU.</strong></span> 
     </span>
    </p>
   </div>
   <div class='ocr_carea' id='block_1_4' title="bbox 176 1464 1728 1632">
    <p class='ocr_par' dir='ltr' id='par_1_4' title="bbox 176 1464 1728 1632">
     <span class='ocr_line' id='line_1_4' title="bbox 176 1464 1728 1632; baseline 0.005 -102"><span class='ocrx_word' id='word_1_17' title='bbox 176 1464 606 1632; x_wconf 80' lang='lat' dir='ltr'>OBTUMcstmurmor</span> <span class='ocrx_word' id='word_1_18' title='bbox 621 1469 749 1544; x_wconf 80' lang='lat' dir='ltr'>populi,</span> <span class='ocrx_word' id='word_1_19' title='bbox 766 1465 967 1546; x_wconf 75' lang='lat' dir='ltr'>quotide-A</span> <span class='ocrx_word' id='word_1_20' title='bbox 984 1464 1106 1546; x_wconf 86' lang='lat' dir='ltr'>inquit,</span> <span class='ocrx_word' id='word_1_21' title='bbox 1132 1466 1250 1529; x_wconf 72' lang='lat' dir='ltr'>divinae</span> <span class='ocrx_word' id='word_1_22' title='bbox 1279 1467 1427 1545; x_wconf 87' lang='lat' dir='ltr'>ultionis,</span> <span class='ocrx_word' id='word_1_23' title='bbox 1454 1469 1526 1533; x_wconf 89' lang='lat' dir='ltr'>illos</span> <span class='ocrx_word' id='word_1_24' title='bbox 1557 1471 1590 1534; x_wconf 91' lang='lat' dir='ltr'>in</span> <span class='ocrx_word' id='word_1_25' title='bbox 1622 1472 1728 1538; x_wconf 86' lang='lat' dir='ltr'>futuro</span> 
     </span>
    </p>
   </div>
   <div class='ocr_carea' id='block_1_5' title="bbox 171 1567 929 2628">
    <p class='ocr_par' dir='ltr' id='par_1_5' title="bbox 171 1567 929 2628">
     <span class='ocr_line' id='line_1_5' title="bbox 262 1567 926 1644; baseline -0.003 -18"><span class='ocrx_word' id='word_1_26' title='bbox 262 1569 400 1627; x_wconf 79' lang='lat' dir='ltr'>lentium</span> <span class='ocrx_word' id='word_1_27' title='bbox 411 1586 473 1644; x_wconf 81' lang='lat' dir='ltr'>pro</span> <span class='ocrx_word' id='word_1_28' title='bbox 490 1569 725 1634; x_wconf 65' lang='lat' dir='ltr'>tabernaculi-u</span> <span class='ocrx_word' id='word_1_29' title='bbox 741 1567 926 1625; x_wconf 83' lang='lat' dir='ltr'>Dominum.</span> 
     </span>
     <span class='ocr_line' id='line_1_6' title="bbox 172 1661 928 1742; baseline -0.003 -19"><span class='ocrx_word' id='word_1_30' title='bbox 172 1663 234 1726; x_wconf 85' lang='lat' dir='ltr'>Per</span> <span class='ocrx_word' id='word_1_31' title='bbox 251 1673 502 1726; x_wconf 78' lang='lat' dir='ltr'><strong>murmuratores</strong></span> <span class='ocrx_word' id='word_1_32' title='bbox 519 1662 592 1726; x_wconf 92' lang='lat' dir='ltr'>illos</span> <span class='ocrx_word' id='word_1_33' title='bbox 609 1661 739 1742; x_wconf 89' lang='lat' dir='ltr'>figurati</span> <span class='ocrx_word' id='word_1_34' title='bbox 756 1661 928 1724; x_wconf 85' lang='lat' dir='ltr'>sunthri-</span> 
     </span>
     <span class='ocr_line' id='line_1_7' title="bbox 172 1761 928 1843; baseline -0.003 -21"><span class='ocrx_word' id='word_1_35' title='bbox 172 1761 276 1824; x_wconf 86' lang='lat' dir='ltr'>stiani</span> <span class='ocrx_word' id='word_1_36' title='bbox 298 1761 514 1843; x_wconf 76' lang='lat' dir='ltr'>impatientes,</span> <span class='ocrx_word' id='word_1_37' title='bbox 535 1761 652 1842; x_wconf 90' lang='lat' dir='ltr'>quibus</span> <span class='ocrx_word' id='word_1_38' title='bbox 675 1761 791 1821; x_wconf 92' lang='lat' dir='ltr'>durum</span> <span class='ocrx_word' id='word_1_39' title='bbox 813 1767 872 1834; x_wconf 89' lang='lat' dir='ltr'>est,</span> <span class='ocrx_word' id='word_1_40' title='bbox 897 1768 928 1822; x_wconf 91' lang='lat' dir='ltr'>ct</span> 
     </span>
     <span class='ocr_line' id='line_1_8' title="bbox 172 1857 928 1942; baseline -0.003 -20"><span class='ocrx_word' id='word_1_41' title='bbox 172 1861 271 1942; x_wconf 84' lang='lat' dir='ltr'>quasi</span> <span class='ocrx_word' id='word_1_42' title='bbox 292 1859 495 1934; x_wconf 66' lang='lat' dir='ltr'>intolerabile</span> <span class='ocrx_word' id='word_1_43' title='bbox 515 1866 657 1941; x_wconf 87' lang='lat' dir='ltr'>apparet,</span> <span class='ocrx_word' id='word_1_44' title='bbox 676 1877 771 1940; x_wconf 89' lang='lat' dir='ltr'>super</span> <span class='ocrx_word' id='word_1_45' title='bbox 791 1876 825 1920; x_wconf 91' lang='lat' dir='ltr'>se</span> <span class='ocrx_word' id='word_1_46' title='bbox 846 1857 928 1920; x_wconf 90' lang='lat' dir='ltr'>ferre</span> 
     </span>
     <span class='ocr_line' id='line_1_9' title="bbox 171 1956 928 2040; baseline -0.007 -19"><span class='ocrx_word' id='word_1_47' title='bbox 171 1961 293 2040; x_wconf 87' lang='lat' dir='ltr'>jugum</span> <span class='ocrx_word' id='word_1_48' title='bbox 317 1958 445 2034; x_wconf 80' lang='lat' dir='ltr'>Christi,</span> <span class='ocrx_word' id='word_1_49' title='bbox 468 1966 499 2020; x_wconf 90' lang='lat' dir='ltr'>et</span> <span class='ocrx_word' id='word_1_50' title='bbox 524 1957 717 2038; x_wconf 70' lang='lat' dir='ltr'>evangelice</span> <span class='ocrx_word' id='word_1_51' title='bbox 743 1956 822 2036; x_wconf 81' lang='lat' dir='ltr'>legis</span> <span class='ocrx_word' id='word_1_52' title='bbox 846 1975 928 2019; x_wconf 91' lang='lat' dir='ltr'>onus</span> 
     </span>
     <span class='ocr_line' id='line_1_10' title="bbox 173 2053 925 2139; baseline -0.003 -21"><span class='ocrx_word' id='word_1_53' title='bbox 173 2076 319 2133; x_wconf 89' lang='lat' dir='ltr'>servare,</span> <span class='ocrx_word' id='word_1_54' title='bbox 332 2064 386 2118; x_wconf 88' lang='lat' dir='ltr'>aut</span> <span class='ocrx_word' id='word_1_55' title='bbox 406 2065 563 2139; x_wconf 81' lang='lat' dir='ltr'>praecepta</span> <span class='ocrx_word' id='word_1_56' title='bbox 582 2055 751 2118; x_wconf 90' lang='lat' dir='ltr'>observare</span> <span class='ocrx_word' id='word_1_57' title='bbox 767 2053 925 2130; x_wconf 76' lang='lat' dir='ltr'>Ecclesia,</span> 
     </span>
     <span class='ocr_line' id='line_1_11' title="bbox 173 2152 929 2237; baseline -0.008 -18"><span class='ocrx_word' id='word_1_58' title='bbox 173 2158 214 2219; x_wconf 91' lang='lat' dir='ltr'>dc</span> <span class='ocrx_word' id='word_1_59' title='bbox 230 2152 929 2237; x_wconf 68' lang='lat' dir='ltr'>jejuniis,abstincntiis,festivitatibuseon-</span> 
     </span>
     <span class='ocr_line' id='line_1_12' title="bbox 174 2250 928 2334; baseline -0.004 -20"><span class='ocrx_word' id='word_1_60' title='bbox 174 2253 406 2334; x_wconf 91' lang='lat' dir='ltr'>similibusquc</span> <span class='ocrx_word' id='word_1_61' title='bbox 430 2252 593 2326; x_wconf 82' lang='lat' dir='ltr'>instituta3</span> <span class='ocrx_word' id='word_1_62' title='bbox 617 2251 765 2314; x_wconf 91' lang='lat' dir='ltr'>similiter</span> <span class='ocrx_word' id='word_1_63' title='bbox 789 2250 928 2329; x_wconf 79' lang='lat' dir='ltr'>religiosi</span> 
     </span>
     <span class='ocr_line' id='line_1_13' title="bbox 174 2348 928 2434; baseline -0.004 -21"><span class='ocrx_word' id='word_1_64' title='bbox 174 2352 276 2434; x_wconf 84' lang='lat' dir='ltr'>pigri,</span> <span class='ocrx_word' id='word_1_65' title='bbox 302 2351 535 2426; x_wconf 87' lang='lat' dir='ltr'>inobedientes,</span> <span class='ocrx_word' id='word_1_66' title='bbox 558 2349 713 2426; x_wconf 78' lang='lat' dir='ltr'>carnaloS,</span> <span class='ocrx_word' id='word_1_67' title='bbox 738 2349 857 2430; x_wconf 91' lang='lat' dir='ltr'>quibus</span> <span class='ocrx_word' id='word_1_68' title='bbox 882 2348 928 2410; x_wconf 92' lang='lat' dir='ltr'>ire</span> 
     </span>
     <span class='ocr_line' id='line_1_14' title="bbox 174 2448 927 2532; baseline -0.007 -19"><span class='ocrx_word' id='word_1_69' title='bbox 174 2470 235 2532; x_wconf 90' lang='lat' dir='ltr'>per</span> <span class='ocrx_word' id='word_1_70' title='bbox 261 2450 323 2512; x_wconf 86' lang='lat' dir='ltr'>iter</span> <span class='ocrx_word' id='word_1_71' title='bbox 347 2449 559 2512; x_wconf 74' lang='lat' dir='ltr'>observantia</span> <span class='ocrx_word' id='word_1_72' title='bbox 580 2448 734 2530; x_wconf 89' lang='lat' dir='ltr'>regularis</span> <span class='ocrx_word' id='word_1_73' title='bbox 759 2448 927 2510; x_wconf 88' lang='lat' dir='ltr'>molestum</span> 
     </span>
     <span class='ocr_line' id='line_1_15' title="bbox 174 2546 929 2628; baseline -0.007 -15"><span class='ocrx_word' id='word_1_74' title='bbox 174 2559 235 2613; x_wconf 83' lang='lat' dir='ltr'>est.</span> <span class='ocrx_word' id='word_1_75' title='bbox 255 2549 293 2610; x_wconf 90' lang='lat' dir='ltr'>Hi</span> <span class='ocrx_word' id='word_1_76' title='bbox 311 2568 422 2612; x_wconf 90' lang='lat' dir='ltr'>omnes</span> <span class='ocrx_word' id='word_1_77' title='bbox 438 2549 477 2611; x_wconf 89' lang='lat' dir='ltr'>de</span> <span class='ocrx_word' id='word_1_78' title='bbox 497 2549 655 2610; x_wconf 80' lang='lat' dir='ltr'>arduitate</span> <span class='ocrx_word' id='word_1_79' title='bbox 675 2556 771 2628; x_wconf 88' lang='lat' dir='ltr'>atque</span> <span class='ocrx_word' id='word_1_80' title='bbox 786 2546 929 2627; x_wconf 87' lang='lat' dir='ltr'>gravedi-</span> 
     </span>
    </p>
   </div>
   <div class='ocr_carea' id='block_1_6' title="bbox 983 1564 1730 2634">
    <p class='ocr_par' dir='ltr' id='par_1_6' title="bbox 983 1564 1730 2634">
     <span class='ocr_line' id='line_1_16' title="bbox 985 1564 1730 1647; baseline 0.013 -23"><span class='ocrx_word' id='word_1_81' title='bbox 985 1564 1157 1645; x_wconf 92' lang='lat' dir='ltr'>torquebit,</span> <span class='ocrx_word' id='word_1_82' title='bbox 1165 1565 1220 1646; x_wconf 91' lang='lat' dir='ltr'>qui</span> <span class='ocrx_word' id='word_1_83' title='bbox 1237 1585 1321 1629; x_wconf 93' lang='lat' dir='ltr'>nunc</span> <span class='ocrx_word' id='word_1_84' title='bbox 1337 1567 1446 1647; x_wconf 86' lang='lat' dir='ltr'>lingua</span> <span class='ocrx_word' id='word_1_85' title='bbox 1462 1569 1662 1634; x_wconf 91' lang='lat' dir='ltr'>inflammata</span> <span class='ocrx_word' id='word_1_86' title='bbox 1676 1574 1730 1636; x_wconf 86' lang='lat' dir='ltr'>ob</span> 
     </span>
     <span class='ocr_line' id='line_1_17' title="bbox 984 1661 1729 1749; baseline 0.012 -26"><span class='ocrx_word' id='word_1_87' title='bbox 984 1661 1159 1742; x_wconf 90' lang='lat' dir='ltr'>loquuntur</span> <span class='ocrx_word' id='word_1_88' title='bbox 1180 1673 1235 1726; x_wconf 91' lang='lat' dir='ltr'>aut</span> <span class='ocrx_word' id='word_1_89' title='bbox 1254 1676 1465 1729; x_wconf 87' lang='lat' dir='ltr'>murmurant.</span> <span class='ocrx_word' id='word_1_90' title='bbox 1485 1671 1652 1749; x_wconf 81' lang='lat' dir='ltr'>Quumque</span> <span class='ocrx_word' id='word_1_91' title='bbox 1666 1677 1729 1732; x_wconf 83' lang='lat' dir='ltr'>cta-</span> 
     </span>
     <span class='ocr_line' id='line_1_18' title="bbox 983 1766 1728 1848; baseline 0.016 -29"><span class='ocrx_word' id='word_1_92' title='bbox 983 1771 1098 1821; x_wconf 84' lang='lat' dir='ltr'>mcsset</span> <span class='ocrx_word' id='word_1_93' title='bbox 1110 1766 1251 1839; x_wconf 78' lang='lat' dir='ltr'>populus</span> <span class='ocrx_word' id='word_1_94' title='bbox 1266 1767 1310 1824; x_wconf 85' lang='lat' dir='ltr'>cd</span> <span class='ocrx_word' id='word_1_95' title='bbox 1320 1768 1466 1842; x_wconf 76' lang='lat' dir='ltr'>Moysen,</span> <span class='ocrx_word' id='word_1_96' title='bbox 1481 1771 1588 1828; x_wconf 86' lang='lat' dir='ltr'>oravit</span> <span class='ocrx_word' id='word_1_97' title='bbox 1604 1773 1728 1848; x_wconf 81' lang='lat' dir='ltr'>Moyses</span> 
     </span>
     <span class='ocr_line' id='line_1_19' title="bbox 984 1861 1727 1943; baseline 0.02 -26"><span class='ocrx_word' id='word_1_98' title='bbox 984 1861 1027 1918; x_wconf 73' lang='lat' dir='ltr'>cci</span> <span class='ocrx_word' id='word_1_99' title='bbox 1044 1862 1232 1930; x_wconf 82' lang='lat' dir='ltr'>Dominum,</span> <span class='ocrx_word' id='word_1_100' title='bbox 1242 1871 1271 1922; x_wconf 86' lang='lat' dir='ltr'>et</span> <span class='ocrx_word' id='word_1_101' title='bbox 1293 1864 1459 1940; x_wconf 82' lang='lat' dir='ltr'>absorptus</span> <span class='ocrx_word' id='word_1_102' title='bbox 1480 1875 1525 1926; x_wconf 85' lang='lat' dir='ltr'>est</span> <span class='ocrx_word' id='word_1_103' title='bbox 1546 1868 1643 1943; x_wconf 73' lang='lat' dir='ltr'>c&#39;gnis.</span> <span class='ocrx_word' id='word_1_104' title='bbox 1661 1867 1727 1942; x_wconf 84' lang='lat' dir='ltr'>Quo</span> 
     </span>
     <span class='ocr_line' id='line_1_20' title="bbox 985 1954 1730 2044; baseline 0.019 -29"><span class='ocrx_word' id='word_1_105' title='bbox 985 1954 1167 2034; x_wconf 84' lang='lat' dir='ltr'>innotescit,</span> <span class='ocrx_word' id='word_1_106' title='bbox 1179 1968 1334 2039; x_wconf 91' lang='lat' dir='ltr'>quantum</span> <span class='ocrx_word' id='word_1_107' title='bbox 1351 1963 1452 2043; x_wconf 90' lang='lat' dir='ltr'>prosit</span> <span class='ocrx_word' id='word_1_108' title='bbox 1468 1963 1620 2044; x_wconf 88' lang='lat' dir='ltr'>subjectis</span> <span class='ocrx_word' id='word_1_109' title='bbox 1636 1967 1730 2029; x_wconf 88' lang='lat' dir='ltr'>devo-</span> 
     </span>
     <span class='ocr_line' id='line_1_21' title="bbox 985 2056 1729 2142; baseline 0.015 -27"><span class='ocrx_word' id='word_1_110' title='bbox 985 2061 1016 2116; x_wconf 87' lang='lat' dir='ltr'>ta</span> <span class='ocrx_word' id='word_1_111' title='bbox 1030 2056 1231 2136; x_wconf 83' lang='lat' dir='ltr'>praesidentis</span> <span class='ocrx_word' id='word_1_112' title='bbox 1246 2059 1348 2122; x_wconf 92' lang='lat' dir='ltr'>oratio</span> <span class='ocrx_word' id='word_1_113' title='bbox 1369 2058 1440 2122; x_wconf 87' lang='lat' dir='ltr'>fusa</span> <span class='ocrx_word' id='word_1_114' title='bbox 1460 2080 1518 2142; x_wconf 96' lang='lat' dir='ltr'>pro</span> <span class='ocrx_word' id='word_1_115' title='bbox 1533 2063 1591 2124; x_wconf 88' lang='lat' dir='ltr'>eis.</span> <span class='ocrx_word' id='word_1_116' title='bbox 1609 2064 1729 2127; x_wconf 87' lang='lat' dir='ltr'>ideirco</span> 
     </span>
     <span class='ocr_line' id='line_1_22' title="bbox 984 2155 1729 2242; baseline 0.011 -26"><span class='ocrx_word' id='word_1_117' title='bbox 984 2171 1055 2216; x_wconf 96' lang='lat' dir='ltr'>cum</span> <span class='ocrx_word' id='word_1_118' title='bbox 1067 2155 1155 2216; x_wconf 93' lang='lat' dir='ltr'>omni</span> <span class='ocrx_word' id='word_1_119' title='bbox 1166 2155 1347 2219; x_wconf 87' lang='lat' dir='ltr'>humilitate</span> <span class='ocrx_word' id='word_1_120' title='bbox 1357 2167 1389 2219; x_wconf 84' lang='lat' dir='ltr'>et</span> <span class='ocrx_word' id='word_1_121' title='bbox 1399 2157 1521 2222; x_wconf 86' lang='lat' dir='ltr'>affectu</span> <span class='ocrx_word' id='word_1_122' title='bbox 1532 2161 1729 2242; x_wconf 86' lang='lat' dir='ltr'>superiorem</span> 
     </span>
     <span class='ocr_line' id='line_1_23' title="bbox 985 2247 1730 2338; baseline 0.015 -26"><span class='ocrx_word' id='word_1_123' title='bbox 985 2271 1077 2313; x_wconf 91' lang='lat' dir='ltr'>suum</span> <span class='ocrx_word' id='word_1_124' title='bbox 1099 2252 1290 2333; x_wconf 87' lang='lat' dir='ltr'>efflagitent,</span> <span class='ocrx_word' id='word_1_125' title='bbox 1308 2264 1343 2317; x_wconf 94' lang='lat' dir='ltr'>ut</span> <span class='ocrx_word' id='word_1_126' title='bbox 1362 2274 1421 2337; x_wconf 94' lang='lat' dir='ltr'>pro</span> <span class='ocrx_word' id='word_1_127' title='bbox 1441 2256 1520 2338; x_wconf 91' lang='lat' dir='ltr'>ipsis</span> <span class='ocrx_word' id='word_1_128' title='bbox 1540 2259 1666 2322; x_wconf 89' lang='lat' dir='ltr'>assidue</span> <span class='ocrx_word' id='word_1_129' title='bbox 1682 2247 1730 2322; x_wconf 94' lang='lat' dir='ltr'>in-</span> 
     </span>
     <span class='ocr_line' id='line_1_24' title="bbox 984 2352 1730 2437; baseline 0.008 -23"><span class='ocrx_word' id='word_1_130' title='bbox 984 2359 1074 2414; x_wconf 91' lang='lat' dir='ltr'>vocet</span> <span class='ocrx_word' id='word_1_131' title='bbox 1090 2352 1257 2414; x_wconf 85' lang='lat' dir='ltr'>Dominum</span> <span class='ocrx_word' id='word_1_132' title='bbox 1277 2373 1284 2417; x_wconf 74' lang='grc' dir='ltr'>ε</span> <span class='ocrx_word' id='word_1_133' title='bbox 1306 2361 1403 2435; x_wconf 91' lang='lat' dir='ltr'>atque</span> <span class='ocrx_word' id='word_1_134' title='bbox 1424 2363 1459 2416; x_wconf 93' lang='lat' dir='ltr'>ut</span> <span class='ocrx_word' id='word_1_135' title='bbox 1474 2357 1649 2437; x_wconf 82' lang='lat' dir='ltr'>praesidens</span> <span class='ocrx_word' id='word_1_136' title='bbox 1664 2358 1730 2420; x_wconf 95' lang='lat' dir='ltr'>fru-</span> 
     </span>
     <span class='ocr_line' id='line_1_25' title="bbox 984 2450 1728 2534; baseline 0.009 -22"><span class='ocrx_word' id='word_1_137' title='bbox 984 2458 1093 2512; x_wconf 86' lang='lat' dir='ltr'>ctuose</span> <span class='ocrx_word' id='word_1_138' title='bbox 1117 2450 1178 2513; x_wconf 91' lang='lat' dir='ltr'>hoc</span> <span class='ocrx_word' id='word_1_139' title='bbox 1202 2459 1284 2530; x_wconf 87' lang='lat' dir='ltr'>agat,</span> <span class='ocrx_word' id='word_1_140' title='bbox 1295 2452 1420 2515; x_wconf 86' lang='lat' dir='ltr'>studeat</span> <span class='ocrx_word' id='word_1_141' title='bbox 1445 2452 1515 2534; x_wconf 91' lang='lat' dir='ltr'>ipse</span> <span class='ocrx_word' id='word_1_142' title='bbox 1536 2473 1642 2518; x_wconf 93' lang='lat' dir='ltr'>coram</span> <span class='ocrx_word' id='word_1_143' title='bbox 1665 2456 1728 2519; x_wconf 89' lang='lat' dir='ltr'>Deo</span> 
     </span>
     <span class='ocr_line' id='line_1_26' title="bbox 984 2547 1729 2634; baseline 0.007 -24"><span class='ocrx_word' id='word_1_144' title='bbox 984 2547 1151 2611; x_wconf 86' lang='lat' dir='ltr'>sinceriter</span> <span class='ocrx_word' id='word_1_145' title='bbox 1166 2551 1360 2628; x_wconf 89' lang='lat' dir='ltr'>conversari,</span> <span class='ocrx_word' id='word_1_146' title='bbox 1376 2559 1408 2614; x_wconf 87' lang='lat' dir='ltr'>et</span> <span class='ocrx_word' id='word_1_147' title='bbox 1424 2570 1516 2613; x_wconf 94' lang='lat' dir='ltr'>suum</span> <span class='ocrx_word' id='word_1_148' title='bbox 1532 2552 1666 2634; x_wconf 91' lang='lat' dir='ltr'>implere</span> <span class='ocrx_word' id='word_1_149' title='bbox 1681 2553 1729 2617; x_wconf 89' lang='lat' dir='ltr'>of-</span> 
     </span>
    </p>
   </div>
   <div class='ocr_carea' id='block_1_7' title="bbox 175 2645 1728 2731">
    <p class='ocr_par' dir='ltr' id='par_1_7' title="bbox 175 2645 1728 2731">
     <span class='ocr_line' id='line_1_27' title="bbox 175 2645 1728 2731; baseline 0.004 -22"><span class='ocrx_word' id='word_1_150' title='bbox 175 2667 216 2712; x_wconf 90' lang='lat' dir='ltr'>ue</span> <span class='ocrx_word' id='word_1_151' title='bbox 233 2655 468 2730; x_wconf 70' lang='lat' dir='ltr'>preceptorum</span> <span class='ocrx_word' id='word_1_152' title='bbox 484 2655 539 2709; x_wconf 88' lang='lat' dir='ltr'>aut</span> <span class='ocrx_word' id='word_1_153' title='bbox 555 2653 745 2709; x_wconf 91' lang='lat' dir='ltr'>statutorum</span> <span class='ocrx_word' id='word_1_154' title='bbox 761 2647 816 2707; x_wconf 87' lang='lat' dir='ltr'>Dei</span> <span class='ocrx_word' id='word_1_155' title='bbox 832 2646 965 2727; x_wconf 91' lang='lat' dir='ltr'>atqueB</span> <span class='ocrx_word' id='word_1_156' title='bbox 986 2645 1115 2723; x_wconf 92' lang='lat' dir='ltr'>ficium;</span> <span class='ocrx_word' id='word_1_157' title='bbox 1137 2646 1256 2710; x_wconf 92' lang='lat' dir='ltr'>subditi</span> <span class='ocrx_word' id='word_1_158' title='bbox 1272 2666 1401 2731; x_wconf 88' lang='lat' dir='ltr'>quoque</span> <span class='ocrx_word' id='word_1_159' title='bbox 1411 2650 1442 2713; x_wconf 91' lang='lat' dir='ltr'>ei</span> <span class='ocrx_word' id='word_1_160' title='bbox 1459 2650 1491 2713; x_wconf 93' lang='lat' dir='ltr'>in</span> <span class='ocrx_word' id='word_1_161' title='bbox 1512 2651 1635 2714; x_wconf 89' lang='lat' dir='ltr'>cunctis</span> <span class='ocrx_word' id='word_1_162' title='bbox 1656 2652 1728 2716; x_wconf 91' lang='lat' dir='ltr'>obe-</span> 
     </span>
    </p>
   </div>
   <div class='ocr_carea' id='block_1_8' title="bbox 173 2744 930 3221">
    <p class='ocr_par' dir='ltr' id='par_1_8' title="bbox 173 2744 930 3221">
     <span class='ocr_line' id='line_1_28' title="bbox 173 2744 925 2824; baseline 0.001 -17"><span class='ocrx_word' id='word_1_163' title='bbox 173 2746 331 2810; x_wconf 81' lang='lat' dir='ltr'>Eeclesiae</span> <span class='ocrx_word' id='word_1_164' title='bbox 355 2765 392 2810; x_wconf 90' lang='lat' dir='ltr'>ac</span> <span class='ocrx_word' id='word_1_165' title='bbox 416 2765 513 2808; x_wconf 76' lang='lat' dir='ltr'>sacrae</span> <span class='ocrx_word' id='word_1_166' title='bbox 538 2744 704 2824; x_wconf 90' lang='lat' dir='ltr'>religionis</span> <span class='ocrx_word' id='word_1_167' title='bbox 729 2752 925 2808; x_wconf 90' lang='lat' dir='ltr'>causantur:</span> 
     </span>
     <span class='ocr_line' id='line_1_29' title="bbox 174 2842 928 2926; baseline -0.004 -18"><span class='ocrx_word' id='word_1_168' title='bbox 174 2863 317 2926; x_wconf 93' lang='lat' dir='ltr'>quorum</span> <span class='ocrx_word' id='word_1_169' title='bbox 342 2843 546 2908; x_wconf 89' lang='lat' dir='ltr'>observantia</span> <span class='ocrx_word' id='word_1_170' title='bbox 573 2843 669 2905; x_wconf 91' lang='lat' dir='ltr'>nimis</span> <span class='ocrx_word' id='word_1_171' title='bbox 699 2842 857 2906; x_wconf 91' lang='lat' dir='ltr'>laboriosa</span> <span class='ocrx_word' id='word_1_172' title='bbox 887 2843 928 2905; x_wconf 87' lang='lat' dir='ltr'>ab</span> 
     </span>
     <span class='ocr_line' id='line_1_30' title="bbox 174 2939 930 3024; baseline -0.005 -18"><span class='ocrx_word' id='word_1_173' title='bbox 174 2945 224 3006; x_wconf 91' lang='lat' dir='ltr'>eis</span> <span class='ocrx_word' id='word_1_174' title='bbox 249 2952 413 3018; x_wconf 90' lang='lat' dir='ltr'>censetur,</span> <span class='ocrx_word' id='word_1_175' title='bbox 439 2941 593 3024; x_wconf 92' lang='lat' dir='ltr'>quoniam</span> <span class='ocrx_word' id='word_1_176' title='bbox 618 2941 750 3004; x_wconf 88' lang='lat' dir='ltr'>caritate</span> <span class='ocrx_word' id='word_1_177' title='bbox 776 2959 840 3004; x_wconf 93' lang='lat' dir='ltr'>non</span> <span class='ocrx_word' id='word_1_178' title='bbox 868 2939 930 3004; x_wconf 88' lang='lat' dir='ltr'>fer-</span> 
     </span>
     <span class='ocr_line' id='line_1_31' title="bbox 176 3039 930 3119; baseline -0.003 -16"><span class='ocrx_word' id='word_1_179' title='bbox 176 3049 265 3119; x_wconf 85' lang='lat' dir='ltr'>vent,</span> <span class='ocrx_word' id='word_1_180' title='bbox 291 3050 323 3104; x_wconf 89' lang='lat' dir='ltr'>et</span> <span class='ocrx_word' id='word_1_181' title='bbox 348 3041 389 3104; x_wconf 92' lang='lat' dir='ltr'>ob</span> <span class='ocrx_word' id='word_1_182' title='bbox 415 3059 504 3102; x_wconf 92' lang='lat' dir='ltr'>suam</span> <span class='ocrx_word' id='word_1_183' title='bbox 528 3039 678 3102; x_wconf 90' lang='lat' dir='ltr'>duritiam</span> <span class='ocrx_word' id='word_1_184' title='bbox 704 3058 740 3101; x_wconf 92' lang='lat' dir='ltr'>ac</span> <span class='ocrx_word' id='word_1_185' title='bbox 763 3039 930 3102; x_wconf 89' lang='lat' dir='ltr'>carnalita-</span> 
     </span>
     <span class='ocr_line' id='line_1_32' title="bbox 179 3137 930 3221; baseline -0.007 -18"><span class='ocrx_word' id='word_1_186' title='bbox 179 3151 244 3204; x_wconf 89' lang='lat' dir='ltr'>tem</span> <span class='ocrx_word' id='word_1_187' title='bbox 269 3158 335 3203; x_wconf 92' lang='lat' dir='ltr'>non</span> <span class='ocrx_word' id='word_1_188' title='bbox 358 3139 565 3221; x_wconf 87' lang='lat' dir='ltr'>experiuntur</span> <span class='ocrx_word' id='word_1_189' title='bbox 587 3157 683 3219; x_wconf 88' lang='lat' dir='ltr'>quarn</span> <span class='ocrx_word' id='word_1_190' title='bbox 707 3137 861 3200; x_wconf 89' lang='lat' dir='ltr'>veraciter</span> <span class='ocrx_word' id='word_1_191' title='bbox 882 3138 930 3199; x_wconf 95' lang='lat' dir='ltr'>di-</span> 
     </span>
    </p>
   </div>
   <div class='ocr_carea' id='block_1_9' title="bbox 56 3237 927 3318">
    <p class='ocr_par' dir='ltr' id='par_1_9' title="bbox 56 3237 927 3318">
     <span class='ocr_line' id='line_1_33' title="bbox 56 3237 927 3318; baseline 0 -21"><span class='ocrx_word' id='word_1_192' title='bbox 56 3254 163 3305; x_wconf 60' lang='lat' dir='ltr'>uorum.</span> <span class='ocrx_word' id='word_1_193' title='bbox 179 3240 265 3302; x_wconf 78' lang='lat' dir='ltr'>uerit</span> <span class='ocrx_word' id='word_1_194' title='bbox 278 3239 379 3300; x_wconf 90' lang='lat' dir='ltr'>Filius</span> <span class='ocrx_word' id='word_1_195' title='bbox 400 3237 454 3299; x_wconf 88' lang='lat' dir='ltr'>Dei</span> <span class='ocrx_word' id='word_1_196' title='bbox 473 3254 480 3298; x_wconf 91' lang='lat'><strong>:</strong></span> <span class='ocrx_word' id='word_1_197' title='bbox 502 3237 616 3318; x_wconf 83' lang='lat' dir='ltr'>iugum</span> <span class='ocrx_word' id='word_1_198' title='bbox 633 3255 740 3298; x_wconf 90' lang='lat' dir='ltr'>meum</span> <span class='ocrx_word' id='word_1_199' title='bbox 757 3255 853 3298; x_wconf 91' lang='lat' dir='ltr'>suave</span> <span class='ocrx_word' id='word_1_200' title='bbox 869 3244 927 3312; x_wconf 90' lang='lat' dir='ltr'>cst,</span> 
     </span>
    </p>
   </div>
   <div class='ocr_carea' id='block_1_10' title="bbox 46 3321 73 3360">
    <p class='ocr_par' dir='ltr' id='par_1_10' title="bbox 46 3321 73 3360">
     <span class='ocr_line' id='line_1_34' title="bbox 46 3321 73 3360; baseline 0.111 -3"><span class='ocrx_word' id='word_1_201' title='bbox 46 3321 73 3360; x_wconf 68' lang='lat' dir='ltr'>id..</span> 
     </span>
    </p>
   </div>
   <div class='ocr_carea' id='block_1_11' title="bbox 180 3335 929 3416">
    <p class='ocr_par' dir='ltr' id='par_1_11' title="bbox 180 3335 929 3416">
     <span class='ocr_line' id='line_1_35' title="bbox 180 3335 929 3416; baseline -0.005 -14"><span class='ocrx_word' id='word_1_202' title='bbox 180 3349 212 3402; x_wconf 89' lang='lat' dir='ltr'>et</span> <span class='ocrx_word' id='word_1_203' title='bbox 237 3357 321 3401; x_wconf 89' lang='lat' dir='ltr'>onus</span> <span class='ocrx_word' id='word_1_204' title='bbox 351 3355 459 3398; x_wconf 88' lang='lat' dir='ltr'>meum</span> <span class='ocrx_word' id='word_1_205' title='bbox 490 3336 570 3397; x_wconf 84' lang='lat' dir='ltr'>leve.</span> <span class='ocrx_word' id='word_1_206' title='bbox 597 3335 659 3398; x_wconf 85' lang='lat' dir='ltr'>Nee</span> <span class='ocrx_word' id='word_1_207' title='bbox 685 3342 819 3416; x_wconf 90' lang='lat' dir='ltr'>pensant</span> <span class='ocrx_word' id='word_1_208' title='bbox 850 3335 929 3398; x_wconf 92' lang='lat' dir='ltr'>illud</span> 
     </span>
    </p>
   </div>
   <div class='ocr_carea' id='block_1_12' title="bbox 61 3433 930 3519">
    <p class='ocr_par' dir='ltr' id='par_1_12' title="bbox 61 3433 930 3519">
     <span class='ocr_line' id='line_1_36' title="bbox 61 3433 930 3519; baseline -0.002 -21"><span class='ocrx_word' id='word_1_209' title='bbox 61 3446 163 3496; x_wconf 72' lang='lat' dir='ltr'>Rom-un..</span> <span class='ocrx_word' id='word_1_210' title='bbox 179 3435 327 3519; x_wconf 80' lang='lat' dir='ltr'>Apostoli</span> <span class='ocrx_word' id='word_1_211' title='bbox 353 3455 360 3498; x_wconf 92' lang='lat'><strong>:</strong></span> <span class='ocrx_word' id='word_1_212' title='bbox 385 3435 452 3497; x_wconf 88' lang='lat' dir='ltr'>Non</span> <span class='ocrx_word' id='word_1_213' title='bbox 477 3440 552 3495; x_wconf 88' lang='lat' dir='ltr'>sunt</span> <span class='ocrx_word' id='word_1_214' title='bbox 575 3433 741 3514; x_wconf 75' lang='lat' dir='ltr'>condignae</span> <span class='ocrx_word' id='word_1_215' title='bbox 766 3433 930 3515; x_wconf 86' lang='lat' dir='ltr'>passiones</span> 
     </span>
    </p>
   </div>
   <div class='ocr_carea' id='block_1_13' title="bbox 48 3511 74 3548">
    <p class='ocr_par' dir='ltr' id='par_1_13' title="bbox 48 3511 74 3548">
     <span class='ocr_line' id='line_1_37' title="bbox 48 3511 74 3548; baseline 0.077 -2"><span class='ocrx_word' id='word_1_216' title='bbox 48 3511 74 3548; x_wconf 75' lang='lat' dir='ltr'>fi.</span> 
     </span>
    </p>
   </div>
   <div class='ocr_carea' id='block_1_14' title="bbox 179 3530 931 3716">
    <p class='ocr_par' dir='ltr' id='par_1_14' title="bbox 179 3530 931 3716">
     <span class='ocr_line' id='line_1_38' title="bbox 179 3530 929 3616; baseline -0.003 -20"><span class='ocrx_word' id='word_1_217' title='bbox 179 3537 280 3616; x_wconf 73' lang='lat' dir='ltr'>buius</span> <span class='ocrx_word' id='word_1_218' title='bbox 297 3533 451 3615; x_wconf 90' lang='lat' dir='ltr'>temporis</span> <span class='ocrx_word' id='word_1_219' title='bbox 467 3533 506 3594; x_wconf 92' lang='lat' dir='ltr'>ad</span> <span class='ocrx_word' id='word_1_220' title='bbox 524 3530 664 3593; x_wconf 91' lang='lat' dir='ltr'>futuram</span> <span class='ocrx_word' id='word_1_221' title='bbox 679 3531 825 3612; x_wconf 87' lang='lat' dir='ltr'>gloriam.</span> <span class='ocrx_word' id='word_1_222' title='bbox 842 3531 929 3605; x_wconf 85' lang='lat' dir='ltr'>Quod</span> 
     </span>
     <span class='ocr_line' id='line_1_39' title="bbox 180 3630 931 3716; baseline -0.005 -20"><span class='ocrx_word' id='word_1_223' title='bbox 180 3633 237 3716; x_wconf 92' lang='lat' dir='ltr'>qui</span> <span class='ocrx_word' id='word_1_224' title='bbox 261 3632 442 3696; x_wconf 79' lang='lat' dir='ltr'>efficaciter</span> <span class='ocrx_word' id='word_1_225' title='bbox 464 3630 629 3712; x_wconf 90' lang='lat' dir='ltr'>ponderat,</span> <span class='ocrx_word' id='word_1_226' title='bbox 654 3649 726 3692; x_wconf 93' lang='lat' dir='ltr'>cum</span> <span class='ocrx_word' id='word_1_227' title='bbox 749 3631 859 3693; x_wconf 90' lang='lat' dir='ltr'>codem</span> <span class='ocrx_word' id='word_1_228' title='bbox 882 3649 931 3694; x_wconf 84' lang='lat' dir='ltr'>cx-</span> 
     </span>
    </p>
   </div>
   <div class='ocr_carea' id='block_1_15' title="bbox 58 3728 1730 3906">
    <p class='ocr_par' dir='ltr' id='par_1_15' title="bbox 58 3728 1730 3906">
     <span class='ocr_line' id='line_1_40' title="bbox 58 3728 931 3816; baseline -0.005 -21"><span class='ocrx_word' id='word_1_229' title='bbox 58 3739 165 3816; x_wconf 66' lang='lat' dir='ltr'>pem,</span> <span class='ocrx_word' id='word_1_230' title='bbox 181 3733 301 3795; x_wconf 86' lang='lat' dir='ltr'>clamat</span> <span class='ocrx_word' id='word_1_231' title='bbox 316 3728 467 3812; x_wconf 80' lang='lat' dir='ltr'>Apostolo</span> <span class='ocrx_word' id='word_1_232' title='bbox 486 3747 492 3791; x_wconf 94' lang='lat'><strong>:</strong></span> <span class='ocrx_word' id='word_1_233' title='bbox 511 3729 543 3790; x_wconf 92' lang='lat' dir='ltr'>ld</span> <span class='ocrx_word' id='word_1_234' title='bbox 558 3729 643 3809; x_wconf 92' lang='lat' dir='ltr'>qued</span> <span class='ocrx_word' id='word_1_235' title='bbox 665 3728 698 3789; x_wconf 94' lang='lat' dir='ltr'>in</span> <span class='ocrx_word' id='word_1_236' title='bbox 719 3729 867 3810; x_wconf 76' lang='lat' dir='ltr'>praesenti</span> <span class='ocrx_word' id='word_1_237' title='bbox 882 3738 931 3792; x_wconf 90' lang='lat' dir='ltr'>est</span> 
     </span>
     <span class='ocr_line' id='line_1_41' title="bbox 182 3824 1730 3906; baseline -0.002 -12"><span class='ocrx_word' id='word_1_238' title='bbox 182 3832 254 3894; x_wconf 91' lang='lat' dir='ltr'>leve</span> <span class='ocrx_word' id='word_1_239' title='bbox 269 3838 302 3892; x_wconf 89' lang='lat' dir='ltr'>ct</span> <span class='ocrx_word' id='word_1_240' title='bbox 319 3828 479 3890; x_wconf 93' lang='lat' dir='ltr'>modicum</span> <span class='ocrx_word' id='word_1_241' title='bbox 500 3826 716 3890; x_wconf 88' lang='lat' dir='ltr'>tribulationis</span> <span class='ocrx_word' id='word_1_242' title='bbox 737 3835 862 3905; x_wconf 73' lang='lat' dir='ltr'>nostrae,</span> <span class='ocrx_word' id='word_1_243' title='bbox 881 3849 933 3890; x_wconf 92' lang='lat' dir='ltr'>su·</span> <span class='ocrx_word' id='word_1_244' title='bbox 949 3833 970 3895; x_wconf 87' lang='lat' dir='ltr'>C</span> <span class='ocrx_word' id='word_1_245' title='bbox 985 3826 1068 3906; x_wconf 83' lang='lat' dir='ltr'>J&#39;ecta</span> <span class='ocrx_word' id='word_1_246' title='bbox 1086 3824 1284 3902; x_wconf 86' lang='lat' dir='ltr'>deliciarum,</span> <span class='ocrx_word' id='word_1_247' title='bbox 1302 3825 1521 3895; x_wconf 77' lang='lat' dir='ltr'>dieuntzQuis</span> <span class='ocrx_word' id='word_1_248' title='bbox 1536 3830 1627 3889; x_wconf 83' lang='lat' dir='ltr'>dabit</span> <span class='ocrx_word' id='word_1_249' title='bbox 1641 3833 1730 3892; x_wconf 82' lang='lat' dir='ltr'>nobis</span> 
     </span>
    </p>
   </div>
   <div class='ocr_carea' id='block_1_16' title="bbox 48 3809 74 3846">
    <p class='ocr_par' dir='ltr' id='par_1_16' title="bbox 48 3809 74 3846">
     <span class='ocr_line' id='line_1_42' title="bbox 48 3809 74 3846; baseline 0.077 -2"><span class='ocrx_word' id='word_1_250' title='bbox 48 3809 74 3846; x_wconf 83' lang='lat' dir='ltr'>t..</span> 
     </span>
    </p>
   </div>
   <div class='ocr_carea' id='block_1_17' title="bbox 180 3925 931 4594">
    <p class='ocr_par' dir='ltr' id='par_1_17' title="bbox 181 3925 931 4110">
     <span class='ocr_line' id='line_1_43' title="bbox 182 3925 931 4012; baseline -0.004 -20"><span class='ocrx_word' id='word_1_251' title='bbox 182 3949 241 4012; x_wconf 90' lang='lat' dir='ltr'>pra</span> <span class='ocrx_word' id='word_1_252' title='bbox 263 3928 396 3990; x_wconf 90' lang='lat' dir='ltr'>modum</span> <span class='ocrx_word' id='word_1_253' title='bbox 420 3925 453 3986; x_wconf 95' lang='lat' dir='ltr'>in</span> <span class='ocrx_word' id='word_1_254' title='bbox 476 3925 672 3988; x_wconf 89' lang='lat' dir='ltr'>sublimitate</span> <span class='ocrx_word' id='word_1_255' title='bbox 691 3933 844 3988; x_wconf 80' lang='lat' dir='ltr'>aternum</span> <span class='ocrx_word' id='word_1_256' title='bbox 865 3927 931 4006; x_wconf 91' lang='lat' dir='ltr'>glo-</span> 
     </span>
     <span class='ocr_line' id='line_1_44' title="bbox 181 4023 711 4110; baseline -0.008 -21"><span class='ocrx_word' id='word_1_257' title='bbox 181 4029 237 4092; x_wconf 83' lang='lat' dir='ltr'>riae</span> <span class='ocrx_word' id='word_1_258' title='bbox 248 4026 377 4110; x_wconf 92' lang='lat' dir='ltr'>pondus</span> <span class='ocrx_word' id='word_1_259' title='bbox 392 4032 542 4106; x_wconf 89' lang='lat' dir='ltr'>operatur</span> <span class='ocrx_word' id='word_1_260' title='bbox 558 4023 590 4085; x_wconf 93' lang='lat' dir='ltr'>in</span> <span class='ocrx_word' id='word_1_261' title='bbox 608 4023 711 4086; x_wconf 91' lang='lat' dir='ltr'>nobis.</span> 
     </span>
    </p>

    <p class='ocr_par' dir='ltr' id='par_1_18' title="bbox 180 4123 931 4594">
     <span class='ocr_line' id='line_1_45' title="bbox 224 4123 931 4204; baseline -0.006 -17"><span class='ocrx_word' id='word_1_262' title='bbox 224 4129 317 4196; x_wconf 82' lang='lat' dir='ltr'>Quod</span> <span class='ocrx_word' id='word_1_263' title='bbox 342 4145 445 4204; x_wconf 81' lang='lat' dir='ltr'>quum</span> <span class='ocrx_word' id='word_1_264' title='bbox 469 4123 611 4183; x_wconf 76' lang='lat' dir='ltr'>audisset</span> <span class='ocrx_word' id='word_1_265' title='bbox 634 4125 804 4192; x_wconf 79' lang='lat' dir='ltr'>Dominus,</span> <span class='ocrx_word' id='word_1_266' title='bbox 825 4125 931 4184; x_wconf 78' lang='lat' dir='ltr'>iratas</span> 
     </span>
     <span class='ocr_line' id='line_1_46' title="bbox 180 4221 931 4297; baseline -0.005 -11"><span class='ocrx_word' id='word_1_267' title='bbox 180 4236 226 4286; x_wconf 85' lang='lat' dir='ltr'>est</span> <span class='ocrx_word' id='word_1_268' title='bbox 236 4249 250 4297; x_wconf 92' lang='lat'>,·</span> <span class='ocrx_word' id='word_1_269' title='bbox 264 4235 295 4284; x_wconf 85' lang='lat' dir='ltr'>ct</span> <span class='ocrx_word' id='word_1_270' title='bbox 306 4242 459 4284; x_wconf 84' lang='lat' dir='ltr'>accensus</span> <span class='ocrx_word' id='word_1_271' title='bbox 468 4231 514 4281; x_wconf 82' lang='lat' dir='ltr'>est</span> <span class='ocrx_word' id='word_1_272' title='bbox 524 4222 560 4280; x_wconf 83' lang='lat' dir='ltr'>in</span> <span class='ocrx_word' id='word_1_273' title='bbox 576 4241 623 4280; x_wconf 88' lang='lat' dir='ltr'>cos</span> <span class='ocrx_word' id='word_1_274' title='bbox 634 4223 721 4296; x_wconf 71' lang='lat' dir='ltr'>ignis</span> <span class='ocrx_word' id='word_1_275' title='bbox 730 4223 875 4283; x_wconf 82' lang='lat' dir='ltr'>Domini.</span> <span class='ocrx_word' id='word_1_276' title='bbox 887 4221 931 4282; x_wconf 86' lang='lat' dir='ltr'>Ex</span> 
     </span>
     <span class='ocr_line' id='line_1_47' title="bbox 182 4319 931 4405; baseline -0.004 -20"><span class='ocrx_word' id='word_1_277' title='bbox 182 4323 303 4405; x_wconf 91' lang='lat' dir='ltr'>quibus</span> <span class='ocrx_word' id='word_1_278' title='bbox 320 4320 428 4386; x_wconf 87' lang='lat' dir='ltr'>verbis</span> <span class='ocrx_word' id='word_1_279' title='bbox 450 4319 615 4402; x_wconf 91' lang='lat' dir='ltr'>probatur,</span> <span class='ocrx_word' id='word_1_280' title='bbox 633 4337 727 4398; x_wconf 86' lang='lat' dir='ltr'>quarn</span> <span class='ocrx_word' id='word_1_281' title='bbox 748 4337 877 4382; x_wconf 90' lang='lat' dir='ltr'>enorme</span> <span class='ocrx_word' id='word_1_282' title='bbox 900 4327 931 4382; x_wconf 87' lang='lat' dir='ltr'>et</span> 
     </span>
     <span class='ocr_line' id='line_1_48' title="bbox 183 4417 929 4499; baseline -0.005 -15"><span class='ocrx_word' id='word_1_283' title='bbox 183 4419 375 4484; x_wconf 85' lang='lat' dir='ltr'>detestabile</span> <span class='ocrx_word' id='word_1_284' title='bbox 390 4419 432 4480; x_wconf 90' lang='lat' dir='ltr'>sit</span> <span class='ocrx_word' id='word_1_285' title='bbox 451 4417 537 4480; x_wconf 90' lang='lat' dir='ltr'>istud</span> <span class='ocrx_word' id='word_1_286' title='bbox 560 4425 736 4499; x_wconf 88' lang='lat' dir='ltr'>peccatum,</span> <span class='ocrx_word' id='word_1_287' title='bbox 754 4418 929 4498; x_wconf 78' lang='lat' dir='ltr'>praesertim</span> 
     </span>
     <span class='ocr_line' id='line_1_49' title="bbox 184 4515 931 4594; baseline -0.004 -13"><span class='ocrx_word' id='word_1_288' title='bbox 184 4520 219 4581; x_wconf 92' lang='lat' dir='ltr'>in</span> <span class='ocrx_word' id='word_1_289' title='bbox 230 4517 471 4592; x_wconf 84' lang='lat' dir='ltr'>Christianis,&#39;et</span> <span class='ocrx_word' id='word_1_290' title='bbox 486 4515 623 4577; x_wconf 87' lang='lat' dir='ltr'>maxime</span> <span class='ocrx_word' id='word_1_291' title='bbox 635 4515 668 4575; x_wconf 95' lang='lat' dir='ltr'>in</span> <span class='ocrx_word' id='word_1_292' title='bbox 685 4515 931 4594; x_wconf 83' lang='lat' dir='ltr'>religiosisldeo</span> 
     </span>
    </p>
   </div>
   <div class='ocr_carea' id='block_1_18' title="bbox 50 4693 934 4793">
    <p class='ocr_par' dir='ltr' id='par_1_19' title="bbox 50 4693 934 4793">
     <span class='ocr_line' id='line_1_50' title="bbox 50 4693 934 4793; baseline -0.014 -7"><span class='ocrx_word' id='word_1_293' title='bbox 50 4693 77 4732; x_wconf 44' lang='grc' dir='ltr'>ι’</span> <span class='ocrx_word' id='word_1_294' title='bbox 186 4735 244 4782; x_wconf 88' lang='lat' dir='ltr'>vos</span> <span class='ocrx_word' id='word_1_295' title='bbox 264 4712 563 4788; x_wconf 84' lang='lat' dir='ltr'>amurmurationc,</span> <span class='ocrx_word' id='word_1_296' title='bbox 581 4709 656 4793; x_wconf 93' lang='lat' dir='ltr'>quia</span> <span class='ocrx_word' id='word_1_297' title='bbox 676 4711 831 4772; x_wconf 91' lang='lat' dir='ltr'>tumultus</span> <span class='ocrx_word' id='word_1_298' title='bbox 851 4731 934 4774; x_wconf 94' lang='lat' dir='ltr'>mur-</span> 
     </span>
    </p>
   </div>
   <div class='ocr_carea' id='block_1_19' title="bbox 187 4808 933 4891">
    <p class='ocr_par' dir='ltr' id='par_1_20' title="bbox 187 4808 933 4891">
     <span class='ocr_line' id='line_1_51' title="bbox 187 4808 933 4891; baseline -0.008 -13"><span class='ocrx_word' id='word_1_299' title='bbox 187 4813 407 4878; x_wconf 89' lang='lat' dir='ltr'>murationum</span> <span class='ocrx_word' id='word_1_300' title='bbox 433 4826 497 4873; x_wconf 91' lang='lat' dir='ltr'>non</span> <span class='ocrx_word' id='word_1_301' title='bbox 522 4808 746 4872; x_wconf 89' lang='lat' dir='ltr'>abscondetur.</span> <span class='ocrx_word' id='word_1_302' title='bbox 773 4808 875 4891; x_wconf 80' lang='lat' dir='ltr'>Atque</span> <span class='ocrx_word' id='word_1_303' title='bbox 900 4811 933 4872; x_wconf 92' lang='lat' dir='ltr'>in</span> 
     </span>
    </p>
   </div>
   <div class='ocr_carea' id='block_1_20' title="bbox 983 2747 1731 3808">
    <p class='ocr_par' dir='ltr' id='par_1_21' title="bbox 984 2747 1233 2809">
     <span class='ocr_line' id='line_1_52' title="bbox 984 2747 1233 2809; baseline -0.004 -1"><span class='ocrx_word' id='word_1_304' title='bbox 984 2747 1053 2809; x_wconf 88' lang='lat' dir='ltr'>dire</span> <span class='ocrx_word' id='word_1_305' title='bbox 1066 2753 1233 2808; x_wconf 90' lang='lat' dir='ltr'>conentur.</span> 
     </span>
    </p>

    <p class='ocr_par' dir='ltr' id='par_1_22' title="bbox 983 2846 1731 3808">
     <span class='ocr_line' id='line_1_53' title="bbox 1033 2846 1729 2925; baseline 0.007 -20"><span class='ocrx_word' id='word_1_306' title='bbox 1033 2846 1152 2921; x_wconf 70' lang='lat' dir='ltr'>Vulgus</span> <span class='ocrx_word' id='word_1_307' title='bbox 1180 2864 1304 2924; x_wconf 81' lang='lat' dir='ltr'>quoque</span> <span class='ocrx_word' id='word_1_308' title='bbox 1324 2848 1548 2922; x_wconf 83' lang='lat' dir='ltr'>promiscuum</span> <span class='ocrx_word' id='word_1_309' title='bbox 1571 2852 1729 2925; x_wconf 65' lang='lat' dir='ltr'>flagravit</span> 
     </span>
     <span class='ocr_line' id='line_1_54' title="bbox 983 2943 1729 3026; baseline 0.009 -24"><span class='ocrx_word' id='word_1_310' title='bbox 983 2943 1142 3002; x_wconf 79' lang='lat' dir='ltr'>desiderio</span> <span class='ocrx_word' id='word_1_311' title='bbox 1161 2945 1324 3004; x_wconf 83' lang='lat' dir='ltr'>earnium.</span> <span class='ocrx_word' id='word_1_312' title='bbox 1337 2943 1395 3006; x_wconf 84' lang='lat' dir='ltr'>Per</span> <span class='ocrx_word' id='word_1_313' title='bbox 1412 2943 1595 3025; x_wconf 90' lang='lat' dir='ltr'>improbum</span> <span class='ocrx_word' id='word_1_314' title='bbox 1613 2947 1729 3026; x_wconf 78' lang='lat' dir='ltr'>vulgus</span> 
     </span>
     <span class='ocr_line' id='line_1_55' title="bbox 984 3039 1729 3123; baseline 0.011 -23"><span class='ocrx_word' id='word_1_315' title='bbox 984 3039 1075 3116; x_wconf 93' lang='lat' dir='ltr'>illud,</span> <span class='ocrx_word' id='word_1_316' title='bbox 1100 3041 1184 3122; x_wconf 91' lang='lat' dir='ltr'>quod</span> <span class='ocrx_word' id='word_1_317' title='bbox 1207 3040 1481 3123; x_wconf 80' lang='lat' dir='ltr'>eratAEgyptium,</span> <span class='ocrx_word' id='word_1_318' title='bbox 1505 3043 1557 3104; x_wconf 93' lang='lat' dir='ltr'>eui</span> <span class='ocrx_word' id='word_1_319' title='bbox 1582 3046 1729 3108; x_wconf 89' lang='lat' dir='ltr'>etmulti</span> 
     </span>
     <span class='ocr_line' id='line_1_56' title="bbox 984 3137 1730 3222; baseline 0.008 -22"><span class='ocrx_word' id='word_1_320' title='bbox 984 3157 1022 3200; x_wconf 85' lang='lat' dir='ltr'>ex</span> <span class='ocrx_word' id='word_1_321' title='bbox 1044 3137 1122 3201; x_wconf 89' lang='lat' dir='ltr'>filiis</span> <span class='ocrx_word' id='word_1_322' title='bbox 1142 3138 1236 3200; x_wconf 90' lang='lat' dir='ltr'>lsrael</span> <span class='ocrx_word' id='word_1_323' title='bbox 1258 3157 1292 3200; x_wconf 90' lang='lat' dir='ltr'>se</span> <span class='ocrx_word' id='word_1_324' title='bbox 1312 3140 1498 3219; x_wconf 84' lang='lat' dir='ltr'>junxerunt,</span> <span class='ocrx_word' id='word_1_325' title='bbox 1522 3142 1730 3222; x_wconf 84' lang='lat' dir='ltr'>designantur</span> 
     </span>
     <span class='ocr_line' id='line_1_57' title="bbox 985 3236 1730 3318; baseline 0.013 -21"><span class='ocrx_word' id='word_1_326' title='bbox 985 3245 1142 3299; x_wconf 81' lang='lat' dir='ltr'>amatores</span> <span class='ocrx_word' id='word_1_327' title='bbox 1157 3237 1265 3299; x_wconf 81' lang='lat' dir='ltr'>sacculi</span> <span class='ocrx_word' id='word_1_328' title='bbox 1284 3236 1391 3318; x_wconf 89' lang='lat' dir='ltr'>hujus,</span> <span class='ocrx_word' id='word_1_329' title='bbox 1409 3236 1465 3318; x_wconf 93' lang='lat' dir='ltr'>qui</span> <span class='ocrx_word' id='word_1_330' title='bbox 1485 3240 1661 3302; x_wconf 86' lang='lat' dir='ltr'>carnalium</span> <span class='ocrx_word' id='word_1_331' title='bbox 1678 3261 1730 3307; x_wconf 81' lang='lat' dir='ltr'>vo</span> 
     </span>
     <span class='ocr_line' id='line_1_58' title="bbox 985 3334 1731 3417; baseline 0.008 -21"><span class='ocrx_word' id='word_1_332' title='bbox 985 3335 1154 3417; x_wconf 91' lang='lat' dir='ltr'>luptatum,</span> <span class='ocrx_word' id='word_1_333' title='bbox 1176 3334 1343 3417; x_wconf 89' lang='lat' dir='ltr'>potissime</span> <span class='ocrx_word' id='word_1_334' title='bbox 1363 3345 1475 3414; x_wconf 87' lang='lat' dir='ltr'>gustus</span> <span class='ocrx_word' id='word_1_335' title='bbox 1494 3346 1526 3400; x_wconf 88' lang='lat' dir='ltr'>ct</span> <span class='ocrx_word' id='word_1_336' title='bbox 1547 3346 1659 3417; x_wconf 87' lang='lat' dir='ltr'>taetus,</span> <span class='ocrx_word' id='word_1_337' title='bbox 1681 3360 1731 3402; x_wconf 91' lang='lat' dir='ltr'>ar-</span> 
     </span>
     <span class='ocr_line' id='line_1_59' title="bbox 986 3433 1730 3515; baseline 0.007 -18"><span class='ocrx_word' id='word_1_338' title='bbox 986 3435 1062 3497; x_wconf 89' lang='lat' dir='ltr'>dent</span> <span class='ocrx_word' id='word_1_339' title='bbox 1075 3452 1194 3510; x_wconf 91' lang='lat' dir='ltr'>amore,</span> <span class='ocrx_word' id='word_1_340' title='bbox 1211 3433 1329 3515; x_wconf 92' lang='lat' dir='ltr'>quibus</span> <span class='ocrx_word' id='word_1_341' title='bbox 1345 3441 1377 3496; x_wconf 89' lang='lat' dir='ltr'>ct</span> <span class='ocrx_word' id='word_1_342' title='bbox 1396 3434 1489 3496; x_wconf 88' lang='lat' dir='ltr'>multi</span> <span class='ocrx_word' id='word_1_343' title='bbox 1505 3455 1543 3498; x_wconf 87' lang='lat' dir='ltr'>ex</span> <span class='ocrx_word' id='word_1_344' title='bbox 1557 3436 1683 3501; x_wconf 89' lang='lat' dir='ltr'>clericis</span> <span class='ocrx_word' id='word_1_345' title='bbox 1698 3449 1730 3502; x_wconf 89' lang='lat' dir='ltr'>et</span> 
     </span>
     <span class='ocr_line' id='line_1_60' title="bbox 986 3531 1726 3615; baseline 0.011 -23"><span class='ocrx_word' id='word_1_346' title='bbox 986 3531 1144 3612; x_wconf 91' lang='lat' dir='ltr'>religiosis</span> <span class='ocrx_word' id='word_1_347' title='bbox 1165 3551 1201 3594; x_wconf 90' lang='lat' dir='ltr'>ac</span> <span class='ocrx_word' id='word_1_348' title='bbox 1218 3531 1435 3595; x_wconf 88' lang='lat' dir='ltr'>sacerdotibus</span> <span class='ocrx_word' id='word_1_349' title='bbox 1457 3552 1491 3595; x_wconf 91' lang='lat' dir='ltr'>se</span> <span class='ocrx_word' id='word_1_350' title='bbox 1513 3535 1726 3615; x_wconf 79' lang='lat' dir='ltr'>conformant,</span> 
     </span>
     <span class='ocr_line' id='line_1_61' title="bbox 986 3630 1729 3715; baseline 0.009 -24"><span class='ocrx_word' id='word_1_351' title='bbox 986 3630 1171 3693; x_wconf 83' lang='lat' dir='ltr'>scandaloso</span> <span class='ocrx_word' id='word_1_352' title='bbox 1194 3630 1395 3712; x_wconf 88' lang='lat' dir='ltr'>turpiterque</span> <span class='ocrx_word' id='word_1_353' title='bbox 1420 3631 1589 3695; x_wconf 88' lang='lat' dir='ltr'>viventes:</span> <span class='ocrx_word' id='word_1_354' title='bbox 1611 3634 1729 3715; x_wconf 92' lang='lat' dir='ltr'>quibus</span> 
     </span>
     <span class='ocr_line' id='line_1_62' title="bbox 987 3725 1730 3808; baseline 0.011 -20"><span class='ocrx_word' id='word_1_355' title='bbox 987 3727 1013 3788; x_wconf 93' lang='lat' dir='ltr'>si</span> <span class='ocrx_word' id='word_1_356' title='bbox 1032 3726 1138 3790; x_wconf 89' lang='lat' dir='ltr'>desint</span> <span class='ocrx_word' id='word_1_357' title='bbox 1156 3727 1238 3808; x_wconf 79' lang='lat' dir='ltr'>gula</span> <span class='ocrx_word' id='word_1_358' title='bbox 1258 3725 1466 3803; x_wconf 88' lang='lat' dir='ltr'>irritamenta,</span> <span class='ocrx_word' id='word_1_359' title='bbox 1483 3737 1515 3791; x_wconf 92' lang='lat' dir='ltr'>et</span> <span class='ocrx_word' id='word_1_360' title='bbox 1529 3749 1658 3793; x_wconf 89' lang='lat' dir='ltr'>suarum</span> <span class='ocrx_word' id='word_1_361' title='bbox 1674 3733 1730 3796; x_wconf 93' lang='lat' dir='ltr'>ob-</span> 
     </span>
    </p>
   </div>
   <div class='ocr_carea' id='block_1_21' title="bbox 984 3923 1732 4298">
    <p class='ocr_par' dir='ltr' id='par_1_23' title="bbox 984 3923 1732 4298">
     <span class='ocr_line' id='line_1_63' title="bbox 986 3923 1731 4006; baseline 0.008 -22"><span class='ocrx_word' id='word_1_362' title='bbox 986 3927 1030 3984; x_wconf 84' lang='lat' dir='ltr'>ad</span> <span class='ocrx_word' id='word_1_363' title='bbox 1045 3927 1234 3984; x_wconf 81' lang='lat' dir='ltr'>vescendum</span> <span class='ocrx_word' id='word_1_364' title='bbox 1248 3926 1382 3983; x_wconf 81' lang='lat' dir='ltr'>carnes?</span> <span class='ocrx_word' id='word_1_365' title='bbox 1392 3923 1429 3983; x_wconf 89' lang='lat' dir='ltr'>Hi</span> <span class='ocrx_word' id='word_1_366' title='bbox 1444 3923 1565 4006; x_wconf 88' lang='lat' dir='ltr'>quippe</span> <span class='ocrx_word' id='word_1_367' title='bbox 1580 3928 1731 3991; x_wconf 83' lang='lat' dir='ltr'>carnibus</span> 
     </span>
     <span class='ocr_line' id='line_1_64' title="bbox 986 4020 1729 4102; baseline 0.011 -19"><span class='ocrx_word' id='word_1_368' title='bbox 986 4022 1136 4083; x_wconf 90' lang='lat' dir='ltr'>fruuntur</span> <span class='ocrx_word' id='word_1_369' title='bbox 1156 4020 1372 4102; x_wconf 89' lang='lat' dir='ltr'>potiusquam</span> <span class='ocrx_word' id='word_1_370' title='bbox 1395 4030 1537 4084; x_wconf 90' lang='lat' dir='ltr'>utantur.</span> <span class='ocrx_word' id='word_1_371' title='bbox 1550 4024 1626 4087; x_wconf 91' lang='lat' dir='ltr'>Nam</span> <span class='ocrx_word' id='word_1_372' title='bbox 1643 4035 1675 4089; x_wconf 89' lang='lat' dir='ltr'>et</span> <span class='ocrx_word' id='word_1_373' title='bbox 1697 4027 1729 4092; x_wconf 94' lang='lat' dir='ltr'>in</span> 
     </span>
     <span class='ocr_line' id='line_1_65' title="bbox 984 4118 1732 4204; baseline 0.011 -23"><span class='ocrx_word' id='word_1_374' title='bbox 984 4119 1147 4182; x_wconf 91' lang='lat' dir='ltr'>alimentis</span> <span class='ocrx_word' id='word_1_375' title='bbox 1166 4118 1407 4181; x_wconf 85' lang='lat' dir='ltr'>delectationem</span> <span class='ocrx_word' id='word_1_376' title='bbox 1429 4120 1543 4201; x_wconf 89' lang='lat' dir='ltr'>magis,</span> <span class='ocrx_word' id='word_1_377' title='bbox 1560 4141 1656 4204; x_wconf 91' lang='lat' dir='ltr'>quam</span> <span class='ocrx_word' id='word_1_378' title='bbox 1680 4145 1732 4189; x_wconf 82' lang='lat' dir='ltr'>ne</span> 
     </span>
     <span class='ocr_line' id='line_1_66' title="bbox 985 4216 1730 4298; baseline 0.009 -18"><span class='ocrx_word' id='word_1_379' title='bbox 985 4217 1155 4280; x_wconf 90' lang='lat' dir='ltr'>cessariam</span> <span class='ocrx_word' id='word_1_380' title='bbox 1165 4224 1310 4298; x_wconf 82' lang='lat' dir='ltr'>quaerunt</span> <span class='ocrx_word' id='word_1_381' title='bbox 1320 4216 1574 4294; x_wconf 78' lang='lat' dir='ltr'>refectioncm3in</span> <span class='ocrx_word' id='word_1_382' title='bbox 1587 4225 1730 4287; x_wconf 83' lang='lat' dir='ltr'>venereis</span> 
     </span>
    </p>
   </div>
   <div class='ocr_carea' id='block_1_22' title="bbox 985 4314 1873 4397">
    <p class='ocr_par' dir='ltr' id='par_1_24' title="bbox 985 4314 1873 4397">
     <span class='ocr_line' id='line_1_67' title="bbox 985 4314 1873 4397; baseline 0.006 -19"><span class='ocrx_word' id='word_1_383' title='bbox 985 4334 1061 4379; x_wconf 90' lang='lat' dir='ltr'>vero</span> <span class='ocrx_word' id='word_1_384' title='bbox 1083 4315 1184 4377; x_wconf 89' lang='lat' dir='ltr'>instar</span> <span class='ocrx_word' id='word_1_385' title='bbox 1199 4314 1274 4395; x_wconf 89' lang='lat' dir='ltr'>equi</span> <span class='ocrx_word' id='word_1_386' title='bbox 1289 4322 1321 4377; x_wconf 89' lang='lat' dir='ltr'>et</span> <span class='ocrx_word' id='word_1_387' title='bbox 1336 4314 1415 4376; x_wconf 92' lang='lat' dir='ltr'>muli</span> <span class='ocrx_word' id='word_1_388' title='bbox 1438 4335 1472 4379; x_wconf 89' lang='lat' dir='ltr'>se</span> <span class='ocrx_word' id='word_1_389' title='bbox 1493 4317 1621 4397; x_wconf 92' lang='lat' dir='ltr'>babent,</span> <span class='ocrx_word' id='word_1_390' title='bbox 1633 4321 1730 4384; x_wconf 88' lang='lat' dir='ltr'>etiam</span> <span class='ocrx_word' id='word_1_391' title='bbox 1744 4341 1873 4392; x_wconf 56' lang='lat' dir='ltr'>ramae.</span> 
     </span>
    </p>
   </div>
   <div class='ocr_carea' id='block_1_23' title="bbox 986 4412 1731 4496">
    <p class='ocr_par' dir='ltr' id='par_1_25' title="bbox 986 4412 1731 4496">
     <span class='ocr_line' id='line_1_68' title="bbox 986 4412 1731 4496; baseline 0.007 -19"><span class='ocrx_word' id='word_1_392' title='bbox 986 4434 1057 4477; x_wconf 89' lang='lat' dir='ltr'>eum</span> <span class='ocrx_word' id='word_1_393' title='bbox 1081 4432 1218 4496; x_wconf 90' lang='lat' dir='ltr'>persona</span> <span class='ocrx_word' id='word_1_394' title='bbox 1233 4412 1375 4494; x_wconf 88' lang='lat' dir='ltr'>legitime</span> <span class='ocrx_word' id='word_1_395' title='bbox 1397 4415 1555 4496; x_wconf 88' lang='lat' dir='ltr'>copulata.</span> <span class='ocrx_word' id='word_1_396' title='bbox 1572 4421 1731 4482; x_wconf 81' lang='lat' dir='ltr'>Recorda-</span> 
     </span>
    </p>
   </div>
   <div class='ocr_carea' id='block_1_24' title="bbox 59 4511 1732 4724">
    <p class='ocr_par' dir='ltr' id='par_1_26' title="bbox 59 4511 1732 4724">
     <span class='ocr_line' id='line_1_69' title="bbox 986 4511 1731 4597; baseline 0.011 -22"><span class='ocrx_word' id='word_1_397' title='bbox 986 4535 1061 4575; x_wconf 81' lang='lat' dir='ltr'>mur</span> <span class='ocrx_word' id='word_1_398' title='bbox 1081 4514 1233 4591; x_wconf 84' lang='lat' dir='ltr'>piscium.</span> <span class='ocrx_word' id='word_1_399' title='bbox 1251 4512 1284 4573; x_wconf 92' lang='lat' dir='ltr'>fn</span> <span class='ocrx_word' id='word_1_400' title='bbox 1308 4511 1450 4594; x_wconf 89' lang='lat' dir='ltr'>piscibus</span> <span class='ocrx_word' id='word_1_401' title='bbox 1475 4533 1626 4597; x_wconf 90' lang='lat' dir='ltr'>namque,</span> <span class='ocrx_word' id='word_1_402' title='bbox 1648 4519 1731 4582; x_wconf 89' lang='lat' dir='ltr'>sieut</span> 
     </span>
     <span class='ocr_line' id='line_1_70' title="bbox 59 4610 1732 4724; baseline -0.001 -42"><span class='ocrx_word' id='word_1_403' title='bbox 59 4623 169 4724; x_wconf 53' lang='grc' dir='ltr'>ξεν-ω,</span> <span class='ocrx_word' id='word_1_404' title='bbox 186 4618 344 4700; x_wconf 87' lang='lat' dir='ltr'>seriptum</span> <span class='ocrx_word' id='word_1_405' title='bbox 359 4623 409 4677; x_wconf 88' lang='lat' dir='ltr'>est</span> <span class='ocrx_word' id='word_1_406' title='bbox 422 4614 457 4675; x_wconf 92' lang='lat' dir='ltr'>in</span> <span class='ocrx_word' id='word_1_407' title='bbox 474 4612 644 4695; x_wconf 81' lang='lat' dir='ltr'>Sapientia</span> <span class='ocrx_word' id='word_1_408' title='bbox 660 4612 741 4676; x_wconf 95' lang='lat' dir='ltr'>libro</span> <span class='ocrx_word' id='word_1_409' title='bbox 752 4633 759 4676; x_wconf 92' lang='lat'>:</span> <span class='ocrx_word' id='word_1_410' title='bbox 771 4613 932 4677; x_wconf 88' lang='lat' dir='ltr'>Custodite</span> <span class='ocrx_word' id='word_1_411' title='bbox 987 4612 1020 4674; x_wconf 94' lang='lat' dir='ltr'>in</span> <span class='ocrx_word' id='word_1_412' title='bbox 1036 4610 1187 4675; x_wconf 91' lang='lat' dir='ltr'>carnibus</span> <span class='ocrx_word' id='word_1_413' title='bbox 1202 4618 1307 4692; x_wconf 88' lang='lat' dir='ltr'>potest</span> <span class='ocrx_word' id='word_1_414' title='bbox 1319 4628 1396 4680; x_wconf 87' lang='lat' dir='ltr'>esse</span> <span class='ocrx_word' id='word_1_415' title='bbox 1404 4631 1563 4675; x_wconf 85' lang='lat' dir='ltr'>excessus.</span> <span class='ocrx_word' id='word_1_416' title='bbox 1579 4614 1642 4678; x_wconf 88' lang='lat' dir='ltr'>Nee</span> <span class='ocrx_word' id='word_1_417' title='bbox 1658 4619 1732 4680; x_wconf 91' lang='lat' dir='ltr'>reli-</span> 
     </span>
    </p>
   </div>
   <div class='ocr_carea' id='block_1_25' title="bbox 988 4709 1733 4898">
    <p class='ocr_par' dir='ltr' id='par_1_27' title="bbox 988 4709 1733 4898">
     <span class='ocr_line' id='line_1_71' title="bbox 988 4709 1729 4796; baseline 0.009 -23"><span class='ocrx_word' id='word_1_418' title='bbox 988 4711 1096 4791; x_wconf 93' lang='lat' dir='ltr'>giosus</span> <span class='ocrx_word' id='word_1_419' title='bbox 1119 4709 1290 4771; x_wconf 88' lang='lat' dir='ltr'>arbitretur</span> <span class='ocrx_word' id='word_1_420' title='bbox 1304 4727 1338 4772; x_wconf 90' lang='lat' dir='ltr'>se</span> <span class='ocrx_word' id='word_1_421' title='bbox 1353 4727 1504 4790; x_wconf 88' lang='lat' dir='ltr'>magnum</span> <span class='ocrx_word' id='word_1_422' title='bbox 1524 4711 1602 4792; x_wconf 91' lang='lat' dir='ltr'>quid</span> <span class='ocrx_word' id='word_1_423' title='bbox 1624 4734 1729 4796; x_wconf 86' lang='lat' dir='ltr'>agere,</span> 
     </span>
     <span class='ocr_line' id='line_1_72' title="bbox 989 4806 1733 4898; baseline 0.004 -27"><span class='ocrx_word' id='word_1_424' title='bbox 989 4808 1212 4872; x_wconf 88' lang='lat' dir='ltr'>abstinendoa</span> <span class='ocrx_word' id='word_1_425' title='bbox 1232 4806 1380 4869; x_wconf 89' lang='lat' dir='ltr'>carnibus</span> <span class='ocrx_word' id='word_1_426' title='bbox 1400 4816 1432 4870; x_wconf 88' lang='lat' dir='ltr'>et</span> <span class='ocrx_word' id='word_1_427' title='bbox 1451 4827 1469 4870; x_wconf 91' lang='lat' dir='ltr'>a</span> <span class='ocrx_word' id='word_1_428' title='bbox 1485 4808 1572 4887; x_wconf 92' lang='lat' dir='ltr'>vino,</span> <span class='ocrx_word' id='word_1_429' title='bbox 1590 4811 1617 4873; x_wconf 92' lang='lat' dir='ltr'>si</span> <span class='ocrx_word' id='word_1_430' title='bbox 1638 4813 1671 4875; x_wconf 93' lang='lat' dir='ltr'>in</span> <span class='ocrx_word' id='word_1_431' title='bbox 1687 4816 1733 4898; x_wconf 91' lang='lat' dir='ltr'>pi-</span> 
     </span>
    </p>
   </div>
   <div class='ocr_carea' id='block_1_26' title="bbox 51 4905 1738 5388">
    <p class='ocr_par' dir='ltr' id='par_1_28' title="bbox 51 4905 1738 5388">
     <span class='ocr_line' id='line_1_73' title="bbox 63 4905 1733 4988; baseline -0.013 -7"><span class='ocrx_word' id='word_1_432' title='bbox 63 4912 326 4975; x_wconf 66' lang='lat' dir='ltr'>rem.111,Th1=0njs</span> <span class='ocrx_word' id='word_1_433' title='bbox 344 4929 351 4971; x_wconf 77' lang='grc' dir='ltr'>ε</span> <span class='ocrx_word' id='word_1_434' title='bbox 369 4909 449 4983; x_wconf 87' lang='lat' dir='ltr'>Quid</span> <span class='ocrx_word' id='word_1_435' title='bbox 469 4907 682 4970; x_wconf 92' lang='lat' dir='ltr'>murmuravit</span> <span class='ocrx_word' id='word_1_436' title='bbox 700 4907 795 4971; x_wconf 92' lang='lat' dir='ltr'>horno</span> <span class='ocrx_word' id='word_1_437' title='bbox 811 4907 932 4986; x_wconf 89' lang='lat' dir='ltr'>vivens,</span> <span class='ocrx_word' id='word_1_438' title='bbox 990 4907 1092 4969; x_wconf 90' lang='lat' dir='ltr'>scium</span> <span class='ocrx_word' id='word_1_439' title='bbox 1108 4905 1261 4988; x_wconf 87' lang='lat' dir='ltr'>qualitate</span> <span class='ocrx_word' id='word_1_440' title='bbox 1275 4914 1331 4968; x_wconf 89' lang='lat' dir='ltr'>aut</span> <span class='ocrx_word' id='word_1_441' title='bbox 1344 4907 1533 4987; x_wconf 87' lang='lat' dir='ltr'>quantitate,</span> <span class='ocrx_word' id='word_1_442' title='bbox 1542 4919 1733 4976; x_wconf 72' lang='lat' dir='ltr'>ceterorum.</span> 
     </span>
     <span class='ocr_line' id='line_1_74' title="bbox 189 5004 1735 5092; baseline -0.006 -17"><span class='ocrx_word' id='word_1_443' title='bbox 189 5013 240 5075; x_wconf 92' lang='lat' dir='ltr'>vir</span> <span class='ocrx_word' id='word_1_444' title='bbox 260 5028 319 5092; x_wconf 94' lang='lat' dir='ltr'>pro</span> <span class='ocrx_word' id='word_1_445' title='bbox 344 5007 469 5071; x_wconf 91' lang='lat' dir='ltr'>defictis</span> <span class='ocrx_word' id='word_1_446' title='bbox 494 5007 583 5069; x_wconf 81' lang='lat' dir='ltr'>suist</span> <span class='ocrx_word' id='word_1_447' title='bbox 603 5006 780 5080; x_wconf 82' lang='lat' dir='ltr'>Quocontra</span> <span class='ocrx_word' id='word_1_448' title='bbox 805 5007 850 5069; x_wconf 91' lang='lat' dir='ltr'>ait</span> <span class='ocrx_word' id='word_1_449' title='bbox 873 5008 936 5070; x_wconf 85' lang='lat' dir='ltr'>alio</span> <span class='ocrx_word' id='word_1_450' title='bbox 950 5013 975 5074; x_wconf 88' lang='lat' dir='ltr'>l)</span> <span class='ocrx_word' id='word_1_451' title='bbox 991 5025 1029 5069; x_wconf 91' lang='lat' dir='ltr'>ve</span> <span class='ocrx_word' id='word_1_452' title='bbox 1040 5004 1226 5087; x_wconf 91' lang='lat' dir='ltr'>poculorum</span> <span class='ocrx_word' id='word_1_453' title='bbox 1242 5023 1391 5066; x_wconf 88' lang='lat' dir='ltr'>mensura</span> <span class='ocrx_word' id='word_1_454' title='bbox 1405 5006 1545 5070; x_wconf 84' lang='lat' dir='ltr'>excedat.</span> <span class='ocrx_word' id='word_1_455' title='bbox 1558 5008 1735 5089; x_wconf 84' lang='lat' dir='ltr'>Religiosus</span> 
     </span>
     <span class='ocr_line' id='line_1_75' title="bbox 52 5101 1737 5192; baseline 0.005 -29"><span class='ocrx_word' id='word_1_456' title='bbox 52 5121 177 5176; x_wconf 65' lang='lat' dir='ltr'>acerram.</span> <span class='ocrx_word' id='word_1_457' title='bbox 190 5111 351 5192; x_wconf 90' lang='lat' dir='ltr'>scriptura</span> <span class='ocrx_word' id='word_1_458' title='bbox 369 5127 376 5172; x_wconf 92' lang='lat'>:</span> <span class='ocrx_word' id='word_1_459' title='bbox 396 5105 453 5170; x_wconf 86' lang='lat' dir='ltr'>Vir</span> <span class='ocrx_word' id='word_1_460' title='bbox 472 5105 612 5186; x_wconf 91' lang='lat' dir='ltr'>sapiens,</span> <span class='ocrx_word' id='word_1_461' title='bbox 636 5123 700 5168; x_wconf 92' lang='lat' dir='ltr'>non</span> <span class='ocrx_word' id='word_1_462' title='bbox 724 5106 937 5168; x_wconf 91' lang='lat' dir='ltr'>murmurabit</span> <span class='ocrx_word' id='word_1_463' title='bbox 992 5105 1100 5185; x_wconf 89' lang='lat' dir='ltr'>itaque</span> <span class='ocrx_word' id='word_1_464' title='bbox 1115 5103 1190 5166; x_wconf 87' lang='lat' dir='ltr'>tetis</span> <span class='ocrx_word' id='word_1_465' title='bbox 1206 5101 1392 5184; x_wconf 80' lang='lat' dir='ltr'>praecordiis</span> <span class='ocrx_word' id='word_1_466' title='bbox 1408 5122 1442 5165; x_wconf 92' lang='lat' dir='ltr'>se</span> <span class='ocrx_word' id='word_1_467' title='bbox 1452 5104 1624 5170; x_wconf 88' lang='lat' dir='ltr'>transferat</span> <span class='ocrx_word' id='word_1_468' title='bbox 1633 5110 1673 5171; x_wconf 92' lang='lat' dir='ltr'>ad</span> <span class='ocrx_word' id='word_1_469' title='bbox 1687 5111 1737 5172; x_wconf 93' lang='lat' dir='ltr'>di-</span> 
     </span>
     <span class='ocr_line' id='line_1_76' title="bbox 51 5199 1738 5289; baseline -0.014 -12"><span class='ocrx_word' id='word_1_470' title='bbox 51 5220 176 5274; x_wconf 64' lang='lat' dir='ltr'>tos-mn.</span> <span class='ocrx_word' id='word_1_471' title='bbox 191 5216 358 5289; x_wconf 87' lang='lat' dir='ltr'>correptus</span> <span class='ocrx_word' id='word_1_472' title='bbox 376 5229 383 5280; x_wconf 90' lang='lat'><strong>;</strong></span> <span class='ocrx_word' id='word_1_473' title='bbox 409 5213 454 5282; x_wconf 92' lang='lat' dir='ltr'>et,</span> <span class='ocrx_word' id='word_1_474' title='bbox 481 5203 549 5268; x_wconf 90' lang='lat' dir='ltr'>Nou</span> <span class='ocrx_word' id='word_1_475' title='bbox 574 5203 775 5267; x_wconf 88' lang='lat' dir='ltr'>contristabit</span> <span class='ocrx_word' id='word_1_476' title='bbox 802 5206 936 5284; x_wconf 88' lang='lat' dir='ltr'>justum,</span> <span class='ocrx_word' id='word_1_477' title='bbox 992 5201 1077 5278; x_wconf 91' lang='lat' dir='ltr'>vina,</span> <span class='ocrx_word' id='word_1_478' title='bbox 1099 5210 1132 5263; x_wconf 89' lang='lat' dir='ltr'>ct</span> <span class='ocrx_word' id='word_1_479' title='bbox 1148 5200 1180 5262; x_wconf 93' lang='lat' dir='ltr'>in</span> <span class='ocrx_word' id='word_1_480' title='bbox 1196 5199 1412 5281; x_wconf 90' lang='lat' dir='ltr'>spiritualium</span> <span class='ocrx_word' id='word_1_481' title='bbox 1428 5203 1673 5269; x_wconf 90' lang='lat' dir='ltr'>transformetur</span> <span class='ocrx_word' id='word_1_482' title='bbox 1690 5207 1738 5269; x_wconf 91' lang='lat' dir='ltr'>af.</span> 
     </span>
     <span class='ocr_line' id='line_1_77' title="bbox 191 5299 1736 5388; baseline -0.016 -18"><span class='ocrx_word' id='word_1_483' title='bbox 191 5304 350 5388; x_wconf 91' lang='lat' dir='ltr'>quidquid</span> <span class='ocrx_word' id='word_1_484' title='bbox 361 5303 391 5366; x_wconf 92' lang='lat' dir='ltr'>ci</span> <span class='ocrx_word' id='word_1_485' title='bbox 401 5302 561 5366; x_wconf 85' lang='lat' dir='ltr'>acciderit</span> <span class='ocrx_word' id='word_1_486' title='bbox 571 5299 651 5364; x_wconf 87' lang='lat' dir='ltr'>Hinc</span> <span class='ocrx_word' id='word_1_487' title='bbox 661 5301 807 5364; x_wconf 84' lang='lat' dir='ltr'>Rabanus</span> <span class='ocrx_word' id='word_1_488' title='bbox 823 5301 937 5382; x_wconf 89' lang='lat' dir='ltr'>:ignis,</span> <span class='ocrx_word' id='word_1_489' title='bbox 993 5299 1112 5363; x_wconf 93' lang='lat' dir='ltr'>fectum</span> <span class='ocrx_word' id='word_1_490' title='bbox 1141 5306 1173 5360; x_wconf 90' lang='lat' dir='ltr'>et</span> <span class='ocrx_word' id='word_1_491' title='bbox 1200 5307 1354 5378; x_wconf 78' lang='lat' dir='ltr'>gustum3</span> <span class='ocrx_word' id='word_1_492' title='bbox 1380 5317 1439 5362; x_wconf 89' lang='lat' dir='ltr'>nec</span> <span class='ocrx_word' id='word_1_493' title='bbox 1468 5319 1506 5363; x_wconf 71' lang='lat' dir='ltr'>aa</span> <span class='ocrx_word' id='word_1_494' title='bbox 1533 5321 1606 5382; x_wconf 58' lang='lat' dir='ltr'>qum</span> <span class='ocrx_word' id='word_1_495' title='bbox 1634 5305 1736 5368; x_wconf 61' lang='lat' dir='ltr'>gemel</span> 
     </span>
    </p>
   </div>
   <div class='ocr_carea' id='block_1_27' title="bbox 51 4984 80 5025">
    <p class='ocr_par' dir='ltr' id='par_1_29' title="bbox 51 4984 80 5025">
     <span class='ocr_line' id='line_1_78' title="bbox 51 4984 80 5025; baseline 0.103 -3"><span class='ocrx_word' id='word_1_496' title='bbox 51 4984 80 5025; x_wconf 78' lang='lat' dir='ltr'>tt.</span> 
     </span>
    </p>
   </div>
   <div class='ocr_carea' id='block_1_28' title="bbox 318 5435 393 5490">
    <p class='ocr_par' dir='ltr' id='par_1_30' title="bbox 318 5435 393 5490">
     <span class='ocr_line' id='line_1_79' title="bbox 318 5435 393 5490; baseline -0.08 0"><span class='ocrx_word' id='word_1_497' title='bbox 318 5437 351 5490; x_wconf 90' lang='lat' dir='ltr'>T.</span> <span class='ocrx_word' id='word_1_498' title='bbox 370 5435 393 5485; x_wconf 80' lang='lat'>2.</span> 
     </span>
    </p>
   </div>
   <div class='ocr_carea' id='block_1_29' title="bbox 1582 5436 1613 5487">
    <p class='ocr_par' dir='ltr' id='par_1_31' title="bbox 1582 5436 1613 5487">
     <span class='ocr_line' id='line_1_80' title="bbox 1582 5436 1613 5487; baseline 0 0"><span class='ocrx_word' id='word_1_499' title='bbox 1582 5436 1613 5487; x_wconf 79' lang='lat'>25</span> 
     </span>
    </p>
   </div>
   <div class='ocr_carea' id='block_1_30' title="bbox 0 0 2169 6259">
    <p class='ocr_par' dir='ltr' id='par_1_32' title="bbox 0 0 2169 6259">
     <span class='ocr_line' id='line_1_81' title="bbox 0 0 2169 6259; baseline 0 0"><span class='ocrx_word' id='word_1_500' title='bbox 0 0 2169 6259; x_wconf 95' lang='lat' dir='ltr'> </span> 
     </span>
    </p>
   </div>
  </div>
 </body>
</html>
