4309 6259
568 492 743 539 ananmrro
764 492 794 537 nv
816 490 884 537 aar.
907 488 1006 537 naui
1027 490 1129 538 axona
1151 512 1192 524 -
1211 494 1283 541 aar.
1306 496 1375 543 mv
1676 482 1736 547 tta

183 682 274 727 meat.
284 666 447 726 Invenisti
456 668 543 727 enim
555 666 702 742 gratiam
712 686 820 725 corona
836 684 894 734 me,
904 674 934 725 et
948 662 973 725 Α
988 665 1084 729 Porro
1098 669 1273 730 secundum
1294 668 1419 751 Lyram,
1436 670 1471 731 in
1491 670 1622 735 Hebraeo
1638 672 1734 737 habe-

183 772 213 822 te
227 765 336 841 ipsam
352 767 430 823 novi
450 786 490 824 ec
504 766 649 833 nomine,
661 763 692 825 id
709 772 767 839 θεῖ,
786 772 849 825 tam
866 781 933 844 spe-
987 772 1049 843 tur,
1066 765 1181 847 Legam
1197 766 1231 828 in
1249 767 1379 831 nomine
1394 788 1477 832 meo.
1494 769 1583 843 Quod
1598 771 1734 853 quidam

180 861 307 925 cialiter
322 881 358 924 ac
375 862 554 926 eminenter
569 862 647 924 mihi
665 862 780 945 places,
790 870 822 925 et
838 869 931 924 notus
985 863 1108 927 Hebraei
1124 865 1384 947 interpretantur,
1397 868 1551 946 dicentes,
1564 870 1651 951 quod
1667 870 1730 933 lleo

180 978 218 1021 ac
233 978 327 1022 carus
342 980 388 1037 es,
406 962 491 1041 quod
505 970 537 1022 et
560 979 617 1043 pro
632 959 704 1023 aliis
728 968 758 1023 te
781 961 931 1023 itaexau-
986 962 1047 1045 ipsi
1078 964 1173 1046 Moysi
1204 974 1392 1047 apparente,
1422 967 1542 1049 Moyses
1571 968 1655 1031 vidit
1686 968 1731 1031 ibi

180 1058 350 1139 dio,quem
368 1068 431 1121 tam
447 1060 650 1123 caritativum
665 1067 697 1123 et
712 1059 843 1122 fidelem
859 1077 931 1122 con·
986 1062 1176 1143 scripturam
1193 1064 1410 1127 continentem
1431 1066 1599 1129 duodecim
1619 1068 1731 1130 modos

180 1156 931 1241 spicioUndeSeptuagintatranstulerunt,Seio
985 1159 1177 1241 impetrandi
1200 1160 1450 1227 misericordiam
1471 1164 1525 1229 bei
1548 1165 1670 1248 absque
1686 1167 1732 1229 al-

181 1264 213 1317 te
228 1275 294 1337 prae
310 1256 460 1319 omnibus
479 1274 485 1318 :
506 1258 616 1338 sieque
631 1256 757 1320 videtur
772 1257 857 1338 quod
873 1255 930 1318 illo
986 1258 1144 1339 legatione
1169 1260 1355 1323 meritorum
1380 1262 1632 1327 Patriarcbarum
1658 1284 1730 1327 san-

181 1353 216 1415 in
233 1362 377 1437 tempore
387 1355 491 1419 carior
506 1354 604 1419 fuerit
615 1356 688 1431 lleo,
698 1374 794 1436 quam
811 1353 929 1435 aliquis
984 1365 1108 1420 etorum
1131 1366 1198 1420 :·ut
1222 1360 1264 1421 sit
1288 1378 1412 1437 sensus,
1428 1360 1584 1425 invocabo
1609 1381 1665 1425 seu
1689 1362 1732 1426 le·

179 1452 262 1515 alter
277 1462 359 1517 tunc
380 1454 503 1517 vivens.
523 1456 586 1523 Qut
606 1456 654 1515 ait
669 1476 681 1514 .·
698 1457 831 1517 Ostende
847 1454 930 1514 milri
983 1473 1067 1536 gam,
1085 1457 1118 1519 id
1137 1466 1196 1535 est,
1213 1458 1334 1522 docebo
1350 1466 1381 1522 ῖθ
1397 1459 1546 1524 invocare
1560 1468 1593 1523 et
1612 1460 1728 1524 faciam

176 1555 322 1629 gloriam
343 1542 444 1615 ticam.
467 1554 512 1615 Ex
537 1553 745 1635 praeinductis
769 1551 930 1631 gratiosis·
985 1562 1015 1617 te
1039 1555 1145 1635 legere
1171 1557 1372 1638 scripturam,
1399 1558 1566 1623 docentem
1592 1560 1730 1642 qualiter

180 1650 273 1713 simis
300 1652 354 1715 Dei
379 1652 486 1715 verbis
510 1652 621 1715 divino
645 1669 753 1714 amore
777 1669 929 1713 accensus
984 1654 1045 1715 sim
1063 1654 1260 1717 invocandus
1276 1655 1308 1717 in
1325 1657 1456 1721 nomine
1471 1659 1596 1736 meo,id
1611 1668 1660 1723 est
1674 1678 1731 1742 per

179 1751 287 1814 valide
313 1750 443 1833 Moyses,
471 1760 503 1813 θῖ
527 1751 733 1814 vehementer
757 1751 796 1813 de
821 1748 929 1811 divina
984 1750 1146 1833 propriam
1176 1752 1352 1815 bonitatem
1382 1773 1438 1817 seu
1469 1772 1526 1836 per
1548 1774 1600 1819 me
1625 1756 1730 1839 ipsum

179 1849 311 1931 pietate,
333 1869 430 1931 quam
453 1851 486 1911 in
509 1868 543 1913 se
566 1849 671 1913 taliter
693 1847 927 1931 experiebatur,
947 1848 1053 1912 Bsine
1073 1851 1376 1915 commemoratione
1391 1853 1654 1917 Patriarcbarum.
1672 1855 1732 1919 lle-

179 1968 391 2029 praesumem,
408 1969 504 2012 ausus
519 1957 568 2012 est
587 1948 749 2031 postulare
767 1968 773 2013 :
792 1946 928 2009 Ostende
985 1950 1335 2031 rumtamen,quoniam
1349 1951 1389 2015 de
1405 1951 1474 2013 istis
1485 1952 1653 2015 duodecim
1669 1972 1732 2017 mo

178 2047 261 2108 mibi
277 2047 414 2128 gloriam
431 2056 529 2123 tuam,
548 2048 654 2124 idest,
673 2046 720 2109 tui
742 2046 844 2129 ipsius
864 2063 929 2107 ma·
985 2047 1033 2109 dis
1054 2048 1236 2125 invocandi,
1254 2049 1417 2132 Scriptura
1438 2051 1499 2114 boe
1522 2052 1592 2116 loeo
1613 2052 1660 2115 nil
1683 2052 1731 2116 lo·

177 2147 328 2226 jestatem
350 2154 383 2209 et
408 2145 639 2209 beatitudinem
666 2144 850 2221 increatam,
874 2162 930 2206 seu
983 2146 1104 2228 quitur,
1120 2146 1186 2210 imo
1208 2167 1266 2211 nec
1290 2147 1379 2225 alibi,
1405 2150 1506 2231 possit
1527 2152 1599 2233 quis
1621 2151 1730 2215 forsan

181 2254 212 2307 te
228 2244 336 2325 ipsum
351 2244 565 2308 essentialiter
580 2244 766 2325 gloriosum,
785 2242 835 2306 vel
852 2242 931 2304 frui·
985 2246 1101 2323 dicere,
1114 2245 1270 2309 ficticium
1286 2249 1457 2331 essequod
1472 2249 1594 2314 llebraei
1610 2252 1650 2314 de
1666 2250 1731 2314 illis

179 2344 301 2407 tionem
315 2352 402 2407 tuam
415 2344 593 2423 gloriosam,
604 2362 701 2425 quam
715 2342 833 2405 babent
843 2341 929 2404 Beati
984 2344 1153 2408 duodecim
1168 2346 1273 2409 modis
1288 2346 1411 2409 dieunt.

181 2441 214 2503 in
234 2460 345 2521 regno,
358 2442 509 2524 imponde
524 2442 604 2504 mibi
620 2442 660 2504 ad
676 2441 797 2505 boram.
816 2440 853 2502 Et
868 2440 929 2502 boc
1026 2446 1068 2505 Εῖ
1087 2447 1256 2506 miserebor
1274 2448 1330 2506 cat
1345 2450 1485 2519 volum,
1503 2447 1535 2509 id
1557 2455 1616 2526 θεῖ,
1639 2450 1730 2530 juxta

179 2541 264 2604 redit
279 2542 312 2603 in
330 2542 427 2617 idem,
439 2541 591 2624 quoniam
606 2542 663 2623 qui
679 2540 725 2603 sic
741 2540 804 2603 lleo
821 2540 931 2602 fruun-
985 2541 1223 2625 beneplacitum
1244 2564 1362 2622 meum,
1380 2545 1501 2628 absque
1516 2546 1643 2629 praeviis
1666 2566 1732 2611 me·

180 2649 243 2717 tur,
261 2640 374 2703 vident
388 2639 473 2703 clare
493 2658 550 2722 per
566 2640 706 2721 speciem
722 2638 864 2703 divinam
880 2656 928 2703 es·
986 2640 1055 2703 ritis
1086 2642 1266 2721 hominum,
1292 2644 1468 2708 miserebor
1498 2643 1642 2711 finaliter
1666 2647 1729 2724 bis,

180 2738 330 2801 sentiam.
985 2759 1065 2823 quos
1087 2751 1201 2824 sponte
1220 2742 1302 2824 elegi
1322 2752 1354 2806 et
1368 2743 1549 2807 voluntarie
1569 2746 1733 2827 praedesti-

221 2846 399 2922 Reapondtt
415 2863 426 2905 .·
438 2845 507 2921 Epo
521 2846 687 2904 ostendam
703 2863 796 2903 emate
810 2845 929 2903 bonnm
986 2841 1071 2917 navi,
1089 2841 1186 2905 etiam
1205 2840 1233 2903 si
1249 2860 1306 2924 per
1321 2841 1507 2907 Sanctorum
1532 2844 1646 2907 merita
1665 2863 1730 2908 non

180 2943 251 3014 tt'bi,
269 2942 301 3004 id
318 2950 378 3018 est,
397 2949 540 3023 tempore
555 2941 768 3023 praeordinato
783 2941 815 3002 in
833 2958 930 3020 regno
986 2940 1116 3004 invocor
1130 2958 1188 3023 pro
1198 2940 1328 3003 illorum
1344 2940 1538 3016 salvatione;
1551 2953 1580 3004 et
1595 2948 1730 3005 comens

177 3039 391 3103 beatitudinis
412 3040 624 3104 manifestabo
640 3060 691 3103 me
712 3040 782 3117 tibi,
801 3047 832 3102 θῖ
848 3040 930 3104 dabo
948 3036 1037 3100 Caro
1052 3042 1089 3099 in
1104 3060 1197 3119 quem
1213 3041 1297 3101 milvi
1307 3042 1483 3117 plaetterit,
1494 3040 1527 3102 id
1538 3050 1596 3119 est,
1609 3040 1732 3105 liberri-

178 3138 240 3202 tibi
251 3139 382 3222 plenam
398 3137 595 3216 felicitatem,
614 3139 678 3203 imo
694 3148 726 3203 et
741 3159 792 3204 me
808 3139 925 3221 ipsum,
985 3156 1036 3201 mc
1061 3136 1243 3218 indulgebo,
1270 3145 1302 3200 et
1327 3137 1461 3201 salutem
1488 3140 1645 3221 prestabo
1667 3140 1732 3203 cui·

177 3239 236 3320 qui
262 3258 334 3301 sum
360 3257 523 3301 summum
553 3248 649 3321 atque
674 3238 851 3321 perfectum
877 3237 931 3302 bo-
985 3255 1123 3317 cumque
1133 3236 1237 3299 visum
1249 3234 1345 3299 fuerit
1355 3236 1436 3299 mibi
1452 3236 1624 3315 bonum,et
1633 3258 1730 3320 quem

179 3356 270 3414 num,
288 3338 323 3399 in
339 3356 404 3419 quo
419 3345 468 3401 est
482 3337 626 3399 omnium
641 3337 798 3400 bonorum
814 3344 846 3400 et
861 3337 932 3419 pul·
986 3334 1114 3398 voluero
1125 3334 1229 3398 facere
1239 3354 1294 3399 vas
1305 3335 1531 3400 misericordie
1540 3356 1731 3418 meaaquum

175 3437 330 3500 ebrorum
348 3436 516 3518 plenitudo
537 3436 702 3499 immensa.
721 3436 754 3498 ln
777 3435 835 3498 bac
853 3452 931 3515 quo·
986 3452 1056 3497 mea
1071 3434 1219 3496 voluntas
1235 3433 1276 3495 sit
1291 3434 1437 3497 omnium
1457 3435 1561 3517 prima
1575 3454 1682 3514 eausa,
1700 3445 1733 3499 et
1832 3475 1836 3481 -

176 3555 243 3617 que
258 3536 325 3598 vita
344 3535 428 3598 dabo
448 3534 508 3598 tibi
527 3552 622 3598 omne
642 3535 800 3597 charisma
820 3534 930 3615 gratie
985 3532 1093 3596 omnia
1121 3550 1213 3612 agam
1242 3534 1418 3595 secundum
1445 3533 1619 3596 voluntatis
1650 3554 1729 3599 meae

176 3654 217 3697 ac
231 3635 400 3711 virtutum,
417 3643 514 3715 atque
534 3652 590 3717 per
607 3633 704 3697 fidem
719 3642 751 3697 et
767 3634 930 3715 sapientia
987 3632 1197 3714 propositum.
1214 3632 1294 3695 Mine
1309 3652 1408 3714 quum
1429 3632 1571 3697 Salvator
1586 3634 1729 3712 dixisset,

177 3736 302 3797 donum
312 3733 396 3796 dabo
410 3732 469 3795 tibi
482 3751 674 3815 cognoscere
689 3734 772 3796 bona
787 3732 928 3815 prelata.
984 3729 1148 3794 Confiteor
1171 3730 1241 3807 tibi,
1258 3731 1358 3808 Pater,
1377 3731 1509 3793 Domine
1522 3731 1597 3795 coeli
1618 3740 1650 3795 et
1672 3742 1732 3797 ter·
1756 3752 1878 3803 aternu,

176 3835 224 3894 Εῖ
249 3834 365 3893 vocabo
390 3832 428 3891 ia
449 3834 580 3891 nomine
603 3833 738 3892 Domini
760 3828 868 3891 coram
891 3842 928 3892 te.
986 3850 1037 3906 raa,
1062 3829 1138 3910 quia
1161 3830 1358 3892 abscondisti
1383 3829 1450 3893 brac
1474 3850 1493 3892 a
1517 3831 1728 3912 sapientibus,
1746 3818 1820 3867 ‘⁵¹²⁶'

178 3931 290 4013 Aliqui
310 3938 415 3993 textus
436 3930 566 4007 habent,
580 3928 734 3993 Vocabor.
753 3929 930 3993 Translatio
985 3936 1057 4005 etc,
1071 3948 1132 4010 pro
1144 3947 1239 3992 causa
1253 3927 1371 4009 adjecit
1387 3946 1394 3992 :
1413 3927 1528 4006 Etiam,
1540 3929 1641 4006 Pater,
1654 3930 1731 4011 quia

176 4038 288 4093 autem
304 4028 594 4111 septuagintaque
610 4028 710 4090 utitur
721 4028 928 4109 Augustinus,
986 4028 1031 4089 sic
1047 4025 1200 4109 placitum
1216 4026 1278 4089 fuit
1293 4045 1400 4090 eoram
1416 4034 1457 4090 te.
1470 4025 1641 4109 Apostolus
1656 4046 1733 4109 quo

176 4128 288 4205 habet,
300 4127 439 4191 Vocabo.
458 4127 496 4188 Εῖ
512 4134 547 4189 ut
560 4127 674 4189 asserit
694 4126 790 4203 idom,
803 4126 929 4189 Vocabo
985 4145 1048 4208 que
1069 4126 1110 4188 ad
1130 4127 1288 4189 Romanos
1310 4125 1452 4190 fatetur:
1474 4126 1571 4206 lgitur
1592 4145 1656 4189 non
1677 4145 1732 4190 vo
1771 4148 1836 4192 aaa.
1851 4160 1878 4198 ιι,

178 4227 314 4309 ponitur
329 4225 375 4287 ibi
393 4244 450 4307 pro
461 4223 776 4301 Vocabor,videlieet
790 4225 929 4287 activum
946 4228 970 4290 D
986 4225 1081 4288 lentis
1102 4244 1205 4306 neque
1220 4225 1389 4301 currentis,
1407 4226 1463 4287 sed
1485 4225 1669 4289 miserentis
1683 4233 1733 4288 est
1749 4214 1782 4262 ¹“'
1792 4214 1824 4254 ¹⁸·

178 4343 240 4407 pro
255 4323 557 4407 passivo,inusitato
569 4322 719 4404 loquendi
735 4322 931 4403 generaUn·
986 4323 1051 4387 Ilei.
1073 4323 1157 4386 Dicis
1177 4324 1295 4405 itaque,
1313 4323 1395 4403 Ergo
1409 4324 1501 4405 cujus
1516 4324 1585 4387 vult
1601 4324 1733 4388 misere-

176 4426 221 4487 de
236 4432 268 4487 et
283 4422 431 4505 Magister
445 4422 478 4483 in
495 4420 638 4484 bistoriis
655 4421 698 4484 ita
713 4421 844 4504 exponit
856 4439 862 4483 :
874 4422 932 4485 llo
987 4432 1047 4499 tur,
1065 4430 1097 4485 et
1117 4440 1212 4503 quem
1235 4422 1304 4485 vult
1325 4421 1464 4499 indurat,
1487 4432 1547 4486 ete.
1565 4423 1654 4486 Unde
1676 4441 1733 4505 per

176 4524 262 4587 cabo
283 4524 317 4584 in
339 4520 469 4585 nomine
485 4520 609 4583 Domini
630 4539 737 4584 coram
760 4529 800 4597 te,
820 4521 926 4597 idest,
984 4521 1154 4585 leremiam
1169 4520 1322 4583 Dominus
1337 4529 1534 4585 contestatur
1551 4542 1558 4586 :
1576 4522 1656 4585 Eece
1671 4522 1733 4585 sic·
1747 4536 1881 4587 emuna.

177 4622 299 4685 faciam
315 4639 367 4683 me
377 4619 485 4683 vocari
496 4620 594 4683 ileum
610 4638 646 4681 ae
660 4619 772 4683 ducem
789 4628 929 4683 vestrum
987 4630 1021 4683 ut
1037 4621 1139 4683 lutum
1156 4620 1188 4681 in
1205 4638 1302 4682 manu
1317 4618 1420 4700 figuli,
1439 4620 1483 4683 ita
1498 4629 1529 4684 et
1544 4639 1601 4684 vos
1617 4620 1651 4683 in
1668 4640 1734 4683 ma-

177 4741 221 4784 cx
245 4718 422 4795 miraculis,
449 4737 521 4798 quaa
547 4736 616 4779 sum
647 4705 800 4781 facturus.
827 4718 931 4781 Potest
988 4738 1129 4782 numea.

122 4888 134 4897 ,
179 4830 291 4884 tamen
312 4826 344 4881 et
366 4817 412 4880 sie
434 4816 550 4899 exponi
568 4834 575 4878 :
593 4816 721 4880 Vocabo
742 4816 776 4879 in
802 4816 931 4879 nomine
1025 4822 1232 4898 Remumque
1247 4820 1317 4879 ait:
1334 4818 1408 4879 Non
1420 4820 1540 4895 poteria
1554 4819 1663 4878 vidae
1676 4820 1733 4896 fa-

180 4918 311 4981 Domini
335 4934 442 4979 eoram
464 4922 506 4991 te,
530 4914 562 4977 id
585 4924 644 4992 θεῖ,
668 4924 697 4979 ῖθ
719 4924 932 4998 praesentem
987 4920 1068 4978 clem
1082 4937 1198 4987 ewam,
1215 4914 1247 4976 id
1269 4923 1327 4991 est,
1350 4915 1520 4977 essentiam
1543 4934 1646 4978 meam
1669 4935 1733 4979 non

177 5016 337 5083 audiente
353 5013 496 5077 invitabo
520 5022 549 5077 te
570 5013 604 5076 in
627 5014 757 5078 nomine
777 5032 860 5093 meo,
878 5034 933 5078 sou
988 5022 1077 5097 potes
1093 5015 1243 5095 elarcper
1259 5013 1398 5095 speeiem
1416 5013 1532 5077 intueri
1548 5013 1582 5075 in
1597 5014 1656 5077 bac
1667 5015 1734 5078 vita

178 5116 316 5201 propria
340 5121 497 5196 potestate
522 5122 554 5176 et
578 5112 775 5191 auctoritate,
797 5113 837 5175 ad
860 5132 946 5177 con·
988 5112 1126 5189 mortali,
1144 5112 1282 5176 vivendo
1302 5111 1335 5174 in
1356 5130 1393 5174 ea
1408 5111 1474 5175 vita
1494 5112 1644 5189 bumana,
1667 5132 1736 5176 cor-

178 5214 428 5298 templationem
439 5220 471 5275 et
486 5211 722 5275 invocationem
739 5211 802 5275 mei
819 5211 931 5294 ipsius.
988 5230 1096 5293 porea,
1113 5208 1276 5273 sensitiva.
1291 5212 1365 5273 Non
1380 5212 1470 5272 enim
1485 5212 1605 5272 videbit
1619 5231 1669 5272 nae
1683 5212 1736 5271 lto-

175 5315 272 5390 Quod
293 5310 433 5395 qualiter
453 5309 574 5373 factum
598 5311 649 5387 sit,
667 5310 774 5374 statim
796 5310 931 5374 dicetur.
988 5330 1038 5372 arto
1054 5310 1089 5372 in
1109 5310 1169 5372 bac
1190 5309 1255 5370 vita
1278 5326 1335 5390 per
1357 5309 1507 5391 speciem,
1524 5319 1554 5370 et
1569 5311 1655 5370 vivet
1670 5309 1737 5373 vita

311 5445 345 5497 Τ.
361 5444 386 5494 2.
1598 5443 1613 5493 θ
