<?xml version="1.0" encoding="UTF-8"?>
<!DOCTYPE html PUBLIC "-//W3C//DTD XHTML 1.0 Transitional//EN"
    "http://www.w3.org/TR/xhtml1/DTD/xhtml1-transitional.dtd">
<html xmlns="http://www.w3.org/1999/xhtml" xml:lang="en" lang="en">
 <head>
  <title>
</title>
<meta http-equiv="Content-Type" content="text/html;charset=utf-8" />
  <meta name='ocr-system' content='tesseract 3.04.00' />
  <meta name='ocr-capabilities' content='ocr_page ocr_carea ocr_par ocr_line ocrx_word'/>
</head>
<body>
  <div class='ocr_page' id='page_1' title='image "./doctorisecstati00unkngoog_0423.png"; bbox 0 0 4309 6259; ppageno 0'>
   <div class='ocr_carea' id='block_1_1' title="bbox 574 503 1358 552">
    <p class='ocr_par' dir='ltr' id='par_1_1' title="bbox 574 503 1358 552">
     <span class='ocr_line' id='line_1_1' title="bbox 574 503 1358 552; baseline 0 -2"><span class='ocrx_word' id='word_1_1' title='bbox 574 505 748 551; x_wconf 71' lang='lat' dir='ltr'>machario</span> <span class='ocrx_word' id='word_1_2' title='bbox 770 505 800 550; x_wconf 90' lang='lat' dir='ltr'>lN</span> <span class='ocrx_word' id='word_1_3' title='bbox 820 505 888 552; x_wconf 78' lang='lat' dir='ltr'><strong>GAP.</strong></span> <span class='ocrx_word' id='word_1_4' title='bbox 912 506 931 548; x_wconf 80' lang='lat' dir='ltr'>V</span> <span class='ocrx_word' id='word_1_5' title='bbox 952 503 1148 550; x_wconf 82' lang='lat' dir='ltr'>NUllllltOllllll.</span> <span class='ocrx_word' id='word_1_6' title='bbox 1170 523 1211 534; x_wconf 92' lang='grc'><strong>-</strong></span> <span class='ocrx_word' id='word_1_7' title='bbox 1231 504 1303 551; x_wconf 75' lang='lat' dir='ltr'>aar.</span> <span class='ocrx_word' id='word_1_8' title='bbox 1326 504 1358 550; x_wconf 83' lang='lat' dir='ltr'>tx</span> 
     </span>
    </p>
   </div>
   <div class='ocr_carea' id='block_1_2' title="bbox 1677 478 1737 544">
    <p class='ocr_par' dir='ltr' id='par_1_2' title="bbox 1677 478 1737 544">
     <span class='ocr_line' id='line_1_2' title="bbox 1677 478 1737 544; baseline -0.017 0"><span class='ocrx_word' id='word_1_9' title='bbox 1677 478 1737 544; x_wconf 79' lang='lat' dir='ltr'>atr</span> 
     </span>
    </p>
   </div>
   <div class='ocr_carea' id='block_1_3' title="bbox 191 672 1736 758">
    <p class='ocr_par' dir='ltr' id='par_1_3' title="bbox 191 672 1736 758">
     <span class='ocr_line' id='line_1_3' title="bbox 191 672 1736 758; baseline -0.003 -22"><span class='ocrx_word' id='word_1_10' title='bbox 191 691 266 754; x_wconf 89' lang='lat' dir='ltr'>ergo</span> <span class='ocrx_word' id='word_1_11' title='bbox 282 673 404 737; x_wconf 89' lang='lat' dir='ltr'>oblatio</span> <span class='ocrx_word' id='word_1_12' title='bbox 420 676 482 737; x_wconf 91' lang='lat' dir='ltr'>ista</span> <span class='ocrx_word' id='word_1_13' title='bbox 499 693 560 738; x_wconf 94' lang='lat' dir='ltr'>non</span> <span class='ocrx_word' id='word_1_14' title='bbox 578 694 615 738; x_wconf 90' lang='lat' dir='ltr'>ex</span> <span class='ocrx_word' id='word_1_15' title='bbox 632 675 800 738; x_wconf 85' lang='lat' dir='ltr'>devotione</span> <span class='ocrx_word' id='word_1_16' title='bbox 815 694 938 757; x_wconf 89' lang='lat' dir='ltr'>prooes—</span> <span class='ocrx_word' id='word_1_17' title='bbox 952 674 978 737; x_wconf 79' lang='grc' dir='ltr'><strong>Α</strong></span> <span class='ocrx_word' id='word_1_18' title='bbox 994 674 1026 736; x_wconf 94' lang='lat' dir='ltr'>in</span> <span class='ocrx_word' id='word_1_19' title='bbox 1047 675 1177 738; x_wconf 84' lang='lat' dir='ltr'>vasculo</span> <span class='ocrx_word' id='word_1_20' title='bbox 1194 694 1202 737; x_wconf 89' lang='lat'>:</span> <span class='ocrx_word' id='word_1_21' title='bbox 1220 694 1292 758; x_wconf 84' lang='lat' dir='ltr'>quae</span> <span class='ocrx_word' id='word_1_22' title='bbox 1316 692 1407 756; x_wconf 78' lang='lat' dir='ltr'>aqua</span> <span class='ocrx_word' id='word_1_23' title='bbox 1429 672 1634 736; x_wconf 81' lang='lat' dir='ltr'>amarissimae</span> <span class='ocrx_word' id='word_1_24' title='bbox 1657 687 1736 732; x_wconf 93' lang='lat' dir='ltr'>nun-</span> 
     </span>
    </p>
   </div>
   <div class='ocr_carea' id='block_1_4' title="bbox 189 773 940 1852">
    <p class='ocr_par' dir='ltr' id='par_1_4' title="bbox 189 773 940 1852">
     <span class='ocr_line' id='line_1_4' title="bbox 190 773 938 857; baseline 0.003 -24"><span class='ocrx_word' id='word_1_25' title='bbox 190 775 279 851; x_wconf 88' lang='lat' dir='ltr'>serit,</span> <span class='ocrx_word' id='word_1_26' title='bbox 298 773 544 856; x_wconf 85' lang='lat' dir='ltr'>dillamiamque</span> <span class='ocrx_word' id='word_1_27' title='bbox 559 775 730 857; x_wconf 76' lang='lat' dir='ltr'>pepererit,</span> <span class='ocrx_word' id='word_1_28' title='bbox 748 793 811 838; x_wconf 93' lang='lat' dir='ltr'>non</span> <span class='ocrx_word' id='word_1_29' title='bbox 828 774 938 838; x_wconf 81' lang='lat' dir='ltr'>debuit</span> 
     </span>
     <span class='ocr_line' id='line_1_5' title="bbox 189 857 908 938; baseline -0.003 -1"><span class='ocrx_word' id='word_1_30' title='bbox 189 873 217 938; x_wconf 89' lang='lat' dir='ltr'>ci</span> <span class='ocrx_word' id='word_1_31' title='bbox 237 875 311 936; x_wconf 93' lang='lat' dir='ltr'>thus</span> <span class='ocrx_word' id='word_1_32' title='bbox 331 873 471 938; x_wconf 90' lang='lat' dir='ltr'>misceri.</span> <span class='ocrx_word' id='word_1_33' title='bbox 902 857 908 868; x_wconf 52' lang='lat'>¹</span> 
     </span>
     <span class='ocr_line' id='line_1_6' title="bbox 230 975 939 1052; baseline 0 -15"><span class='ocrx_word' id='word_1_34' title='bbox 230 980 349 1052; x_wconf 79' lang='lat' dir='ltr'>Offeret</span> <span class='ocrx_word' id='word_1_35' title='bbox 366 976 470 1051; x_wconf 66' lang='lat' dir='ltr'>igitur</span> <span class='ocrx_word' id='word_1_36' title='bbox 488 978 729 1046; x_wconf 71' lang='lat' dir='ltr'>consacerdos,</span> <span class='ocrx_word' id='word_1_37' title='bbox 748 975 779 1037; x_wconf 93' lang='lat' dir='ltr'>id</span> <span class='ocrx_word' id='word_1_38' title='bbox 797 984 855 1052; x_wconf 89' lang='lat' dir='ltr'>est,</span> <span class='ocrx_word' id='word_1_39' title='bbox 873 994 939 1037; x_wconf 91' lang='lat' dir='ltr'>mu-</span> 
     </span>
     <span class='ocr_line' id='line_1_7' title="bbox 191 1073 939 1156; baseline 0 -20"><span class='ocrx_word' id='word_1_40' title='bbox 191 1074 305 1137; x_wconf 89' lang='lat' dir='ltr'>lierem</span> <span class='ocrx_word' id='word_1_41' title='bbox 333 1073 549 1156; x_wconf 71' lang='lat' dir='ltr'>praesentabit,</span> <span class='ocrx_word' id='word_1_42' title='bbox 567 1085 597 1134; x_wconf 87' lang='lat' dir='ltr'>et</span> <span class='ocrx_word' id='word_1_43' title='bbox 618 1085 735 1135; x_wconf 82' lang='lat' dir='ltr'>statuet</span> <span class='ocrx_word' id='word_1_44' title='bbox 757 1095 865 1136; x_wconf 82' lang='lat' dir='ltr'>corant</span> <span class='ocrx_word' id='word_1_45' title='bbox 879 1078 939 1136; x_wconf 79' lang='lat' dir='ltr'>Do</span> 
     </span>
     <span class='ocr_line' id='line_1_8' title="bbox 191 1172 939 1255; baseline 0.004 -22"><span class='ocrx_word' id='word_1_46' title='bbox 191 1175 294 1244; x_wconf 75' lang='lat' dir='ltr'>mireo,</span> <span class='ocrx_word' id='word_1_47' title='bbox 305 1175 344 1236; x_wconf 91' lang='lat' dir='ltr'>ad</span> <span class='ocrx_word' id='word_1_48' title='bbox 362 1172 543 1236; x_wconf 87' lang='lat' dir='ltr'>laciendum</span> <span class='ocrx_word' id='word_1_49' title='bbox 561 1173 730 1236; x_wconf 88' lang='lat' dir='ltr'>circaeam</span> <span class='ocrx_word' id='word_1_50' title='bbox 746 1192 817 1255; x_wconf 72' lang='lat' dir='ltr'>quae</span> <span class='ocrx_word' id='word_1_51' title='bbox 833 1175 939 1237; x_wconf 92' lang='lat' dir='ltr'>subse·</span> 
     </span>
     <span class='ocr_line' id='line_1_9' title="bbox 190 1273 939 1354; baseline 0.005 -22"><span class='ocrx_word' id='word_1_52' title='bbox 190 1279 346 1353; x_wconf 91' lang='lat' dir='ltr'>quuntur,</span> <span class='ocrx_word' id='word_1_53' title='bbox 373 1279 405 1334; x_wconf 89' lang='lat' dir='ltr'>et</span> <span class='ocrx_word' id='word_1_54' title='bbox 425 1273 464 1334; x_wconf 87' lang='lat' dir='ltr'>ad</span> <span class='ocrx_word' id='word_1_55' title='bbox 489 1273 728 1354; x_wconf 84' lang='lat' dir='ltr'>experiendum,</span> <span class='ocrx_word' id='word_1_56' title='bbox 753 1291 793 1334; x_wconf 91' lang='lat' dir='ltr'>an</span> <span class='ocrx_word' id='word_1_57' title='bbox 820 1282 939 1336; x_wconf 89' lang='lat' dir='ltr'>terrore</span> 
     </span>
     <span class='ocr_line' id='line_1_10' title="bbox 190 1371 938 1452; baseline 0.003 -20"><span class='ocrx_word' id='word_1_58' title='bbox 190 1371 393 1433; x_wconf 88' lang='lat' dir='ltr'>imminentis</span> <span class='ocrx_word' id='word_1_59' title='bbox 414 1371 548 1452; x_wconf 91' lang='lat' dir='ltr'>periculi</span> <span class='ocrx_word' id='word_1_60' title='bbox 569 1380 719 1452; x_wconf 88' lang='lat' dir='ltr'>tanquam</span> <span class='ocrx_word' id='word_1_61' title='bbox 734 1374 862 1436; x_wconf 89' lang='lat' dir='ltr'>conscia</span> <span class='ocrx_word' id='word_1_62' title='bbox 877 1373 938 1435; x_wconf 91' lang='lat' dir='ltr'>sibi</span> 
     </span>
     <span class='ocr_line' id='line_1_11' title="bbox 189 1469 940 1552; baseline 0.005 -20"><span class='ocrx_word' id='word_1_63' title='bbox 189 1472 229 1532; x_wconf 90' lang='lat' dir='ltr'>de</span> <span class='ocrx_word' id='word_1_64' title='bbox 252 1469 349 1551; x_wconf 90' lang='lat' dir='ltr'>eulpa</span> <span class='ocrx_word' id='word_1_65' title='bbox 372 1470 533 1552; x_wconf 87' lang='lat' dir='ltr'>imposita,</span> <span class='ocrx_word' id='word_1_66' title='bbox 556 1490 649 1533; x_wconf 93' lang='lat' dir='ltr'>suum</span> <span class='ocrx_word' id='word_1_67' title='bbox 677 1470 813 1534; x_wconf 83' lang='lat' dir='ltr'>latentur</span> <span class='ocrx_word' id='word_1_68' title='bbox 835 1491 940 1536; x_wconf 87' lang='lat' dir='ltr'>exces-</span> 
     </span>
     <span class='ocr_line' id='line_1_12' title="bbox 191 1573 935 1650; baseline 0.003 -19"><span class='ocrx_word' id='word_1_69' title='bbox 191 1573 935 1650; x_wconf 80' lang='lat' dir='ltr'>sum.Assnmctqncsaccrdosaquomsanctant.</span> 
     </span>
     <span class='ocr_line' id='line_1_13' title="bbox 191 1667 940 1751; baseline 0.003 -20"><span class='ocrx_word' id='word_1_70' title='bbox 191 1670 375 1732; x_wconf 86' lang='lat' dir='ltr'>Secundum</span> <span class='ocrx_word' id='word_1_71' title='bbox 401 1668 554 1750; x_wconf 89' lang='lat' dir='ltr'>quosdam</span> <span class='ocrx_word' id='word_1_72' title='bbox 583 1667 644 1730; x_wconf 88' lang='lat' dir='ltr'>luit</span> <span class='ocrx_word' id='word_1_73' title='bbox 668 1689 750 1751; x_wconf 89' lang='lat' dir='ltr'>aqua</span> <span class='ocrx_word' id='word_1_74' title='bbox 774 1671 848 1734; x_wconf 84' lang='lat' dir='ltr'>viva</span> <span class='ocrx_word' id='word_1_75' title='bbox 874 1692 881 1735; x_wconf 89' lang='lat'>:</span> <span class='ocrx_word' id='word_1_76' title='bbox 908 1680 940 1733; x_wconf 91' lang='lat' dir='ltr'>et</span> 
     </span>
     <span class='ocr_line' id='line_1_14' title="bbox 191 1767 940 1852; baseline 0.003 -22"><span class='ocrx_word' id='word_1_77' title='bbox 191 1769 311 1831; x_wconf 89' lang='lat' dir='ltr'>dicitur</span> <span class='ocrx_word' id='word_1_78' title='bbox 327 1776 447 1844; x_wconf 85' lang='lat' dir='ltr'>sancta,</span> <span class='ocrx_word' id='word_1_79' title='bbox 465 1767 540 1850; x_wconf 88' lang='lat' dir='ltr'>quia</span> <span class='ocrx_word' id='word_1_80' title='bbox 556 1768 716 1832; x_wconf 80' lang='lat' dir='ltr'>sacrificio</span> <span class='ocrx_word' id='word_1_81' title='bbox 731 1770 940 1852; x_wconf 89' lang='lat' dir='ltr'>applicata‚et</span> 
     </span>
    </p>
   </div>
   <div class='ocr_carea' id='block_1_5' title="bbox 992 768 1739 1853">
    <p class='ocr_par' dir='ltr' id='par_1_5' title="bbox 992 768 1739 1853">
     <span class='ocr_line' id='line_1_15' title="bbox 992 768 1736 857; baseline -0.005 -21"><span class='ocrx_word' id='word_1_82' title='bbox 992 785 1151 857; x_wconf 88' lang='lat' dir='ltr'>cupantur</span> <span class='ocrx_word' id='word_1_83' title='bbox 1166 795 1204 838; x_wconf 85' lang='lat' dir='ltr'>ex</span> <span class='ocrx_word' id='word_1_84' title='bbox 1226 793 1283 837; x_wconf 92' lang='lat' dir='ltr'>suo</span> <span class='ocrx_word' id='word_1_85' title='bbox 1303 773 1435 851; x_wconf 86' lang='lat' dir='ltr'>ellectu,</span> <span class='ocrx_word' id='word_1_86' title='bbox 1453 772 1529 854; x_wconf 93' lang='lat' dir='ltr'>quia</span> <span class='ocrx_word' id='word_1_87' title='bbox 1550 772 1582 833; x_wconf 92' lang='lat' dir='ltr'>in</span> <span class='ocrx_word' id='word_1_88' title='bbox 1603 768 1736 832; x_wconf 90' lang='lat' dir='ltr'>muliere</span> 
     </span>
     <span class='ocr_line' id='line_1_16' title="bbox 994 869 1738 955; baseline -0.012 -16"><span class='ocrx_word' id='word_1_89' title='bbox 994 876 1137 939; x_wconf 87' lang='lat' dir='ltr'>adultera</span> <span class='ocrx_word' id='word_1_90' title='bbox 1147 872 1364 938; x_wconf 87' lang='lat' dir='ltr'>amarissimos</span> <span class='ocrx_word' id='word_1_91' title='bbox 1374 869 1694 955; x_wconf 82' lang='lat' dir='ltr'>pariebantelfeetus,</span> <span class='ocrx_word' id='word_1_92' title='bbox 1702 877 1738 931; x_wconf 89' lang='lat' dir='ltr'>ut</span> 
     </span>
     <span class='ocr_line' id='line_1_17' title="bbox 995 971 1738 1053; baseline -0.011 -16"><span class='ocrx_word' id='word_1_93' title='bbox 995 975 1102 1038; x_wconf 90' lang='lat' dir='ltr'>statim</span> <span class='ocrx_word' id='word_1_94' title='bbox 1119 975 1262 1048; x_wconf 85' lang='lat' dir='ltr'>dicetur;</span> <span class='ocrx_word' id='word_1_95' title='bbox 1282 978 1319 1035; x_wconf 84' lang='lat' dir='ltr'>in</span> <span class='ocrx_word' id='word_1_96' title='bbox 1334 975 1449 1053; x_wconf 79' lang='lat' dir='ltr'>qnidns</span> <span class='ocrx_word' id='word_1_97' title='bbox 1463 992 1538 1031; x_wconf 82' lang='lat' dir='ltr'>cnm</span> <span class='ocrx_word' id='word_1_98' title='bbox 1552 971 1738 1030; x_wconf 74' lang='lat' dir='ltr'>exsecratio-</span> 
     </span>
     <span class='ocr_line' id='line_1_18' title="bbox 993 1070 1737 1152; baseline -0.011 -14"><span class='ocrx_word' id='word_1_99' title='bbox 993 1099 1033 1138; x_wconf 86' lang='lat' dir='ltr'>ne</span> <span class='ocrx_word' id='word_1_100' title='bbox 1048 1077 1219 1138; x_wconf 79' lang='lat' dir='ltr'>maledicta</span> <span class='ocrx_word' id='word_1_101' title='bbox 1234 1075 1400 1151; x_wconf 68' lang='lat' dir='ltr'>congessit,</span> <span class='ocrx_word' id='word_1_102' title='bbox 1416 1070 1447 1134; x_wconf 93' lang='lat' dir='ltr'>id</span> <span class='ocrx_word' id='word_1_103' title='bbox 1464 1079 1523 1149; x_wconf 87' lang='lat' dir='ltr'>est,</span> <span class='ocrx_word' id='word_1_104' title='bbox 1546 1070 1737 1152; x_wconf 77' lang='lat' dir='ltr'>imprecatus</span> 
     </span>
     <span class='ocr_line' id='line_1_19' title="bbox 994 1171 1736 1254; baseline -0.016 -13"><span class='ocrx_word' id='word_1_105' title='bbox 994 1171 1736 1254; x_wconf 81' lang='lat' dir='ltr'>estmaledictionessequentosleminaaquam</span> 
     </span>
     <span class='ocr_line' id='line_1_20' title="bbox 996 1269 1737 1358; baseline -0.012 -19"><span class='ocrx_word' id='word_1_106' title='bbox 996 1278 1078 1339; x_wconf 89' lang='lat' dir='ltr'>hane</span> <span class='ocrx_word' id='word_1_107' title='bbox 1096 1283 1259 1358; x_wconf 81' lang='lat' dir='ltr'>potaturae.</span> <span class='ocrx_word' id='word_1_108' title='bbox 1277 1272 1383 1355; x_wconf 78' lang='lat' dir='ltr'>ntiqui</span> <span class='ocrx_word' id='word_1_109' title='bbox 1400 1281 1506 1335; x_wconf 89' lang='lat' dir='ltr'>tamen</span> <span class='ocrx_word' id='word_1_110' title='bbox 1520 1269 1737 1350; x_wconf 87' lang='lat' dir='ltr'>dicunt,quod</span> 
     </span>
     <span class='ocr_line' id='line_1_21' title="bbox 994 1369 1738 1452; baseline -0.009 -14"><span class='ocrx_word' id='word_1_111' title='bbox 994 1374 1175 1438; x_wconf 72' lang='lat' dir='ltr'>maledictio</span> <span class='ocrx_word' id='word_1_112' title='bbox 1191 1372 1246 1435; x_wconf 91' lang='lat' dir='ltr'>illa</span> <span class='ocrx_word' id='word_1_113' title='bbox 1262 1391 1326 1435; x_wconf 92' lang='lat' dir='ltr'>non</span> <span class='ocrx_word' id='word_1_114' title='bbox 1342 1371 1404 1434; x_wconf 87' lang='lat' dir='ltr'>tuit</span> <span class='ocrx_word' id='word_1_115' title='bbox 1419 1371 1481 1433; x_wconf 92' lang='lat' dir='ltr'>nisi</span> <span class='ocrx_word' id='word_1_116' title='bbox 1498 1369 1637 1452; x_wconf 72' lang='lat' dir='ltr'>praelata</span> <span class='ocrx_word' id='word_1_117' title='bbox 1652 1369 1738 1431; x_wconf 82' lang='lat' dir='ltr'>sebe</span> 
     </span>
     <span class='ocr_line' id='line_1_22' title="bbox 994 1469 1737 1552; baseline -0.011 -15"><span class='ocrx_word' id='word_1_118' title='bbox 994 1475 1076 1537; x_wconf 75' lang='lat' dir='ltr'>dulae</span> <span class='ocrx_word' id='word_1_119' title='bbox 1094 1473 1170 1536; x_wconf 92' lang='lat' dir='ltr'>lotio</span> <span class='ocrx_word' id='word_1_120' title='bbox 1191 1481 1245 1534; x_wconf 89' lang='lat' dir='ltr'>aut</span> <span class='ocrx_word' id='word_1_121' title='bbox 1261 1472 1344 1534; x_wconf 91' lang='lat' dir='ltr'>rasio</span> <span class='ocrx_word' id='word_1_122' title='bbox 1365 1471 1397 1532; x_wconf 94' lang='lat' dir='ltr'>in</span> <span class='ocrx_word' id='word_1_123' title='bbox 1414 1471 1472 1534; x_wconf 90' lang='lat' dir='ltr'>hae</span> <span class='ocrx_word' id='word_1_124' title='bbox 1487 1490 1580 1552; x_wconf 88' lang='lat' dir='ltr'>aqua,</span> <span class='ocrx_word' id='word_1_125' title='bbox 1592 1488 1631 1532; x_wconf 86' lang='lat' dir='ltr'>ex</span> <span class='ocrx_word' id='word_1_126' title='bbox 1646 1469 1737 1549; x_wconf 88' lang='lat' dir='ltr'>cujus</span> 
     </span>
     <span class='ocr_line' id='line_1_23' title="bbox 994 1569 1739 1651; baseline -0.009 -15"><span class='ocrx_word' id='word_1_127' title='bbox 994 1572 1114 1636; x_wconf 85' lang='lat' dir='ltr'>ellectu</span> <span class='ocrx_word' id='word_1_128' title='bbox 1141 1570 1371 1651; x_wconf 80' lang='lat' dir='ltr'>infligebantur</span> <span class='ocrx_word' id='word_1_129' title='bbox 1394 1569 1545 1632; x_wconf 80' lang='lat' dir='ltr'>adultera</span> <span class='ocrx_word' id='word_1_130' title='bbox 1569 1586 1671 1650; x_wconf 81' lang='lat' dir='ltr'>poenae</span> <span class='ocrx_word' id='word_1_131' title='bbox 1691 1586 1739 1629; x_wconf 76' lang='lat' dir='ltr'>se-</span> 
     </span>
     <span class='ocr_line' id='line_1_24' title="bbox 995 1668 1735 1754; baseline -0.009 -19"><span class='ocrx_word' id='word_1_132' title='bbox 995 1680 1139 1754; x_wconf 77' lang='lat' dir='ltr'>quentes</span> <span class='ocrx_word' id='word_1_133' title='bbox 1157 1671 1218 1732; x_wconf 87' lang='lat' dir='ltr'>Sed</span> <span class='ocrx_word' id='word_1_134' title='bbox 1234 1669 1371 1752; x_wconf 93' lang='lat' dir='ltr'>primum</span> <span class='ocrx_word' id='word_1_135' title='bbox 1388 1668 1495 1732; x_wconf 85' lang='lat' dir='ltr'>verius</span> <span class='ocrx_word' id='word_1_136' title='bbox 1510 1687 1580 1731; x_wconf 90' lang='lat' dir='ltr'>esse</span> <span class='ocrx_word' id='word_1_137' title='bbox 1595 1673 1735 1749; x_wconf 88' lang='lat' dir='ltr'>apparet,</span> 
     </span>
     <span class='ocr_line' id='line_1_25' title="bbox 994 1767 1737 1853; baseline -0.011 -20"><span class='ocrx_word' id='word_1_138' title='bbox 994 1791 1093 1853; x_wconf 92' lang='lat' dir='ltr'>quum</span> <span class='ocrx_word' id='word_1_139' title='bbox 1117 1769 1202 1832; x_wconf 86' lang='lat' dir='ltr'>inira</span> <span class='ocrx_word' id='word_1_140' title='bbox 1221 1771 1344 1832; x_wconf 91' lang='lat' dir='ltr'>dicatur</span> <span class='ocrx_word' id='word_1_141' title='bbox 1362 1790 1369 1833; x_wconf 76' lang='grc' dir='ltr'><strong><em>ε</em></strong></span> <span class='ocrx_word' id='word_1_142' title='bbox 1387 1768 1572 1848; x_wconf 78' lang='lat' dir='ltr'>Scribat-que</span> <span class='ocrx_word' id='word_1_143' title='bbox 1592 1767 1737 1829; x_wconf 87' lang='lat' dir='ltr'>sacerdos</span> 
     </span>
    </p>
   </div>
   <div class='ocr_carea' id='block_1_6' title="bbox 193 1863 1737 1950">
    <p class='ocr_par' dir='ltr' id='par_1_6' title="bbox 193 1863 1737 1950">
     <span class='ocr_line' id='line_1_26' title="bbox 193 1863 1737 1950; baseline -0.003 -20"><span class='ocrx_word' id='word_1_144' title='bbox 193 1869 225 1930; x_wconf 92' lang='lat' dir='ltr'>in</span> <span class='ocrx_word' id='word_1_145' title='bbox 246 1868 328 1928; x_wconf 88' lang='lat' dir='ltr'>atrio</span> <span class='ocrx_word' id='word_1_146' title='bbox 349 1875 459 1929; x_wconf 89' lang='lat' dir='ltr'>saneto</span> <span class='ocrx_word' id='word_1_147' title='bbox 482 1867 638 1948; x_wconf 83' lang='lat' dir='ltr'>reposita3</span> <span class='ocrx_word' id='word_1_148' title='bbox 666 1867 715 1931; x_wconf 81' lang='lat' dir='ltr'>rel</span> <span class='ocrx_word' id='word_1_149' title='bbox 739 1869 815 1950; x_wconf 88' lang='lat' dir='ltr'>quia</span> <span class='ocrx_word' id='word_1_150' title='bbox 829 1870 879 1948; x_wconf 88' lang='lat' dir='ltr'>(ut</span> <span class='ocrx_word' id='word_1_151' title='bbox 893 1870 940 1931; x_wconf 87' lang='lat' dir='ltr'>lo·</span> <span class='ocrx_word' id='word_1_152' title='bbox 958 1864 980 1925; x_wconf 91' lang='lat' dir='ltr'>B</span> <span class='ocrx_word' id='word_1_153' title='bbox 996 1870 1028 1932; x_wconf 94' lang='lat' dir='ltr'>in</span> <span class='ocrx_word' id='word_1_154' title='bbox 1045 1870 1154 1932; x_wconf 91' lang='lat' dir='ltr'>libello</span> <span class='ocrx_word' id='word_1_155' title='bbox 1167 1870 1226 1931; x_wconf 90' lang='lat' dir='ltr'>ista</span> <span class='ocrx_word' id='word_1_156' title='bbox 1241 1867 1687 1946; x_wconf 84' lang='lat' dir='ltr'>maledictallagisterautem</span> <span class='ocrx_word' id='word_1_157' title='bbox 1704 1863 1737 1926; x_wconf 92' lang='lat' dir='ltr'>in</span> 
     </span>
    </p>
   </div>
   <div class='ocr_carea' id='block_1_7' title="bbox 192 1965 941 2938">
    <p class='ocr_par' dir='ltr' id='par_1_7' title="bbox 192 1965 941 2938">
     <span class='ocr_line' id='line_1_27' title="bbox 193 1965 941 2050; baseline 0.001 -20"><span class='ocrx_word' id='word_1_158' title='bbox 193 1967 312 2049; x_wconf 91' lang='lat' dir='ltr'>sepbus</span> <span class='ocrx_word' id='word_1_159' title='bbox 333 1967 543 2044; x_wconf 90' lang='lat' dir='ltr'>contestatur)</span> <span class='ocrx_word' id='word_1_160' title='bbox 563 1965 714 2028; x_wconf 84' lang='lat' dir='ltr'>schedula</span> <span class='ocrx_word' id='word_1_161' title='bbox 737 1967 769 2029; x_wconf 94' lang='lat' dir='ltr'>in</span> <span class='ocrx_word' id='word_1_162' title='bbox 789 1988 851 2050; x_wconf 90' lang='lat' dir='ltr'>qua</span> <span class='ocrx_word' id='word_1_163' title='bbox 867 1971 941 2032; x_wconf 91' lang='lat' dir='ltr'>scri-</span> 
     </span>
     <span class='ocr_line' id='line_1_28' title="bbox 194 2064 940 2148; baseline 0.005 -20"><span class='ocrx_word' id='word_1_164' title='bbox 194 2075 284 2148; x_wconf 91' lang='lat' dir='ltr'>ptum</span> <span class='ocrx_word' id='word_1_165' title='bbox 307 2064 429 2127; x_wconf 85' lang='lat' dir='ltr'>exstitit</span> <span class='ocrx_word' id='word_1_166' title='bbox 447 2082 562 2126; x_wconf 91' lang='lat' dir='ltr'>nomen</span> <span class='ocrx_word' id='word_1_167' title='bbox 584 2064 651 2141; x_wconf 86' lang='lat' dir='ltr'>Ilei,</span> <span class='ocrx_word' id='word_1_168' title='bbox 668 2085 722 2129; x_wconf 88' lang='lat' dir='ltr'>sen</span> <span class='ocrx_word' id='word_1_169' title='bbox 745 2085 861 2129; x_wconf 88' lang='lat' dir='ltr'>nornen</span> <span class='ocrx_word' id='word_1_170' title='bbox 882 2069 940 2132; x_wconf 87' lang='lat' dir='ltr'>llo·</span> 
     </span>
     <span class='ocr_line' id='line_1_29' title="bbox 193 2165 938 2246; baseline 0.004 -19"><span class='ocrx_word' id='word_1_171' title='bbox 193 2165 272 2228; x_wconf 89' lang='lat' dir='ltr'>mini</span> <span class='ocrx_word' id='word_1_172' title='bbox 308 2171 587 2244; x_wconf 82' lang='lat' dir='ltr'>tetragrammaton</span> <span class='ocrx_word' id='word_1_173' title='bbox 620 2165 773 2246; x_wconf 91' lang='lat' dir='ltr'>scriptum</span> <span class='ocrx_word' id='word_1_174' title='bbox 805 2166 838 2228; x_wconf 92' lang='lat' dir='ltr'>in</span> <span class='ocrx_word' id='word_1_175' title='bbox 868 2167 938 2244; x_wconf 88' lang='lat' dir='ltr'>illa,</span> 
     </span>
     <span class='ocr_line' id='line_1_30' title="bbox 193 2261 939 2347; baseline 0.001 -20"><span class='ocrx_word' id='word_1_176' title='bbox 193 2263 379 2328; x_wconf 87' lang='lat' dir='ltr'>diluebatur</span> <span class='ocrx_word' id='word_1_177' title='bbox 404 2263 437 2323; x_wconf 93' lang='lat' dir='ltr'>in</span> <span class='ocrx_word' id='word_1_178' title='bbox 462 2282 544 2345; x_wconf 88' lang='lat' dir='ltr'>aqua</span> <span class='ocrx_word' id='word_1_179' title='bbox 573 2261 644 2325; x_wconf 89' lang='lat' dir='ltr'>hae.</span> <span class='ocrx_word' id='word_1_180' title='bbox 671 2262 754 2340; x_wconf 85' lang='lat' dir='ltr'>Sive,</span> <span class='ocrx_word' id='word_1_181' title='bbox 781 2272 815 2326; x_wconf 94' lang='lat' dir='ltr'>ut</span> <span class='ocrx_word' id='word_1_182' title='bbox 840 2264 939 2347; x_wconf 88' lang='lat' dir='ltr'>aliqui</span> 
     </span>
     <span class='ocr_line' id='line_1_31' title="bbox 193 2359 941 2443; baseline 0.003 -18"><span class='ocrx_word' id='word_1_183' title='bbox 193 2362 400 2436; x_wconf 88' lang='lat' dir='ltr'>arbitrantur,</span> <span class='ocrx_word' id='word_1_184' title='bbox 419 2370 547 2442; x_wconf 89' lang='lat' dir='ltr'>sumpta</span> <span class='ocrx_word' id='word_1_185' title='bbox 567 2359 629 2422; x_wconf 85' lang='lat' dir='ltr'>tuit</span> <span class='ocrx_word' id='word_1_186' title='bbox 645 2361 684 2424; x_wconf 92' lang='lat' dir='ltr'>de</span> <span class='ocrx_word' id='word_1_187' title='bbox 699 2380 781 2443; x_wconf 89' lang='lat' dir='ltr'>aqua</span> <span class='ocrx_word' id='word_1_188' title='bbox 796 2364 876 2426; x_wconf 85' lang='lat' dir='ltr'>aenei</span> <span class='ocrx_word' id='word_1_189' title='bbox 897 2365 941 2427; x_wconf 91' lang='lat' dir='ltr'>la-</span> 
     </span>
     <span class='ocr_line' id='line_1_32' title="bbox 192 2459 937 2542; baseline 0.003 -19"><span class='ocrx_word' id='word_1_190' title='bbox 192 2462 253 2537; x_wconf 86' lang='lat' dir='ltr'>bri,</span> <span class='ocrx_word' id='word_1_191' title='bbox 279 2461 312 2523; x_wconf 92' lang='lat' dir='ltr'>in</span> <span class='ocrx_word' id='word_1_192' title='bbox 334 2480 398 2542; x_wconf 90' lang='lat' dir='ltr'>qua</span> <span class='ocrx_word' id='word_1_193' title='bbox 418 2461 597 2522; x_wconf 88' lang='lat' dir='ltr'>sacerdotes</span> <span class='ocrx_word' id='word_1_194' title='bbox 615 2459 773 2524; x_wconf 84' lang='lat' dir='ltr'>sacrificia</span> <span class='ocrx_word' id='word_1_195' title='bbox 789 2461 937 2542; x_wconf 88' lang='lat' dir='ltr'>oblaturi,</span> 
     </span>
     <span class='ocr_line' id='line_1_33' title="bbox 192 2559 939 2642; baseline 0.001 -20"><span class='ocrx_word' id='word_1_196' title='bbox 192 2581 265 2622; x_wconf 90' lang='lat' dir='ltr'>suas</span> <span class='ocrx_word' id='word_1_197' title='bbox 285 2559 436 2622; x_wconf 88' lang='lat' dir='ltr'>lavabant</span> <span class='ocrx_word' id='word_1_198' title='bbox 454 2578 576 2621; x_wconf 88' lang='lat' dir='ltr'>manus.</span> <span class='ocrx_word' id='word_1_199' title='bbox 590 2562 631 2620; x_wconf 92' lang='lat' dir='ltr'>In</span> <span class='ocrx_word' id='word_1_200' title='bbox 648 2581 720 2620; x_wconf 84' lang='lat' dir='ltr'>vase</span> <span class='ocrx_word' id='word_1_201' title='bbox 734 2563 844 2638; x_wconf 83' lang='lat' dir='ltr'>fictili,</span> <span class='ocrx_word' id='word_1_202' title='bbox 855 2564 939 2642; x_wconf 91' lang='lat' dir='ltr'>quod</span> 
     </span>
     <span class='ocr_line' id='line_1_34' title="bbox 193 2657 940 2741; baseline 0 -19"><span class='ocrx_word' id='word_1_203' title='bbox 193 2659 362 2741; x_wconf 85' lang='lat' dir='ltr'>tragilitati</span> <span class='ocrx_word' id='word_1_204' title='bbox 385 2658 537 2720; x_wconf 78' lang='lat' dir='ltr'>adulterae</span> <span class='ocrx_word' id='word_1_205' title='bbox 559 2666 590 2720; x_wconf 91' lang='lat' dir='ltr'>et</span> <span class='ocrx_word' id='word_1_206' title='bbox 606 2657 721 2720; x_wconf 89' lang='lat' dir='ltr'>vilitati</span> <span class='ocrx_word' id='word_1_207' title='bbox 744 2658 855 2722; x_wconf 83' lang='lat' dir='ltr'>hostiae</span> <span class='ocrx_word' id='word_1_208' title='bbox 875 2680 940 2724; x_wconf 87' lang='lat' dir='ltr'>cor-</span> 
     </span>
     <span class='ocr_line' id='line_1_35' title="bbox 192 2759 941 2841; baseline -0.003 -21"><span class='ocrx_word' id='word_1_209' title='bbox 192 2759 365 2841; x_wconf 88' lang='lat' dir='ltr'>respondet</span> <span class='ocrx_word' id='word_1_210' title='bbox 383 2782 391 2830; x_wconf 90' lang='lat'>;</span> <span class='ocrx_word' id='word_1_211' title='bbox 415 2768 445 2818; x_wconf 86' lang='lat' dir='ltr'>ct</span> <span class='ocrx_word' id='word_1_212' title='bbox 462 2760 655 2834; x_wconf 69' lang='lat' dir='ltr'>praemittunt</span> <span class='ocrx_word' id='word_1_213' title='bbox 679 2768 771 2818; x_wconf 85' lang='lat' dir='ltr'>terrae</span> <span class='ocrx_word' id='word_1_214' title='bbox 790 2762 829 2818; x_wconf 87' lang='lat' dir='ltr'>dc</span> <span class='ocrx_word' id='word_1_215' title='bbox 847 2763 941 2838; x_wconf 70' lang='lat' dir='ltr'>porri-</span> 
     </span>
     <span class='ocr_line' id='line_1_36' title="bbox 192 2855 940 2938; baseline 0.003 -20"><span class='ocrx_word' id='word_1_216' title='bbox 192 2869 297 2919; x_wconf 81' lang='lat' dir='ltr'>mento</span> <span class='ocrx_word' id='word_1_217' title='bbox 309 2855 558 2926; x_wconf 81' lang='lat' dir='ltr'>tabernacnlt,id</span> <span class='ocrx_word' id='word_1_218' title='bbox 569 2863 617 2918; x_wconf 92' lang='lat' dir='ltr'>est</span> <span class='ocrx_word' id='word_1_219' title='bbox 628 2857 785 2919; x_wconf 89' lang='lat' dir='ltr'>modicum</span> <span class='ocrx_word' id='word_1_220' title='bbox 800 2857 940 2938; x_wconf 89' lang='lat' dir='ltr'>pulveris</span> 
     </span>
    </p>
   </div>
   <div class='ocr_carea' id='block_1_8' title="bbox 994 1964 1740 2937">
    <p class='ocr_par' dir='ltr' id='par_1_8' title="bbox 994 1964 1740 2937">
     <span class='ocr_line' id='line_1_37' title="bbox 995 1964 1738 2049; baseline -0.007 -19"><span class='ocrx_word' id='word_1_221' title='bbox 995 1969 1138 2033; x_wconf 86' lang='lat' dir='ltr'>historiis</span> <span class='ocrx_word' id='word_1_222' title='bbox 1160 1967 1350 2049; x_wconf 72' lang='lat' dir='ltr'>dicitquod</span> <span class='ocrx_word' id='word_1_223' title='bbox 1373 1968 1518 2029; x_wconf 89' lang='lat' dir='ltr'>sacerdos</span> <span class='ocrx_word' id='word_1_224' title='bbox 1540 1965 1615 2027; x_wconf 89' lang='lat' dir='ltr'>lecit</span> <span class='ocrx_word' id='word_1_225' title='bbox 1631 1964 1738 2044; x_wconf 88' lang='lat' dir='ltr'>jurare</span> 
     </span>
     <span class='ocr_line' id='line_1_38' title="bbox 995 2062 1736 2149; baseline -0.011 -17"><span class='ocrx_word' id='word_1_226' title='bbox 995 2069 1265 2149; x_wconf 87' lang='lat' dir='ltr'>mulierem,quod</span> <span class='ocrx_word' id='word_1_227' title='bbox 1277 2068 1345 2129; x_wconf 91' lang='lat' dir='ltr'>viro</span> <span class='ocrx_word' id='word_1_228' title='bbox 1361 2084 1419 2128; x_wconf 87' lang='lat' dir='ltr'>suo</span> <span class='ocrx_word' id='word_1_229' title='bbox 1430 2085 1493 2128; x_wconf 93' lang='lat' dir='ltr'>non</span> <span class='ocrx_word' id='word_1_230' title='bbox 1511 2063 1605 2145; x_wconf 86' lang='lat' dir='ltr'>tregit</span> <span class='ocrx_word' id='word_1_231' title='bbox 1621 2062 1736 2138; x_wconf 80' lang='lat' dir='ltr'>lidem3</span> 
     </span>
     <span class='ocr_line' id='line_1_39' title="bbox 995 2161 1739 2240; baseline -0.013 -8"><span class='ocrx_word' id='word_1_232' title='bbox 995 2178 1027 2232; x_wconf 88' lang='lat' dir='ltr'>et</span> <span class='ocrx_word' id='word_1_233' title='bbox 1043 2169 1069 2230; x_wconf 93' lang='lat' dir='ltr'>si</span> <span class='ocrx_word' id='word_1_234' title='bbox 1085 2168 1146 2231; x_wconf 90' lang='lat' dir='ltr'>hoe</span> <span class='ocrx_word' id='word_1_235' title='bbox 1167 2185 1234 2233; x_wconf 88' lang='lat' dir='ltr'>non</span> <span class='ocrx_word' id='word_1_236' title='bbox 1246 2165 1429 2228; x_wconf 89' lang='lat' dir='ltr'>sulliciebat</span> <span class='ocrx_word' id='word_1_237' title='bbox 1445 2163 1570 2240; x_wconf 90' lang='lat' dir='ltr'>marito,</span> <span class='ocrx_word' id='word_1_238' title='bbox 1583 2161 1739 2225; x_wconf 87' lang='lat' dir='ltr'>subdebat</span> 
     </span>
     <span class='ocr_line' id='line_1_40' title="bbox 996 2265 1602 2345; baseline -0.013 -14"><span class='ocrx_word' id='word_1_239' title='bbox 996 2269 1142 2332; x_wconf 89' lang='lat' dir='ltr'>sacerdos</span> <span class='ocrx_word' id='word_1_240' title='bbox 1162 2265 1401 2328; x_wconf 88' lang='lat' dir='ltr'>maledictiones</span> <span class='ocrx_word' id='word_1_241' title='bbox 1423 2271 1602 2345; x_wconf 89' lang='lat' dir='ltr'>sequentes.</span> 
     </span>
     <span class='ocr_line' id='line_1_41' title="bbox 1040 2363 1739 2446; baseline -0.011 -18"><span class='ocrx_word' id='word_1_242' title='bbox 1040 2368 1281 2446; x_wconf 77' lang='lat' dir='ltr'>Adjnrnbitqttc</span> <span class='ocrx_word' id='word_1_243' title='bbox 1304 2386 1387 2434; x_wconf 80' lang='lat' dir='ltr'>cunt,</span> <span class='ocrx_word' id='word_1_244' title='bbox 1413 2374 1443 2424; x_wconf 85' lang='lat' dir='ltr'>et</span> <span class='ocrx_word' id='word_1_245' title='bbox 1466 2365 1551 2423; x_wconf 83' lang='lat' dir='ltr'>dicct</span> <span class='ocrx_word' id='word_1_246' title='bbox 1574 2384 1585 2420; x_wconf 95' lang='grc'>.·</span> <span class='ocrx_word' id='word_1_247' title='bbox 1611 2363 1650 2423; x_wconf 83' lang='lat' dir='ltr'>Si</span> <span class='ocrx_word' id='word_1_248' title='bbox 1674 2381 1739 2420; x_wconf 85' lang='lat' dir='ltr'>non</span> 
     </span>
     <span class='ocr_line' id='line_1_42' title="bbox 994 2461 1739 2537; baseline -0.012 -10"><span class='ocrx_word' id='word_1_249' title='bbox 994 2468 1160 2537; x_wconf 77' lang='lat' dir='ltr'>dorrnt&#39;eit,</span> <span class='ocrx_word' id='word_1_250' title='bbox 1175 2465 1262 2527; x_wconf 89' lang='lat' dir='ltr'>idest</span> <span class='ocrx_word' id='word_1_251' title='bbox 1278 2481 1341 2526; x_wconf 86' lang='lat' dir='ltr'>non</span> <span class='ocrx_word' id='word_1_252' title='bbox 1357 2461 1540 2537; x_wconf 85' lang='lat' dir='ltr'>concubuit,</span> <span class='ocrx_word' id='word_1_253' title='bbox 1551 2461 1739 2520; x_wconf 79' lang='lat' dir='ltr'>cr&#39;rntienns</span> 
     </span>
     <span class='ocr_line' id='line_1_43' title="bbox 996 2558 1740 2636; baseline -0.009 -9"><span class='ocrx_word' id='word_1_254' title='bbox 996 2577 1122 2636; x_wconf 82' lang='lat' dir='ltr'>tecu›n;</span> <span class='ocrx_word' id='word_1_255' title='bbox 1145 2586 1210 2625; x_wconf 83' lang='lat' dir='ltr'>non</span> <span class='ocrx_word' id='word_1_256' title='bbox 1236 2573 1264 2624; x_wconf 86' lang='lat' dir='ltr'>te</span> <span class='ocrx_word' id='word_1_257' title='bbox 1288 2565 1455 2631; x_wconf 81' lang='lat' dir='ltr'>nocebunt,</span> <span class='ocrx_word' id='word_1_258' title='bbox 1470 2562 1502 2623; x_wconf 94' lang='lat' dir='ltr'>id</span> <span class='ocrx_word' id='word_1_259' title='bbox 1527 2568 1576 2622; x_wconf 92' lang='lat' dir='ltr'>cst</span> <span class='ocrx_word' id='word_1_260' title='bbox 1601 2577 1664 2621; x_wconf 90' lang='lat' dir='ltr'>non</span> <span class='ocrx_word' id='word_1_261' title='bbox 1690 2558 1740 2620; x_wconf 78' lang='lat' dir='ltr'>lat-</span> 
     </span>
     <span class='ocr_line' id='line_1_44' title="bbox 995 2657 1740 2743; baseline -0.016 -15"><span class='ocrx_word' id='word_1_262' title='bbox 995 2666 1176 2743; x_wconf 79' lang='lat' dir='ltr'>dent‚oqme</span> <span class='ocrx_word' id='word_1_263' title='bbox 1189 2666 1256 2724; x_wconf 78' lang='lat' dir='ltr'>r&#39;strr</span> <span class='ocrx_word' id='word_1_264' title='bbox 1266 2663 1479 2722; x_wconf 67' lang='lat' dir='ltr'>amarissime</span> <span class='ocrx_word' id='word_1_265' title='bbox 1489 2679 1526 2722; x_wconf 81' lang='lat' dir='ltr'>ex</span> <span class='ocrx_word' id='word_1_266' title='bbox 1542 2657 1666 2721; x_wconf 76' lang='lat' dir='ltr'>ellectu</span> <span class='ocrx_word' id='word_1_267' title='bbox 1676 2658 1740 2718; x_wconf 86' lang='lat' dir='ltr'>Sin</span> 
     </span>
     <span class='ocr_line' id='line_1_45' title="bbox 995 2758 1740 2828; baseline -0.015 -3"><span class='ocrx_word' id='word_1_268' title='bbox 995 2775 1104 2825; x_wconf 83' lang='lat' dir='ltr'>onte-nt</span> <span class='ocrx_word' id='word_1_269' title='bbox 1126 2762 1324 2822; x_wconf 78' lang='lat' dir='ltr'>concubuisti</span> <span class='ocrx_word' id='word_1_270' title='bbox 1345 2782 1419 2821; x_wconf 72' lang='lat' dir='ltr'>&lt;nm</span> <span class='ocrx_word' id='word_1_271' title='bbox 1444 2764 1543 2819; x_wconf 80' lang='lat' dir='ltr'>altero</span> <span class='ocrx_word' id='word_1_272' title='bbox 1567 2760 1638 2818; x_wconf 82' lang='lat' dir='ltr'>niro</span> <span class='ocrx_word' id='word_1_273' title='bbox 1652 2781 1666 2828; x_wconf 71' lang='lat'>,¹</span> <span class='ocrx_word' id='word_1_274' title='bbox 1689 2758 1740 2817; x_wconf 78' lang='lat' dir='ltr'>Itis</span> 
     </span>
     <span class='ocr_line' id='line_1_46' title="bbox 997 2853 1740 2937; baseline -0.007 -16"><span class='ocrx_word' id='word_1_275' title='bbox 997 2862 1277 2922; x_wconf 64' lang='lat' dir='ltr'>maledictionibus</span> <span class='ocrx_word' id='word_1_276' title='bbox 1291 2861 1480 2934; x_wconf 78' lang='lat' dir='ltr'>subjacebis,</span> <span class='ocrx_word' id='word_1_277' title='bbox 1496 2856 1555 2919; x_wconf 89' lang='lat' dir='ltr'>hoc</span> <span class='ocrx_word' id='word_1_278' title='bbox 1571 2863 1619 2918; x_wconf 90' lang='lat' dir='ltr'>cst</span> <span class='ocrx_word' id='word_1_279' title='bbox 1635 2853 1740 2937; x_wconf 85' lang='lat' dir='ltr'>poenis</span> 
     </span>
    </p>
   </div>
   <div class='ocr_carea' id='block_1_9' title="bbox 189 2953 1741 4420">
    <p class='ocr_par' dir='ltr' id='par_1_9' title="bbox 191 2953 1740 3335">
     <span class='ocr_line' id='line_1_47' title="bbox 193 2953 1740 3040; baseline -0.003 -22"><span class='ocrx_word' id='word_1_280' title='bbox 193 2957 314 3038; x_wconf 89' lang='lat' dir='ltr'>sumpti</span> <span class='ocrx_word' id='word_1_281' title='bbox 331 2956 370 3018; x_wconf 90' lang='lat' dir='ltr'>de</span> <span class='ocrx_word' id='word_1_282' title='bbox 386 2954 487 3017; x_wconf 87' lang='lat' dir='ltr'>fundo</span> <span class='ocrx_word' id='word_1_283' title='bbox 503 2954 676 3017; x_wconf 88' lang='lat' dir='ltr'>sanctuarii</span> <span class='ocrx_word' id='word_1_284' title='bbox 692 2975 749 3017; x_wconf 91' lang='lat' dir='ltr'>seu</span> <span class='ocrx_word' id='word_1_285' title='bbox 763 2957 837 3017; x_wconf 90' lang='lat' dir='ltr'>atrii</span> <span class='ocrx_word' id='word_1_286' title='bbox 857 2956 937 3037; x_wconf 88' lang='lat' dir='ltr'>ejus,</span> <span class='ocrx_word' id='word_1_287' title='bbox 995 2958 1203 3040; x_wconf 86' lang='lat' dir='ltr'>sequentibus</span> <span class='ocrx_word' id='word_1_288' title='bbox 1228 2977 1284 3020; x_wconf 91' lang='lat' dir='ltr'>seu</span> <span class='ocrx_word' id='word_1_289' title='bbox 1310 2953 1594 3038; x_wconf 84' lang='lat' dir='ltr'>imprecationibus</span> <span class='ocrx_word' id='word_1_290' title='bbox 1618 2972 1740 3016; x_wconf 91' lang='lat' dir='ltr'>earum-</span> 
     </span>
     <span class='ocr_line' id='line_1_48' title="bbox 192 3053 1739 3132; baseline -0.001 -18"><span class='ocrx_word' id='word_1_291' title='bbox 192 3059 297 3116; x_wconf 85' lang='lat' dir='ltr'>mittet</span> <span class='ocrx_word' id='word_1_292' title='bbox 314 3057 449 3124; x_wconf 84' lang='lat' dir='ltr'>ineam,</span> <span class='ocrx_word' id='word_1_293' title='bbox 466 3053 562 3116; x_wconf 87' lang='lat' dir='ltr'>idest</span> <span class='ocrx_word' id='word_1_294' title='bbox 579 3054 611 3116; x_wconf 93' lang='lat' dir='ltr'>in</span> <span class='ocrx_word' id='word_1_295' title='bbox 629 3053 715 3116; x_wconf 90' lang='lat' dir='ltr'>illam</span> <span class='ocrx_word' id='word_1_296' title='bbox 733 3054 937 3132; x_wconf 89' lang='lat' dir='ltr'>oblationem,</span> <span class='ocrx_word' id='word_1_297' title='bbox 956 3060 977 3123; x_wconf 89' lang='lat' dir='ltr'>C</span> <span class='ocrx_word' id='word_1_298' title='bbox 995 3059 1078 3121; x_wconf 90' lang='lat' dir='ltr'>dem.</span> <span class='ocrx_word' id='word_1_299' title='bbox 1098 3062 1157 3118; x_wconf 77' lang='lat' dir='ltr'>Det</span> <span class='ocrx_word' id='word_1_300' title='bbox 1180 3067 1208 3117; x_wconf 81' lang='lat' dir='ltr'>te</span> <span class='ocrx_word' id='word_1_301' title='bbox 1230 3057 1388 3117; x_wconf 77' lang='lat' dir='ltr'>Dominus</span> <span class='ocrx_word' id='word_1_302' title='bbox 1411 3057 1448 3114; x_wconf 87' lang='lat' dir='ltr'>in</span> <span class='ocrx_word' id='word_1_303' title='bbox 1468 3053 1739 3120; x_wconf 79' lang='lat' dir='ltr'>maledictionem,</span> 
     </span>
     <span class='ocr_line' id='line_1_49' title="bbox 191 3152 1737 3236; baseline -0.003 -22"><span class='ocrx_word' id='word_1_304' title='bbox 191 3153 231 3215; x_wconf 88' lang='lat' dir='ltr'>ad</span> <span class='ocrx_word' id='word_1_305' title='bbox 253 3152 453 3214; x_wconf 90' lang='lat' dir='ltr'>innuendum</span> <span class='ocrx_word' id='word_1_306' title='bbox 475 3153 561 3234; x_wconf 91' lang='lat' dir='ltr'>quod</span> <span class='ocrx_word' id='word_1_307' title='bbox 582 3153 701 3215; x_wconf 90' lang='lat' dir='ltr'>oblatio</span> <span class='ocrx_word' id='word_1_308' title='bbox 722 3153 777 3215; x_wconf 90' lang='lat' dir='ltr'>illa</span> <span class='ocrx_word' id='word_1_309' title='bbox 796 3161 862 3216; x_wconf 88' lang='lat' dir='ltr'>erat</span> <span class='ocrx_word' id='word_1_310' title='bbox 883 3173 939 3236; x_wconf 93' lang='lat' dir='ltr'>pro</span> <span class='ocrx_word' id='word_1_311' title='bbox 995 3161 1240 3235; x_wconf 76' lang='lat' dir='ltr'>encrnplnntqnc</span> <span class='ocrx_word' id='word_1_312' title='bbox 1262 3163 1451 3214; x_wconf 74' lang='lat' dir='ltr'>curtctornnt</span> <span class='ocrx_word' id='word_1_313' title='bbox 1474 3155 1510 3212; x_wconf 82' lang='lat' dir='ltr'>in</span> <span class='ocrx_word' id='word_1_314' title='bbox 1528 3156 1648 3229; x_wconf 81' lang='lat' dir='ltr'>populo</span> <span class='ocrx_word' id='word_1_315' title='bbox 1672 3160 1737 3220; x_wconf 82' lang='lat' dir='ltr'>tuo,</span> 
     </span>
     <span class='ocr_line' id='line_1_50' title="bbox 192 3250 1740 3335; baseline -0.003 -20"><span class='ocrx_word' id='word_1_316' title='bbox 192 3252 314 3315; x_wconf 88' lang='lat' dir='ltr'>carnali</span> <span class='ocrx_word' id='word_1_317' title='bbox 335 3260 367 3313; x_wconf 92' lang='lat' dir='ltr'>et</span> <span class='ocrx_word' id='word_1_318' title='bbox 384 3251 468 3332; x_wconf 86' lang='lat' dir='ltr'>turpi</span> <span class='ocrx_word' id='word_1_319' title='bbox 486 3251 612 3330; x_wconf 91' lang='lat' dir='ltr'>negotio</span> <span class='ocrx_word' id='word_1_320' title='bbox 627 3253 858 3331; x_wconf 88' lang='lat' dir='ltr'>cognoscendo.</span> <span class='ocrx_word' id='word_1_321' title='bbox 996 3257 1055 3318; x_wconf 90' lang='lat' dir='ltr'>hoe</span> <span class='ocrx_word' id='word_1_322' title='bbox 1070 3263 1129 3331; x_wconf 91' lang='lat' dir='ltr'>est,</span> <span class='ocrx_word' id='word_1_323' title='bbox 1143 3255 1186 3316; x_wconf 90' lang='lat' dir='ltr'>ita</span> <span class='ocrx_word' id='word_1_324' title='bbox 1202 3262 1232 3316; x_wconf 92' lang='lat' dir='ltr'>te</span> <span class='ocrx_word' id='word_1_325' title='bbox 1247 3253 1370 3335; x_wconf 89' lang='lat' dir='ltr'>puniat,</span> <span class='ocrx_word' id='word_1_326' title='bbox 1389 3261 1423 3312; x_wconf 92' lang='lat' dir='ltr'>ut</span> <span class='ocrx_word' id='word_1_327' title='bbox 1438 3250 1544 3314; x_wconf 86' lang='lat' dir='ltr'>cuncti</span> <span class='ocrx_word' id='word_1_328' title='bbox 1562 3257 1740 3312; x_wconf 90' lang='lat' dir='ltr'>terreantur</span> 
     </span>
    </p>

    <p class='ocr_par' dir='ltr' id='par_1_10' title="bbox 189 3347 1741 4420">
     <span class='ocr_line' id='line_1_51' title="bbox 234 3347 1737 3434; baseline -0.001 -24"><span class='ocrx_word' id='word_1_329' title='bbox 234 3353 405 3430; x_wconf 78' lang='lat' dir='ltr'>Quumque</span> <span class='ocrx_word' id='word_1_330' title='bbox 424 3353 545 3411; x_wconf 80' lang='lat' dir='ltr'>steterit</span> <span class='ocrx_word' id='word_1_331' title='bbox 571 3354 690 3410; x_wconf 76' lang='lat' dir='ltr'>mntlter</span> <span class='ocrx_word' id='word_1_332' title='bbox 713 3353 748 3411; x_wconf 81' lang='lat' dir='ltr'>in</span> <span class='ocrx_word' id='word_1_333' title='bbox 773 3361 940 3428; x_wconf 73' lang='lat' dir='ltr'>corespectn</span> <span class='ocrx_word' id='word_1_334' title='bbox 996 3363 1049 3417; x_wconf 88' lang='lat' dir='ltr'>tuo</span> <span class='ocrx_word' id='word_1_335' title='bbox 1070 3352 1226 3434; x_wconf 84' lang='lat' dir='ltr'>exemplo,</span> <span class='ocrx_word' id='word_1_336' title='bbox 1243 3359 1275 3414; x_wconf 93' lang='lat' dir='ltr'>et</span> <span class='ocrx_word' id='word_1_337' title='bbox 1289 3352 1373 3432; x_wconf 89' lang='lat' dir='ltr'>juste</span> <span class='ocrx_word' id='word_1_338' title='bbox 1392 3348 1592 3412; x_wconf 86' lang='lat' dir='ltr'>malediceris</span> <span class='ocrx_word' id='word_1_339' title='bbox 1617 3348 1657 3410; x_wconf 90' lang='lat' dir='ltr'>ab</span> <span class='ocrx_word' id='word_1_340' title='bbox 1680 3347 1737 3410; x_wconf 79' lang='lat' dir='ltr'>eis</span> 
     </span>
     <span class='ocr_line' id='line_1_52' title="bbox 192 3444 1737 3532; baseline -0.003 -22"><span class='ocrx_word' id='word_1_341' title='bbox 192 3451 341 3518; x_wconf 79' lang='lat' dir='ltr'>Domini,</span> <span class='ocrx_word' id='word_1_342' title='bbox 364 3457 440 3530; x_wconf 89' lang='lat' dir='ltr'>puta</span> <span class='ocrx_word' id='word_1_343' title='bbox 466 3447 498 3510; x_wconf 91' lang='lat' dir='ltr'>in</span> <span class='ocrx_word' id='word_1_344' title='bbox 525 3449 606 3511; x_wconf 91' lang='lat' dir='ltr'>atrio</span> <span class='ocrx_word' id='word_1_345' title='bbox 628 3448 712 3512; x_wconf 87' lang='lat' dir='ltr'>eirca</span> <span class='ocrx_word' id='word_1_346' title='bbox 732 3448 831 3511; x_wconf 88' lang='lat' dir='ltr'>altare</span> <span class='ocrx_word' id='word_1_347' title='bbox 853 3448 941 3512; x_wconf 94' lang='lat' dir='ltr'>holo·</span> <span class='ocrx_word' id='word_1_348' title='bbox 995 3452 1063 3528; x_wconf 86' lang='lat' dir='ltr'>Vel,</span> <span class='ocrx_word' id='word_1_349' title='bbox 1082 3471 1179 3532; x_wconf 94' lang='lat' dir='ltr'>quum</span> <span class='ocrx_word' id='word_1_350' title='bbox 1194 3450 1266 3532; x_wconf 90' lang='lat' dir='ltr'>quis</span> <span class='ocrx_word' id='word_1_351' title='bbox 1279 3449 1415 3513; x_wconf 85' lang='lat' dir='ltr'>voluerit</span> <span class='ocrx_word' id='word_1_352' title='bbox 1431 3446 1619 3510; x_wconf 90' lang='lat' dir='ltr'>maledicere</span> <span class='ocrx_word' id='word_1_353' title='bbox 1634 3444 1737 3521; x_wconf 89' lang='lat' dir='ltr'>alteri,</span> 
     </span>
     <span class='ocr_line' id='line_1_53' title="bbox 190 3544 1737 3627; baseline 0.001 -25"><span class='ocrx_word' id='word_1_354' title='bbox 190 3545 305 3618; x_wconf 83' lang='lat' dir='ltr'>causti,</span> <span class='ocrx_word' id='word_1_355' title='bbox 332 3546 540 3621; x_wconf 81' lang='lat' dir='ltr'>discooperiet</span> <span class='ocrx_word' id='word_1_356' title='bbox 565 3545 712 3608; x_wconf 84' lang='lat' dir='ltr'>sacerdos</span> <span class='ocrx_word' id='word_1_357' title='bbox 736 3555 833 3622; x_wconf 81' lang='lat' dir='ltr'>capnt</span> <span class='ocrx_word' id='word_1_358' title='bbox 857 3547 940 3622; x_wconf 70' lang='lat' dir='ltr'>ejus,</span> <span class='ocrx_word' id='word_1_359' title='bbox 995 3550 1090 3627; x_wconf 90' lang='lat' dir='ltr'>dicat,</span> <span class='ocrx_word' id='word_1_360' title='bbox 1108 3550 1214 3612; x_wconf 80' lang='lat' dir='ltr'>Faciat</span> <span class='ocrx_word' id='word_1_361' title='bbox 1230 3548 1287 3610; x_wconf 94' lang='lat' dir='ltr'>tibi</span> <span class='ocrx_word' id='word_1_362' title='bbox 1304 3549 1396 3624; x_wconf 83' lang='lat' dir='ltr'>DeuS,</span> <span class='ocrx_word' id='word_1_363' title='bbox 1419 3547 1469 3610; x_wconf 83' lang='lat' dir='ltr'>vel</span> <span class='ocrx_word' id='word_1_364' title='bbox 1489 3545 1547 3608; x_wconf 90' lang='lat' dir='ltr'>tibi</span> <span class='ocrx_word' id='word_1_365' title='bbox 1563 3544 1737 3623; x_wconf 84' lang='lat' dir='ltr'>conlingat,</span> 
     </span>
     <span class='ocr_line' id='line_1_54' title="bbox 190 3641 1741 3732; baseline -0.003 -26"><span class='ocrx_word' id='word_1_366' title='bbox 190 3663 248 3727; x_wconf 92' lang='lat' dir='ltr'>pro</span> <span class='ocrx_word' id='word_1_367' title='bbox 264 3663 303 3707; x_wconf 91' lang='lat' dir='ltr'>eo</span> <span class='ocrx_word' id='word_1_368' title='bbox 319 3644 406 3725; x_wconf 93' lang='lat' dir='ltr'>quod</span> <span class='ocrx_word' id='word_1_369' title='bbox 423 3642 492 3723; x_wconf 87' lang='lat' dir='ltr'>ipsa</span> <span class='ocrx_word' id='word_1_370' title='bbox 509 3641 541 3705; x_wconf 93' lang='lat' dir='ltr'>in</span> <span class='ocrx_word' id='word_1_371' title='bbox 557 3642 700 3705; x_wconf 90' lang='lat' dir='ltr'>tenebris</span> <span class='ocrx_word' id='word_1_372' title='bbox 711 3643 871 3707; x_wconf 85' lang='lat' dir='ltr'>commisit</span> <span class='ocrx_word' id='word_1_373' title='bbox 886 3653 940 3706; x_wconf 88' lang='lat' dir='ltr'>aut</span> <span class='ocrx_word' id='word_1_374' title='bbox 994 3648 1262 3732; x_wconf 88' lang='lat' dir='ltr'>quemadmodum</span> <span class='ocrx_word' id='word_1_375' title='bbox 1288 3646 1336 3709; x_wconf 89' lang='lat' dir='ltr'>illi</span> <span class='ocrx_word' id='word_1_376' title='bbox 1366 3646 1529 3708; x_wconf 70' lang='lat' dir='ltr'>adulterat.</span> <span class='ocrx_word' id='word_1_377' title='bbox 1556 3649 1741 3706; x_wconf 80' lang='lat' dir='ltr'>l&#39;ntrescere</span> 
     </span>
     <span class='ocr_line' id='line_1_55' title="bbox 189 3742 1740 3826; baseline -0.003 -21"><span class='ocrx_word' id='word_1_378' title='bbox 189 3742 392 3806; x_wconf 84' lang='lat' dir='ltr'>commisisse</span> <span class='ocrx_word' id='word_1_379' title='bbox 409 3750 547 3824; x_wconf 90' lang='lat' dir='ltr'>putatur,</span> <span class='ocrx_word' id='word_1_380' title='bbox 561 3750 592 3802; x_wconf 88' lang='lat' dir='ltr'>et</span> <span class='ocrx_word' id='word_1_381' title='bbox 608 3750 643 3804; x_wconf 91' lang='lat' dir='ltr'>ut</span> <span class='ocrx_word' id='word_1_382' title='bbox 658 3762 695 3804; x_wconf 85' lang='lat' dir='ltr'>cx</span> <span class='ocrx_word' id='word_1_383' title='bbox 712 3742 766 3804; x_wconf 92' lang='lat' dir='ltr'>illa</span> <span class='ocrx_word' id='word_1_384' title='bbox 781 3742 941 3805; x_wconf 80' lang='lat' dir='ltr'>conlusio</span> <span class='ocrx_word' id='word_1_385' title='bbox 995 3751 1099 3826; x_wconf 79' lang='lat' dir='ltr'>faciat</span> <span class='ocrx_word' id='word_1_386' title='bbox 1113 3748 1222 3825; x_wconf 76' lang='lat' dir='ltr'>semar</span> <span class='ocrx_word' id='word_1_387' title='bbox 1239 3755 1383 3814; x_wconf 78' lang='lat' dir='ltr'>tnnrn,et</span> <span class='ocrx_word' id='word_1_388' title='bbox 1400 3755 1524 3805; x_wconf 82' lang='lat' dir='ltr'>tumens</span> <span class='ocrx_word' id='word_1_389' title='bbox 1540 3753 1649 3803; x_wconf 80' lang='lat' dir='ltr'>nterns</span> <span class='ocrx_word' id='word_1_390' title='bbox 1666 3752 1740 3802; x_wconf 87' lang='lat' dir='ltr'>tnns</span> 
     </span>
     <span class='ocr_line' id='line_1_56' title="bbox 191 3839 1740 3924; baseline -0.001 -21"><span class='ocrx_word' id='word_1_391' title='bbox 191 3861 231 3904; x_wconf 90' lang='lat' dir='ltr'>ne</span> <span class='ocrx_word' id='word_1_392' title='bbox 247 3841 319 3903; x_wconf 75' lang='lat' dir='ltr'>atie</span> <span class='ocrx_word' id='word_1_393' title='bbox 336 3839 464 3903; x_wconf 77' lang='lat' dir='ltr'>feminae</span> <span class='ocrx_word' id='word_1_394' title='bbox 481 3848 686 3917; x_wconf 89' lang='lat' dir='ltr'>terrerentur,</span> <span class='ocrx_word' id='word_1_395' title='bbox 705 3861 762 3904; x_wconf 88' lang='lat' dir='ltr'>nec</span> <span class='ocrx_word' id='word_1_396' title='bbox 783 3841 846 3904; x_wconf 88' lang='lat' dir='ltr'>tale</span> <span class='ocrx_word' id='word_1_397' title='bbox 861 3842 939 3922; x_wconf 90' lang='lat' dir='ltr'>quid</span> <span class='ocrx_word' id='word_1_398' title='bbox 994 3849 1216 3923; x_wconf 80' lang='lat' dir='ltr'>dirrnnpatnr.</span> <span class='ocrx_word' id='word_1_399' title='bbox 1236 3843 1446 3906; x_wconf 88' lang='lat' dir='ltr'>Nominantur</span> <span class='ocrx_word' id='word_1_400' title='bbox 1470 3851 1499 3905; x_wconf 90' lang='lat' dir='ltr'>et</span> <span class='ocrx_word' id='word_1_401' title='bbox 1525 3840 1740 3924; x_wconf 87' lang='lat' dir='ltr'>puniebantur</span> 
     </span>
     <span class='ocr_line' id='line_1_57' title="bbox 192 3938 1737 4027; baseline -0.001 -26"><span class='ocrx_word' id='word_1_402' title='bbox 192 3947 376 4022; x_wconf 83' lang='lat' dir='ltr'>perpetrare</span> <span class='ocrx_word' id='word_1_403' title='bbox 395 3939 560 4014; x_wconf 87' lang='lat' dir='ltr'>auderent,</span> <span class='ocrx_word' id='word_1_404' title='bbox 585 3938 648 4002; x_wconf 91' lang='lat' dir='ltr'>imo</span> <span class='ocrx_word' id='word_1_405' title='bbox 664 3939 940 4002; x_wconf 81' lang='lat' dir='ltr'>confabulationes</span> <span class='ocrx_word' id='word_1_406' title='bbox 995 3945 1044 4008; x_wconf 80' lang='lat' dir='ltr'>hae</span> <span class='ocrx_word' id='word_1_407' title='bbox 1067 3953 1173 4027; x_wconf 90' lang='lat' dir='ltr'>partes</span> <span class='ocrx_word' id='word_1_408' title='bbox 1195 3962 1266 4024; x_wconf 71' lang='lat' dir='ltr'>quat</span> <span class='ocrx_word' id='word_1_409' title='bbox 1288 3943 1326 4004; x_wconf 91' lang='lat' dir='ltr'>ad</span> <span class='ocrx_word' id='word_1_410' title='bbox 1343 3941 1606 4004; x_wconf 87' lang='lat' dir='ltr'>committendum</span> <span class='ocrx_word' id='word_1_411' title='bbox 1623 3939 1737 4012; x_wconf 89' lang='lat' dir='ltr'>scelus,</span> 
     </span>
     <span class='ocr_line' id='line_1_58' title="bbox 191 4035 1740 4126; baseline -0.005 -20"><span class='ocrx_word' id='word_1_412' title='bbox 191 4043 222 4100; x_wconf 81' lang='lat' dir='ltr'>et</span> <span class='ocrx_word' id='word_1_413' title='bbox 248 4046 358 4114; x_wconf 85' lang='lat' dir='ltr'>nutus,</span> <span class='ocrx_word' id='word_1_414' title='bbox 382 4035 558 4117; x_wconf 83' lang='lat' dir='ltr'>amplexus,</span> <span class='ocrx_word' id='word_1_415' title='bbox 576 4036 683 4118; x_wconf 82' lang='lat' dir='ltr'>oscula</span> <span class='ocrx_word' id='word_1_416' title='bbox 709 4045 804 4119; x_wconf 80' lang='lat' dir='ltr'>atque</span> <span class='ocrx_word' id='word_1_417' title='bbox 829 4056 940 4098; x_wconf 86' lang='lat' dir='ltr'>munu-</span> <span class='ocrx_word' id='word_1_418' title='bbox 996 4043 1208 4126; x_wconf 84' lang='lat' dir='ltr'>propinquius</span> <span class='ocrx_word' id='word_1_419' title='bbox 1239 4061 1296 4104; x_wconf 87' lang='lat' dir='ltr'>suo</span> <span class='ocrx_word' id='word_1_420' title='bbox 1321 4040 1416 4103; x_wconf 86' lang='lat' dir='ltr'>modo</span> <span class='ocrx_word' id='word_1_421' title='bbox 1441 4038 1682 4114; x_wconf 55' lang='lat' dir='ltr'>deservientium</span> <span class='ocrx_word' id='word_1_422' title='bbox 1709 4047 1740 4100; x_wconf 82' lang='lat' dir='ltr'>et</span> 
     </span>
     <span class='ocr_line' id='line_1_59' title="bbox 191 4134 1741 4224; baseline 0.001 -27"><span class='ocrx_word' id='word_1_423' title='bbox 191 4136 292 4212; x_wconf 88' lang='lat' dir='ltr'>scula,</span> <span class='ocrx_word' id='word_1_424' title='bbox 320 4135 501 4216; x_wconf 86' lang='lat' dir='ltr'>exquibus</span> <span class='ocrx_word' id='word_1_425' title='bbox 532 4134 607 4196; x_wconf 90' lang='lat' dir='ltr'>mali</span> <span class='ocrx_word' id='word_1_426' title='bbox 634 4135 773 4217; x_wconf 88' lang='lat' dir='ltr'>suspicio</span> <span class='ocrx_word' id='word_1_427' title='bbox 798 4134 940 4214; x_wconf 80' lang='lat' dir='ltr'>gignitur</span> <span class='ocrx_word' id='word_1_428' title='bbox 996 4162 1052 4224; x_wconf 93' lang='lat' dir='ltr'>per</span> <span class='ocrx_word' id='word_1_429' title='bbox 1074 4141 1311 4223; x_wconf 87' lang='lat' dir='ltr'>expressionem</span> <span class='ocrx_word' id='word_1_430' title='bbox 1335 4139 1455 4203; x_wconf 86' lang='lat' dir='ltr'>ventris</span> <span class='ocrx_word' id='word_1_431' title='bbox 1477 4159 1513 4202; x_wconf 89' lang='lat' dir='ltr'>ao</span> <span class='ocrx_word' id='word_1_432' title='bbox 1536 4139 1677 4215; x_wconf 79' lang='lat' dir='ltr'>femoris,</span> <span class='ocrx_word' id='word_1_433' title='bbox 1694 4137 1741 4199; x_wconf 91' lang='lat' dir='ltr'>in-</span> 
     </span>
     <span class='ocr_line' id='line_1_60' title="bbox 191 4234 1740 4322; baseline -0.001 -26"><span class='ocrx_word' id='word_1_434' title='bbox 191 4234 272 4310; x_wconf 88' lang='lat' dir='ltr'>viro,</span> <span class='ocrx_word' id='word_1_435' title='bbox 283 4235 433 4297; x_wconf 86' lang='lat' dir='ltr'>vitarent.</span> <span class='ocrx_word' id='word_1_436' title='bbox 443 4237 486 4295; x_wconf 86' lang='lat' dir='ltr'>Et</span> <span class='ocrx_word' id='word_1_437' title='bbox 497 4243 594 4312; x_wconf 80' lang='lat' dir='ltr'>ponet</span> <span class='ocrx_word' id='word_1_438' title='bbox 609 4255 705 4311; x_wconf 78' lang='lat' dir='ltr'>sapor</span> <span class='ocrx_word' id='word_1_439' title='bbox 715 4255 833 4294; x_wconf 73' lang='lat' dir='ltr'>ananus</span> <span class='ocrx_word' id='word_1_440' title='bbox 849 4236 941 4295; x_wconf 79' lang='lat' dir='ltr'>illins</span> <span class='ocrx_word' id='word_1_441' title='bbox 956 4244 979 4304; x_wconf 85' lang='grc' dir='ltr'>Ι)</span> <span class='ocrx_word' id='word_1_442' title='bbox 998 4240 1149 4322; x_wconf 66' lang='lat' dir='ltr'>[opposita</span> <span class='ocrx_word' id='word_1_443' title='bbox 1164 4259 1241 4322; x_wconf 83' lang='lat' dir='ltr'>pars·</span> <span class='ocrx_word' id='word_1_444' title='bbox 1253 4247 1357 4322; x_wconf 74' lang='lat' dir='ltr'>potest</span> <span class='ocrx_word' id='word_1_445' title='bbox 1373 4238 1521 4318; x_wconf 81' lang='lat' dir='ltr'>intelligi.</span> <span class='ocrx_word' id='word_1_446' title='bbox 1533 4239 1625 4300; x_wconf 87' lang='lat' dir='ltr'>lstam</span> <span class='ocrx_word' id='word_1_447' title='bbox 1644 4236 1740 4300; x_wconf 85' lang='lat' dir='ltr'>malc-</span> 
     </span>
     <span class='ocr_line' id='line_1_61' title="bbox 191 4331 1741 4420; baseline -0.003 -18"><span class='ocrx_word' id='word_1_448' title='bbox 191 4335 393 4412; x_wconf 73' lang='lat' dir='ltr'>sacrificinm</span> <span class='ocrx_word' id='word_1_449' title='bbox 419 4335 663 4404; x_wconf 74' lang='lat' dir='ltr'>recordationis,</span> <span class='ocrx_word' id='word_1_450' title='bbox 689 4333 720 4395; x_wconf 80' lang='lat' dir='ltr'>id</span> <span class='ocrx_word' id='word_1_451' title='bbox 746 4341 793 4395; x_wconf 71' lang='lat' dir='ltr'>est</span> <span class='ocrx_word' id='word_1_452' title='bbox 819 4331 941 4394; x_wconf 73' lang='lat' dir='ltr'>Sacrifi—</span> <span class='ocrx_word' id='word_1_453' title='bbox 996 4339 1169 4402; x_wconf 88' lang='lat' dir='ltr'>dictionem</span> <span class='ocrx_word' id='word_1_454' title='bbox 1194 4337 1375 4420; x_wconf 86' lang='lat' dir='ltr'>proterebat</span> <span class='ocrx_word' id='word_1_455' title='bbox 1395 4338 1541 4400; x_wconf 89' lang='lat' dir='ltr'>sacerdos</span> <span class='ocrx_word' id='word_1_456' title='bbox 1563 4337 1629 4398; x_wconf 88' lang='lat' dir='ltr'>zelo</span> <span class='ocrx_word' id='word_1_457' title='bbox 1651 4335 1741 4416; x_wconf 89' lang='lat' dir='ltr'>justi-</span> 
     </span>
    </p>
   </div>
   <div class='ocr_carea' id='block_1_10' title="bbox 191 4430 944 5207">
    <p class='ocr_par' dir='ltr' id='par_1_11' title="bbox 191 4430 944 5207">
     <span class='ocr_line' id='line_1_62' title="bbox 191 4430 941 4514; baseline -0.003 -20"><span class='ocrx_word' id='word_1_458' title='bbox 191 4432 275 4494; x_wconf 84' lang='lat' dir='ltr'>cium</span> <span class='ocrx_word' id='word_1_459' title='bbox 288 4432 353 4512; x_wconf 87' lang='lat' dir='ltr'>jam</span> <span class='ocrx_word' id='word_1_460' title='bbox 368 4430 639 4514; x_wconf 85' lang='lat' dir='ltr'>praeiatum,quod</span> <span class='ocrx_word' id='word_1_461' title='bbox 657 4430 757 4492; x_wconf 90' lang='lat' dir='ltr'>tendit</span> <span class='ocrx_word' id='word_1_462' title='bbox 772 4431 811 4492; x_wconf 91' lang='lat' dir='ltr'>ad</span> <span class='ocrx_word' id='word_1_463' title='bbox 826 4431 897 4506; x_wconf 91' lang='lat' dir='ltr'>hoc,</span> <span class='ocrx_word' id='word_1_464' title='bbox 907 4440 941 4492; x_wconf 92' lang='lat' dir='ltr'>ut</span> 
     </span>
     <span class='ocr_line' id='line_1_63' title="bbox 193 4530 942 4612; baseline -0.001 -19"><span class='ocrx_word' id='word_1_465' title='bbox 193 4539 360 4612; x_wconf 90' lang='lat' dir='ltr'>peceatum</span> <span class='ocrx_word' id='word_1_466' title='bbox 377 4530 446 4611; x_wconf 86' lang='lat' dir='ltr'>ejus</span> <span class='ocrx_word' id='word_1_467' title='bbox 462 4530 657 4612; x_wconf 72' lang='lat' dir='ltr'>praeteritum</span> <span class='ocrx_word' id='word_1_468' title='bbox 677 4530 708 4591; x_wconf 94' lang='lat' dir='ltr'>in</span> <span class='ocrx_word' id='word_1_469' title='bbox 728 4530 874 4593; x_wconf 90' lang='lat' dir='ltr'>notitiam</span> <span class='ocrx_word' id='word_1_470' title='bbox 890 4531 942 4592; x_wconf 86' lang='lat' dir='ltr'>de·</span> 
     </span>
     <span class='ocr_line' id='line_1_64' title="bbox 193 4629 942 4711; baseline -0.005 -17"><span class='ocrx_word' id='word_1_471' title='bbox 193 4631 329 4706; x_wconf 84' lang='lat' dir='ltr'>reniret,</span> <span class='ocrx_word' id='word_1_472' title='bbox 347 4631 397 4693; x_wconf 91' lang='lat' dir='ltr'>vel</span> <span class='ocrx_word' id='word_1_473' title='bbox 415 4638 450 4691; x_wconf 93' lang='lat' dir='ltr'>ut</span> <span class='ocrx_word' id='word_1_474' title='bbox 465 4630 534 4711; x_wconf 89' lang='lat' dir='ltr'>ipsa</span> <span class='ocrx_word' id='word_1_475' title='bbox 556 4629 635 4692; x_wconf 91' lang='lat' dir='ltr'>illud</span> <span class='ocrx_word' id='word_1_476' title='bbox 657 4629 826 4693; x_wconf 87' lang='lat' dir='ltr'>recolendo</span> <span class='ocrx_word' id='word_1_477' title='bbox 841 4629 942 4692; x_wconf 90' lang='lat' dir='ltr'>conli-</span> 
     </span>
     <span class='ocr_line' id='line_1_65' title="bbox 194 4730 942 4812; baseline -0.003 -20"><span class='ocrx_word' id='word_1_478' title='bbox 194 4739 325 4806; x_wconf 89' lang='lat' dir='ltr'>teretur‚</span> <span class='ocrx_word' id='word_1_479' title='bbox 342 4741 386 4799; x_wconf 84' lang='lat' dir='ltr'>et,</span> <span class='ocrx_word' id='word_1_480' title='bbox 408 4749 465 4812; x_wconf 93' lang='lat' dir='ltr'>pro</span> <span class='ocrx_word' id='word_1_481' title='bbox 484 4730 517 4791; x_wconf 93' lang='lat' dir='ltr'>id</span> <span class='ocrx_word' id='word_1_482' title='bbox 538 4739 595 4807; x_wconf 90' lang='lat' dir='ltr'>est,</span> <span class='ocrx_word' id='word_1_483' title='bbox 614 4733 806 4790; x_wconf 78' lang='lat' dir='ltr'>oblationem</span> <span class='ocrx_word' id='word_1_484' title='bbox 827 4735 942 4807; x_wconf 73' lang='lat' dir='ltr'>zeloty-</span> 
     </span>
     <span class='ocr_line' id='line_1_66' title="bbox 191 4828 941 4910; baseline 0 -20"><span class='ocrx_word' id='word_1_485' title='bbox 191 4834 255 4908; x_wconf 74' lang='lat' dir='ltr'>pin</span> <span class='ocrx_word' id='word_1_486' title='bbox 282 4851 294 4888; x_wconf 94' lang='grc'>.·</span> <span class='ocrx_word' id='word_1_487' title='bbox 319 4830 405 4910; x_wconf 94' lang='lat' dir='ltr'>quod</span> <span class='ocrx_word' id='word_1_488' title='bbox 432 4828 477 4891; x_wconf 89' lang='lat' dir='ltr'>sic</span> <span class='ocrx_word' id='word_1_489' title='bbox 502 4837 648 4892; x_wconf 90' lang='lat' dir='ltr'>vocatum</span> <span class='ocrx_word' id='word_1_490' title='bbox 674 4838 721 4892; x_wconf 87' lang='lat' dir='ltr'>est</span> <span class='ocrx_word' id='word_1_491' title='bbox 746 4829 788 4891; x_wconf 94' lang='lat' dir='ltr'>ob</span> <span class='ocrx_word' id='word_1_492' title='bbox 813 4848 941 4891; x_wconf 89' lang='lat' dir='ltr'>oausam</span> 
     </span>
     <span class='ocr_line' id='line_1_67' title="bbox 195 4927 944 5011; baseline 0 -21"><span class='ocrx_word' id='word_1_493' title='bbox 195 4928 415 5011; x_wconf 76' lang='lat' dir='ltr'>praehabitam.</span> <span class='ocrx_word' id='word_1_494' title='bbox 433 4927 539 4990; x_wconf 90' lang='lat' dir='ltr'>Posuit</span> <span class='ocrx_word' id='word_1_495' title='bbox 561 4937 667 4991; x_wconf 86' lang='lat' dir='ltr'>autem</span> <span class='ocrx_word' id='word_1_496' title='bbox 691 4929 757 4991; x_wconf 76' lang='lat' dir='ltr'>haec</span> <span class='ocrx_word' id='word_1_497' title='bbox 779 4947 875 5009; x_wconf 89' lang='lat' dir='ltr'>super</span> <span class='ocrx_word' id='word_1_498' title='bbox 899 4927 944 4990; x_wconf 89' lang='lat' dir='ltr'>lc-</span> 
     </span>
     <span class='ocr_line' id='line_1_68' title="bbox 194 5025 944 5108; baseline -0.004 -18"><span class='ocrx_word' id='word_1_499' title='bbox 194 5029 290 5091; x_wconf 76' lang='lat' dir='ltr'>minae</span> <span class='ocrx_word' id='word_1_500' title='bbox 309 5047 435 5102; x_wconf 89' lang='lat' dir='ltr'>rnanus,</span> <span class='ocrx_word' id='word_1_501' title='bbox 447 5028 487 5089; x_wconf 90' lang='lat' dir='ltr'>ad</span> <span class='ocrx_word' id='word_1_502' title='bbox 505 5025 732 5088; x_wconf 91' lang='lat' dir='ltr'>insinuandum</span> <span class='ocrx_word' id='word_1_503' title='bbox 749 5027 834 5108; x_wconf 91' lang='lat' dir='ltr'>quod</span> <span class='ocrx_word' id='word_1_504' title='bbox 851 5027 944 5108; x_wconf 89' lang='lat' dir='ltr'>perti-</span> 
     </span>
     <span class='ocr_line' id='line_1_69' title="bbox 196 5125 942 5207; baseline -0.003 -19"><span class='ocrx_word' id='word_1_505' title='bbox 196 5126 289 5190; x_wconf 88' lang='lat' dir='ltr'>nebat</span> <span class='ocrx_word' id='word_1_506' title='bbox 305 5126 345 5188; x_wconf 91' lang='lat' dir='ltr'>ad</span> <span class='ocrx_word' id='word_1_507' title='bbox 362 5145 442 5202; x_wconf 69' lang='lat' dir='ltr'>tram,</span> <span class='ocrx_word' id='word_1_508' title='bbox 461 5133 492 5188; x_wconf 92' lang='lat' dir='ltr'>et</span> <span class='ocrx_word' id='word_1_509' title='bbox 508 5125 584 5207; x_wconf 90' lang='lat' dir='ltr'>quia</span> <span class='ocrx_word' id='word_1_510' title='bbox 605 5125 637 5187; x_wconf 95' lang='lat' dir='ltr'>in</span> <span class='ocrx_word' id='word_1_511' title='bbox 653 5125 809 5188; x_wconf 90' lang='lat' dir='ltr'>adulterio</span> <span class='ocrx_word' id='word_1_512' title='bbox 830 5145 942 5187; x_wconf 92' lang='lat' dir='ltr'>manus</span> 
     </span>
    </p>
   </div>
   <div class='ocr_carea' id='block_1_11' title="bbox 68 5223 943 5306">
    <p class='ocr_par' dir='ltr' id='par_1_12' title="bbox 68 5223 943 5306">
     <span class='ocr_line' id='line_1_70' title="bbox 68 5223 943 5306; baseline 0.003 -24"><span class='ocrx_word' id='word_1_513' title='bbox 68 5227 180 5275; x_wconf 59' lang='lat' dir='ltr'>lover-¹³·</span> <span class='ocrx_word' id='word_1_514' title='bbox 195 5224 388 5289; x_wconf 81' lang='lat' dir='ltr'>exhibentur</span> <span class='ocrx_word' id='word_1_515' title='bbox 408 5243 496 5286; x_wconf 86' lang='lat' dir='ltr'>anna</span> <span class='ocrx_word' id='word_1_516' title='bbox 514 5223 693 5305; x_wconf 91' lang='lat' dir='ltr'>iniquitatis</span> <span class='ocrx_word' id='word_1_517' title='bbox 715 5233 854 5306; x_wconf 78' lang='lat' dir='ltr'>peceato¹</span> <span class='ocrx_word' id='word_1_518' title='bbox 873 5228 943 5301; x_wconf 80' lang='lat' dir='ltr'>lpse</span> 
     </span>
    </p>
   </div>
   <div class='ocr_carea' id='block_1_12' title="bbox 195 5323 943 5402">
    <p class='ocr_par' dir='ltr' id='par_1_13' title="bbox 195 5323 943 5402">
     <span class='ocr_line' id='line_1_71' title="bbox 195 5323 943 5402; baseline -0.003 -16"><span class='ocrx_word' id='word_1_519' title='bbox 195 5335 303 5386; x_wconf 82' lang='lat' dir='ltr'>autern</span> <span class='ocrx_word' id='word_1_520' title='bbox 315 5323 462 5385; x_wconf 85' lang='lat' dir='ltr'>sacerdos</span> <span class='ocrx_word' id='word_1_521' title='bbox 475 5325 591 5383; x_wconf 82' lang='lat' dir='ltr'>tcncdt&#39;t</span> <span class='ocrx_word' id='word_1_522' title='bbox 604 5345 708 5402; x_wconf 79' lang='lat' dir='ltr'>eques</span> <span class='ocrx_word' id='word_1_523' title='bbox 723 5325 943 5385; x_wconf 77' lang='lat' dir='ltr'>arnarisst&#39;rnos</span> 
     </span>
    </p>
   </div>
   <div class='ocr_carea' id='block_1_13' title="bbox 996 4434 1741 4714">
    <p class='ocr_par' dir='ltr' id='par_1_14' title="bbox 996 4434 1741 4714">
     <span class='ocr_line' id='line_1_72' title="bbox 996 4434 1741 4512; baseline -0.007 -13"><span class='ocrx_word' id='word_1_524' title='bbox 996 4437 1058 4512; x_wconf 83' lang='lat' dir='ltr'>tiae,</span> <span class='ocrx_word' id='word_1_525' title='bbox 1077 4455 1141 4499; x_wconf 95' lang='lat' dir='ltr'>non</span> <span class='ocrx_word' id='word_1_526' title='bbox 1158 4435 1278 4498; x_wconf 86' lang='lat' dir='ltr'>ellectu</span> <span class='ocrx_word' id='word_1_527' title='bbox 1298 4435 1428 4498; x_wconf 80' lang='lat' dir='ltr'>invidiae</span> <span class='ocrx_word' id='word_1_528' title='bbox 1447 4444 1502 4497; x_wconf 89' lang='lat' dir='ltr'>aut</span> <span class='ocrx_word' id='word_1_529' title='bbox 1521 4434 1679 4496; x_wconf 81' lang='lat' dir='ltr'>vindictae.</span> <span class='ocrx_word' id='word_1_530' title='bbox 1699 4437 1741 4496; x_wconf 81' lang='lat' dir='ltr'>Et</span> 
     </span>
     <span class='ocr_line' id='line_1_73' title="bbox 997 4533 1739 4616; baseline -0.003 -20"><span class='ocrx_word' id='word_1_531' title='bbox 997 4539 1197 4616; x_wconf 82' lang='lat' dir='ltr'>respondebit</span> <span class='ocrx_word' id='word_1_532' title='bbox 1218 4537 1337 4595; x_wconf 75' lang='lat' dir='ltr'>trtnlier</span> <span class='ocrx_word' id='word_1_533' title='bbox 1352 4555 1363 4594; x_wconf 92' lang='grc'>.·</span> <span class='ocrx_word' id='word_1_534' title='bbox 1380 4538 1496 4603; x_wconf 76' lang='lat' dir='ltr'>Amen,</span> <span class='ocrx_word' id='word_1_535' title='bbox 1512 4555 1606 4593; x_wconf 76' lang='lat' dir='ltr'>arnon</span> <span class='ocrx_word' id='word_1_536' title='bbox 1622 4533 1739 4614; x_wconf 88' lang='lat' dir='ltr'>:quasi</span> 
     </span>
     <span class='ocr_line' id='line_1_74' title="bbox 997 4633 1741 4714; baseline -0.007 -16"><span class='ocrx_word' id='word_1_537' title='bbox 997 4654 1108 4698; x_wconf 89' lang='lat' dir='ltr'>secura</span> <span class='ocrx_word' id='word_1_538' title='bbox 1123 4636 1162 4697; x_wconf 91' lang='lat' dir='ltr'>de</span> <span class='ocrx_word' id='word_1_539' title='bbox 1179 4633 1362 4696; x_wconf 89' lang='lat' dir='ltr'>innocentia</span> <span class='ocrx_word' id='word_1_540' title='bbox 1378 4650 1446 4708; x_wconf 92' lang='lat' dir='ltr'>sua,</span> <span class='ocrx_word' id='word_1_541' title='bbox 1465 4639 1496 4694; x_wconf 91' lang='lat' dir='ltr'>et</span> <span class='ocrx_word' id='word_1_542' title='bbox 1517 4639 1668 4712; x_wconf 89' lang='lat' dir='ltr'>tanquam</span> <span class='ocrx_word' id='word_1_543' title='bbox 1686 4651 1741 4714; x_wconf 90' lang='lat' dir='ltr'>ap-</span> 
     </span>
    </p>
   </div>
   <div class='ocr_carea' id='block_1_14' title="bbox 998 4729 1742 5110">
    <p class='ocr_par' dir='ltr' id='par_1_15' title="bbox 998 4729 1742 5110">
     <span class='ocr_line' id='line_1_75' title="bbox 998 4729 1740 4816; baseline -0.003 -20"><span class='ocrx_word' id='word_1_544' title='bbox 998 4735 1153 4816; x_wconf 91' lang='lat' dir='ltr'>plaudens</span> <span class='ocrx_word' id='word_1_545' title='bbox 1168 4733 1285 4796; x_wconf 81' lang='lat' dir='ltr'>divinae</span> <span class='ocrx_word' id='word_1_546' title='bbox 1300 4731 1442 4812; x_wconf 79' lang='lat' dir='ltr'>justitia,</span> <span class='ocrx_word' id='word_1_547' title='bbox 1460 4739 1491 4794; x_wconf 89' lang='lat' dir='ltr'>et</span> <span class='ocrx_word' id='word_1_548' title='bbox 1513 4729 1597 4792; x_wconf 80' lang='lat' dir='ltr'>velut</span> <span class='ocrx_word' id='word_1_549' title='bbox 1614 4729 1740 4812; x_wconf 90' lang='lat' dir='ltr'>utrique</span> 
     </span>
     <span class='ocr_line' id='line_1_76' title="bbox 998 4829 1742 4916; baseline -0.005 -22"><span class='ocrx_word' id='word_1_550' title='bbox 998 4831 1137 4916; x_wconf 69' lang='lat' dir='ltr'>praelatae</span> <span class='ocrx_word' id='word_1_551' title='bbox 1154 4830 1373 4913; x_wconf 88' lang='lat' dir='ltr'>imprecationi</span> <span class='ocrx_word' id='word_1_552' title='bbox 1389 4829 1613 4892; x_wconf 87' lang='lat' dir='ltr'>consentiens:</span> <span class='ocrx_word' id='word_1_553' title='bbox 1632 4837 1666 4890; x_wconf 92' lang='lat' dir='ltr'>ut</span> <span class='ocrx_word' id='word_1_554' title='bbox 1681 4829 1742 4892; x_wconf 86' lang='lat' dir='ltr'>sci-</span> 
     </span>
     <span class='ocr_line' id='line_1_77' title="bbox 998 4927 1741 5010; baseline -0.007 -16"><span class='ocrx_word' id='word_1_555' title='bbox 998 4933 1072 4995; x_wconf 89' lang='lat' dir='ltr'>licet</span> <span class='ocrx_word' id='word_1_556' title='bbox 1089 4949 1152 4994; x_wconf 96' lang='lat' dir='ltr'>non</span> <span class='ocrx_word' id='word_1_557' title='bbox 1169 4930 1336 4992; x_wconf 72' lang='lat' dir='ltr'>laederetur</span> <span class='ocrx_word' id='word_1_558' title='bbox 1350 4949 1388 4991; x_wconf 81' lang='lat' dir='ltr'>eu</span> <span class='ocrx_word' id='word_1_559' title='bbox 1403 4937 1480 5010; x_wconf 92' lang='lat' dir='ltr'>potu</span> <span class='ocrx_word' id='word_1_560' title='bbox 1496 4948 1596 5008; x_wconf 76' lang='lat' dir='ltr'>aqua,</span> <span class='ocrx_word' id='word_1_561' title='bbox 1615 4927 1641 4989; x_wconf 89' lang='lat' dir='ltr'>si</span> <span class='ocrx_word' id='word_1_562' title='bbox 1657 4936 1741 4991; x_wconf 89' lang='lat' dir='ltr'>esset</span> 
     </span>
     <span class='ocr_line' id='line_1_78' title="bbox 998 5027 1741 5110; baseline -0.007 -17"><span class='ocrx_word' id='word_1_563' title='bbox 998 5031 1148 5102; x_wconf 80' lang='lat' dir='ltr'>innoxia3</span> <span class='ocrx_word' id='word_1_564' title='bbox 1170 5037 1202 5090; x_wconf 93' lang='lat' dir='ltr'>et</span> <span class='ocrx_word' id='word_1_565' title='bbox 1224 5028 1400 5103; x_wconf 69' lang='lat' dir='ltr'>laederetur,</span> <span class='ocrx_word' id='word_1_566' title='bbox 1418 5027 1445 5089; x_wconf 91' lang='lat' dir='ltr'>si</span> <span class='ocrx_word' id='word_1_567' title='bbox 1466 5037 1549 5090; x_wconf 89' lang='lat' dir='ltr'>esset</span> <span class='ocrx_word' id='word_1_568' title='bbox 1569 5027 1671 5110; x_wconf 71' lang='lat' dir='ltr'>culpat</span> <span class='ocrx_word' id='word_1_569' title='bbox 1686 5027 1741 5089; x_wconf 84' lang='lat' dir='ltr'>ob</span> 
     </span>
    </p>
   </div>
   <div class='ocr_carea' id='block_1_15' title="bbox 999 5149 1742 5301">
    <p class='ocr_par' dir='ltr' id='par_1_16' title="bbox 999 5149 1742 5301">
     <span class='ocr_line' id='line_1_79' title="bbox 999 5149 1103 5193; baseline -0.019 -1"><span class='ocrx_word' id='word_1_570' title='bbox 999 5149 1103 5193; x_wconf 81' lang='lat' dir='ltr'>noxia.</span> 
     </span>
     <span class='ocr_line' id='line_1_80' title="bbox 1039 5222 1742 5301; baseline -0.006 -16"><span class='ocrx_word' id='word_1_571' title='bbox 1039 5225 1224 5301; x_wconf 82' lang='lat' dir='ltr'>Scrtbctqne</span> <span class='ocrx_word' id='word_1_572' title='bbox 1236 5223 1380 5280; x_wconf 81' lang='lat' dir='ltr'>sacerdos</span> <span class='ocrx_word' id='word_1_573' title='bbox 1396 5222 1432 5280; x_wconf 82' lang='lat' dir='ltr'>in</span> <span class='ocrx_word' id='word_1_574' title='bbox 1448 5223 1554 5281; x_wconf 81' lang='lat' dir='ltr'>libello</span> <span class='ocrx_word' id='word_1_575' title='bbox 1569 5223 1632 5281; x_wconf 82' lang='lat' dir='ltr'>ista</span> <span class='ocrx_word' id='word_1_576' title='bbox 1646 5225 1714 5281; x_wconf 80' lang='lat' dir='ltr'>nial</span> <span class='ocrx_word' id='word_1_577' title='bbox 1730 5257 1742 5266; x_wconf 96' lang='lat'><em>-</em></span> 
     </span>
    </p>
   </div>
   <div class='ocr_carea' id='block_1_16' title="bbox 999 5316 1741 5400">
    <p class='ocr_par' dir='ltr' id='par_1_17' title="bbox 999 5316 1741 5400">
     <span class='ocr_line' id='line_1_81' title="bbox 999 5316 1741 5400; baseline -0.001 -19"><span class='ocrx_word' id='word_1_578' title='bbox 999 5323 1097 5382; x_wconf 84' lang='lat' dir='ltr'>dicta.</span> <span class='ocrx_word' id='word_1_579' title='bbox 1125 5319 1182 5381; x_wconf 91' lang='lat' dir='ltr'>Per</span> <span class='ocrx_word' id='word_1_580' title='bbox 1208 5317 1350 5380; x_wconf 93' lang='lat' dir='ltr'>libellum</span> <span class='ocrx_word' id='word_1_581' title='bbox 1377 5316 1566 5400; x_wconf 78' lang='lat' dir='ltr'>intelligitur</span> <span class='ocrx_word' id='word_1_582' title='bbox 1586 5318 1741 5382; x_wconf 90' lang='lat' dir='ltr'>membra-</span> 
     </span>
    </p>
   </div>
   <div class='ocr_carea' id='block_1_17' title="bbox 0 0 2165 6259">
    <p class='ocr_par' dir='ltr' id='par_1_18' title="bbox 0 0 2165 6259">
     <span class='ocr_line' id='line_1_82' title="bbox 0 0 2165 6259; baseline 0 0"><span class='ocrx_word' id='word_1_583' title='bbox 0 0 2165 6259; x_wconf 95' lang='lat' dir='ltr'> </span> 
     </span>
    </p>
   </div>
  </div>
 </body>
</html>
