4309 6259
483 536 658 585 suessano
679 537 710 583 ut
731 537 799 584 GAP.
823 533 910 582 xxxu
931 533 1164 581 usurunonouu.
1187 554 1228 564 -
1247 531 1318 578 ΛΒΤ.
1342 530 1427 578 XXXV

1665 510 1723 575 651

172 725 321 775 entremo
339 725 487 792 tompore,
500 715 630 794 quondo
646 712 788 788 feceritis
803 713 927 770 molem
942 707 967 769 Α
982 708 1044 771 Deo
1060 707 1168 770 omnia
1184 705 1349 789 possibilie
1368 714 1454 782 sunt,
1471 705 1526 786 qui
1542 704 1574 766 id
1590 702 1726 766 diversis

175 815 214 872 in
230 822 400 890 conspectu
417 813 564 882 Domini,
583 820 618 870 ut
634 810 770 869 irritetis
783 829 857 868 eum
867 827 928 884 per

173 932 275 988 opero
299 933 460 972 manuum
478 919 658 970 vestrorum
675 930 686 967 .·
702 907 787 989 quod
804 906 838 968 in
854 905 928 968 ulti-

173 1029 229 1070 ma
246 1009 307 1071 bae
324 1008 435 1071 mundi
446 1016 538 1071 aetate
548 1006 715 1090 potissime
725 1005 926 1087 adimpletur,

172 1108 328 1190 quamvis
344 1117 520 1171 extremum
538 1116 663 1188 tempus
679 1104 780 1187 possit
790 1103 926 1184 intelligi

174 1207 271 1282 illud,
281 1226 347 1288 quo
358 1207 440 1270 Deus
457 1203 598 1268 decrevit
608 1222 718 1267 eorum
734 1209 864 1285 peccata
880 1203 928 1264 nl-

174 1305 268 1382 eisci,
288 1314 319 1368 et.
337 1304 436 1368 linem
453 1304 618 1387 imponere
634 1303 707 1366 vitre
723 1322 844 1365 eorum.

218 1409 360 1464 Lomttus
384 1413 429 1465 est
448 1424 521 1481 erqo
538 1407 662 1481 Moyses
682 1405 835 1462 audiente
855 1403 928 1462 urti-

173 1523 267 1564 oerso
291 1513 373 1564 coetu
397 1507 510 1574 israel,
528 1503 622 1562 verbo
642 1502 800 1561 carminis
815 1501 926 1578 liujus,

173 1610 237 1663 etc.
257 1600 399 1675 Qualiter
414 1599 533 1680 Moyses
548 1598 604 1680 qui
621 1597 735 1660 exilem
747 1597 859 1659 habuit
873 1615 927 1661 vo

172 1719 258 1776 cem,
287 1719 305 1762 a
331 1707 418 1762 tanta
443 1706 567 1780 poteret
592 1697 685 1779 pleb'e
710 1696 828 1772 audiri,
856 1715 926 1777 quae

172 1800 298 1879 grando
309 1797 479 1880 occupavit
489 1796 626 1879 spatium
639 1796 760 1872 stando,
767 1795 829 1856 nisi
840 1795 926 1876 quod

983 806 1088 889 potuit
1113 805 1215 868 modis
1241 805 1384 882 efficere,
1410 804 1460 866 vel
1487 822 1595 866 rocem
1613 802 1726 884 Moysis

983 904 1204 981 confortando,
1223 905 1273 968 vel
1296 903 1419 986 species
1440 901 1597 984 audibiles
1612 901 1647 966 in
1667 919 1725 964 suo

981 1005 1091 1086 vigore
1106 1004 1145 1066 nd
1166 1022 1259 1066 aures
1283 1002 1427 1066 omnium
1450 1001 1651 1084 perferendo,
1669 1020 1724 1064 seu

981 1104 1044 1166 alio
1069 1102 1164 1166 modo
1182 1105 1194 1162 l
1214 1103 1282 1164 lam
1304 1109 1410 1164 autem
1432 1099 1641 1186 praehabitum
1664 1108 1722 1176 est,

981 1202 1066 1284 quod
1081 1201 1200 1281 Moyses
1223 1201 1351 1281 scripsit
1375 1199 1436 1263 boc
1459 1198 1630 1272 canticum,
1648 1198 1726 1262 sori·

981 1309 1136 1382 ptumque
1151 1299 1184 1360 in
1196 1298 1369 1376 volumine,
1384 1298 1534 1360 traditum
1544 1305 1592 1359 est
1607 1296 1725 1359 Levitis

980 1400 1019 1461 ad
1037 1398 1266 1480 reponendum.
1279 1397 1367 1460 Nunc
1382 1384 1458 1460 vero
1467 1395 1630 1471 asseritur,
1638 1395 1724 1476 quod

980 1497 1130 1561 audiente
1144 1497 1264 1579 populo
1279 1515 1337 1560 suo
1353 1495 1485 1578 protulit
1508 1495 1598 1569 illud,
1615 1493 1726 1574 sicque

981 1597 1156 1658 secundum
1178 1595 1323 1658 ordinem
1349 1593 1541 1658 narrationis
1565 1592 1725 1654 historicae

980 1703 1123 1778 apparet,
1136 1696 1220 1777 quod
1233 1694 1337 1776 primo
1353 1693 1516 1776 scripserit
1533 1692 1623 1769 illud,
1635 1689 1726 1753 dein-

981 1797 1021 1857 de
1036 1794 1237 1876 proposuerit
1254 1792 1351 1876 plebi.

691 2224 1015 2312 turlcutus
1053 2226 1235 2309 XXXV'

260 2503 440 2548 Etuctuarto
462 2501 639 2548 ttrrnnatls
660 2500 797 2546 unstruht
818 2498 969 2544 Tfltcustut
991 2499 1117 2544 secutum
1135 2500 1143 2545 2
1167 2499 1290 2557 auutru,
1313 2498 1404 2558 COEbl,
1427 2498 1494 2552 QUAE
1516 2497 1645 2559 tubuas,

690 2599 804 2646 suumn
825 2598 925 2643 nunna
948 2598 1047 2643 VERBA
1068 2598 1136 2643 utus
1157 2598 1220 2643 lllll.

245 2879 521 2954 XCELLENTlA,
539 2876 787 2953 sententiositns
805 2897 841 2940 ac
857 2895 929 2959 pro
947 2877 968 2938 Β
984 2876 1201 2954 milinandum,
1219 2877 1304 2958 quod
1324 2895 1399 2940 vera
1418 2877 1482 2939 sint
1502 2878 1572 2954 ista,
1590 2887 1621 2941 et
1640 2880 1726 2960 quod

253 2978 395 3041 funditas
411 2976 527 3041 cantici
549 2977 645 3057 hujus
666 2976 870 3039 innotescunt
890 2993 928 3037 en

176 3080 250 3156 boo,
278 3077 364 3159 quod
394 3076 585 3160 praeeedenti
611 3075 751 3158 capitulo
777 3073 928 3136 disseruit

174 3176 333 3240 Dominus
357 3175 397 3238 de
426 3174 550 3238 cantico
580 3173 641 3236 isto
668 3191 675 3234 ε
703 3172 791 3235 Nunc
819 3171 927 3253 itaque

176 3275 309 3340 scribite
330 3274 420 3338 vobis
449 3273 609 3337 canticum
633 3272 733 3348 istud,
761 3279 792 3334 et
817 3272 927 3335 docete

175 3373 258 3438 illud
276 3372 364 3437 lilios
380 3372 529 3449 lsrael,ut
545 3371 729 3434 memoriter
745 3377 881 3444 teneant,
894 3377 927 3430 et

175 3493 232 3537 ore
246 3474 429 3548 decantent,
447 3481 478 3534 et
498 3471 540 3533 sit
559 3470 638 3533 mihi
658 3468 817 3533 canticum
841 3469 925 3531 istud

175 3590 236 3655 pro
262 3570 448 3634 testimonio
468 3570 551 3632 inter
574 3567 660 3632 lilios
683 3567 787 3630 lsrael.
811 3566 926 3641 Quum-

176 3689 240 3752 que
257 3669 441 3738 invenerint
456 3687 510 3732 eos
528 3668 611 3730 mala
627 3667 737 3743 multa,
756 3666 926 3748 responde

176 3770 224 3832 bit
236 3769 283 3832 cis
294 3768 456 3830 canticum
474 3767 557 3829 istud
569 3786 627 3849 pro
636 3765 924 3846 testimonio‚quod

176 3869 267 3932 nulla
287 3865 407 3930 delebit
427 3866 548 3929 oblivio
573 3885 611 3928 ex
630 3884 685 3928 ore
707 3864 839 3926 seminis
865 3863 922 3927 tui.

175 3967 321 4049 Denique
337 3974 466 4028 sanetus
482 3965 600 4047 lloyses
616 3965 655 4027 de
672 3964 766 4027 rebus
782 3962 925 4024 sublimi-

982 2977 1101 3057 lloyses
1117 2975 1184 3039 baec
1199 2976 1268 3057 ipse
1283 2976 1546 3058 pronuntiaverit
1556 2978 1674 3058 populo
1689 2979 1728 3040 si-

982 3075 1014 3138 bi
1027 3075 1208 3151 commisso,
1222 3075 1452 3157 praeavisand0‚
1464 3075 1669 3158 increpando,
1678 3078 1728 3140 ed-

982 3174 1154 3246 monendo,
1169 3173 1419 3255 instruendoque
1434 3193 1500 3251 eos,
1513 3173 1622 3256 sicque
1633 3195 1725 3237 suum

981 3271 1160 3354 adimplens
1186 3271 1346 3349 officium,
1373 3273 1457 3354 quod
1488 3271 1549 3335 sibi
1575 3272 1726 3356 imputari

982 3389 1045 3434 non
1070 3371 1173 3434 valeat
1194 3371 1360 3458 subversio
1380 3372 1489 3454 populi
1515 3391 1552 3435 ac
1568 3372 1670 3435 ruina.
1687 3372 1727 3435 At

981 3468 1110 3533 veroin
1136 3470 1216 3532 lsaia
1239 3479 1271 3533 et
1293 3469 1440 3544 Ieremia,
1463 3490 1520 3553 per
1543 3471 1651 3548 creles,
1669 3473 1724 3554 qui

981 3569 1024 3630 ibi
1042 3577 1073 3633 et
1089 3569 1141 3633 bie
1158 3571 1196 3632 ad
1209 3569 1415 3645 audiendum,
1433 3569 1726 3648 testificandumet

980 3667 1270 3749 obstupescendum
1282 3668 1465 3742 invitantur,
1474 3671 1648 3732 seeundum
1661 3670 1726 3733 llie

981 3784 1159 3848 ronymum‚
1177 3767 1382 3848 Haymonem‚
1396 3769 1509 3830 Bedam
1524 3777 1556 3831 et
1570 3768 1661 3845 alios,
1680 3768 1726 3830 in-

981 3865 1169 3946 telliguntur
1179 3865 1374 3928 habitatores
1385 3867 1641 3943 coelorum,cives
1652 3867 1725 3930 coeli

979 3964 1132 4046 empyrei,
1149 3964 1330 4046 specialiter
1351 3964 1457 4045 angeli
1480 3967 1592 4043 sancti,
1614 3966 1670 4046 qui
1691 3966 1725 4027 in

176 4068 236 4130 bus
259 4067 435 4141 locuturus,
458 4072 553 4146 atque
573 4064 613 4126 ad
635 4082 724 4125 suem
746 4062 923 4125 doctrinam
941 4065 962 4128 C
979 4063 1089 4125 divino
1103 4063 1224 4144 judicio
1241 4062 1457 4125 testimonium
1473 4082 1531 4145 pro
1552 4065 1644 4127 bonis
1660 4084 1725 4126 om-
1770 4064 1774 4071 '

174 4174 315 4228 attentos
337 4163 442 4226 lacere
462 4163 583 4239 volens,
602 4163 645 4224 ita
664 4180 794 4225 exorsus
815 4170 886 4223 est:

215 4266 353 4333 Audito,
368 4264 451 4334 coeli,
469 4283 540 4343 qum
562 4267 687 4342 loquor,
704 4262 821 4322 ouiliot
839 4271 923 4320 terro

177 4365 273 4423 virdo
285 4363 350 4422 oris
365 4363 435 4422 met.
449 4359 552 4423 Simili
568 4361 663 4422 modo
679 4358 772 4421 lseias
790 4357 822 4419 in
838 4376 924 4420 exor-

177 4462 230 4524 dio
248 4459 323 4522 libri
345 4477 527 4522 sermonum
545 4476 675 4521 suorum
691 4477 727 4520 ae
740 4456 920 4519 visionum:

70 4577 146 4627 riti.
176 4559 304 4635 Audite,
327 4557 444 4639 inquit,
466 4556 552 4632 ooeli,
573 4564 605 4620 et
626 4556 756 4618 auribus
782 4555 922 4637 percipe,

177 4668 274 4733 terra,
288 4656 440 4738 quoniam
458 4655 610 4718 Dominus
626 4655 750 4717 locutus
766 4663 824 4716 est.
841 4654 925 4716 lere-

55 4773 160 4826 mnm.
176 4757 258 4818 mias
269 4773 399 4837 quoque
409 4773 415 4815 :
425 4753 656 4835 obstupescite,
666 4753 720 4827 ait,
734 4752 818 4830 coeli,
828 4771 925 4834 super

176 4856 247 4918 boe.
258 4854 354 4917 Porro
365 4853 450 4916 eirca
461 4851 560 4916 linem
573 4851 781 4934 precedentis
792 4850 922 4933 capituli

52 4963 160 5014 netem.
175 4953 296 5035 lloyses
309 4950 400 5026 dixit,
410 4949 566 5014 lnvocabo
578 4957 689 5012 contra
700 4968 753 5012 eos
764 4949 881 5012 coelum
893 4958 924 5011 et

46 5029 71 5070 ᾖ·
175 5061 307 5114 terram.
317 5049 438 5111 ldcireo
454 5048 539 5129 quod
554 5047 609 5124 ait,
623 5047 745 5125 Audite,
758 5046 840 5123 omli,
854 5066 924 5128 quie

177 5153 301 5232 loquar,
318 5157 392 5236 etc„
411 5155 458 5209 est
474 5147 632 5210 invocatio
648 5146 720 5210 coeli
737 5155 768 5209 et
785 5155 875 5210 terrae
890 5147 923 5207 in

979 4161 1074 4224 nibus
1090 4162 1272 4244 perbibent,
1286 4161 1350 4225 imo
1366 4170 1397 4225 et
1411 4171 1522 4225 contra
1537 4163 1649 4239 malos,
1656 4164 1724 4243 jux-

981 4271 1010 4323 ta
1031 4261 1118 4342 quod
1138 4261 1292 4344 scriptum
1313 4271 1386 4324 est:
1410 4262 1584 4325 Advocabit
1605 4263 1868 4343 coelump..1u1,a,

978 4362 1157 4437 desursum,
1173 4369 1204 4424 et
1229 4370 1342 4423 terram
1364 4360 1544 4424 discernere
1566 4363 1720 4444 populum

979 4478 1083 4522 suum.
1100 4459 1158 4521 Per
1174 4466 1289 4522 terram
1311 4479 1397 4534 vero,
1414 4479 1514 4540 genus
1534 4460 1719 4537 humanum,

979 4558 1155 4640 presertim
1166 4558 1259 4621 electi
1271 4557 1416 4621 homines
1427 4558 1658 4638 intelliguntur,
1666 4561 1722 4640 qui

979 4676 1085 4721 coram
1103 4658 1163 4720 [leo
1179 4677 1213 4720 se
1230 4657 1366 4720 invicem
1376 4657 1500 4737 juvant,
1514 4665 1546 4720 et
1561 4658 1600 4720 de
1615 4658 1723 4738 cogni·

980 4756 1019 4818 tis
1035 4755 1097 4817 sibi
1114 4764 1280 4832 testantur,
1298 4775 1334 4818 ac
1350 4755 1382 4816 in
1400 4755 1521 4836 judicio
1535 4754 1723 4836 judicabunt

978 4873 1051 4918 cum
1062 4853 1186 4917 Christo
1202 4873 1258 4936 per
1273 4854 1478 4916 assessoriam
1494 4854 1680 4934 dignitatem
1692 4863 1723 4917 et

978 4953 1242 5034 approbationem
1259 4952 1376 5016 divinis
1399 4953 1575 5015 sententiae.
1594 4953 1724 5034 lnsuper

980 5071 1042 5113 non
1071 5051 1198 5132 penitus
1226 5053 1336 5114 eade-m
1361 5071 1399 5113 ex
1426 5071 1522 5114 eausa
1548 5050 1667 5134 Moyses
1692 5061 1723 5114 et

978 5148 1141 5230 Prophetas
1152 5148 1185 5209 in
1197 5149 1412 5211 testimonium
1424 5158 1539 5212 vocant
1548 5168 1584 5212 ao
1595 5159 1724 5212 sumunt

175 5246 398 5313 testimonium
423 5254 534 5310 contra
559 5246 699 5327 iniquos,
718 5247 777 5309 hoc
803 5253 851 5308 est
875 5244 962 5307 as-D
979 5246 1094 5310 eoelum
1110 5254 1142 5309 et
1157 5255 1284 5324 terram,
1302 5247 1334 5308 id
1355 5256 1403 5310 est
1424 5248 1554 5328 angelos
1574 5255 1606 5310 et
1622 5247 1723 5310 bomi-

174 5346 316 5430 sumptio
333 5345 406 5409 coeli
422 5353 454 5408 et
474 5353 566 5409 terrie
583 5345 615 5406 in
637 5353 731 5407 testes
747 5363 803 5407 seu
823 5346 861 5407 ad
878 5352 923 5406 te-

979 5361 1045 5407 nos.
1058 5343 1171 5425 Angeli
1182 5363 1320 5426 namque
1336 5343 1513 5407 invitantur
1521 5345 1560 5407 ad
1577 5345 1647 5423 hoo,
1658 5364 1721 5409 non
