4309 6259
411 484 451 547 28
792 504 965 552 meamne
985 504 1017 551 ut
1037 506 1106 552 cau.
1129 504 1206 552 xxm
1226 504 1328 551 mour.
1350 523 1391 535 -
1410 502 1482 550 aar.
1504 502 1575 550 xum

411 673 528 737 seculo
548 694 696 757 nequam,
715 674 803 737 vitiis
818 684 913 757 atque
928 674 1089 738 erroribus
1108 676 1154 738 in·
1167 674 1193 737 l
1208 694 1277 738 θεεθ
1294 674 1382 737 iilius
1397 674 1567 757 adoptivus
1581 673 1681 737 Patris
1695 669 1948 736 aeternilalibus

411 773 838 857 volvebamunsedquando
853 794 910 857 per
924 775 1033 854 gratiae
1048 775 1153 839 lucem
1208 792 1283 855 ergo
1302 793 1365 837 nou
1393 792 1563 837 noceamus
1591 773 1720 855 iniuste,
1742 772 1796 834 sed
1820 770 1949 852 prodes·

410 873 450 934 ad
464 872 662 936 Poeniteutiae
677 882 907 936 sacramentum
925 873 1154 951 redimus,rur-
1209 893 1243 938 se
1265 874 1415 952 nitamur,
1436 876 1616 937 reducendo
1637 891 1690 936 eos
1716 873 1754 934 ad
1784 871 1842 933 iter
1865 870 1949 931 salu-

410 990 464 1032 sus
489 971 573 1034 cives
604 972 750 1034 Ecclesiae
776 990 884 1033 sumus
909 971 1018 1035 effecti
1046 992 1053 1037 :
1082 972 1153 1036 ideo
1208 973 1260 1036 tis.
1282 977 1431 1035 Decimae
1455 985 1484 1035 et
1507 976 1677 1051 primitias
1703 983 1774 1033 tuas
1798 991 1862 1031 eoo
1878 978 1950 1029 'tor-

410 1088 479 1132 esse
504 1070 655 1133 debemus
680 1070 751 1132 aliis
776 1070 989 1135 diversimode
1014 1070 1153 1153 delapsis
1207 1074 1300 1134 debis
1321 1076 1462 1134 reddere.
1487 1074 1531 1135 lta
1556 1080 1587 1135 et
1611 1089 1670 1134 nos
1694 1068 1848 1151 quidquid
1872 1067 1948 1130 boni

410 1168 566 1233 caritativi
593 1177 624 1231 et
648 1170 850 1252 compassivi,
873 1171 1048 1233 secundum
1069 1173 1153 1253 quod
1209 1171 1384 1252 egerimus,
1411 1170 1568 1253 quidquid
1598 1169 1776 1252 principale
1801 1175 1855 1229 aut
1880 1186 1949 1228 ma-

410 1268 547 1350 dcsuper
570 1266 654 1331 lacta
672 1277 721 1331 θεῖ
739 1269 832 1332 uobis
854 1269 1072 1333 misericordia
1092 1290 1155 1332 ma·
1209 1288 1307 1351 gnum
1328 1279 1468 1353 apparet,
1486 1271 1550 1333 Dee
1570 1288 1643 1333 cum
1665 1267 1752 1332 omni
1772 1265 1949 1327 bumilitate

411 1384 484 1445 gna.
506 1369 618 1429 Viduoe
637 1377 666 1427 et
687 1370 817 1447 pupillo
837 1388 901 1429 nou
923 1372 1085 1431 nocebitis.
1105 1369 1156 1432 Vi·
1209 1377 1241 1433 et
1256 1370 1430 1450 gratiarum
1446 1368 1571 1432 actione
1587 1366 1824 1451 promptissime
1838 1363 1950 1427 adscri-

413 1466 475 1527 dua
490 1474 538 1529 θεῖ
553 1465 659 1529 anima
677 1466 791 1549 Sponsi
805 1467 943 1530 coelestis
960 1468 1077 1531 unione
1093 1468 1157 1551 pri·
1209 1468 1334 1530 bamus.
1352 1468 1535 1531 Ceterorum
1553 1465 1730 1548 tropologia
1745 1484 1783 1528 ex
1800 1462 1951 1547 praehabi-

415 1573 511 1639 vata;
537 1566 679 1648 pupillus
701 1583 786 1643 vero,
804 1566 859 1648 qui
879 1568 1039 1648 peccando
1061 1567 1157 1630 desiit
1212 1568 1253 1631 tis
1276 1574 1372 1649 patet.

927 1998 1252 2086 lntlottttts
1294 1999 1429 2084 XLVI

596 2274 751 2320 Expostulo
772 2274 909 2321 edultum
931 2275 1062 2321 vtcltslltl
1083 2275 1184 2321 Tlill'l'll
1205 2276 1213 2321 :
1239 2273 1300 2320 NON
1322 2275 1476 2321 susumus
1498 2274 1597 2320 VOGEll
1618 2273 1774 2318 uuunncll.

493 2554 596 2618 utut
609 2552 774 2636 judicialia
789 2564 956 2637 praecepta,
973 2574 1044 2637 quae
1059 2555 1156 2617 ctiam
1174 2554 1197 2615 B
1212 2556 1275 2619 nisi
1299 2556 1381 2619 torte
1403 2564 1531 2639 propter
1551 2554 1744 2618 evidentiam
1762 2552 1847 2615 lacti.
1863 2554 1951 2616 Unde

503 2654 542 2717 ad
564 2653 698 2717 moralia
719 2653 759 2717 de
780 2653 961 2736 propinquo
983 2654 1154 2736 pertinent,
1211 2666 1243 2719 θῖ
1258 2656 1291 2717 in
1308 2656 1439 2718 Actibus
1455 2653 1557 2719 fertur
1572 2652 1888 2736 Apostolorum:Nou
1903 2661 1951 2715 θεῖ
1980 2672 2037 2713 aar.
2052 2683 2100 2717 ιιι.

415 2771 501 2815 nune
524 2752 769 2817 introducuntur
789 2754 828 2815 ad
850 2752 1084 2818 observandum
1109 2755 1158 2835 ju·
1212 2756 1409 2818 consuetudo
1431 2754 1581 2818 Romanis
1605 2752 1745 2834 aliquem
1767 2752 1953 2814 condemna·
1968 2737 2003 2777 ’θ’

415 2850 534 2913 stitiam
548 2851 631 2914 inter
641 2851 876 2916 homiuesNort
886 2855 1158 2930 suseipioaoocem
1213 2873 1258 2930 re,
1276 2852 1337 2915 nisi
1355 2851 1453 2934 isqui
1469 2860 1635 2915 accusatur
1655 2858 1825 2933 presentes
1840 2848 1953 2911 habeat

416 2953 592 3021 mendacii,
608 2950 669 3014 hoc
688 2959 746 3029 est,
763 2951 869 3015 verbis
892 2951 982 3014 falsis
1006 2969 1069 3014 non
1092 2971 1159 3015 cre·
1213 2950 1602 3032 accusatores‚locumque
1612 2948 1748 3031 accipiat
1762 2946 1953 3010 defendendi

414 3048 482 3125 das,
507 3067 566 3111 nec
586 3048 780 3130 acquiescas,
802 3048 977 3132 praesertim
1000 3050 1075 3112 dum
1100 3049 1159 3112 tibi
1213 3050 1252 3111 ad
1268 3049 1428 3112 abluenda
1443 3047 1589 3111 erimina.
1608 3050 1806 3125 Necjunpas
1821 3066 1954 3107 manum

416 3146 594 3210 constiterit
613 3147 699 3229 quod
720 3146 786 3210 sint
807 3146 898 3210 lalsa.
916 3148 954 3209 Et
976 3166 1101 3211 summe
1115 3148 1160 3211 vi·
1215 3158 1319 3219 tuom,
1335 3148 1367 3210 id
1383 3156 1443 3224 est,
1459 3166 1533 3210 cum
1553 3146 1642 3209 nullo
1658 3146 1839 3209 societatem
1855 3152 1885 3205 et
1900 3162 1955 3225 pa-

418 3245 513 3307 tanda
538 3253 613 3307 sunt
632 3246 797 3308 mendacia
819 3245 1007 3327 perniciosa.
1026 3246 1158 3320 Quidam
1214 3256 1300 3311 ctum
1327 3247 1438 3324 inibis,
1462 3257 1499 3307 ut
1518 3266 1580 3325 pro
1601 3247 1702 3322 impio
1724 3245 1813 3304 dicos
1833 3244 1955 3317 salsum

417 3341 515 3405 relert
531 3342 616 3404 istud
631 3343 670 3403 ad
685 3343 819 3423 judices,
832 3344 876 3405 ita
891 3345 976 3424 quod
992 3364 1048 3426 per
1063 3346 1160 3408 verba
1217 3348 1446 3408 testimonium.
1456 3346 1521 3407 lmo
1536 3362 1594 3426 pro
1609 3342 1697 3406 nulle
1714 3340 1891 3404 laciendum
1907 3346 1956 3400 θεῖ

419 3441 479 3503 ista
495 3440 678 3523 precipitur
692 3440 805 3522 judici,
821 3460 860 3505 ne
881 3442 913 3504 in
931 3442 999 3505 loro
1014 3443 1160 3524 judiciali
1215 3445 1296 3517 hoc;
1314 3443 1369 3506 sed
1385 3443 1457 3506 ideo
1472 3442 1528 3518 ait,
1540 3442 1598 3504 Pro
1614 3439 1725 3523 impio,
1736 3437 1883 3520 quoniam
1899 3437 1954 3518 qui

418 3538 527 3602 audiat
541 3557 637 3602 unam
654 3548 775 3621 partem
793 3541 825 3602 in
843 3540 973 3603 alterius
989 3542 1088 3623 partis
1108 3542 1162 3605 ab
1216 3542 1353 3606 scienter
1368 3542 1457 3623 cupit
1472 3558 1530 3623 pro
1550 3557 1584 3602 se
1604 3537 1721 3600 falsum
1741 3535 1954 3599 testimonium

419 3636 521 3699 sentia
544 3657 550 3701 :
573 3638 648 3718 quia
671 3638 745 3699 dum
769 3657 841 3720 pars
864 3658 927 3701 una
948 3640 1087 3718 auditur,
1108 3643 1162 3705 ab
1217 3641 1291 3717 diei,
1308 3659 1346 3703 eo
1362 3640 1431 3722 ipso
1448 3658 1511 3721 quo
1531 3637 1621 3720 cupit
1642 3636 1713 3713 hoc,
1732 3634 1848 3716 impius
1863 3640 1910 3695 est
1924 3640 1957 3694 θῖ

419 3742 508 3798 sente
522 3736 683 3813 alia,selet
698 3754 770 3817 pars
787 3736 842 3799 illa
858 3757 915 3819 pro
930 3738 1162 3821 justificatione
1177 3742 1199 3805 C
1217 3747 1327 3822 peccat
1340 3737 1527 3811 mortaliter.
1545 3736 1662 3799 Tamen
1678 3742 1713 3797 ut
1728 3732 1838 3808 fertur,
1851 3732 1884 3793 in
1899 3731 1957 3793 lle

419 3852 484 3896 suaa
506 3852 609 3896 causta
631 3835 764 3897 miscere
787 3835 888 3897 multa
910 3836 1085 3899 mendacia.
1101 3836 1161 3899 Sed
1217 3840 1301 3902 braeo
1317 3838 1463 3913 habetur,
1480 3836 1558 3899 (lum
1581 3834 1681 3915 impio
1698 3850 1705 3894 ε
1724 3839 1758 3895 ut
1778 3832 1819 3893 sit
1833 3848 1953 3920 sensus,

418 3941 529 3995 contra
550 3933 610 3996 hoe
625 3934 722 3996 Rabbi
743 3933 856 3997 Paulus
877 3935 998 4013 scribit,
1016 3937 1100 4017 quod
1117 3936 1162 3997 in·
1216 3938 1284 4000 Non
1300 3956 1423 3999 asseras
1440 3955 1497 3999 nec
1517 3932 1684 4016 promittas
1705 3940 1735 3994 te
1752 3930 1831 3993 lalsa
1847 3926 1959 3992 testiti-

419 4030 615 4095 eonveniens
631 4032 838 4096 essevidetur
853 4032 913 4095 hoc
929 4032 1163 4118 dicere,utpote
1217 4045 1362 4099 caturum
1385 4054 1458 4099 cum
1481 4034 1589 4115 aliquo
1611 4031 1674 4094 alio
1699 4029 1814 4093 vitioso
1833 4027 1957 4091 volente

421 4128 531 4192 divina
553 4130 623 4209 lege
645 4148 715 4193 esse
735 4130 943 4213 prohibitum,
961 4133 1045 4213 quod
1066 4134 1164 4215 judex
1219 4136 1279 4197 boc
1296 4133 1411 4197 lacere.

422 4226 530 4289 audiat
552 4246 647 4290 uuam
668 4237 801 4310 partem,
825 4228 888 4291 alia
909 4248 972 4293 non
995 4240 1161 4313 praesente.
1259 4232 1682 4312 Noosequart'aturbamad
1696 4228 1883 4305 faciendum
1893 4243 1958 4283 ma-

423 4326 499 4388 Nam
515 4325 661 4407 quamvis
677 4326 723 4389 sic
738 4328 845 4390 audiat
861 4347 1041 4406 unam,non
1059 4340 1163 4394 tamen
1219 4339 1288 4394 tum
1304 4354 1315 4392 .·
1331 4331 1392 4394 hoe
1409 4338 1468 4407 est,
1481 4347 1546 4391 non
1562 4326 1744 4410 acquiescas
1760 4323 1868 4387 multis
1882 4340 1958 4404 quo-

424 4425 540 4501 credet,
567 4424 629 4487 nisi
654 4426 790 4489 audierit
814 4426 956 4490 alteram.
976 4429 1096 4493 Deinde
1117 4430 1165 4492 di·
1220 4432 1307 4494 niam
1329 4429 1423 4491 multi
1444 4436 1530 4503 sunt,
1548 4436 1584 4489 ut
1604 4446 1641 4490 ea
1663 4424 1785 4487 ratione
1800 4422 1896 4498 dicas,
1912 4420 1960 4500 ju-

424 4522 467 4585 cit
487 4521 520 4585 in
536 4522 665 4587 ltebrao
688 4524 807 4601 haberi,
825 4525 893 4588 Non
917 4524 999 4590 feras
1019 4529 1163 4591 auditum
1220 4531 1317 4607 dices,
1335 4536 1389 4591 aut
1403 4545 1479 4607 agas
1498 4525 1621 4607 aliquid
1636 4531 1746 4588 contra
1759 4519 1913 4603 justitiam
1928 4526 1960 4581 et

424 4620 572 4685 vanitatis
591 4630 651 4686 :ut
672 4621 713 4684 sit
735 4642 857 4701 sensus,
874 4626 959 4705 quod
982 4626 1076 4707 judex
1100 4646 1164 4691 nen
1220 4629 1391 4701 virtutem3
1416 4647 1475 4686 occ
1489 4625 1665 4703 injudicio
1676 4622 1896 4700 plurimorum
1910 4637 1961 4678 ec-

424 4719 517 4783 debet
542 4740 733 4803 quemquam
764 4724 915 4787 damnare
943 4734 997 4788 aut
1027 4724 1165 4789 refutare
1219 4729 1362 4809 quiescas
1371 4726 1547 4795 sententie,
1557 4723 1589 4784 id
1600 4730 1659 4798 est,
1668 4719 1701 4781 in
1716 4717 1886 4800 judicando
1896 4734 1960 4778 non

425 4827 554 4901 propter
580 4818 697 4883 lamam
723 4820 851 4884 inanem
877 4831 932 4885 aut
958 4822 1082 4887 falsam.
1106 4824 1165 4887 lle
1219 4824 1364 4888 attendas
1380 4824 1419 4886 ad
1440 4820 1678 4884 multitudinem
1700 4813 1957 4887 irrationabilem,

425 4926 603 4980 rumtamen
618 4918 723 5000 aptius
739 4906 1205 5003 reordictumprioris.Con-1)
1221 4934 1257 4984 ut
1282 4921 1323 4985 ob
1347 4921 1418 5003 ejus
1441 4918 1612 4981 tumultum
1637 4924 1670 4980 θῖ
1695 4912 1917 4997 pluralitatem,
1939 4931 1960 4969 a

425 5018 607 5079 venientius
625 5018 746 5101 quippe
761 5027 820 5096 est,
837 5028 872 5081 ut
891 5019 991 5084 ambae
1013 5022 1166 5103 partesin
1221 5022 1507 5093 veritate··ctevtes,
1525 5017 1659 5093 hocest,
1678 5006 1960 5077 sententiamveri-
1994 5028 2038 5069 η

425 5113 545 5195 judicie
566 5114 661 5177 simul
677 5126 891 5198 compareant,
910 5125 941 5180 θῖ
961 5118 987 5179 si
1007 5118 1104 5200 judex
1120 5138 1167 5182 se-
1221 5119 1278 5183 tati
1294 5116 1486 5183 contrariam
1508 5114 1663 5199 proferas.
1681 5112 1811 5187 Quidam
1828 5108 1912 5172 enim
1927 5125 1961 5169 se

425 5230 534 5275 orsum
559 5212 637 5295 quid
662 5214 769 5277 audiat
793 5214 831 5277 ab
854 5234 918 5278 una
943 5223 1032 5298 parte
1057 5227 1168 5281 contra
1221 5226 1346 5281 armant
1366 5214 1585 5292 multitudine,
1603 5232 1667 5277 non
1685 5211 1806 5274 ratione
1823 5228 1830 5272 :
1847 5204 1962 5288 quibus

425 5310 608 5390 allamma
623 5311 813 5390 credat,uisi
828 5312 927 5379 altera
942 5322 1031 5397 parte
1045 5316 1165 5393 audita,
1224 5334 1289 5381 non
1309 5325 1357 5379 θεῖ
1381 5312 1658 5379 consentiendum.
1681 5308 1800 5374 Idcirco
1825 5301 1964 5389 peccavit
