4309 6259
477 521 650 568 6666666
672 523 702 566 m
724 523 793 568 car.
817 524 914 570 xxxru
935 524 1170 573 ouuranonoxn.
1194 548 1234 558 —
1254 531 1325 575 aar.
1349 530 1456 576 xxxvn
1546 560 1550 565 .
1674 513 1735 576 ota

185 689 265 771 quia
279 691 367 772 quod
382 691 477 753 Jacob
493 691 655 768 disseruit,
674 691 814 756 Zabulon
837 694 869 754 in
886 694 977 756 tit-n
1032 699 1074 756 Et
1093 701 1164 757 Gari
1184 702 1246 769 ait,
1263 701 1293 762 id
1319 709 1378 777 est,
1396 700 1514 763 tribum
1530 701 1596 763 Gad
1617 701 1736 783 Moyses

50 798 160 840 ’66666
186 795 256 852 tore
271 789 370 851 maris
385 788 594 867 abundabit*,
613 790 673 854 hoc
688 800 735 854 est
751 793 836 873 quod
852 812 937 856 nunc
993 793 1038 856 sic
1064 795 1226 859 benedixit
1254 815 1260 859 :
1282 803 1475 860 Benedictus
1499 803 1535 860 ia
1561 801 1737 861 latituiiue

184 887 308 970 Moyses
325 888 467 969 loquitur
478 907 484 949 :
495 889 624 964 Laetare,
638 889 788 966 Zabulon,
803 891 835 952 in
851 892 936 954 exitu
996 895 1184 970 Garaidest,
1196 917 1233 961 cx
1249 898 1398 960 douoiiei
1410 898 1505 960 latam
1516 907 1608 961 terrae
1619 917 1739 980 posses-

186 996 255 1063 tuo,
274 987 306 1050 id
333 997 381 1050 est
407 988 440 1049 in
456 987 519 1050 viis
544 997 575 1050 et
592 990 755 1067 gressibus
779 990 852 1067 tuis,
880 1009 937 1073 pro
993 992 1117 1056 sionem
1129 993 1379 1076 babebit3quasi
1389 1001 1433 1056 ico
1444 999 1615 1077 requievit,
1628 997 1661 1058 id
1676 1004 1735 1072 cst,

185 1087 374 1151 exercendis
399 1089 461 1150 tuis
483 1088 678 1151 mereautiis.
697 1089 826 1171 Nempe,
844 1097 879 1150 ut
895 1097 938 1152 te
993 1092 1142 1154 audacter
1157 1102 1189 1156 ot
1204 1101 1350 1176 potenter
1364 1114 1463 1176 suam,
1471 1096 1650 1178 portionem
1666 1114 1738 1177 pos-

186 1196 290 1250 statur
311 1188 532 1270 Hieronymus
553 1188 654 1250 tribus
670 1187 810 1250 Zabulon
833 1208 938 1271 posse·
994 1190 1092 1267 sedit3
1114 1195 1258 1271 cepitque
1283 1195 1451 1254 brachium
1470 1205 1500 1253 et
1525 1197 1688 1263 verticem,
1704 1194 1736 1255 id

186 1287 236 1348 dit
253 1287 287 1348 iu
304 1295 387 1349 terra
404 1287 626 1369 promissionis
643 1287 712 1349 loca
728 1287 896 1362 maritima,
908 1296 938 1350 et
993 1297 1051 1364 est,
1069 1290 1322 1353 adversariorum
1344 1310 1474 1354 suorum
1496 1293 1592 1355 robur
1610 1311 1647 1354 ac
1662 1291 1738 1354 emi-

186 1385 303 1447 babuit
327 1385 444 1467 oppida
467 1385 499 1446 iu
523 1385 629 1448 littore
650 1384 746 1446 maris
760 1385 938 1448 Mediterra-
994 1388 1134 1450 nentiam
1160 1388 1346 1472 dissipavit;
1362 1401 1392 1451 et
1412 1393 1497 1452 cidit
1509 1393 1737 1470 principatum

187 1483 242 1546 nei
259 1484 331 1560 sita,
345 1484 455 1564 sieque
466 1483 714 1547 mercationibus
731 1482 792 1546 luit
803 1485 935 1546 intenta.
992 1507 1100 1558 suum,
1109 1491 1195 1566 quod
1211 1490 1246 1547 tu
1257 1499 1353 1564 parte
1368 1510 1429 1549 sua
1439 1493 1548 1549 doctor
1562 1500 1638 1550 essct
1648 1509 1737 1566 repo-

187 1582 226 1643 at
242 1582 397 1658 issachar,
408 1581 441 1643 in
458 1581 673 1644 tabernaculis
688 1582 762 1658 tuis,
780 1582 811 1644 id
828 1591 886 1658 est,
903 1591 937 1644 tu
991 1586 1084 1655 situs,
1097 1584 1129 1646 id
1141 1593 1198 1660 est,
1208 1605 1281 1647 cum
1293 1586 1408 1666 gaudio
1418 1587 1642 1662 consideravit,
1651 1587 1736 1668 quod

186 1680 343 1756 issachar,
361 1679 498 1761 gloriare
517 1681 710 1761 quiescendo
735 1681 769 1742 in
789 1681 937 1744 domibus
993 1681 1025 1742 in
1044 1688 1126 1743 terra
1141 1683 1351 1763 possessionis
1375 1702 1439 1746 suaa
1461 1684 1623 1764 legislator
1638 1692 1670 1745 et
1685 1684 1738 1746 do

187 1779 265 1855 tuis,
283 1787 316 1840 et
338 1779 372 1840 iu
399 1778 517 1841 scholis
537 1797 573 1842 ac
595 1779 762 1860 synagogis
780 1797 787 1840 z
805 1779 881 1861 quia
904 1788 938 1840 ut
992 1788 1060 1842 otor
1070 1780 1249 1843 israelitica
1266 1780 1381 1862 piebis,
1395 1782 1543 1845 videlicet
1553 1783 1682 1864 Moyses,
1692 1801 1738 1844 es-

187 1877 289 1940 refert
304 1877 525 1959 Hieronymus
542 1876 629 1939 Muiti
646 1877 780 1940 detribu
797 1878 939 1941 issachar
956 1878 978 1938 B
995 1886 1042 1940 set
1058 1878 1207 1958 sepultus
1218 1878 1303 1941 Obiit
1314 1880 1432 1942 etenim
1443 1889 1475 1942 et
1490 1880 1691 1962 sepultusest
1704 1879 1737 1941 in

187 1975 403 2040 exterioribus
419 1976 682 2058 occupationibus
698 1977 828 2054 relictis,
841 1977 892 2040 die
903 1997 939 2040 ac
994 1985 1076 2038 terra
1097 1976 1184 2040 Moab
1201 1986 1288 2039 trans
1304 1977 1471 2040 Iordanem
1483 1997 1490 2040 τ
1500 1998 1572 2060 quaa
1588 1987 1670 2041 terra
1685 1978 1740 2039 aii-

187 2083 284 2138 noote
301 2074 415 2138 intenti
431 2083 522 2137 orant
538 2075 643 2138 studio
660 2075 939 2158 Scripturarum‘et
994 2076 1123 2156 quando
1133 2077 1172 2137 ad
1183 2075 1270 2138 Moab
1286 2077 1452 2159 pertinuit,
1463 2078 1518 2139 sed
1534 2086 1609 2140 tuno
1625 2085 1691 2139 erat
1707 2076 1739 2140 vi

188 2172 455 2236 meditationibus
467 2172 557 2252 legis,
570 2174 794 2255 propterquod
807 2174 876 2236 aliae
889 2174 940 2234 tri·
995 2173 1096 2256 praelii
1112 2175 1269 2255 acquisita
1278 2195 1298 2236 a
1309 2193 1381 2255 rege
1391 2176 1503 2252 Basau,
1514 2185 1610 2257 atque
1626 2176 1658 2237 iu
1671 2195 1742 2258 par-

188 2272 251 2334 bus
273 2270 421 2334 iecerunt
436 2271 464 2334 ei
481 2271 514 2333 in
539 2271 768 2354 temporalibus
789 2273 941 2355 provisio
995 2281 1057 2334 tem
1074 2271 1139 2334 aaa
1154 2273 1261 2350 cessit,
1277 2273 1424 2355 quamvis
1439 2274 1547 2354 aliqua
1562 2274 1659 2337 verba
1678 2282 1741 2336 tex-

190 2390 277 2433 nem.
288 2371 327 2432 Et
342 2370 491 2451 quamvis
506 2371 586 2451 Lyra
601 2371 662 2433 hoc
677 2371 824 2453 reprobat
842 2371 874 2433 in
889 2371 941 2434 Go·
996 2379 1046 2432 tus
1061 2371 1231 2434 videantur
1251 2372 1426 2448 insinuare,
1438 2373 1524 2453 quod
1543 2374 1583 2435 ad
1602 2372 1740 2436 mediam

190 2468 308 2545 nesim,
323 2477 428 2532 tamen
444 2469 504 2531 hoo
526 2469 595 2532 loco
611 2469 726 2549 aliegat
741 2477 772 2532 et
787 2470 941 2552 approbat
996 2469 1114 2531 tribum
1126 2470 1265 2533 Manasse
1276 2471 1477 2552 spectaverit.
1488 2474 1553 2540 Qui
1566 2470 1642 2548 Gad,
1653 2479 1741 2553 utpo

191 2568 341 2630 iiebraeos
356 2567 416 2630 hoc
432 2567 645 2630 aiiirmantes.
663 2568 743 2630 Hinc
756 2568 851 2630 Jacob
867 2587 942 2650 prae·
996 2577 1025 2631 te
1043 2567 1144 2629 tribus
1159 2567 1235 2645 Gad,
1252 2570 1322 2645 fuit
1335 2590 1409 2629 cum
1421 2571 1628 2647 principibus
1638 2589 1739 2647 popu-

67 2687 175 2746 jreur·
190 2665 274 2729 dixit
284 2666 324 2728 de
337 2665 421 2727 tribu
436 2665 597 2738 bac,iiidit
608 2666 748 2748 requiem
761 2667 846 2748 quod
858 2677 941 2732 esset
996 2669 1033 2737 rt,
1051 2667 1082 2728 id
1099 2674 1157 2742 est,
1167 2685 1239 2729 cum
1252 2665 1453 2749 principibus
1470 2686 1584 2731 novem
1596 2667 1736 2730 tribuum

79 2767 83 2776 '
191 2766 278 2829 bona
296 2783 303 2826 :
325 2765 477 2846 quoniam
494 2765 592 2827 vitam
614 2765 754 2846 quietam
778 2775 809 2827 et
824 2765 940 2830 studio
995 2765 1135 2847 perrexit
1149 2766 1188 2826 ad
1201 2765 1409 2847 preliandum
1422 2765 1737 2830 contraCbauanaaos

190 2885 259 2927 sam
277 2863 380 2944 elegit
400 2851 541 2942 Populos
555 2867 599 2924 aa
614 2875 751 2926 montem
771 2867 939 2935 vocabunt,
995 2865 1028 2926 in
1046 2873 1128 2926 terra
1139 2864 1373 2945 promissionis
1385 2875 1415 2925 et
1429 2867 1508 2943 fecit
1516 2868 1737 2942 justitc'asDo·

189 2963 221 3026 id
238 2971 298 3039 est,
312 2960 373 3024 viri
390 2961 437 3023 iiii
455 2961 675 3043 spiritualibus
692 2963 849 3044 occupati,
861 2962 939 3026 invi·
994 2965 1090 3034 utini,
1103 2962 1135 3024 id
1150 2970 1205 3037 est,
1215 2962 1316 3043 justas
1333 2963 1471 3026 ultiones
1482 2962 1622 3026 exercuit
1638 2962 1671 3024 in
1685 2963 1737 3025 ad-

189 3062 304 3124 tabunt
319 3068 351 3123 et
367 3060 580 3122 hortabuntur
601 3059 679 3122 aiias
702 3059 814 3136 tribus,
827 3070 861 3122 ut
872 3061 938 3124 suis
955 3062 977 3125 C
994 3061 1150 3124 versarios
1180 3060 1344 3124 israelitici
1371 3061 1493 3144 popuii,
1519 3072 1549 3122 et
1565 3062 1736 3139 judicium

189 3159 388 3243 temporibus
400 3168 532 3241 pergant
551 3160 590 3222 ad
609 3160 719 3222 urbem
738 3160 843 3223 cuitus
860 3160 939 3223 divi·
991 3181 1087 3220 suum
1112 3179 1186 3219 cum
1205 3162 1320 3229 Israel,
1343 3159 1375 3221 id
1400 3167 1458 3236 est,
1482 3159 1618 3222 discrete
1641 3166 1737 3239 atque

189 3261 235 3337 ni,
253 3268 284 3322 et
306 3258 346 3321 ad
371 3258 526 3339 templum
550 3275 605 3319 seu
627 3257 866 3320 tabernaculum
883 3259 939 3321 Do
993 3256 1134 3320 fideliter
1159 3277 1193 3320 se
1218 3256 1329 3319 habuit
1353 3275 1426 3319 eum
1451 3256 1523 3318 aiiis
1554 3255 1699 3319 tribubus
1727 3275 1734 3319 ε

188 3357 269 3421 mini
289 3374 296 3418 :
314 3357 401 3438 quod
426 3355 582 3436 tempium
608 3364 740 3420 noverat
763 3357 882 3440 Moyses
905 3358 936 3420 in
991 3356 1142 3438 quoniam
1168 3356 1269 3418 tribus
1291 3356 1354 3418 Gad
1377 3365 1409 3418 et
1434 3355 1535 3417 tribus
1557 3355 1666 3419 Rubeu
1689 3377 1738 3419 ar·
1757 3381 1882 3433 imma

188 3464 298 3520 monte
314 3455 410 3518 Moria
425 3456 686 3532 construendum,
705 3475 760 3518 seu
782 3456 813 3517 in
831 3466 938 3520 monte
992 3463 1084 3517 matra
1105 3464 1336 3536 praecesserunt
1359 3473 1473 3518 novem
1499 3454 1602 3517 tribus
1621 3475 1658 3518 ac
1671 3474 1737 3518 me-
1752 3448 1784 3487 ¹⁸·

189 3556 265 3619 Sion
284 3554 318 3615 iu
334 3553 412 3616 urbe
426 3553 599 3616 Jerusalem
617 3563 795 3617 montuosa.
812 3557 863 3617 Ibi
878 3558 938 3616 im·
992 3553 1089 3626 diam,
1107 3572 1274 3634 quousque
1296 3553 1540 3615 introduxerunt
1554 3572 1606 3616 eas
1628 3553 1661 3615 in
1679 3563 1738 3616 ter-

189 3655 356 3714 moicbuat
371 3653 682 3729 victimcsjustitioe,
702 3653 798 3715 idest
815 3653 938 3716 sacriti—
993 3670 1058 3713 ram
1092 3650 1299 3732 promissam,
1326 3651 1500 3712 secundum
1530 3652 1615 3731 quod
1640 3651 1737 3733 Moysi

188 3752 238 3815 cia
249 3751 338 3833 juxta
348 3750 426 3829 logis
437 3757 611 3832 pracepta3
622 3753 680 3830 qui
690 3753 937 3812 irauadutiouern
992 3749 1218 3830 promiserunt.
1237 3748 1325 3810 Circa
1341 3748 1408 3810 baec
1424 3749 1469 3810 ait
1483 3748 1594 3811 Giossa
1610 3766 1617 3810 :
1635 3749 1669 3810 in
1684 3749 1738 3813 be-

191 3852 294 3910 rneris
310 3852 405 3929 quasi
421 3853 471 3909 iae
486 3859 611 3926 suaerat,
628 3849 660 3911 id
672 3857 730 3926 est,
743 3847 871 3912 divitias
882 3869 938 3931 per
993 3846 1174 3910 nediotione
1189 3845 1253 3908 Gad
1271 3846 1397 3908 videtur
1422 3845 1541 3927 Moyses
1567 3847 1737 3928 predicere

191 3948 318 4029 navigia
344 3949 439 4010 maris
465 3947 617 4009 adductas
637 3947 835 4010 abundanter
859 3949 938 4012 acci·
993 3945 1167 4027 potentiam
1189 3943 1329 4005 virorum
1348 3942 1479 4007 tortium
1503 3952 1559 4006 aut
1579 3944 1734 4025 judicum,

190 4048 292 4130 pient,
309 4058 339 4108 et
356 4049 520 4109 thesauros
536 4049 733 4108 absconditos
748 4068 935 4122 arenarum,
992 4043 1047 4124 qui
1064 4043 1103 4104 (16
1127 4041 1211 4103 tribu
1236 4041 1293 4103 iila
1319 4040 1460 4119 luerunt,
1478 4042 1560 4105 sicut
1574 4042 1686 4125 Iephte
1705 4051 1737 4106 et

191 4146 288 4208 idest
310 4144 449 4226 pretiosa
469 4144 597 4206 metalla
623 4163 694 4225 quaa
718 4143 802 4206 inter
827 4164 938 4208 arenas
991 4140 1045 4204 aiii
1063 4140 1167 4203 multi.
1185 4139 1274 4203 Unde
1289 4148 1320 4201 et
1336 4139 1368 4201 iu
1384 4139 1498 4203 Genesi
1513 4139 1609 4203 iacob
1624 4140 1737 4222 pradi-

189 4247 383 4323 generantur
398 4258 435 4300 ac
458 4238 671 4320 reperiuntur,
690 4247 785 4320 atque
808 4258 864 4321 por
887 4258 939 4300 na·
954 4241 978 4304 D
992 4239 1038 4301 xit
1055 4256 1062 4300 :
1080 4238 1144 4300 aaa
1161 4239 1323 4301 accinctus
1344 4238 1540 4321 praeliabitur
1561 4247 1734 4302 antaeum.
1761 4263 1816 4307 aa.
1828 4277 1882 4314 aa„

189 4357 245 4402 res
260 4337 300 4400 ad
316 4344 527 4399 mercatorum
543 4335 662 4417 oppida
678 4336 935 4399 transvehuntur.
1036 4341 1112 4399 Dan
1136 4358 1259 4416 quoque
1279 4338 1328 4398 uit
1343 4359 1354 4397 .·
1376 4340 1452 4398 Dau
1473 4343 1599 4398 catulus
1624 4340 1734 4400 iconis.
1752 4329 1785 4369 ¹⁹*

188 4438 280 4501 Circa
295 4436 381 4517 quod
396 4434 526 4498 Glossa:
545 4435 597 4496 Hae
611 4433 746 4515 (inquit)
761 4435 939 4512 tribusne·
992 4436 1087 4499 Jacob
1111 4435 1289 4517 patriarcha
1313 4435 1400 4523 iuda
1424 4435 1627 4513 benedicens,
1656 4437 1738 4502 iuter

188 4531 419 4615 gotiationibus
435 4541 638 4608 vacaverunt,
657 4533 695 4594 de
719 4532 938 4594 transmarinis
993 4543 1097 4597 cetera
1113 4533 1191 4595 dixit
1205 4551 1211 4594 :
1223 4533 1352 4596 Catulus
1368 4533 1568 4596 leonisiuda.
1579 4534 1638 4596 Sed
1655 4535 1738 4596 sicut
1764 4557 1823 4602 66.
1835 4561 1856 4600 a.

191 4630 376 4713 regionibus
411 4630 619 4705 mercimonia
651 4638 874 4712 apportanteS,
908 4639 939 4694 ct
994 4633 1054 4695 hoc
1069 4631 1190 4693 dictum
1206 4639 1254 4693 cst
1268 4631 1401 4693 deiude
1416 4640 1545 4713 propter
1560 4632 1656 4694 David
1674 4631 1738 4695 ior-

192 4732 359 4794 tbesauros
375 4729 579 4792 absconditos
595 4747 774 4804 arenarum,
792 4729 940 4793 videlicet
995 4730 1154 4793 tissimum
1177 4738 1286 4791 natum
1311 4749 1348 4792 cx
1367 4729 1456 4806 iuda,
1475 4730 1523 4793 voi
1541 4730 1646 4812 potius
1668 4749 1738 4811 pro·
1767 4753 1884 4808 laeana

193 4837 361 4909 argeutum
376 4835 407 4890 et
422 4847 535 4890 aurum
552 4827 602 4889 vei
618 4845 770 4906 gemmas,
788 4829 878 4908 quasi
893 4828 940 4891 iao
996 4837 1065 4910 pter
1081 4827 1251 4903 Christum,
1270 4829 1308 4890 do
1333 4847 1396 4908 quo
1424 4828 1455 4889 iu
1471 4828 1660 4910 Apocalypsi
1685 4829 1737 4890 ba·
1752 4818 1886 4922 ¹⁸{JJ''·³‘'

196 4934 320 5007 sugent,
339 4925 445 5002 idest,
464 4925 557 4988 iaciie
579 4925 746 5007 accipient.
766 4926 809 4987 iix
824 4925 941 5007 quibus
997 4928 1100 5003 betur,
1117 4927 1201 4989 Vicit
1221 4927 1271 4990 ico
1292 4927 1332 4990 de
1356 4927 1441 4989 tribu
1466 4927 1564 5001 iuda;
1582 4927 1629 4990 sic
1653 4927 1737 4989 istud
1759 4943 1885 4998 xmus.

196 5025 303 5088 verbis
324 5023 461 5100 elicitur,
479 5024 565 5105 quod
586 5023 681 5086 etiam
703 5024 795 5085 multi
812 5025 851 5086 de
865 5025 943 5088 issa·
997 5024 1117 5087 dictum
1144 5033 1191 5086 est
1211 5031 1340 5106 propter
1356 5024 1539 5086 Samsonem
1555 5044 1592 5086 ox
1608 5024 1674 5086 Dan
1689 5044 1740 5105 ge·
1764 5039 1886 5089 ructant,

196 5125 273 5188 char
295 5121 545 5184 mercationibus
570 5121 771 5184 insistebant.
793 5122 888 5184 Porro
904 5122 942 5184 do
998 5123 1112 5199 uitum,
1130 5123 1185 5203 qui
1203 5123 1301 5184 instar
1316 5122 1413 5185 catuli
1430 5123 1530 5186 ieonis
1546 5133 1656 5186 contra
1669 5123 1741 5184 Phi·
1754 5105 1886 5153 ΨΜ

195 5220 402 5302 generatione
416 5219 485 5282 auri
502 5229 534 5282 et
555 5219 755 5283 metallorum
780 5220 861 5282 inter
877 5241 944 5283 arc·
998 5221 1116 5284 iistaeos
1140 5224 1450 5284 circumtenet
1469 5225 1603 5298 turpiter
1623 5225 1663 5281 de
1677 5227 1742 5284 Ba-

73 5336 181 5388 ream.
198 5340 266 5396 nas,
284 5319 404 5381 dietum
422 5327 470 5380 est
485 5338 591 5399 supra.
998 5340 1068 5379 san.
1095 5319 1158 5381 iioc
1189 5321 1363 5382 secundum
1387 5319 1528 5382 Glossam
1554 5320 1740 5400 exponitur,
