4309 6259
313 3837 433 3894 lllleynnr,

301 3906 313 3944 o

316 3906 363 3954 ,lb

316 4135 369 4178 Gerr.
378 4149 404 4178 xc

452 494 512 558 676
737 510 909 558 eunnnnvtc
930 510 960 555 ΙΝ
982 509 1050 555 CAP.
1074 507 1173 552 xxxttt
1193 505 1427 551 beurencn'ctntt.
1448 524 1489 535 ·-
1508 505 1579 551 net.
1602 505 1709 551 XXXVM

451 693 483 746 et
498 683 614 747 multos
631 683 808 765 triumphos
824 680 1013 743 miraculose
1028 687 1059 740 et
1074 678 1127 760 pie
1143 677 1197 739 tri·
1210 677 1236 738 A
1250 677 1337 751 Levi,
1365 675 1398 738 id
1422 685 1471 740 cst
1495 676 1698 740 sacerdotalis
1721 684 1817 756 atque
1842 672 1991 737 Levitico

451 782 523 844 buit
544 783 601 858 eie,
620 783 702 844 sicut
716 801 754 843 cx
780 780 870 843 libris
887 779 1005 858 Regum
1031 785 1062 838 et
1082 774 1196 838 Parali·
1271 775 1391 857 stirpis,

451 897 610 961 pomencn
633 888 767 943 constat.
786 881 827 939 Et
851 881 894 938 ad
915 881 1072 954 populum
1098 895 1195 934 sac-run
1291 877 1370 934 Levi
1384 874 1558 953 puoqrrc,id
1573 882 1621 935 est
1631 873 1728 935 tribui
1743 873 1831 948 Levi,
1841 874 1891 932 ait
1900 874 1995 933 :Per-

450 979 602 1038 introduc
610 997 696 1046 cern,
705 976 735 1037 id
747 983 804 1050 est,
813 976 852 1036 de
863 973 892 1036 ei
909 973 1059 1035 virtulem
1076 972 1196 1033 intren·
1250 973 1345 1050 sertio
1357 982 1412 1031 tce
1422 982 1451 1032 et
1461 974 1610 1032 doctrina
1623 982 1678 1032 tua
1689 993 1709 1032 α
1721 973 1791 1031 ciro
1805 981 1917 1030 sancto
1930 981 1995 1038 tuo,

450 1076 483 1136 di
505 1085 619 1138 terram
640 1075 668 1136 ei
692 1074 864 1156 provisam,
888 1080 923 1134 ut
948 1079 1075 1153 superet
1098 1088 1196 1151 popu·
1252 1070 1283 1131 id
1294 1078 1353 1146 est,
1363 1069 1536 1152 perlectam
1550 1070 1824 1132 conversationem
1835 1087 1934 1149 quern
1945 1067 1996 1128 hn-

451 1174 528 1250 lum,
546 1193 641 1255 quem
657 1173 686 1234 ei
703 1172 865 1253 subjicies
884 1170 911 1232 si
927 1169 1083 1232 obedierit
1108 1167 1192 1230 tibi:
1251 1168 1360 1244 buisti,
1378 1177 1408 1229 ct
1429 1187 1538 1231 sanam
1562 1169 1739 1231 doctrinam
1762 1186 1826 1249 qua
1848 1167 1931 1229 alios
1953 1167 1996 1227 in-

451 1273 560 1354 sicque
590 1271 727 1354 populus
758 1270 812 1332 ille
843 1269 884 1332 sit
913 1269 994 1351 ejus,
1026 1268 1058 1329 id
1088 1274 1137 1329 est
1166 1266 1194 1328 ei
1251 1266 1995 1348 strrrnisti‚eccepistiamelegislatoretuo,qui

450 1371 612 1451 subjectus
642 1379 695 1432 aut
723 1367 920 1431 tributarius.
948 1366 1017 1440 Vol,
1048 1365 1195 1427 Introduc
1251 1364 1348 1428 verbo
1364 1375 1395 1427 et
1410 1384 1506 1446 opero
1523 1375 1554 1428 te
1575 1365 1722 1440 instruxi,
1740 1374 1773 1427 et
1791 1365 1939 1446 ejusdem
1956 1373 1996 1426 te

450 1489 522 1532 eum
543 1470 582 1531 ad
606 1469 759 1550 populum
782 1485 886 1542 suum,
905 1466 937 1527 id
957 1472 1016 1540 cst,
1035 1472 1136 1526 totum
1156 1463 1195 1524 ls-
1250 1483 1321 1526 cum
1339 1483 1408 1524 sum
1432 1465 1552 1546 stirpis,
1570 1485 1664 1544 quem
1673 1467 1820 1541 probasti
1843 1466 1882 1524 in
1900 1475 1996 1524 ceom-

450 1569 627 1630 reeliticum
644 1567 798 1649 populum
815 1564 865 1627 iac
881 1565 910 1626 ei
928 1562 1063 1645 pacifice
1086 1561 1195 1624 subdi·
1251 1567 1345 1631 tione,
1357 1562 1388 1624 id
1404 1571 1462 1638 cst,
1481 1564 1650 1644 probatum
1666 1562 1816 1626 invenisti
1840 1562 1874 1624 in
1899 1571 1995 1624 tente-

450 1676 528 1743 tum,
545 1675 576 1729 et
591 1665 695 1747 ipsum
712 1665 809 1726 llevid
825 1665 864 1726 de
880 1681 976 1743 regno
992 1680 1050 1724 suo
1066 1661 1195 1742 pulsum
1251 1660 1402 1736 tionibus,
1420 1679 1491 1741 quae
1512 1661 1541 1723 ei
1558 1661 1591 1722 in
1608 1660 1780 1724 solitudine
1793 1659 1994 1741 contigerunt

450 1767 546 1828 rcdue
559 1764 593 1826 in
611 1781 754 1843 regnum.
769 1763 886 1844 ltaque,
904 1761 1050 1824 Introduc
1066 1779 1139 1822 cum
1155 1761 1195 1822 ad
1249 1778 1287 1820 cx
1303 1758 1413 1840 populi
1425 1758 1638 1840 improbitate.
1651 1759 1707 1822 l'cl
1720 1760 1804 1821 istud
1816 1758 1993 1840 intelligen-

449 1863 603 1946 populum
628 1881 732 1938 suum,
759 1868 916 1942 quatenus
939 1876 1027 1938 reges
1052 1860 1092 1921 de
1115 1859 1195 1920 luda
1212 1857 1325 1925 Bdum
1343 1865 1391 1919 est
1411 1857 1450 1918 de
1475 1858 1660 1934 tentatione,
1687 1876 1781 1938 quam
1807 1877 1924 1939 passus
1947 1867 1990 1920 est

449 1958 1005 2042 exorti,racteseappliccntpopulo
1021 1958 1194 2036 suoedgu-
1248 1953 1367 2036 Moyses
1391 1973 1410 2016 a
1433 1954 1510 2017 tiore
1540 1964 1636 2036 etque
1667 1955 1879 2036 complicibus
1911 1956 1988 2036 ejus,
2009 1974 2112 2017 amno.

449 2061 647 2122 bernandum
665 2058 788 2121 idonee.
806 2057 953 2120 Praevidit
972 2056 1092 2118 etenim
1113 2056 1193 2137 Moy·
1248 2053 1303 2133 qui
1319 2052 1586 2130 erantLevitae,et
1600 2053 1846 2135 contreMoyscn
1862 2072 1991 2117 consur-

448 2178 498 2220 ses
515 2176 603 2238 reges
618 2158 657 2219 dc
671 2157 750 2218 luda
766 2155 852 2217 nasei
869 2154 994 2218 debere.
1011 2155 1080 2231 Vel,
1099 2155 1195 2217 lntro
1249 2164 1408 2232 rexerunt,
1434 2173 1571 2236 eumque
1599 2156 1738 2235 graviter
1767 2157 1988 2220 molestabant.

448 2257 509 2319 duc
525 2275 596 2318 eum
613 2255 653 2317 ad
673 2253 827 2336 populum
850 2271 954 2328 suum,
972 2252 1004 2313 id
1020 2260 1079 2328 est,
1099 2253 1193 2315 talem
1249 2254 1461 2329 dijudicasti
1474 2256 1518 2313 art
1532 2275 1634 2333 aquas
1650 2257 1933 2316 Contradictionis.
1946 2255 1988 2318 lbi

448 2354 545 2416 vitem
562 2355 601 2415 da
616 2352 700 2428 ei‚ut
716 2360 788 2434 post
801 2352 898 2432 hujus
914 2350 987 2413 vitae
997 2351 1192 2413 curriculum
1248 2369 1386 2432 namque
1412 2351 1492 2413 Deus
1516 2352 1648 2434 protulit
1670 2352 1827 2434 judicium
1853 2354 1887 2415 in
1912 2355 1991 2436 Moy·

447 2459 625 2534 apponatur
640 2449 750 2512 electis
765 2449 798 2511 in
814 2447 912 2512 limbo
928 2457 1064 2530 patrum,
1083 2468 1193 2511 secun·
1248 2468 1315 2525 sen,
1331 2451 1417 2530 quod
1439 2459 1554 2512 terram
1575 2451 1796 2531 promissionis
1810 2471 1875 2516 non
1897 2453 1991 2516 intro·
2003 2475 2115 2521 rueme

448 2553 524 2614 dum
539 2551 623 2631 quod
639 2549 715 2630 justi
733 2548 847 2612 vetoris
870 2549 1061 2610 Testamenti
1084 2549 1193 2610 dicun·
1249 2548 1308 2610 iret
1325 2572 1332 2622 3
1349 2566 1413 2628 quc
1428 2548 1566 2627 cognito,
1585 2549 1701 2612 Levitae
1715 2559 1747 2613 et
1761 2551 1859 2613 ceteri
1872 2551 1990 2632 judica·
2001 2544 2093 2585 ‘¹⁸¹¹'st

449 2658 500 2711 tur
526 2667 582 2730 per
608 2655 741 2710 mortem
764 2647 882 2728 populo
909 2665 966 2710 suo
992 2656 1023 2709 at
1048 2647 1192 2729 patribus
1247 2655 1362 2709 verunt
1381 2647 1504 2728 Moysen
1526 2646 1570 2710 ibi
1591 2667 1738 2730 peccasse
1755 2666 1762 2710 :
1779 2650 1864 2730 quod
1885 2659 1989 2712 tamen

449 2748 515 2810 suis
539 2745 688 2828 appositi.
708 2749 826 2807 Manus
840 2747 911 2820 ejus
922 2749 1117 2822 poprtobertt
1130 2767 1191 2823 pro
1247 2745 1322 2807 sciri
1340 2763 1403 2808 non
1419 2745 1523 2826 potuit
1538 2764 1575 2807 ex
1586 2746 1698 2827 Moysis
1713 2747 1819 2810 verbis
1833 2767 1907 2829 quae
1921 2767 1990 2831 pro

447 2869 494 2916 eo,
513 2847 545 2908 id
575 2853 632 2921 cst,
655 2844 800 2907 hostibus
831 2844 1000 2907 victoriose
1030 2845 1155 2907 resistet
1182 2866 1189 2908 :
1247 2843 1331 2919 tulit,
1356 2842 1466 2906 dicens
1491 2844 1529 2906 ad
1554 2845 1720 2926 populum,
1743 2845 1869 2922 Audite,
1893 2847 1990 2910 rebel-
2005 2862 2114 2906 resumo.

446 2945 532 3028 quod
548 2953 579 3008 et
603 2952 744 3025 tempore
764 2942 909 3006 iudicum
936 2951 1059 3006 constet
1082 2944 1192 3027 imple
1247 2942 1293 3004 les
1308 2949 1340 3005 et
1355 2941 1522 3018 increduli,
1540 2950 1614 3018 etc,
1632 2943 1686 3004 sed
1701 2962 1739 3005 ex
1755 2945 1914 3006 sententia
1937 2946 1990 3008 llei

446 3051 565 3120 tum,ct
580 3041 718 3123 amplius
731 3049 871 3122 temporo
882 3042 1011 3119 Regum.
1024 3037 1228 3124 Fuitequi-(l
1247 3049 1356 3104 contra
1372 3058 1443 3104 eum
1470 3040 1602 3122 prolata.
1621 3040 1702 3104 Deus
1725 3042 1847 3124 quippe
1864 3043 1990 3106 intuens

447 3144 519 3205 dem
536 3141 638 3203 tribus
652 3139 731 3201 luda
746 3139 859 3203 ceteris
877 3139 1190 3222 bellicosior,may'or,
1247 3139 1353 3216 corda,
1362 3137 1512 3219 cognovit
1527 3157 1590 3220 quo
1605 3137 1713 3203 animo
1728 3141 1904 3222 protulerat
1914 3143 1991 3224 Moy-

449 3241 674 3320 lortior,atque
689 3237 937 3314 audacior,sicut
954 3247 983 3300 et
998 3240 1094 3301 ludas
1110 3241 1193 3304 inter
1248 3256 1298 3299 ses
1314 3237 1409 3300 verbe
1430 3235 1496 3312 illa,
1513 3237 1780 3317 quemadmodum
1798 3238 1830 3299 in
1846 3239 1990 3303 Numeris

450 3339 562 3402 iratres
574 3355 648 3399 suos
664 3335 778 3398 lortior
794 3344 871 3397 erat.
881 3335 969 3398 Unde
985 3345 1015 3399 ot
1032 3337 1193 3400 tribuslu-
1248 3335 1374 3416 plenius
1390 3334 1563 3396 introduxi.
1576 3335 1880 3417 dliquidicunthaee
1896 3339 1992 3402 verba

449 3439 489 3500 da
503 3435 670 3499 consuevit
686 3433 845 3497 numerari
863 3453 918 3515 per
934 3454 978 3497 se.
1004 3439 1045 3497 Ει
1060 3438 1194 3514 adjutor
1247 3435 1287 3496 ad
1308 3433 1476 3496 Dominum
1494 3432 1600 3512 dirigi,
1625 3443 1660 3496 ut
1682 3435 1724 3496 sit
1739 3453 1851 3498 sensus
1870 3454 1877 3497 :
1894 3437 1989 3511 Quem

448 3539 541 3597 iltius
558 3543 668 3594 eontra
686 3535 887 3594 adversarios
906 3536 975 3609 ejus
994 3537 1069 3604 erit,
1085 3534 1116 3596 id
1133 3545 1190 3613 est,
1248 3541 1392 3594 sanctum
1408 3530 1523 3606 virum,
1541 3530 1663 3594 scilicet
1678 3531 1815 3614 Moysen,
1834 3542 1868 3595 tu
1890 3535 1991 3598 Domi·

449 3637 530 3698 Deus
544 3633 700 3713 adjuvans
716 3630 833 3693 tribum
848 3631 936 3707 luda,
954 3650 1012 3713 pro
1030 3651 1068 3694 ea
1083 3642 1194 3696 contra
1248 3651 1288 3693 ue
1303 3631 1395 3707 Deus,
1413 3628 1553 3710 probasti
1571 3629 1604 3690 in
1621 3630 1805 3708 tentatione,
1819 3631 1852 3693 id
1866 3643 1926 3709 est,
1935 3653 1991 3716 per

449 3731 579 3798 aemulos
595 3731 664 3810 ejus
681 3727 845 3810 pugnabit.
859 3729 946 3792 Unde
961 3730 1001 3792 do
1016 3731 1115 3794 David
1132 3732 1193 3795 ire
1247 3729 1364 3791 multas
1377 3727 1584 3798 adversitates
1608 3736 1640 3790 ot
1663 3729 1854 3794 tentationes
1875 3733 1990 3793 exami-

449 3839 584 3913 quenter
604 3836 652 3890 est
667 3827 820 3908 scriptum
840 3845 846 3889 :
865 3827 936 3888 Fuit
951 3829 1103 3891 Dominus
1119 3851 1192 3893 cum
1248 3827 1330 3889 uasti
1345 3846 1381 3889 ac
1397 3825 1549 3888 invenisti
1565 3824 1706 3904 fidelem,
1722 3828 1987 3908 quemadmodum

449 3928 546 3992 David
561 3927 594 3988 in
610 3924 760 3988 omnibus
774 3925 1189 4007 adqueoumqueperroxit.
1248 3927 1280 3988 in
1306 3926 1389 3988 libro
1414 3923 1583 4005 Sapientia
1606 3923 1732 4004 legitur,
1749 3926 1830 3987 [leus
1856 3928 1988 3991 tentavit
2012 3943 2110 3997 senx..

449 4027 503 4088 His
517 4031 670 4087 consonat
684 4022 770 4103 quod
794 4021 889 4085 Jacob
914 4023 947 4083 in
969 4023 1193 4089 benedictione
1245 4025 1359 4105 justos,
1376 4031 1408 4085 ct
1432 4022 1554 4084 invenit
1570 4022 1641 4085 illos
1661 4023 1775 4104 dignos
1791 4042 1846 4098 se;
1862 4033 1895 4088 et
1908 4027 1990 4105 judi·

405 4151 432 4186 ιι.
446 4126 533 4187 ludet
549 4121 745 4204 deprompsit
759 4121 885 4183 :Manus
902 4129 954 4184 tua
969 4121 1002 4183 in
1014 4123 1192 4186 cervicibus
1247 4122 1325 4184 casti
1349 4122 1389 4182 ad
1414 4139 1513 4201 aquas
1536 4120 1814 4196 contradictionis,
1840 4123 1988 4201 dicendo,

449 4221 652 4284 inimicorum
670 4226 806 4280 tuorum.
1205 4220 1323 4294 nenia
1338 4239 1401 4282 non
1417 4219 1597 4282 credidistis
1613 4220 1704 4298 mihi,
1723 4238 1785 4283 non
1809 4221 1991 4287 introduce

487 4319 628 4399 Denique
644 4324 716 4399 post
730 4315 985 4380 benedictionem
1002 4318 1112 4381 liuben
1129 4321 1190 4402 pri·
1245 4320 1286 4380 tis
1302 4319 1360 4382 hos
1376 4318 1512 4401 populos
1527 4319 1567 4380 ad
1583 4327 1698 4381 terram
1714 4338 1810 4400 quam
1826 4321 1909 4384 dabo
1930 4323 1987 4384 eis.

446 4416 598 4498 mogeniti
621 4413 726 4491 Jacob,
746 4415 927 4478 immediate
954 4416 1116 4480 benedixit
1131 4419 1190 4482 Mo·
1286 4419 1350 4486 Qui
1364 4419 1453 4478 dicit
1465 4419 1662 4494 patrisuoet
1673 4421 1773 4478 matri
1786 4439 1866 4488 suae,
1877 4423 1989 4482 Nescio

444 4537 515 4599 yses
542 4514 639 4578 tribui
661 4513 751 4588 luda,
779 4513 930 4594 quoniam
954 4515 1006 4595 jus
1031 4515 1189 4599 primoge-
1244 4539 1315 4589 oos,·
1329 4527 1359 4578 et
1374 4518 1536 4597 fratribus
1550 4517 1630 4586 seb,
1646 4520 1762 4593 Ipnoro
1785 4518 1877 4589 illm,-
1890 4529 1922 4578 et
1937 4541 1990 4579 rre-

443 4616 557 4677 niturae
581 4621 736 4695 quantum
761 4613 800 4674 ad
827 4612 1053 4694 principatum,
1083 4615 1145 4678 fuit
1170 4637 1189 4679 e
1242 4619 1385 4678 scierunt
1405 4618 1491 4695 filios
1515 4636 1597 4675 satos.
1621 4618 1669 4676 Hr'
1693 4618 1914 4678 crtetodicruct
1928 4623 1989 4680 cto-

442 4714 550 4776 lluben
566 4712 730 4775 adiudam
750 4711 949 4773 translatum.
967 4713 1005 4773 Et
1019 4715 1096 4794 quia
1117 4725 1188 4796 post
1242 4716 1357 4793 quium
1375 4725 1478 4774 bourn.
1496 4713 1580 4775 lstud
1596 4713 1766 4794 exponitur
1783 4713 1988 4779 acatholicis

441 4812 559 4892 regiam
579 4809 696 4872 tribum
711 4809 801 4884 luda,
820 4809 945 4886 dignior
967 4808 1028 4870 fuit
1047 4810 1188 4874 Levitico
1241 4821 1274 4872 ct
1297 4811 1436 4873 Hebraeis
1462 4811 1501 4872 de
1526 4828 1718 4891 unoquoque
1746 4811 1814 4874 viro
1838 4812 1987 4877 Leviticae

442 4911 543 4972 tribus
558 4908 731 4989 (siquidem
752 4906 786 4968 in
807 4907 903 4970 veteri
921 4906 1122 4970 Testamento
1142 4929 1187 4972 re·
1241 4909 1361 4990 stirpis,
1375 4908 1430 4989 qui
1446 4908 1548 4990 Moyse
1563 4907 1758 4984 exhortante,
1770 4909 1886 4972 acriter
1900 4911 1987 4972 ultus
2096 4960 2100 4967 .

440 5007 520 5088 galis
544 5007 682 5086 dignitas
705 5003 881 5067 sacerdotio
904 5005 1124 5086 preminebat,
1148 5026 1187 5070 eo
1241 5015 1289 5069 est
1309 5008 1406 5070 etiam
1432 5007 1465 5068 in
1489 5024 1709 5088 quoscumque
1733 5008 1985 5089 consanguineos
1998 5010 2032 5038 ¹¹¹
2052 4996 2104 5033 Μ’·

442 5107 529 5188 quod
558 5103 769 5166 secerdotium
795 5102 875 5164 illud
905 5104 1031 5166 carnale
1061 5105 1187 5168 exstitc-
1241 5113 1273 5166 et
1297 5105 1494 5187 propinquos
1520 5111 1649 5186 propter
1672 5105 1888 5169 adorationem
1913 5127 1985 5171 con·

445 5204 496 5279 rit,
507 5203 589 5266 sicut
604 5201 636 5262 in
654 5200 735 5262 libro
751 5201 790 5262 de
806 5200 970 5278 [tegimine
986 5221 1096 5282 regum
1108 5203 1187 5266 Tho
1243 5203 1354 5264 llatilis
1371 5202 1474 5278 vituli,
1493 5203 1537 5264 ita
1552 5220 1586 5264 se
1600 5202 1720 5265 babens
1736 5205 1774 5265 ad
1796 5204 1869 5266 illos
1890 5205 1985 5270 idolo

444 5321 511 5366 mas
536 5299 703 5378 declarat),
730 5298 805 5360 hinc
833 5298 980 5362 subditur
1005 5300 1185 5364 benedictio
1243 5301 1450 5382 latras,quasi
1466 5298 1984 5384 conpertinuissentadsezquod
