4309 6259
479 521 653 572 arnasano
675 525 704 570 ru
726 523 794 570 cna.
818 521 913 571 xxxiv
934 523 1167 573 namenoaonn.
1190 547 1231 558 -
1250 528 1321 576 nar.
1344 528 1441 579 xxxix
1667 510 1728 580 ’689

175 701 232 755 tur
247 703 363 775 quarto
379 695 462 759 libro
477 697 603 780 Regum.
617 700 741 775 Moyses
755 707 884 758 eentum
899 706 928 757 et
943 692 969 755 Α
984 698 1078 779 pheta
1094 699 1178 762 ultra
1193 700 1225 762 in
1242 701 1414 776 lsraeloni
1430 704 1545 767 Esdras
1560 703 1728 770 bibliothe·

175 795 303 870 vipinti
316 815 480 856 annorum
489 799 699 876 eratquando
716 805 926 856 mortuusest.
983 814 1052 857 cam
1068 815 1088 857 a
1102 796 1256 860 Chaldaeis
1271 799 1481 878 combustam,
1499 800 1609 866 divino
1630 822 1726 866 sensu

176 895 255 952 Non
280 895 438 970 catipaait
459 899 583 965 neutras,
603 895 635 956 id
656 902 702 956 cst
725 895 810 958 oculi
831 896 901 972 ejus
917 911 929 954 .·
985 895 1194 976 recuperavit.
1222 897 1337 959 lterum
1367 899 1412 961 ait
1440 900 1549 964 Glossa
1573 919 1581 962 :
1608 902 1728 983 Moyses

176 990 245 1054 imo
262 999 294 1053 et
308 991 364 1054 alii
381 1011 492 1055 sensus
508 994 611 1055 adhuc
626 1001 813 1055 manserunt
835 993 868 1054 in
891 1011 928 1056 eo
983 992 1134 1054 omnibus
1144 994 1309 1075 Prophetis
1320 997 1436 1059 veteris
1447 998 1640 1062 Testamenti
1652 1019 1729 1082 praa

70 1110 97 1137 ¹·
176 1089 257 1152 boni
280 1099 313 1152 et
332 1091 454 1154 vivacis
474 1090 606 1172 vigoris,
623 1100 718 1172 prout
733 1092 816 1154 istud
833 1111 929 1175 supra
984 1091 1118 1153 stantior
1135 1091 1207 1170 luit,
1221 1103 1350 1176 propter
1365 1098 1449 1176 quod
1465 1097 1564 1160 ludaei
1579 1116 1729 1177 arrogan-

176 1188 300 1250 clarius
326 1189 387 1251 luit
411 1191 611 1272 expositum3
632 1195 815 1252 necdentes
837 1194 929 1251 illias
986 1197 1031 1250 ter
1046 1189 1205 1269 dixerunt,
1223 1192 1284 1255 Nos
1301 1193 1414 1276 Moysis
1434 1195 1584 1278 discipuli
1604 1215 1725 1259 sumus.
1754 1217 1872 1268 roam,

177 1291 261 1348 moti
274 1299 365 1358 sont,
381 1289 412 1350 id
429 1296 487 1366 est,
506 1297 594 1352 extra
609 1289 786 1353 naturalem
804 1298 835 1352 θῖ
854 1308 929 1352 con·
984 1287 1043 1350 Sed
1063 1297 1231 1370 postquam
1254 1292 1406 1354 Dominus
1429 1294 1656 1376 Prophetarum
1682 1296 1729 1358 in·
1742 1281 1776 1324 ²⁸·

175 1403 292 1465 gruum
309 1385 529 1450 habitudinem
546 1388 641 1468 positi
662 1396 737 1450 sunt
751 1407 808 1470 per
823 1387 928 1450 carnis
984 1397 1132 1449 carnatus
1160 1390 1247 1451 venit
1276 1389 1309 1451 in
1339 1392 1506 1469 mnndum,
1537 1393 1642 1456 omnis
1672 1394 1728 1457 illa

176 1493 234 1546 aut
250 1485 394 1548 dentium
414 1486 650 1568 corruptionem
668 1494 722 1548 aut
737 1486 925 1550 laesionem:
984 1484 1071 1565 prior
1093 1486 1243 1566 dignitas,
1261 1487 1507 1570 futurorumque
1529 1491 1642 1554 umbra
1663 1511 1729 1556 ces·

175 1584 281 1662 gratia
302 1603 441 1666 namque
456 1583 649 1648 confortavit
666 1585 698 1646 in
715 1604 753 1648 eo
769 1593 925 1648 naturam.
983 1592 1144 1661 severunt,
1162 1586 1314 1666 qnoniam
1335 1588 1432 1650 laxet
1449 1587 1555 1670 ligura
1576 1609 1632 1671 por
1649 1591 1728 1673 Moy·
1752 1606 1807 1650 tatu
1817 1621 1830 1659 ι,
1840 1609 1873 1650 n.

177 1685 419 1764 Flacci-aratque
442 1705 515 1744 cam
537 1686 606 1762 filii
625 1687 728 1746 Israel
750 1688 783 1745 in
806 1705 929 1762 canipe·
984 1700 1039 1743 sen
1063 1683 1136 1745 data
1157 1692 1215 1760 est,
1234 1685 1336 1763 gratia
1356 1695 1387 1748 ct
1407 1687 1523 1749 veritas
1546 1708 1603 1770 per
1620 1689 1725 1752 Jcsnm

175 1783 300 1843 strides
319 1785 414 1843 Moab
439 1785 576 1860 triptota
601 1785 718 1844 diebus.
738 1787 832 1845 Josue
856 1803 928 1842 vero
982 1779 1142 1842 Christum
1166 1781 1249 1844 lacta
1270 1791 1329 1860 est,
1347 1785 1401 1865 qui
1422 1793 1470 1847 cst
1491 1785 1569 1848 linis
1589 1787 1667 1868 logis
1688 1790 1727 1852 ad
1749 1803 1871 1850 naman.

176 1883 272 1958 filias
287 1883 368 1944 Nun
383 1885 523 1959 repletos
540 1893 584 1942 est
601 1884 722 1960 spirita
738 1884 906 1959 sapientire
918 1902 929 1941 .·
946 1880 968 1940 B
982 1878 1139 1959 justitiam
1155 1881 1241 1944 omni
1257 1883 1412 1946 credenti.

177 1979 274 2061 cujus
291 1979 418 2061 signnm
435 1987 489 2042 ant
504 1999 599 2043 causa
611 1979 929 2059 meritoriaest,par'a
1022 1977 1113 2040 Circa
1127 1979 1194 2042 haec
1209 1981 1485 2062 quaritur,ntrnm
1497 1982 1616 2066 Moyses
1633 1983 1728 2047 luerit

66 2087 131 2131 Num.
179 2081 306 2155 Moyses
317 2097 354 2140 cx
365 2077 420 2140 Dei
432 2087 590 2160 praecepto
600 2081 711 2155 posuit
726 2099 928 2140 manasseas
983 2075 1119 2138 eximius
1139 2077 1364 2160 Prophetarum
1387 2081 1505 2144 veteris
1521 2081 1725 2144 Testamenti.

38 2153 162 2252 {{f¹''¹⁸'²²'
177 2197 278 2255 saper
286 2196 372 2248 eam,
380 2176 575 2240 instituendo
586 2184 618 2240 et
627 2177 843 2257 consignando
854 2195 928 2239 oum
984 2173 1118 2237 Videtur
1132 2177 1218 2256 qnod
1233 2195 1308 2253 non,
1318 2197 1417 2259 quum
1433 2178 1494 2242 hoc
1509 2187 1619 2243 sancto
1630 2179 1727 2244 llarid

180 2274 214 2335 in
239 2275 289 2337 sui
312 2294 539 2339 successorem.
558 2280 600 2338 Et
615 2278 802 2336 obedierant
816 2277 847 2335 ei
861 2277 929 2353 fitia·
985 2272 1194 2336 adscribatur.
1212 2275 1249 2336 Et
1265 2275 1352 2352 item,
1369 2277 1521 2358 quoniam
1537 2278 1647 2354 David,
1669 2278 1730 2341 lsa-

178 2377 296 2445 Israet,
312 2377 520 2454 feceruntque
541 2376 625 2435 sicat
643 2376 796 2453 pracepit
817 2375 928 2435 Domi·
986 2371 1042 2447 ias,
1065 2380 1097 2434 et
1118 2372 1172 2434 alii
1195 2374 1324 2454 quidam
1347 2375 1439 2456 plura
1457 2377 1672 2458 praedixerunt
1691 2377 1730 2440 de

179 2493 244 2532 nus
260 2475 376 2550 Moysi.
396 2476 438 2534 Iti
457 2493 522 2534 noo
541 2475 685 2534 surrevit
701 2475 862 2550 Propheta
878 2475 928 2532 ui-
982 2470 1118 2547 Christo‚
1136 2471 1201 2535 imo
1223 2481 1254 2536 ot
1277 2473 1394 2536 clarius
1417 2492 1512 2555 quam
1532 2475 1664 2558 Moyses
1682 2478 1729 2540 lld

180 2579 233 2631 tra
251 2573 286 2630 in
303 2575 406 2632 Israel
424 2573 508 2633 sieut
523 2575 659 2649 Moyses,
677 2571 708 2633 id
729 2578 777 2634 ost
796 2571 927 2651 aqualis
983 2567 1065 2632 hanc
1080 2570 1289 2650 questionem
1312 2572 1448 2635 Thomas
1468 2573 1501 2635 in
1522 2575 1662 2637 secunda
1684 2595 1732 2638 se

178 2668 289 2750 Moysi,
306 2689 401 2749 qaam
415 2680 517 2731 nosset
531 2672 691 2731 Dominae
706 2671 793 2746 sarie
813 2672 857 2729 art
877 2673 928 2750 sa·
982 2669 1105 2744 eundae,
1123 2670 1298 2749 quastione
1314 2671 1382 2748 itt,
1401 2673 1574 2754 respondet
1592 2691 1600 2735 τ
1616 2673 1730 2748 Quam-

178 2769 273 2839 ciem,
291 2767 323 2829 id
339 2776 398 2844 est,
414 2769 454 2830 ad
469 2787 564 2849 quem
583 2767 661 2830 [leus
677 2775 742 2829 tam
759 2766 927 2830 familiari·
982 2765 1031 2827 vis
1052 2765 1170 2847 aliquis
1191 2768 1418 2849 Prophetarum
1447 2769 1556 2848 luerit,
1573 2783 1728 2853 qnantum

179 2873 228 2928 tor
249 2885 283 2929 se
302 2865 462 2943 hahuerit,
479 2875 607 2948 tamque
632 2867 761 2948 copiose
785 2874 816 2929 et
841 2865 926 2928 clare
982 2864 1020 2925 ad
1037 2862 1170 2943 aliquid,
1188 2863 1291 2945 Moyse
1313 2867 1435 2947 maj0r3
1453 2875 1559 2931 umen
1582 2869 1727 2934 absolute

178 2964 355 3028 ostenderit
371 2967 621 3042 salinensibus
635 2966 738 3042 siquis
753 2974 928 3044 atquepor-
983 2959 1155 3041 loquendo,
1177 2961 1296 3043 Moyses
1318 2963 1432 3026 ceteris
1456 2965 1605 3028 omnibns
1627 2967 1729 3049 major

180 3065 359 3143 tentisqaae
370 3065 459 3124 misit
465 3083 527 3141 par
536 3063 661 3136 enm,id
673 3070 791 3144 est,per
802 3062 926 3144 Moysen
941 3065 963 3129 C
983 3057 1045 3121 luit
1066 3059 1099 3122 in
1122 3060 1224 3140 gratia
1245 3061 1435 3143 prophetali.
1452 3064 1486 3126 ln
1502 3065 1626 3129 visione
1642 3086 1729 3130 nam·

179 3161 253 3224 lieri
280 3161 462 3238 destinarit,
482 3172 517 3222 at
537 3165 656 3241 faceret
671 3164 707 3221 in
726 3171 811 3222 terra
827 3164 927 3238 AEpp-
980 3177 1043 3239 que
1059 3159 1244 3242 prophetica
1258 3161 1477 3224 consideratur
1497 3165 1637 3246 cognitio
1663 3175 1727 3228 tam

174 3263 240 3338 pti,
258 3263 428 3323 Pharaoni
442 3271 472 3322 et
486 3263 634 3322 omnibus
648 3263 749 3320 εθνυίε
762 3261 928 3337 ejus,uni-
981 3257 1204 3321 intellectualis
1219 3279 1315 3341 quam
1338 3260 1534 3341 imaginaria,
1554 3274 1586 3326 ot
1607 3266 1727 3329 denun-

178 3379 340 3438 eersoeqae
356 3369 448 3421 terra
463 3361 568 3427 illias,
583 3369 612 3419 et
627 3369 776 3419 cunctam
793 3379 927 3420 manum
981 3357 1069 3420 tiatio
1095 3376 1200 3420 rerum
1222 3358 1374 3436 visarum,
1395 3368 1427 3423 et
1448 3360 1653 3427 confirmatio
1673 3383 1723 3428 ve-

177 3459 355 3528 robastam,
372 3475 554 3537 mapnaqae
572 3459 739 3517 miraottta
759 3477 830 3535 qua
849 3457 926 3532 fecit
980 3454 1084 3516 citatis
1107 3473 1165 3536 per
1189 3455 1353 3518 miracula.
1380 3457 1500 3541 Moyses
1521 3467 1626 3523 autem
1651 3463 1724 3525 aliis

177 3557 304 3632 Moyses
319 3575 428 3616 coram
445 3557 594 3616 universo
610 3558 724 3617 Israel.
979 3551 1184 3615 excellentior
1200 3551 1436 3634 lult,qnantum
1451 3557 1491 3618 ad
1507 3557 1662 3621 visionem
1678 3560 1725 3622 in-

217 3653 372 3717 Praeteroa
393 3654 432 3716 de
455 3653 632 3716 moralitate
651 3661 746 3734 atque
766 3653 926 3735 mysteriis
979 3650 1201 3727 tellectualem,
1219 3653 1296 3732 quia
1315 3652 1349 3713 in
1371 3652 1430 3716 hac
1447 3653 1512 3716 vita
1527 3655 1608 3719 vidit
1623 3657 1721 3720 Deum

177 3751 274 3835 hujus
290 3751 517 3834 capituli,hinc
533 3752 607 3815 inde
622 3751 707 3814 dicta
722 3761 796 3814 sunt
812 3752 922 3814 multa.
978 3768 1034 3831 per
1049 3749 1231 3825 essentiam,
1249 3749 1331 3812 sicut
1350 3759 1382 3813 ct
1401 3752 1526 3830 Paulus,
1550 3763 1584 3816 ut
1604 3756 1723 3820 duodc-
1747 3777 1866 3831 tierent.

176 3849 266 3924 Quod
282 3857 388 3912 autem
400 3849 432 3912 in
445 3857 552 3912 monte
563 3848 733 3912 defunctus
748 3857 806 3926 est,
820 3849 925 3912 innuit
978 3847 1062 3911 cimo
1083 3848 1121 3910 de
1136 3847 1248 3910 Genesi
1269 3848 1308 3910 ad
1331 3849 1469 3912 litteram
1491 3852 1605 3916 asserit
1620 3854 1722 3936 Augu·
1735 3845 1757 3895 ²·
1767 3845 1787 3887 ⁴·

177 3967 250 4010 eum
280 3947 313 4008 in
339 3947 493 4010 virtutum
515 3945 711 4028 perlectione
732 3947 885 4028 migrasse
907 3969 925 4012 a
978 3945 1722 4028 stinns.UndeinNumerornmlibro,Dominus

177 4064 323 4128 corpore.
340 4045 372 4107 ln
389 4045 471 4110 vallo
487 4053 592 4108 tamen
608 4045 752 4126 sepultas
767 4054 825 4107 est.
848 4046 923 4109 Nam
977 4045 1021 4107 ait
1035 4045 1075 4108 de
1090 4044 1192 4125 Moyse
1210 4043 1346 4122 :Palam,
1356 4054 1387 4108 et
1402 4065 1466 4110 non
1484 4066 1540 4128 per
1554 4050 1722 4130 aenigmata
1736 4076 1867 4125 amnia.

176 4146 343 4210 descondit
357 4153 512 4227 qnantum
528 4145 567 4207 ad
583 4145 722 4208 animam
739 4145 771 4207 in
788 4146 923 4209 limbum
978 4151 1008 4206 et
1033 4162 1090 4225 per
1115 4142 1247 4224 ligures,
1270 4143 1356 4206 videt
1370 4145 1490 4218 Deum.
1511 4147 1723 4215 Excellentior

177 4256 317 4328 patrum,
334 4255 452 4310 etcum
469 4245 650 4308 hnmilitate
669 4265 796 4309 necesso
815 4255 863 4310 est
883 4249 922 4310 ad
938 4250 963 4312 o
978 4241 1072 4304 ctiam
1095 4241 1157 4303 luit
1178 4241 1297 4324 Moyses
1319 4243 1391 4304 aliis
1413 4244 1445 4306 in
1469 4244 1657 4326 imaginaria
1676 4251 1723 4313 vi-

176 4343 232 4406 bei
258 4343 397 4407 tribunal
423 4344 583 4406 accedere.
605 4341 693 4416 Quod
717 4351 830 4406 terram
854 4363 924 4427 pro
978 4340 1077 4404 sione.
1095 4340 1172 4402 Nam
1192 4340 1283 4421 quasi
1303 4341 1341 4403 ad
1368 4351 1478 4405 nutum
1504 4345 1616 4408 habuit
1635 4367 1720 4427 eum,

178 4440 341 4504 missionis
362 4459 424 4502 non
447 4441 603 4517 introivit,
628 4440 687 4503 hoc
711 4440 816 4521 signat
836 4443 922 4524 qnod
977 4438 1721 4520 nonsolumrerbaangeliandiendo,sedotiam

176 4538 226 4602 lex
251 4539 291 4602 ad
316 4557 449 4620 regnum
474 4539 603 4602 coeleste
628 4539 830 4603 introducere
857 4559 920 4604 non
976 4555 1047 4599 eum
1071 4537 1105 4599 in
1130 4545 1293 4619 assumpta
1316 4537 1528 4604 similitudine
1549 4546 1719 4622 cernendo,

176 4636 312 4714 valebat,
329 4638 386 4699 sed
407 4656 508 4719 usquc
530 4636 569 4699 ad
590 4636 757 4700 Iordanem
781 4639 919 4716 devenit,
976 4653 1040 4698 non
1056 4643 1178 4697 tantum
1194 4635 1227 4697 in
1244 4638 1719 4722 somno‚sodetiamvigilando.

175 4735 327 4814 quoniam
344 4734 545 4798 circumcisio
561 4755 654 4798 suum
666 4735 776 4798 sortita
791 4743 838 4798 est
854 4755 922 4799 cur·
976 4733 1081 4796 Tertio
1099 4733 1160 4795 luit
1173 4733 1267 4797 altior
1282 4734 1316 4796 in
1330 4736 1557 4815 denuntiando,
1567 4743 1720 4820 quoniam

174 4851 429 4914 snm,quousque
445 4842 676 4897 sacramentum
693 4833 843 4916 Baptismi
855 4834 921 4898 vul·
975 4833 1033 4895 toti
1047 4833 1227 4896 ludaeorum
1244 4834 1362 4916 populo
1378 4834 1672 4917 loquebaturetiam
1683 4861 1721 4906 ex

174 4940 283 5012 gutum
301 4939 359 4995 est.
974 4931 1029 4994 Dei
1045 4950 1191 5014 persona,
1208 4941 1240 4995 ot
1264 4949 1378 4996 novam
1399 4933 1500 5016 legem
1522 4957 1715 5021 proponens.

214 5030 370 5113 Amplius,
389 5030 471 5093 sicut
486 5031 519 5092 in
534 5030 644 5094 Glossa
659 5040 754 5112 atque
771 5031 803 5094 in
825 5031 920 5095 Scho-
975 5030 1101 5107 Quarto,
1119 5030 1152 5091 in
1178 5030 1403 5094 miraculorum
1428 5036 1622 5115 operatione.
1643 5040 1721 5102 Nam

174 5127 286 5191 lastica
310 5128 442 5191 historia
466 5129 593 5206 dicitnr,
616 5129 746 5210 quidam
771 5129 920 5194 dixerunt
975 5129 1123 5210 quamvis
1146 5128 1239 5192 losne
1263 5137 1295 5191 et
1314 5130 1409 5193 lsaias
1432 5131 1577 5197 lecerunt
1598 5139 1720 5220 maJora

174 5229 306 5290 Esdram
331 5226 517 5309 apposuisse
541 5245 578 5289 ea
602 5246 673 5308 quaa
699 5227 731 5289 in
758 5235 844 5290 textu
875 5229 920 5290 di·
974 5228 1127 5290 miracula
1150 5235 1305 5308 quantum
1329 5230 1369 5291 ad
1391 5230 1601 5296 substantiam
1631 5235 1717 5316 lacti,

173 5333 291 5389 cuntur
311 5325 351 5387 ab
375 5324 430 5388 illo
453 5324 532 5403 loco,
550 5325 588 5387 lit
609 5345 673 5389 non
696 5326 833 5389 surrexit
848 5326 917 5389 Pro
974 5327 1050 5407 qnia
1065 5325 1210 5389 lecerunt
1229 5334 1312 5389 staro
1336 5336 1369 5389 et
1390 5332 1587 5397 retrocedere
1602 5336 1714 5414 solem,

301 5459 333 5511 T.
350 5458 374 5509 2.
1563 5467 1596 5518 tt
