4309 6259
431 472 470 536 at
810 486 984 535 maranno
1004 487 1035 533 ru
1056 484 1126 532 aaa.
1148 483 1225 532 xxrn
1246 485 1348 532 axona.
1370 504 1410 515 -
1431 487 1502 533 aar.
1524 487 1595 534 mu

429 665 568 723 comedes
589 681 719 740 ocyma,
738 661 826 721 ¹sient
842 660 984 737 precepi
1006 659 1075 729 tibi,
1101 665 1174 717 tenc-
1189 655 1215 715 A
1228 664 1383 738 quantum
1393 656 1432 719 ad
1444 656 1596 740 temporis
1611 657 1975 735 decursum,seeundum

426 780 503 839 pore
519 762 636 822 mensis
651 780 819 831 ooooornrn,
836 756 986 821 videlicet
1006 756 1040 818 in
1057 753 1172 837 Aprili,
1229 774 1326 817 unam
1342 754 1693 837 opinionem,quamvis
1704 755 1821 838 Aprilis
1837 754 1978 819 seullar-

429 878 486 922 seu
500 860 550 940 (ut
564 859 620 922 alii
634 858 760 937 dicunt)
776 858 809 919 in
825 856 945 933 Martio,
963 863 1058 938 prout
1073 855 1107 915 in
1123 873 1175 916 ex·
1231 853 1294 915 tius
1314 853 1436 935 primus
1456 853 1498 915 sit
1516 855 1622 935 quoad
1638 854 1719 916 lesta
1736 871 1743 915 :
1762 854 1872 935 sicque
1887 851 1977 916 lesti-

429 956 588 1040 pcsitione
616 956 749 1039 capituli
775 954 955 1019 duodecimi
983 962 1032 1017 cst
1063 961 1176 1015 tracta·
1231 952 1313 1015 vitas
1333 953 1465 1017 veniens
1486 953 1519 1014 in
1539 952 1729 1035 Septembri,
1752 951 1814 1014 luit
1833 952 1866 1013 in
1888 952 1975 1015 exitu

298 1070 417 1125 warenn
430 1066 518 1132 tum;
536 1061 664 1138 qnando
677 1058 795 1134 egressi
809 1054 950 1116 estis*de
961 1056 1125 1132 AEpypto:
1136 1052 1176 1114 de
1230 1053 1318 1129 anui,
1336 1052 1368 1115 id
1383 1061 1433 1115 est
1446 1052 1553 1115 statim
1574 1072 1630 1115 seu
1651 1051 1754 1134 primo
1774 1070 1884 1115 mense
1902 1059 1976 1133 post

429 1156 653 1239 quaesierunt
671 1154 910 1237 quintodecimo
930 1153 982 1216 die
1001 1151 1122 1216 mensis
1141 1151 1176 1213 il·
1231 1150 1330 1215 linem
1361 1159 1393 1214 et
1420 1151 1541 1214 exitum
1566 1151 1642 1213 anni
1673 1150 1890 1233 precedentis.
1917 1150 1976 1213 Per

285 1146 308 1177 θΙ

295 1268 415 1319 scos-1111,
430 1255 491 1318 lius
515 1256 572 1338 qui
597 1262 728 1319 vocatur
753 1254 873 1317 mensis
896 1271 1052 1316 novorum
1072 1270 1080 1313 ε
1098 1251 1175 1333 quia
1230 1250 1313 1315 banc
1332 1260 1438 1315 autern
1459 1251 1693 1328 solennitatem,
1712 1249 1848 1330 intelligi
1868 1258 1976 1331 potest

282 1344 304 1385 ⁴·
429 1357 478 1435 (ut
492 1354 537 1417 ait
551 1352 676 1433 Glossa)
692 1362 767 1415 tunc
786 1352 980 1433 colligebant
996 1370 1126 1427 messes,
1143 1358 1175 1413 et
1231 1348 1347 1413 lestum
1378 1349 1590 1432 Scenopegiae,
1615 1349 1647 1411 id
1672 1358 1720 1413 cst
1744 1349 1976 1412 Tabernaculo

429 1472 483 1516 eas
504 1452 571 1533 igni
595 1460 748 1516 torrentes
769 1470 805 1514 ac
827 1451 975 1514 manibus
997 1447 1174 1513 conlrican-
1231 1450 1410 1530 rum,quod
1427 1449 1552 1511 duravit
1566 1456 1689 1531 septem
1703 1448 1826 1525 diebus,
1839 1456 1870 1509 et
1884 1447 1977 1529 quiu-

428 1550 675 1629 tes‚ollerebant
690 1551 729 1613 de
746 1549 902 1612 lructibus
914 1550 1005 1613 novis
1016 1549 1174 1632 primitias
1231 1548 1387 1612 todecimo
1404 1549 1456 1612 die
1476 1547 1671 1630 Septembris
1689 1548 1819 1629 incepit,
1838 1547 1870 1608 in
1890 1566 1977 1609 com-

427 1650 583 1729 Domino;
609 1650 649 1713 de
670 1650 787 1730 quibus
813 1668 925 1731 parum
950 1647 1174 1730 imponebatur
1229 1647 1493 1709 memorationem
1508 1644 1659 1708 beneficii
1676 1645 1742 1722 Dei,
1760 1664 1823 1727 quo
1844 1662 1898 1708 eos
1918 1662 1976 1726 per

428 1746 599 1824 sacrificio,
617 1746 775 1828 reliquum
796 1754 864 1809 erat
884 1746 1057 1809 sacerdotis
1079 1764 1087 1808 :
1109 1763 1173 1826 quo
1229 1743 1351 1807 aridam
1367 1765 1403 1807 ac
1419 1744 1559 1808 sterilem
1577 1752 1692 1807 terram
1713 1744 1829 1807 deserti
1844 1742 1977 1805 deduxit

428 1843 523 1923 lacto,
545 1844 718 1927 unicuique
743 1844 835 1908 licuit
860 1853 989 1908 metere.
1011 1844 1092 1907 Hinc
1117 1843 1172 1906 alii
1187 1844 1210 1904 B
1228 1844 1268 1905 ad
1284 1852 1400 1906 terram
1417 1843 1498 1906 lactc
1512 1852 1544 1905 ct
1558 1842 1655 1906 melle
1669 1852 1863 1905 manantem.
1880 1840 1976 1903 ldcir-

426 1944 547 2022 dicunt,
574 1944 659 2027 quod
689 1952 820 2007 vocatur
849 1943 969 2007 mensis
1000 1962 1168 2020 novorum,
1228 1960 1266 2005 oo
1292 1942 1324 2004 in
1347 1941 1428 2005 lesto
1453 1942 1513 2005 boo
1535 1941 1713 2004 attulerunt
1733 1960 1771 2003 ac
1793 1940 1974 2003 babuerunt

426 2044 502 2125 quia
518 2043 550 2106 in
567 2043 705 2106 crastino
721 2042 975 2124 quintadecima
990 2042 1054 2105 diei
1071 2041 1171 2105 fiebat
1227 2041 1346 2104 virides
1362 2060 1478 2116 ramos,
1494 2058 1550 2104 seu
1565 2041 1687 2121 lignum
1702 2040 1874 2103 densarum
1886 2037 1976 2102 frou-

427 2141 610 2205 oblatione
636 2141 727 2206 novis
757 2140 916 2204 fructibus
941 2140 1046 2223 primo
1071 2148 1174 2202 matu·
1230 2141 1329 2218 dium,
1354 2140 1559 2222 spatulasque
1584 2139 1775 2222 palmarum,
1803 2148 1834 2202 et
1864 2138 1979 2201 salices

428 2239 637 2316 tementibus,
655 2247 690 2302 ut
712 2238 739 2301 εἰ
761 2239 833 2321 quis
855 2239 889 2301 in
911 2257 987 2320 agro
1007 2246 1061 2301 aut
1082 2240 1175 2302 horto
1229 2240 1433 2315 deterrente,
1452 2237 1591 2301 lructum
1607 2256 1735 2319 quoque
1753 2237 1978 2321 pulcherrimae

428 2356 486 2401 suo
507 2338 705 2421 conspiceret
727 2338 831 2420 spicas
853 2346 908 2400 aut
931 2337 1014 2400 licus
1039 2345 1175 2401 mature
1229 2337 1406 2414 arboris,ut
1422 2336 1507 2399 inira
1523 2337 1623 2417 magis
1639 2337 1842 2401 describitur.
1852 2336 1978 2419 thuia

428 2444 563 2513 scentes,
581 2436 691 2499 debuit
711 2455 763 2499 eas
784 2435 944 2517 colligere,
963 2445 1058 2518 atquc
1076 2436 1111 2498 in
1130 2436 1175 2498 lc-
1230 2439 1263 2500 in
1284 2446 1427 2519 tempore
1447 2436 1543 2517 hujus
1565 2436 1638 2499 festi
1660 2444 1751 2499 erant
1772 2435 1894 2499 fructus
1917 2444 1980 2499 ter-

430 2544 478 2599 ste
493 2535 635 2618 paschali
650 2536 691 2598 ad
707 2535 861 2617 templum
878 2534 1014 2599 deterre.
1032 2536 1112 2598 Hinc
1128 2554 1176 2598 se-
1231 2556 1273 2599 re
1297 2536 1423 2599 collecti
1448 2543 1544 2617 atque
1571 2534 1713 2618 repositi,
1742 2534 1946 2616 subjungitur
1969 2553 1976 2597 :

430 2634 563 2716 quitur:
582 2636 656 2698 Non
676 2636 848 2713 apparebis
867 2636 904 2695 in
924 2645 1092 2714 conspectu
1108 2654 1175 2695 meo
1230 2640 1361 2716 qnando
1380 2637 1621 2712 congregaveris
1642 2655 1749 2695 ornnes
1768 2638 1879 2715 seneca
1905 2644 1979 2695 tuas

431 2753 563 2805 omnus,
581 2732 689 2810 idest,
709 2732 878 2813 intemplo
896 2751 950 2795 seu
971 2732 1176 2796 tabernaculo
1231 2740 1270 2795 de
1285 2754 1374 2811 apro.

430 2839 486 2893 aut
500 2829 651 2894 sacrificii
667 2830 737 2894 loeo
754 2847 817 2894 non
834 2832 1043 2913 presentabis
1061 2840 1092 2894 te
1107 2832 1176 2894 abs·
1271 2833 1495 2895 Verumtamen
1513 2833 1547 2895 iu
1563 2833 1662 2896 veteri
1679 2833 1854 2912 loge-erant
1869 2833 1979 2914 plures

431 2948 493 3011 que
514 2929 622 2993 debita
643 2929 806 2993 oblatione
827 2938 1008 3012 opportuno
1033 2938 1176 3013 ternpore
1231 2932 1450 3006 solennitates,
1468 2950 1565 3012 quam
1587 2931 1655 2995 iste
1678 2939 1752 3008 tres,
1770 2940 1805 2994 ut
1825 2930 1908 2993 inlra
1923 2950 1981 3014 pa-

431 3026 586 3092 lacienda.
605 3027 819 3111 spiritualiter
840 3047 916 3093 vero
935 3029 1052 3091 nullibi
1067 3028 1214 3092 coramC
1233 3030 1323 3108 tebit,
1339 3039 1371 3093 et
1386 3030 1522 3093 l'bomas
1543 3030 1577 3092 in
1599 3031 1702 3113 prima
1717 3032 1874 3108 secunde,
1892 3050 1983 3112 quaa-

430 3128 484 3191 llei
506 3127 674 3210 praesentia
693 3146 846 3210 apparere
862 3127 1026 3205 debemus,
1045 3129 1140 3191 corde
1157 3148 1176 3191 a
1232 3130 1335 3193 stione
1351 3129 1419 3205 lta,
1438 3130 1570 3211 pulchre
1585 3129 1735 3206 declarat,
1754 3150 1792 3193 ac
1811 3130 1878 3193 suis
1900 3129 1982 3193 locis

430 3225 603 3288 virtutibus
618 3225 775 3307 bonisque
790 3225 914 3289 actibus
931 3244 1031 3289 vacuo
1054 3247 1061 3290 :
1083 3227 1177 3289 sacri·
1231 3230 1371 3305 dicetur;
1383 3230 1438 3291 sed
1450 3229 1489 3291 de
1505 3229 1554 3291 bis
1572 3229 1783 3309 tribus,quasi
1795 3228 1978 3311 precipuis,

433 3322 609 3406 liciumque
624 3324 739 3401 laudis,
757 3324 933 3388 orationem
950 3326 1108 3402 devotam,
1126 3326 1178 3388 do
1235 3328 1330 3391 modo
1351 3326 1390 3389 lit
1409 3327 1540 3391 mentio.
1555 3327 1635 3401 Quid
1656 3336 1762 3389 autem
1783 3346 1840 3409 per
1861 3326 1980 3390 festum

434 3422 534 3485 bitum
547 3422 778 3503 subjectionem
794 3442 830 3486 ac
841 3423 1026 3485 servitutem
1037 3425 1100 3487 lleo
1111 3424 1180 3486 ubi·
1236 3425 1384 3508 paschale
1400 3424 1609 3508 spiritualiter
1624 3425 1818 3507 designetur,
1837 3426 1869 3487 in
1885 3446 1983 3507 erpo

436 3539 499 3602 que
513 3519 634 3584 ollerre
649 3539 707 3585 nos
721 3521 880 3602 congruit.
1237 3524 1352 3587 sitione
1368 3523 1500 3605 capituli
1515 3524 1695 3587 duodecimi
1711 3523 1905 3588 dictumest.
1922 3526 1984 3589 Per

476 3622 520 3682 Et
543 3622 765 3681 solennitatem
794 3622 913 3681 mensis
931 3622 1181 3698 primitivorum
1237 3623 1461 3686 solennitatem
1478 3641 1553 3686 vero
1567 3623 1777 3700 Pentecostes,
1793 3622 1977 3705 praetigura-

437 3721 541 3796 operis
556 3722 616 3791 tni,
627 3718 659 3781 id
674 3726 733 3795 est,
750 3718 967 3781 celebritatem
982 3719 1182 3783 Pentecostes
1239 3730 1289 3784 tus
1299 3730 1348 3783 est
1361 3722 1532 3783 descensus
1543 3719 1679 3803 Spiritus
1690 3721 1795 3784 Sancti
1806 3722 1839 3783 in
1851 3723 1984 3805 Aposto-

387 3896 389 3899 .
436 3818 591 3900 explebis,
618 3837 688 3900 quae
713 3816 812 3882 fiebat
839 3818 1105 3900 quinquagesimo
1130 3818 1182 3883 die
1240 3821 1294 3894 los,
1304 3828 1401 3901 atque
1415 3820 1449 3881 iu
1460 3818 1655 3901 primitivam
1667 3819 1840 3883 Ecclesiam
1850 3821 1981 3884 Christi.

437 3924 509 4000 post
518 3916 636 3980 Pascha
650 3934 656 3977 :
675 3916 917 3999 appellaturque
932 3917 1107 3980 solennitas
1122 3917 1184 3979 Pri·
1238 3918 1296 3981 Per
1311 3916 1429 3980 festum
1444 3918 1573 3979 demum
1589 3916 1887 3997 Tabernaculorum,
1897 3938 1987 4001 pere

437 4015 631 4092 mitivorum,
644 4015 719 4098 quia
735 4015 768 4077 in
784 4034 893 4078 mense
909 4034 972 4097 quo
989 4015 1088 4092 venit,
1106 4024 1183 4097 puta
1238 4015 1376 4096 grinatio
1390 4016 1563 4079 electorum
1580 4016 1612 4078 in
1628 4017 1744 4079 seculo
1759 4016 1831 4080 isto.

439 4113 472 4175 in
495 4113 600 4189 lunio,
625 4113 800 4176 secuudum
825 4112 979 4189 Glossam,
1002 4112 1184 4176 offerebant
1277 4121 1335 4178 Ter
1345 4118 1381 4177 in
1392 4136 1478 4176 anno
1489 4117 1656 4194 apparebit
1665 4134 1755 4176 omne
1766 4120 1985 4181 mosmalinnm

440 4217 538 4297 pane's
552 4214 686 4277 Domino
702 4215 741 4277 de
756 4213 903 4296 frugibus
924 4214 1010 4277 illius
1032 4216 1223 4298 temporisll
1241 4226 1332 4276 tutem
1352 4236 1460 4275 coram
1481 4216 1618 4276 Domino
1636 4218 1700 4275 Deo
1721 4225 1775 4276 tcto
1789 4234 1801 4277 :
1817 4215 1849 4278 id
1871 4226 1929 4295 ast,
1948 4218 1984 4280 iu

442 4322 517 4375 tunc
531 4312 676 4389 maturis,
688 4313 744 4395 qui
759 4313 947 4377 dicebantur
961 4333 1059 4397 panes
1076 4315 1186 4397 primi·
1239 4314 1341 4376 tribus
1362 4312 1505 4395 praelatis
1527 4313 1784 4392 solennitatibus,
1801 4315 1924 4379 scilicet
1948 4318 1984 4381 in

316 4428 428 4500 'gmrm-
441 4411 579 4489 tiarum3
598 4432 804 4493 qnoecumqne
824 4414 962 4474 seceris*
985 4416 1020 4475 in
1041 4434 1130 4491 apro,
1153 4414 1185 4477 id
1237 4413 1365 4489 Pascha,
1374 4412 1568 4488 Pentecoste,
1578 4420 1609 4475 et
1625 4411 1828 4495 Scenopegia,
1839 4414 1983 4480 universi

295 4502 363 4534 Μ’·
441 4518 499 4588 est,
517 4510 740 4574 solennitatem
761 4510 852 4573 istam
873 4511 1109 4576 Primitivorurn
1130 4533 1185 4577 seu
1239 4531 1342 4575 mares
1356 4510 1519 4573 Israelitici
1535 4510 1666 4574 seminis
1683 4512 1812 4575 venient
1825 4514 1864 4576 ad
1875 4514 1983 4578 locum

440 4608 629 4691 primorum,
646 4609 920 4692 precipuorumvc
936 4609 1187 4693 lruotuumgra-
1239 4612 1343 4675 cultus
1358 4610 1471 4686 divini,
1494 4629 1550 4673 seu
1571 4610 1682 4693 templi
1703 4611 1753 4674 vel
1770 4611 1979 4692 tabernaculi,

440 4725 554 4771 uorum
576 4727 631 4772 seu
654 4708 824 4785 seminum,
841 4728 1053 4791 quecumque
1072 4710 1106 4771 in
1122 4711 1185 4773 tuis
1239 4717 1275 4772 ut
1295 4708 1340 4771 ibi
1355 4716 1583 4790 repraesentent
1603 4727 1637 4771 se
1651 4709 1726 4787 Dec,
1743 4711 1858 4792 atejus
1874 4730 1985 4775 servos

439 4805 646 4870 seminaveris
661 4806 757 4889 agris.
857 4858 862 4865 .
1240 4827 1274 4871 se
1288 4826 1357 4871 esse
1370 4816 1607 4886 recognoscant,
1616 4826 1674 4871 nec
1689 4807 1919 4872 obliviscantur
1934 4810 1987 4874 be

475 4903 595 4967 Deinde
616 4905 656 4968 de
677 4904 902 4969 observatione
925 4906 1026 4970 tertie
1047 4906 1185 4969 solenni·
1240 4906 1431 4970 noticiorum
1451 4906 1563 4988 ipsius,
1582 4926 1686 4988 neque
1705 4908 1744 4969 ad
1766 4908 1986 4973 idololatriam

438 5002 512 5065 tatis
535 5002 686 5084 adjicitur
711 5020 718 5064 :
745 5007 977 5065 solennitatem
1000 5026 1125 5085 quoqne
1148 5008 1184 5066 in
1240 5006 1394 5090 paulatim
1410 5005 1567 5068 labantur.
1584 5006 1787 5068 Potissimum
1806 5016 1912 5071 autern
1928 5028 1987 5090 ap-

437 5103 529 5163 eeitn
550 5105 644 5173 anni,
667 5102 698 5165 id
721 5110 769 5164 cst
791 5100 908 5165 festum
931 5104 1017 5184 quod
1041 5104 1129 5167 venit
1152 5104 1183 5165 in
1241 5124 1352 5188 parere
1376 5104 1566 5168 tenebantur
1587 5106 1620 5166 in
1643 5104 1725 5168 lesto
1746 5106 1882 5169 Paschae.
1903 5107 1985 5170 Cum

440 5200 631 5283 Septembri,
648 5201 704 5283 qui
720 5209 768 5264 cst
783 5201 937 5284 septimus
958 5204 1078 5266 mensis
1101 5205 1185 5286 apud
1240 5202 1458 5267 babitantibus
1480 5222 1555 5268 vero
1577 5204 1713 5266 multum
1733 5213 1855 5269 remote
1874 5225 1893 5267 a
1913 5205 1986 5269 loco

440 5318 507 5377 nos,
515 5301 571 5363 sed
582 5299 703 5382 primus
714 5300 833 5363 mensis
844 5300 920 5363 anni
930 5302 1015 5384 apud
1025 5303 1183 5380 Hebreos,
1240 5304 1341 5367 electo
1362 5322 1419 5366 seu
1442 5304 1562 5386 templo
1580 5302 1648 5385 (qui
1664 5302 1757 5367 ¹locus
1779 5303 1843 5367 luit
1861 5305 1988 5368 Jerusa-
