4309 6259
427 491 486 555 262
779 508 953 554 manuario
975 510 1005 554 ta
1027 509 1096 553 GAP.
1119 507 1173 552 XIX
1195 508 1332 553 LEI'ITICI.
1356 529 1397 538 —
1417 511 1487 554 ΛΒΤ.
1511 510 1617 556 xxxvtt

427 688 475 740 est
497 679 684 760 spiritualis,
701 700 772 761 quaa
792 681 965 761 aliquando
985 689 1033 743 est
1053 700 1072 742 a
1095 681 1168 750 Deo,
1185 679 1211 741 Α
1226 679 1347 742 audivit
1372 701 1502 744 corvum
1530 683 1646 764 saepius
1672 682 1891 744 crocitantem.
1917 681 1967 743 So-

427 778 482 859 qui
494 778 678 858 angelorum
695 777 872 841 ministerio
882 778 990 860 aliqua
999 778 1169 841 dormienti

428 877 557 952 revelat,
575 877 748 939 seeundum
765 877 850 957 quod
869 877 984 957 Ioseph
1004 876 1084 938 dixit.
1105 877 1170 956 regi

283 969 408 1028 (fert-'⁸13⁵
427 977 552 1058 AEgppti
571 975 664 1049 :Quat
687 974 828 1038 lecturus
850 985 898 1037 est
918 977 1009 1051 Deus,
1032 976 1172 1038 ostendit

428 1075 762 1137 Pharaoni.lnterdum
773 1092 848 1137 vero
859 1093 897 1136 ex
912 1074 1097 1156 operatione
1107 1074 1171 1136 dia-

426 1173 503 1250 boli,
520 1171 575 1253 qui
599 1173 632 1234 in
649 1172 835 1234 dormientis
858 1172 1063 1252 imaginativa
1081 1172 1170 1234 simi·

426 1272 578 1334 titudines
608 1279 703 1351 atque
731 1271 953 1352 phantasmata
984 1270 1110 1343 lormat,
1133 1290 1170 1334 ex

425 1389 561 1452 qnorum
577 1368 696 1429 intuitu
716 1369 878 1432 dormiens
900 1368 1006 1430 lutura
1025 1369 1169 1449 quaedam

425 1467 595 1551 praenoscit
608 1466 709 1547 :quod
724 1467 861 1528 maxime
876 1467 926 1527 his
941 1467 1099 1546 contingit
1114 1467 1168 1548 qui

424 1586 496 1629 cum
520 1564 716 1627 demonibus
740 1574 831 1646 paota
853 1564 982 1627 habent.
1008 1565 1039 1627 Si
1062 1565 1170 1647 itaque

424 1663 558 1728 somniis
583 1663 656 1743 quis
680 1672 796 1735 utatur,
814 1672 909 1744 prout
931 1664 1108 1744 procedunt
1132 1683 1170 1726 ex

424 1762 618 1826 revelatione
646 1761 791 1842 angelica
815 1780 871 1824 seu
902 1761 1024 1834 divina,
1052 1771 1107 1824 aut
1133 1781 1170 1825 ex

1226 780 1341 854 cundo,
1370 780 1540 843 instinctus
1571 781 1734 843 brutorum
1759 789 1807 842 ost
1831 800 1849 841 a
1874 799 1967 842 causa

1227 877 1384 958 spirituali
1415 879 1509 954 bona,
1537 877 1658 942 seilicet
1683 879 1756 954 Doo,
1781 879 1830 941 vel
1855 878 1967 956 angelo

1226 984 1345 1052 sancto,
1364 984 1397 1036 ut
1413 977 1583 1038 descensus
1599 976 1755 1039 columbae
1775 995 1870 1058 super
1885 976 1968 1038 Chri·
1980 999 2092 1045 tentata.

1226 1083 1310 1135 stum
1332 1073 1537 1155 baptizatum,
1554 1082 1586 1136 et
1610 1074 1779 1136 instinctus
1802 1074 1889 1137 eorvi
1913 1074 1966 1154 qui
2006 1092 2085 1145 rnna„¹

1226 1173 1312 1254 pavit
1337 1173 1448 1234 Eliam.
1473 1174 1631 1235 Interdum
1659 1190 1733 1235 vero
1757 1181 1804 1234 est
1829 1191 1847 1234 a
1873 1191 1967 1236 causa
1982 1157 2056 1202 '‘ll''

1226 1271 1383 1352 spirituali
1401 1271 1494 1347 mala,
1504 1271 1653 1334 videlieet
1668 1271 1889 1352 daemone,qui
1904 1272 1967 1333 Deo

1224 1369 1428 1451 permittente
1442 1379 1547 1432 movet
1563 1369 1735 1452 aliquando
1752 1371 1844 1432 bruta
1858 1371 1897 1432 ad
1914 1370 1968 1432 ho-

1225 1469 1347 1529 minum
1364 1468 1577 1550 deceptiones.
1595 1469 1702 1549 ltaque
1722 1468 1905 1548 hujusmodi
1923 1467 1968 1529 di-

1225 1567 1387 1629 vinatIonc
1403 1567 1449 1627 uti
1471 1567 1565 1629 latius
1584 1585 1680 1647 quam
1702 1585 1736 1628 se
1751 1565 1891 1628 extendit
1913 1585 1969 1647 per

1225 1674 1381 1742 naturam,
1394 1675 1445 1727 aut
1463 1686 1519 1748 per
1536 1666 1651 1728 divinae
1667 1665 1873 1748 providentiae
1888 1665 1970 1727 ordi-

1226 1784 1310 1841 nrm,
1328 1766 1583 1846 superstitiosum
1604 1773 1761 1827 censetur.
1783 1765 1844 1826 Noc
1860 1764 1970 1826 obviat

424 1880 519 1924 causa
545 1860 681 1922 naturali
708 1860 891 1934 intrInseea,
918 1879 973 1922 seu
998 1861 1093 1922 etiam
1119 1880 1171 1922 ex·
1188 1861 1210 1922 tt
1226 1863 1276 1926 his
1295 1865 1381 1945 quod
1401 1864 1517 1947 loseph
1539 1865 1619 1926 dixit
1641 1864 1702 1926 sibi
1726 1883 1789 1927 non
1810 1883 1880 1926 esse
1895 1883 1969 1927 con-
1996 1879 2097 1954 'rtet-xm*

426 1959 563 2021 trinseoa
590 1958 760 2039 corporali,
774 1957 805 2019 in
829 1967 984 2039 quantum
1007 1977 1041 2022 se
1067 1967 1171 2040 potest

425 2058 593 2121 extendere
605 2056 705 2119 virtus
720 2055 903 2137 hujusmodi
920 2076 1032 2133 oausae,
1043 2076 1108 2120 non
1124 2065 1172 2119 ost

427 2155 583 2218 divinatio
601 2154 723 2230 illicita,
741 2154 818 2235 quia
833 2153 879 2216 sie
898 2155 1014 2236 loseph
1029 2174 1067 2218 ex
1085 2175 1172 2218 reve-

428 2255 547 2317 latione
561 2253 670 2316 divina
685 2253 831 2334 exposuit
848 2254 973 2316 somnia
988 2254 1169 2331 Pharaonis,

293 2362 413 2413 nanae
427 2362 459 2417 et
483 2351 593 2415 Daniel
616 2351 739 2414 somnia
764 2350 1053 2414 Nabuchodonosor
1074 2353 1169 2433 rogis.

281 2431 303 2467 et
312 2437 359 2481 seq.

427 2454 484 2532 (Dc
495 2451 556 2512 ista
572 2450 703 2511 materia
719 2450 852 2531 pulchro
863 2449 974 2511 scribit
990 2450 1023 2511 in
1040 2451 1171 2532 speciali

427 2547 1169 2629 tractatuBoetius.)—hmpliusadvertendum,

426 2649 512 2730 quod
537 2646 642 2709 avium
669 2646 836 2721 motiones,
854 2646 991 2726 garritus
1015 2656 1047 2709 ct
1067 2657 1172 2710 motus

427 2760 521 2832 atque
535 2748 719 2812 consimiles
735 2767 841 2812 earum
858 2747 1172 2831 dispositiones‚essc

426 2867 490 2912 non
503 2849 609 2910 valent
621 2866 723 2909 causae
740 2846 918 2909 futurorum
930 2857 1101 2911 eventuum
1118 2859 1172 2910 aut

426 2956 552 3010 actuum
570 2945 877 3007 humanorum:idoo
893 2945 919 3006 si
933 2965 971 3007 ex
987 2945 1051 3007 illis
1066 2946 1173 3008 lutura

1227 1963 1364 2025 similem
1386 1962 1417 2025 in
1441 1963 1617 2042 augurandi
1638 1962 1781 2026 scientia.
1798 1963 1862 2025 lloe
1882 1961 1967 2024 enim
1984 1945 2013 1982 ¹³·

1226 2063 1414 2140 (seeundum
1431 2061 1657 2141 augustinum)
1670 2062 1741 2142 joco
1756 2060 1902 2122 asseruit.

1266 2161 1310 2221 Ex
1331 2159 1380 2221 his
1396 2168 1520 2222 constat
1539 2158 1676 2241 qualiter
1691 2159 1856 2222 intendere
1878 2159 1970 2221 liceat

1227 2258 1358 2320 somniis
1374 2267 1429 2320 aut
1444 2259 1595 2337 auguriis
1610 2257 1783 2336 Augurium
1801 2265 1906 2318 tamon
1924 2277 1971 2319 se-

1226 2356 1364 2419 eundum
1381 2373 1582 2418 communem
1599 2357 1727 2417 modum
1744 2354 1907 2435 loquendi,
1923 2375 1970 2418 se

1229 2463 1281 2515 nat
1312 2454 1343 2515 in
1370 2453 1493 2517 vitium.
1522 2453 1576 2515 Est
1604 2461 1709 2516 autem
1740 2452 1968 2534 periculosum,

1228 2552 1402 2634 presertim
1426 2551 1636 2634 simplicibus
1654 2552 1816 2613 attendere
1832 2552 1968 2628 somnia,

1227 2651 1303 2732 quia
1327 2651 1361 2712 in
1387 2651 1432 2712 eis
1463 2652 1646 2728 contingere
1671 2649 1837 2732 multiplex
1868 2659 1971 2731 potest

1229 2749 1365 2812 lallaeia.
1384 2750 1512 2830 Proptcr
1528 2750 1612 2830 quod
1629 2750 1847 2830 scriptumest
1864 2749 1897 2809 in
1915 2749 1970 2810 Ec·

1227 2848 1405 2911 elesiastieo
1427 2868 1434 2911 :
1457 2847 1584 2910 Somnia
1610 2847 1765 2909 extollunt
1790 2846 1971 2928 impruden·
2014 2861 2096 2934 aceri..

1228 2953 1285 3008 tes.
1310 2944 1404 3019 Quasi
1429 2946 1483 3026 qui
1509 2943 1720 3026 apprehendit
1741 2944 1898 3020 umbram,
1923 2927 2103 3006 se-¹*¹'‘'¹'“'

426 3045 534 3126 aliqua
549 3051 798 3125 praeemantur,
815 3043 875 3106 hoo
897 3051 944 3104 ost
967 3042 1171 3124 inquantum
1189 3042 1211 3105 C
1227 3044 1365 3105 cundum
1392 3043 1450 3106 hoc
1472 3043 1553 3106 visio
1578 3042 1785 3105 somniorum.
1811 3041 1970 3105 Divinatio

426 3143 563 3222 garritus
593 3159 649 3202 seu
675 3159 769 3202 voees
799 3159 835 3202 ao
861 3150 966 3203 motus
996 3151 1069 3203 sunt
1095 3142 1173 3206 olle-

426 3249 496 3303 ctus
511 3239 721 3321 quarumdam
742 3258 919 3316 causarum,
936 3261 1007 3321 quae
1030 3242 1079 3304 vel
1102 3261 1174 3304 eau-

427 3336 1175 3417 sant‚autotiampraecognoscuntluturoseven-

427 3444 488 3497 tus.
498 3435 598 3506 Causa
613 3452 689 3497 vcro
704 3433 925 3515 operationum
941 3435 1174 3512 brutorum,est

427 3533 557 3615 quidam
574 3532 743 3595 instInctus
763 3551 827 3613 quo
850 3543 1018 3596 moventur
1034 3555 1091 3616 per
1111 3555 1175 3599 mo-

428 3633 503 3694 dum
520 3638 681 3693 naturaeet
697 3631 1055 3712 potiusagunturquam
1067 3643 1174 3713 agunt,

428 3729 604 3793 seeundum
620 3729 859 3805 Damascenum‚
875 3730 1026 3810 quoniam
1043 3750 1173 3794 suorum

427 3837 555 3890 actuum
573 3847 636 3890 non
652 3827 771 3890 hahent
786 3827 975 3890 dominium.
987 3831 1174 3910 llujusmodi

427 3934 532 3988 autem
556 3925 725 3987 instinctus
746 3933 795 3987 est
817 3926 944 4006 duplex.
957 3927 1044 3989 Unus
1066 3947 1176 4010 eorpo-

429 4024 515 4099 ralis,
533 4023 608 4103 quia
628 4043 727 4104 quum
749 4023 842 4084 bruta
865 4041 927 4086 non
950 4024 1089 4087 habeant
1113 4027 1174 4088 nisi

428 4123 567 4184 animam
584 4121 769 4183 sensitivam
786 4129 881 4200 atquc
897 4123 1061 4201 organicas
1076 4125 1172 4194 vires,

1228 3142 1355 3216 erroris,
1380 3151 1411 3204 et
1435 3141 1566 3222 auguria
1591 3140 1766 3216 mendacia,
1791 3147 1821 3202 et
1846 3141 1971 3203 somnia

1228 3238 1507 3315 malefacientium,
1529 3239 1652 3302 vanitas
1674 3246 1732 3300 est.
1757 3237 1842 3300 Sicut
1865 3246 1972 3318 partu-

1227 3338 1350 3414 rientia,
1371 3356 1425 3400 eor
1446 3347 1535 3399 tuum
1557 3336 1738 3418 phantasias
1761 3337 1889 3417 patitur,
1908 3335 1972 3397 nisi

1230 3436 1325 3498 luerit
1339 3436 1379 3498 ab
1394 3435 1557 3499 Altissimo
1573 3435 1688 3498 emissa
1704 3435 1904 3497 visitatioh'e
1921 3435 1974 3496 do·

1230 3533 1313 3596 doris
1326 3534 1358 3596 in
1376 3534 1439 3596 illis
1450 3552 1504 3596 eor
1522 3543 1608 3595 tuum
1620 3552 1627 3594 ι
1638 3533 1754 3596 multos
1770 3532 1854 3594 enim
1866 3552 1974 3595 errare

1231 3632 1373 3695 lecerunt
1396 3631 1530 3706 somnia,
1547 3641 1577 3694 ot
1603 3632 1787 3693 exciderunt
1808 3639 1973 3712 sperantes

1231 3730 1263 3792 in
1280 3730 1341 3808 eis·

1270 3827 1418 3908 Sequitur
1436 3845 1443 3889 τ
1463 3831 1572 3906 Neque
1588 3830 1622 3888 r'rr.
1639 3831 1815 3888 rotundum
1831 3832 1976 3888 attonda-

1231 3930 1305 3986 br'tt'a
1330 3947 1465 3996 caraem,
1492 3947 1549 3986 nec
1572 3929 1694 3986 radetis
1719 3929 1860 3986 horbam.
1885 3925 1977 3988 (livea

1231 4025 1290 4088 hoc
1306 4025 1350 4086 ait
1365 4024 1474 4086 Glossa
1492 4041 1498 4085 :
1518 4024 1605 4086 Sicut
1621 4024 1743 4085 faciunt
1759 4023 1897 4086 Darbari.
1916 4024 1977 4086 De·

1229 4123 1282 4186 bet
1304 4122 1389 4185 enim
1409 4122 1546 4203 quisque
1568 4140 1637 4184 esso
1659 4129 1826 4184 contentus
1850 4129 1978 4183 natura-

428 4218 594 4300 snbjacent
618 4217 821 4299 dispositioni
848 4220 990 4300 eorporis
1012 4221 1175 4283 contincn-
1189 4221 1215 4282 D
1230 4221 1313 4283 libus
1335 4220 1541 4298 ornamentis,
1566 4239 1605 4282 ne
1627 4221 1803 4283 Creatorem
1830 4220 1978 4282 videatur

429 4316 638 4392 tis,videlioet
653 4314 931 4391 aeris,inlluentiis
946 4337 1074 4399 quoque
1085 4321 1176 4382 coele·

430 4415 526 4477 stium
542 4433 723 4496 corporum.
742 4414 856 4494 Sicquc
871 4417 1015 4495 quadam
1032 4418 1174 4480 actiones

430 4514 596 4577 brutorum
621 4532 691 4574 osse
715 4521 849 4594 possunt
876 4512 1056 4576 lnturorum
1085 4515 1174 4595 signa

429 4620 613 4687 eventuum,
627 4611 659 4672 in
674 4618 828 4691 quantum
844 4611 1046 4693 dispositioni
1064 4615 1174 4694 pradi-

430 4720 551 4775 ctorum
574 4728 743 4791 corporum
763 4709 1014 4773 conformantur.
1033 4713 1109 4774 Nam
1137 4733 1174 4776 ox

430 4809 589 4893 predictis
605 4808 709 4871 causis
730 4807 823 4869 bruta
843 4819 1039 4888 cognoscunt
1060 4812 1172 4887 multa,

428 4926 499 4988 quae
520 4915 639 4968 naturae
659 4924 768 4968 eorum
789 4907 968 4968 necessaria
988 4916 1121 4983 exstant,
1141 4918 1174 4970 nt

428 5014 502 5069 sunt
518 5005 754 5067 immutationes
765 5024 802 5065 cx
814 5005 916 5066 ventis
927 5014 959 5066 et
975 5006 1102 5087 pluviis.
1113 5007 1174 5068 Un-

427 5105 521 5167 dead
538 5103 612 5164 talia
633 5102 827 5184 presciendo
843 5102 1045 5165 considerare
1065 5105 1172 5166 avium

427 5202 564 5283 garritus
574 5221 611 5263 ac
622 5209 740 5281 gestae,
751 5218 814 5262 non
831 5209 879 5262 est
895 5202 1171 5281 superstitiosum:

427 5309 462 5361 ut
477 5298 588 5379 siquis
603 5298 687 5362 dicat
704 5297 837 5360 imbrem
853 5297 916 5361 oito
933 5297 1174 5380 luturum,quia

1229 4338 1377 4382 accusare
1394 4327 1543 4399 tanquam
1561 4319 1767 4400 impotentem
1784 4337 1863 4399 opus
1880 4338 1974 4379 suum
2065 4357 2066 4362 κ

1229 4417 1384 4500 perlicere
1398 4440 1405 4490 3
1425 4435 1482 4478 nec
1498 4415 1592 4478 debet
1607 4415 1679 4496 quis
1695 4415 1728 4476 in
1744 4415 1894 4478 honorem
1912 4417 1977 4478 dau-

1230 4534 1358 4578 monum
1376 4514 1542 4577 cincinnos
1561 4513 1682 4576 nutrire
1701 4523 1732 4576 et
1754 4513 1872 4588 levore,
1890 4514 1975 4576 sicut

1229 4615 1357 4676 student
1378 4611 1491 4695 pagani
1513 4631 1682 4695 puerorum
1703 4612 1808 4694 capita
1822 4613 1977 4674 dramoni-

1229 4713 1288 4774 bus
1315 4711 1435 4775 ollcrre
1452 4729 1459 4772 :
1476 4711 1563 4791 qnod
1588 4710 1639 4772 hie
1665 4710 1801 4772 maximo
1827 4709 1978 4791 prohibe·

1231 4819 1290 4872 tur.
1304 4810 1374 4871 Hae
1390 4809 1498 4870 Glossa
1519 4808 1663 4889 sequitur
1680 4827 1688 4869 τ
1704 4809 1765 4870 Ista
1785 4825 1859 4887 ergo
1877 4808 1978 4889 jussit

1229 4907 1381 4969 Dominus
1399 4907 1517 4987 populo
1535 4907 1567 4967 in
1584 4907 1825 4970 detestationem
1842 4906 1978 4969 idolola-

1230 5015 1360 5080 trarum,
1383 5005 1438 5084 qui
1463 5023 1585 5066 comam
1608 5004 1814 5067 attendebant
1839 5007 1978 5068 rotunde

1230 5105 1261 5165 in
1287 5103 1401 5183 eapitis
1424 5121 1511 5184 gyro,
1530 5111 1561 5164 rt
1584 5102 1713 5164 barbam
1737 5123 1824 5165 suam
1848 5102 1979 5167 abrase-

1230 5210 1324 5275 runt3
1342 5219 1477 5280 quorum
1494 5200 1588 5262 etiam
1610 5201 1787 5263 sacerdotes
1809 5201 1841 5262 in
1858 5201 1978 5264 ritihus

1230 5299 1296 5362 suis
1311 5299 1558 5362 vulneraverunt
1576 5319 1610 5360 se
1627 5299 1711 5362 lerro
1732 5300 1885 5381 usquead
1902 5319 1979 5361 san-
