4309 6259
57 820 126 862 Mettio
134 834 169 869 xri,

50 888 76 925 ll.

49 948 168 993 hermumi-3.

50 1009 168 1058 Ezodnnn,

50 1075 58 1107 S

62 1135 125 1177 Eruli.
134 1148 168 1185 nx,

50 1202 76 1239 ll.

52 4240 79 4278 l..

62 4174 121 4217 rma.
129 4189 170 4225 xrr,

63 4240 71 4261 J

517 529 690 575 uunnnnrto
713 529 743 574 IN
764 530 833 575 GAP.
857 530 908 575 xt't
930 528 1163 575 uuurunottoutt.
1187 548 1226 557 -
1246 527 1318 572 aur.
1341 526 1404 571 xvtt

1674 498 1729 561 581

185 702 259 763 talis
275 710 308 765 et
323 710 554 781 sermo;atqne
570 709 604 763 ut
614 701 757 763 Christus
773 702 932 777 disseruit,
950 701 975 763 Α
990 700 1124 763 amoenis
1144 709 1174 763 et
1198 700 1230 761 in
1256 698 1334 762 locis
1355 696 1498 770 excelsis,
1516 692 1572 755 ubi
1587 700 1619 754 et
1640 708 1735 754 venc-

184 801 231 862 Ex
254 800 451 863 abundantia
470 800 575 863 cordis
593 818 628 863 os
649 800 800 881 loquitur.
818 800 934 863 Dahae

185 900 321 963 materia
336 899 455 961 dictum
477 908 524 961 est
540 900 667 981 plenius
688 899 721 961 in
741 899 832 961 libris
848 899 935 961 Levi-

186 1000 241 1062 tici
258 1008 292 1063 et
307 999 417 1075 Exodi,
435 1006 467 1061 et
482 1018 578 1081 supra
593 998 732 1080 capitulo
748 997 863 1080 primo.
875 998 935 1060 Un-

184 1102 224 1161 de
240 1097 482 1161 Ecclesiasticus
502 1097 643 1177 loquitur
661 1115 667 1159 :
685 1097 786 1159 Xenia
801 1106 832 1159 et
851 1098 934 1161 dona

184 1206 346 1261 excaecant
368 1197 477 1260 oculos
492 1196 649 1278 judicum,
666 1206 699 1258 et
720 1198 810 1277 quasi
826 1206 934 1260 mutus

183 1298 217 1359 in
233 1314 290 1359 ore
305 1296 421 1359 avertit
436 1294 652 1376 correptiones
669 1313 790 1358 eorum.

223 1397 316 1455 Justc
338 1396 424 1473 qnod
433 1393 565 1469 justum
584 1402 641 1464 est,
659 1396 857 1472 persequeris
873 1416 884 1453 .·
901 1394 932 1455 id

183 1500 243 1569 est,
262 1492 377 1554 modus
394 1499 424 1553 et
440 1489 580 1552 medium
601 1490 815 1571 prosequendi
830 1512 866 1554 ac
882 1511 933 1554 ex-

182 1589 342 1672 sequendi
357 1588 478 1670 justum
490 1588 664 1668 negotium,
677 1588 796 1651 bonnm
813 1598 929 1667 actum,

179 1690 368 1772 justamque
393 1706 531 1763 eausam,
551 1687 669 1751 debent
694 1708 762 1751 csse
788 1688 932 1752 ordinata

182 1796 282 1869 atquc
293 1786 447 1865 legitima,
460 1794 494 1847 ut
505 1786 680 1848 seeundum
695 1786 777 1868 juris
787 1787 930 1849 ordinem

991 819 1043 863 rea
1072 799 1271 875 exercebant,
1298 800 1535 860 consueverunt
1558 791 1592 853 in
1616 787 1733 852 talibus

990 900 1069 963 locis
1085 899 1174 962 lucos
1191 899 1385 977 arboresque
1404 895 1558 977 plantare,
1575 897 1733 972 quatenus

990 1000 1023 1061 in
1049 998 1330 1081 superstitionibus
1359 1004 1455 1077 atque
1479 989 1641 1075 spurcitiis
1666 986 1733 1047 suis

990 1098 1127 1180 amplius
1138 1097 1381 1160 delectarentur.
1393 1094 1466 1155 ldeo
1474 1089 1571 1174 jussit
1580 1085 1733 1151 Dominus

989 1198 1098 1260 mliaa
1118 1197 1195 1259 loeis
1216 1194 1277 1257 sibi
1293 1191 1484 1258 consecratis
1504 1198 1536 1252 et
1550 1208 1569 1251 a
1583 1186 1649 1249 suis
1669 1183 1734 1247 cul-

990 1296 1112 1359 toribus
1136 1294 1304 1359 removeri.
1322 1292 1395 1367 Quae
1419 1289 1506 1354 enim
1530 1285 1732 1370 participatio
1747 1310 1878 1416 ipgm,

989 1398 1053 1460 luci
1069 1398 1109 1459 ad
1125 1395 1271 1458 tenebras
1282 1398 1293 1455 l
1304 1402 1359 1456 aut
1373 1410 1445 1473 quae
1455 1386 1625 1453 conventio
1641 1383 1731 1446 lideli

988 1516 1060 1560 cum
1085 1494 1234 1557 infidelit
1252 1502 1306 1555 aut
1329 1492 1402 1574 quis
1420 1504 1593 1552 consensus
1613 1482 1733 1565 templo

988 1598 1042 1659 Dei
1068 1614 1142 1659 oum
1166 1594 1259 1658 idolis
1279 1596 1348 1655 estl
1364 1593 1430 1654 Nec
1444 1590 1544 1668 socies
1564 1587 1623 1647 tibi
1638 1594 1734 1663 atque

987 1698 1158 1756 constitues
1185 1703 1326 1754 statuam
1352 1709 1363 1751 .·
1387 1709 1458 1769 qaue
1482 1688 1550 1747 odit
1573 1685 1733 1745 Dominus

987 1798 1073 1855 Dens
1089 1803 1163 1853 tuns
1179 1812 1189 1850 .·
1205 1791 1238 1852 id
1260 1798 1318 1865 est,
1337 1786 1509 1867 imaginem
1529 1801 1585 1846 seu
1611 1780 1732 1844 idolum

182 1886 386 1969 procedatur,
413 1892 444 1947 et
473 1904 569 1947 causa
593 1886 696 1966 primo
722 1894 869 1968 ponatur,
895 1906 932 1949 ac
951 1885 974 1946 B
990 1893 1045 1954 tibi
1064 1911 1127 1955 non
1150 1890 1267 1954 termes
1291 1908 1348 1950 nee
1370 1886 1473 1966 erigas
1493 1884 1532 1944 ad
1548 1881 1729 1955 colendum,

181 1994 321 2067 utraque
336 2003 409 2066 pars
425 1983 583 2060 audiatur,
593 1984 876 2065 examinenturque
894 1994 935 2047 te

184 2092 260 2161 stes,
279 2103 317 2146 ao
344 2083 459 2146 veritas
484 2081 590 2145 debite
614 2082 805 2164 inquiratur,
823 2084 934 2165 sieque

184 2193 249 2245 tam
266 2182 391 2265 judiees
407 2202 504 2264 quam
520 2190 626 2263 partes
640 2182 725 2263 juste
746 2202 779 2245 se
796 2183 934 2246 habeant

184 2282 218 2343 in
236 2281 384 2345 iaciendo
396 2282 481 2362 quod
494 2281 533 2343 ad
549 2298 658 2343 corum
675 2281 814 2361 pertinet
826 2300 934 2343 unum·

183 2397 358 2462 quemque.
376 2378 420 2441 Ex
439 2398 503 2459 qua
522 2378 709 2441 auctoritate
729 2380 864 2442 Thomas
885 2399 934 2441 su-

186 2496 243 2560 per
258 2484 409 2559 quartum
425 2476 660 2539 Sententiarum
681 2477 831 2553 declarat,
848 2479 933 2558 quod

185 2578 218 2639 in
231 2576 330 2639 saeris
341 2574 513 2638 Ordinibus
523 2575 700 2652 constituti,
710 2584 842 2656 peccent
852 2594 935 2639 mor-

186 2675 292 2738 taliter
307 2674 510 2755 exseqnendo
525 2672 638 2737 oiiicia
653 2694 709 2736 sua
722 2674 864 2754 indigne,
874 2674 934 2737 hoc

185 2784 244 2850 est,
263 2772 446 2837 exsistendo
466 2774 498 2834 in
521 2774 646 2836 mortali
664 2780 804 2856 peccate.
821 2773 935 2851 Grego

185 2874 251 2936 rius
267 2890 418 2954 quoque:
436 2871 565 2951 injuste,
584 2872 699 2953 inquit,
712 2873 797 2953 qnod
813 2872 932 2953 justum

185 2981 233 3036 est
243 2970 440 3053 exsequitur,
450 2971 506 3053 qui
518 2972 557 3032 ad
568 2970 788 3034 defensionem
803 2972 934 3052 justitiae

988 1994 1052 2055 imo
1068 2010 1125 2053 neo
1141 1988 1269 2064 habeas,
1285 1986 1361 2067 quia
1375 1983 1416 2047 ab
1431 1982 1519 2046 omni
1535 1980 1641 2062 speeie
1654 1979 1731 2045 mali
1758 1990 1879 2081 tque-v.
1980 1989 1984 1994 ’

988 2100 1036 2155 est
1050 2088 1285 2152 abstinendum.
1303 2086 1360 2147 Per
1376 2084 1436 2146 hec
1455 2089 1561 2144 tamen
1576 2078 1732 2160 imagines
1773 2055 1806 2097 ²¹·

988 2189 1138 2253 Ecclesia
1152 2207 1189 2250 ac
1205 2186 1391 2249 Sanctorum
1408 2201 1472 2245 non
1488 2179 1710 2262 reprobantur.

1028 2290 1180 2351 Praeterea
1202 2284 1287 2348 cirea
1310 2280 1485 2365 praehabita
1504 2277 1733 2341 advertendum

989 2389 1074 2470 quod
1093 2386 1249 2467 losephus
1263 2383 1308 2446 ait
1325 2400 1334 2444 t
1351 2381 1477 2463 Septem
1499 2376 1623 2460 judices
1640 2374 1734 2455 elige·
1831 2463 1835 2469 ι

989 2487 1105 2550 bantur
1132 2486 1164 2547 in
1189 2482 1372 2549 civitatibus
1394 2476 1539 2560 singulis,
1557 2475 1675 2540 virtute
1698 2493 1734 2537 ac

989 2586 1104 2649 studiis
1119 2582 1251 2666 justitiae
1265 2579 1439 2655 exercitati,
1452 2585 1484 2640 et
1499 2574 1735 2655 unicuiqueeo-
1763 2596 1767 2603 ·

985 2705 1061 2747 rum
1078 2684 1235 2745 dabantur
1250 2682 1313 2743 due
1330 2677 1470 2741 ministri
1491 2676 1662 2757 degenere
1681 2672 1736 2735 Le·

989 2785 1137 2847 vitarum.
1155 2778 1383 2843 Testimonium
1404 2776 1574 2839 mulierum
1597 2792 1661 2836 non
1681 2773 1735 2835 ad-

989 2881 1160 2945 mittebant
1173 2886 1303 2961 propter
1319 2876 1479 2940 levitatem
1496 2892 1617 2948 earum,
1630 2891 1734 2952 neque

989 2997 1153 3045 servorum
1169 2984 1299 3060 propter
1314 2974 1412 3038 animi
1435 2970 1679 3055 ignobilitatem,
1696 2989 1734 3031 ex

185 3092 250 3137 non
266 3070 395 3134 virtutis
411 3088 529 3146 amere,
543 3070 598 3132 sed
612 3068 733 3133 ellectu
750 3070 933 3151 temporalis
951 3072 972 3135 C
989 3101 1052 3165 qna
1068 3077 1205 3142 faciliter
1219 3075 1354 3157 quibant
1374 3070 1535 3152 eorrumpi
1552 3069 1665 3132 timore
1680 3076 1736 3130 aut

186 3170 311 3254 praemii
336 3168 502 3245 excitatur,
519 3177 551 3231 et
565 3168 721 3249 justitiam
741 3188 837 3250 quam
856 3188 934 3250 praa

185 3270 300 3345 tendit,
318 3268 457 3331 vendere
471 3286 536 3330 non
553 3276 688 3330 veretur.
706 3267 849 3349 Denique
864 3270 934 3349 qui-

185 3386 325 3450 cumque
339 3368 469 3450 prepria
479 3367 664 3429 auctoritate
681 3366 832 3448 injuriam
844 3387 932 3430 suam

184 3477 239 3533 aut
264 3485 396 3530 snorum
421 3464 596 3541 ulciscitur,
621 3472 675 3527 aut
700 3466 879 3547 passionate
903 3476 935 3530 et

184 3570 364 3650 impetuose
374 3564 585 3647 proceditant
595 3572 711 3627 rectam
723 3564 933 3629 intentionem

185 3687 250 3732 non
267 3665 375 3743 habet,
386 3665 483 3727 etiam
494 3664 520 3726 si
530 3666 647 3746 justam
663 3664 778 3727 habeat
792 3684 931 3744 causam,

185 3776 292 3830 tamen
308 3765 394 3847 quod
405 3766 526 3846 justum
542 3772 589 3827 est
605 3763 723 3844 injuste
738 3764 931 3845 exsequitur.

183 3868 272 3929 Juste
287 3884 374 3946 ergo,
392 3864 567 3939 caritative,
585 3862 768 3945 prudenter,
785 3864 870 3943 quod
885 3864 935 3944 ju-

185 3975 271 4028 stum
288 3974 337 4028 est
347 3961 561 4047 prosequeris,
571 3973 608 4023 nt
624 3964 715 4023 vivas
730 3962 932 4043 pergratiam

186 4066 219 4128 in
236 4074 392 4147 tempore,
409 4070 440 4126 et
455 4081 512 4144 per
527 4061 660 4141 gloriam
684 4061 717 4123 in
733 4062 907 4123 aeternitate
925 4080 931 4123 :

185 4164 262 4247 quia
277 4172 313 4225 nt
329 4162 477 4225 Salomon
494 4160 645 4242 loquitur,
663 4160 718 4221 Est
739 4160 876 4247 viaque
892 4161 936 4223 vi-

990 3183 1090 3244 lucro.

1030 3281 1072 3342 De
1089 3276 1247 3361 spirituali
1263 3274 1359 3354 hujus
1374 3270 1507 3355 capituli
1522 3267 1734 3348 intelligentia

990 3389 1036 3444 tot
1050 3379 1134 3442 dicta
1150 3384 1225 3439 sunt
1243 3392 1339 3456 super
1362 3380 1425 3433 tres
1441 3368 1539 3431 libros
1554 3368 1735 3449 praeceden-

990 3487 1047 3553 tes,
1065 3485 1101 3539 ut
1116 3476 1161 3537 nil
1177 3474 1322 3537 videatur
1340 3470 1532 3533 addendum.
1550 3466 1610 3529 Sed
1625 3485 1735 3528 cavea-

989 3596 1061 3639 mus
1077 3595 1118 3638 ne
1133 3574 1166 3636 in
1182 3578 1354 3654 conspectu
1365 3567 1490 3631 Domini
1501 3565 1556 3629 liei
1571 3564 1671 3628 nostri
1683 3583 1736 3625 va-

990 3676 1041 3738 cui
1067 3690 1287 3755 appareamus,
1305 3670 1336 3730 id
1361 3676 1420 3744 est,
1437 3685 1477 3728 ne
1503 3681 1644 3745 unquam
1669 3662 1735 3726 otio

990 3775 1095 3836 locum
1111 3773 1233 3845 demus,
1250 3774 1305 3829 ant
1319 3764 1521 3845 negligentia
1536 3762 1586 3825 vel
1601 3760 1732 3842 torpori,

990 3872 1045 3935 sed
1062 3870 1225 3932 fructuose
1235 3884 1330 3930 omne
1345 3872 1470 3944 tempus
1481 3860 1658 3942 expendere
1668 3858 1735 3921 eni-

989 3978 1105 4044 tamur,
1118 3985 1176 4029 neo
1192 3965 1342 4027 distracta
1351 3979 1496 4041 vanaque
1506 3966 1613 4022 mente
1627 3975 1734 4020 coram

990 4069 1053 4130 Deo
1078 4065 1250 4146 aliquando
1270 4070 1388 4124 stemus
1407 4078 1414 4121 :
1432 4059 1496 4121 imo
1514 4056 1735 4137 unusquisque

989 4167 1079 4247 juxta
1105 4165 1187 4227 dona
1211 4159 1274 4223 sibi
1298 4177 1459 4235 concessa,
1485 4165 1516 4220 et
1540 4156 1628 4237 juxta
1648 4153 1735 4235 quod

186 4266 280 4327 detur
295 4261 420 4325 bomini
437 4262 531 4336 bona,
542 4259 596 4321 sed
609 4259 784 4321 novissima
799 4260 868 4340 ejus
879 4261 936 4322 du·
952 4258 976 4319 l)
991 4266 1073 4327 Deus
1090 4269 1217 4344 paratus
1236 4268 1284 4322 est
1300 4277 1373 4321 enm
1394 4257 1515 4338 juvare,
1533 4254 1657 4316 studeat
1672 4253 1736 4316 Deo

186 4372 265 4425 eunt
280 4362 320 4425 ad
335 4368 482 4423 mortem.

229 4464 303 4523 Non
315 4462 482 4539 plantabis
494 4463 603 4519 incunt
613 4470 642 4520 et
653 4481 778 4521 omnent
793 4462 936 4519 ardorem

180 4563 285 4639 junia
311 4564 416 4620 attare
441 4560 575 4621 Domini
590 4562 650 4619 Dei
675 4560 734 4618 ini.
762 4557 937 4621 Idololatrae

187 4660 319 4741 quippe,
337 4658 395 4739 qui
420 4657 506 4721 idola
531 4657 641 4719 suain
667 4657 744 4719 locis
770 4657 936 4719 coluerunt

991 4362 1112 4427 oilerre
1137 4359 1326 4439 obsequium
1351 4357 1424 4419 vitae
1451 4355 1587 4429 devotas,
1614 4350 1737 4414 sacrifi-

991 4462 1077 4523 cium
1109 4458 1223 4534 laudis,
1250 4456 1423 4531 orationes,
1449 4451 1736 4531 meditationesque

992 4566 1128 4633 sanetas,
1146 4565 1176 4620 et
1199 4554 1342 4618 omnium
1365 4549 1598 4617 observantiam
1622 4566 1737 4630 praece

991 4664 1129 4739 ptomm.
