4309 6259
588 521 763 569 maranno
785 522 815 567 nr
836 521 905 568 cnr.
931 521 962 568 nr
984 523 1123 570 cm‘rrrer.
1145 545 1185 554 -
1206 525 1277 572 nur.
1302 527 1354 574 mn
1668 511 1746 576 ‘roo

194 697 393 753 caustorum.
414 693 458 754 Et
477 696 522 752 aet
541 697 629 772 filios
653 699 756 756 Israel
779 679 918 776 tepueris
933 714 945 757 .·
959 693 984 756 A
998 706 1096 768 stam,
1114 707 1142 758 et
1167 701 1336 776 (leprecare
1354 719 1415 776 pro
1437 709 1464 760 tc
1484 710 1513 761 ct
1529 719 1589 778 pro
1610 703 1742 780 populo.

197 791 311 850 Tollite
326 793 457 852 trimam
467 812 530 870 pro
540 804 682 870 peceato,
694 794 725 856 id
742 803 800 872 est,
814 796 852 857 de
863 813 946 858 eom·
998 794 1122 858 Obtulit
1139 804 1243 860 autem
1267 799 1445 862 successivo
1464 799 1526 861 duo
1548 798 1741 876 holocausta,

194 888 285 949 muni
302 898 434 972 sumptu
450 891 599 956 adducite
613 893 749 970 hircum,
763 894 819 975 qui
836 893 947 957 immo
1001 913 1100 956 unum
1119 914 1176 976 pro
1193 915 1236 970 so,
1255 895 1341 958 aliud
1362 915 1420 978 pro
1440 897 1533 978 plebe
1551 915 1558 958 ε
1577 906 1744 978 rectusque

194 985 277 1049 letur
288 1006 347 1069 pro
358 989 454 1072 eulpa
464 992 714 1070 communitatis,
723 994 774 1055 vel
784 994 833 1072 (ut
843 993 945 1076 aliqui
999 994 1088 1070 ordo,
1107 1002 1142 1055 ut
1158 995 1262 1076 primo
1277 1005 1345 1058 oret
1360 1014 1418 1078 pro
1434 1015 1478 1073 se,
1492 996 1607 1059 deinde
1618 1015 1675 1078 pro
1691 1015 1744 1078 po

193 1085 323 1166 dieunt)
347 1107 407 1170 pro
431 1089 527 1172 culpa
552 1090 728 1174 principis,
752 1103 782 1153 et
802 1095 944 1154 vitatam
1000 1091 1086 1172 puto.
1111 1092 1188 1155 Nam
1210 1101 1245 1154 ut
1266 1093 1311 1155 ait
1328 1093 1471 1158 Salvator
1489 1113 1495 1155 :
1513 1093 1592 1168 Quid
1613 1093 1743 1176 proficit
1765 1114 1889 1167 nantas,

194 1195 292 1264 atque
308 1206 433 1262 apnam
454 1191 650 1250 anniculam
671 1192 743 1250 sine
763 1195 891 1251 mactata
909 1193 941 1249 in
999 1189 1104 1266 homo,
1124 1189 1150 1252 si
1167 1191 1306 1254 lucretur
1322 1192 1506 1264 universum
1524 1192 1691 1270 mundum,
1708 1211 1742 1256 se
1757 1177 1879 1284 {pamm

194 1285 431 1357 holocaustam,
449 1289 555 1347 bovem
574 1297 605 1347 et
624 1291 757 1349 arietem
776 1310 837 1367 pro
855 1291 945 1366 paci·
999 1287 1103 1368 ipsum
1117 1296 1221 1351 autent
1236 1291 1448 1372 perdatiNam
1460 1300 1491 1353 ct
1501 1291 1741 1374 caritasincipit
1756 1304 1789 1344 ³⁶·
1838 1271 1843 1283 ’
1882 1273 1887 1292 ⁸

193 1383 278 1457 ficis,
292 1382 325 1443 id
340 1392 390 1445 est
409 1384 449 1445 ad
469 1383 673 1448 oiierendum
691 1405 749 1468 pro
768 1385 881 1448 lrostiis
896 1405 945 1448 sa·
998 1404 1017 1447 a
1031 1404 1076 1462 se,
1088 1387 1119 1448 id
1131 1395 1179 1450 est
1189 1407 1207 1449 a
1218 1387 1347 1470 proprio
1359 1409 1416 1452 suo
1432 1389 1585 1471 subjecto.
1599 1391 1740 1472 Denique
1755 1363 1886 1417 L“⁶'¹¹‘²⁵'

194 1478 356 1542 luteribus
380 1490 512 1564 propter
533 1482 694 1547 beneficia
713 1483 805 1546 vobis
829 1483 944 1546 collata
997 1485 1053 1564 qui
1069 1485 1139 1547 vult
1155 1486 1297 1548 exaudiri
1311 1487 1438 1569 copiose
1454 1507 1511 1570 pro
1527 1489 1605 1566 aliis,
1617 1489 1741 1552 studeat

193 1586 249 1640 aut
275 1579 483 1643 eonferenda.
512 1585 554 1644 Et
578 1585 742 1643 immolate
763 1604 812 1642 eos
836 1603 943 1643 coram
998 1583 1208 1665 personaliter
1224 1586 1287 1648 ileo
1303 1587 1501 1650 reconciliari
1519 1596 1550 1650 et
1565 1587 1741 1670 complace-

192 1680 348 1750 Domino,
366 1679 398 1741 id
419 1688 478 1756 est,
497 1680 648 1744 animalia
673 1682 734 1744 ista
756 1689 944 1764 praesentato
998 1701 1042 1744 re.
1063 1685 1230 1764 Quamque
1250 1687 1442 1746 mactaveris
1462 1688 1599 1747 Irostiam
1611 1689 1738 1764 populi,

194 1777 429 1856 sacerdotibus,
451 1788 486 1840 ut
515 1799 572 1861 per
597 1800 711 1842 manus
736 1800 845 1843 eornm
865 1779 944 1842 otte
998 1780 1094 1843 idest
1113 1781 1231 1844 animal
1252 1781 1454 1846 offerendum
1475 1802 1533 1866 pro
1552 1784 1741 1849 remissione

192 1883 308 1937 rantur
323 1877 387 1940 Deo
403 1896 462 1959 pro
477 1878 588 1953 vob'is3
608 1882 643 1939 in
657 1881 817 1958 sacrificio
831 1882 944 1956 sinpa-
961 1881 984 1942 B
998 1880 1119 1961 peceati
1139 1881 1386 1960 communitatis,
1403 1902 1458 1945 seu
1474 1891 1506 1945 et
1524 1882 1603 1944 alias
1621 1883 1740 1946 hostias

193 1977 302 2035 torum
332 1975 523 2038 animalium
548 1977 678 2054 horum,
710 1980 856 2039 similam
879 1982 943 2037 olco
997 1977 1247 2059 plebisorapro
1263 1982 1741 2060 eosicatpracepitDominus.

193 2093 398 2152 conspersam
414 2080 587 2153 offerentes,
599 2077 868 2157 quemadmodum
885 2075 944 2138 ire·
998 2074 1149 2139 Sacerdos
1165 2079 1249 2140 enim
1266 2097 1337 2141 eum
1355 2079 1498 2142 oratione
1513 2079 1631 2142 obtulit
1648 2079 1741 2141 saeri-

193 2181 331 2253 quenter
340 2174 407 2254 jam
422 2174 544 2236 dictum
560 2175 673 2251 est‚sic
688 2194 757 2238 esse
772 2176 940 2254 agendum.
998 2174 1074 2237 ficia
1095 2175 1162 2239 sive
1179 2196 1236 2258 pro
1258 2196 1291 2240 se
1312 2177 1380 2240 sive
1401 2197 1458 2260 pro
1478 2177 1560 2240 aliis.
1579 2178 1740 2240 interdum

192 2254 302 2346 Hodie
319 2275 408 2334 enim
424 2277 584 2334 Dornt‘nas
606 2277 773 2352 apparebit
795 2277 894 2360 vodis,
910 2275 942 2337 id
997 2293 1072 2336 vcro
1088 2275 1205 2338 obtulit
1220 2295 1256 2339 ea
1271 2295 1343 2339 eum
1358 2277 1531 2357 gratiarum
1548 2276 1682 2340 actione.

192 2380 315 2453 &iper
324 2373 500 2452 gratiosum
513 2381 543 2436 et
554 2374 778 2438 miraculosum
790 2374 943 2438 effectum
1040 2376 1224 2454 Statimque
1246 2378 1356 2436 Aaron
1382 2379 1531 2436 accedam
1556 2379 1599 2436 aot
1623 2380 1737 2448 attare,

192 2473 343 2535 ostendet
359 2491 393 2535 se
408 2482 538 2555 accepta
556 2473 673 2536 habere
695 2472 855 2536 sacrificia
869 2473 941 2550 ista,
996 2474 1179 2534 immolavit
1195 2475 1335 2535 vittatam
1347 2494 1408 2553 pro
1419 2485 1630 2552 pcccatosao,
1645 2476 1739 2552 cujas

193 2579 293 2651 prout
303 2571 337 2632 in
355 2569 423 2634 fine
443 2570 541 2653 hujus
556 2572 690 2654 capituli
713 2572 839 2652 legitur,
857 2574 942 2652 quod
995 2573 1189 2648 sanquinem
1209 2574 1391 2634 obtulerant
1408 2575 1438 2633 ei
1456 2575 1524 2651 filii
1542 2576 1607 2645 sni,
1624 2573 1655 2634 id
1678 2582 1737 2650 est,

192 2667 279 2749 ignis
295 2687 444 2750 egressus
459 2690 478 2732 a
494 2670 629 2734 Domino
646 2690 684 2733 ea
698 2671 907 2753 consumpsit.
997 2669 1185 2750 sanguinem
1201 2669 1292 2732 illum
1305 2671 1338 2732 in
1349 2671 1477 2735 vasculo
1489 2681 1651 2754 receptum
1663 2691 1740 2754 prae·

226 2772 388 2829 Talcrant
401 2789 475 2846 erpo
490 2780 606 2831 cancta
621 2792 693 2850 qam
700 2771 846 2848 jusserat
857 2774 944 2849 Moy·
997 2776 1203 2832 sentarorunt
1218 2769 1301 2851 patri
1317 2790 1374 2834 suo
1390 2771 1549 2852 pontifici,
1568 2780 1602 2833 ut
1623 2770 1742 2834 iaceret

189 2886 250 2938 ses,
267 2869 313 2927 ad
331 2870 451 2928 ostiam
473 2870 687 2938 tabernaculi,
704 2869 736 2930 id
752 2877 811 2945 est,
825 2868 887 2930 titii
903 2869 944 2930 is·
997 2885 1068 2947 qute
1091 2876 1277 2948 sequuntur.
1295 2872 1336 2930 In
1357 2890 1418 2948 qao
1442 2872 1567 2947 tinpcns
1586 2871 1738 2947 stipitum,

192 2965 259 3028 rael
277 2965 429 3028 universa
448 2966 600 3029 animalia
618 2967 683 3047 jam
701 2967 833 3049 praeiata
847 2968 945 3030 addu-
999 2967 1114 3043 tctipit,
1132 2965 1228 3028 idest
1244 2966 1361 3042 linivit,
1378 2988 1501 3028 eornna
1521 2971 1637 3028 electris
1654 2968 1742 3031 lrolo-

190 3073 310 3127 xerunt
332 3083 390 3146 per
411 3085 457 3142 se,
482 3064 533 3129 rel
555 3084 611 3146 por
627 3066 818 3143 sacerdotes,
843 3061 980 3148 usqueC
998 3063 1110 3125 causti.
1129 3067 1171 3125 Et
1187 3067 1279 3144 fudit
1294 3066 1460 3124 resideam
1476 3069 1519 3125 act
1538 3068 1640 3126 basim
1657 3067 1738 3144 cp'ns.

191 3162 227 3224 in
252 3162 371 3225 atrium
397 3182 498 3246 prope
523 3172 554 3226 et
578 3172 665 3226 extra
690 3164 942 3227 tabernaculum.
997 3161 1044 3223 Ad
1059 3161 1160 3223 basim
1177 3171 1282 3224 autern
1298 3161 1407 3224 altaris
1424 3162 1640 3245 thymiamatis
1656 3164 1741 3244 quod
1827 3239 1830 3243 ,

191 3260 291 3324 Porro
307 3261 340 3322 in
353 3260 549 3324 Scholastica
563 3261 666 3324 fertur
681 3262 943 3326 historia:Aaron
998 3259 1031 3321 in
1056 3260 1259 3324 tabernaculo
1281 3261 1378 3338 stetit,
1398 3261 1526 3341 sanguis
1549 3280 1612 3324 non
1630 3262 1743 3324 iundo-

192 3360 301 3442 primo
324 3359 442 3423 obtulit
466 3359 605 3422 vitulum
627 3379 684 3442 pro
709 3369 839 3443 peceato
864 3381 942 3436 suo;
997 3356 1311 3439 benedictionique
1326 3370 1355 3419 et
1370 3364 1562 3420 renunculos
1577 3381 1615 3420 ac
1629 3362 1742 3421 retica-

192 3457 350 3540 deinceps
365 3458 531 3522 oblaturus
546 3477 605 3541 pro
616 3459 742 3541 populo,
753 3460 889 3542 sumpsit
905 3460 945 3550 ειη
998 3460 1068 3516 tam
1075 3457 1204 3534 jeceris,
1221 3477 1293 3536 qna
1312 3467 1388 3518 sunt
1401 3478 1462 3535 pro
1481 3469 1619 3536 peccato,
1637 3461 1743 3519 adole-

192 3554 242 3619 eis
263 3555 386 3618 hostias
408 3555 577 3638 quinque:
598 3556 733 3619 vitulum
756 3575 814 3638 pro
836 3576 946 3640 pecca·
998 3558 1045 3615 uit
1059 3575 1155 3632 snper
1164 3560 1278 3617 attare.
1293 3559 1411 3616 Carnes
1423 3577 1494 3617 cero
1504 3566 1533 3617 ct
1544 3563 1661 3636 pettam
1672 3559 1741 3636 ejus

193 3663 227 3718 to
252 3654 368 3738 populi
393 3662 425 3716 et
446 3655 571 3728 hircum
595 3675 652 3737 pro
674 3664 803 3738 peccato
828 3655 946 3738 princi·
996 3657 1383 3716 catracastracombnssit
1398 3657 1480 3732 iani.
1494 3655 1611 3718 Sensus
1627 3656 1741 3719 horum

193 3754 258 3836 pis,
275 3771 395 3833 agnum
415 3771 473 3835 pro
490 3763 620 3836 peccato
636 3755 763 3831 animae,
780 3755 893 3818 bovem
910 3755 945 3816 in
998 3760 1085 3834 patet
1099 3773 1136 3815 ox
1152 3753 1246 3815 dietis
1267 3752 1301 3815 in
1317 3752 1515 3835 expositione
1537 3755 1641 3835 quarti
1657 3754 1742 3836 capi·
1777 3777 1829 3821 aa.
1840 3779 1885 3829 ms

191 3852 434 3928 holocaustum,
460 3853 592 3916 arietem
618 3872 676 3934 pro
703 3852 859 3934 pacificis.
885 3853 945 3916 Ve·
998 3852 1068 3914 tuli.
1093 3851 1179 3914 Fecit
1201 3851 1286 3914 enim
1309 3852 1348 3914 do
1371 3851 1472 3915 vitulo
1499 3853 1570 3930 isto,
1598 3853 1680 3916 sicut
1701 3854 1740 3916 de
1755 3845 1834 3895 ersa.

191 3959 379 4013 rumtamen
404 3951 490 4012 istud
515 3970 553 4014 ex
579 3960 666 4014 textu
691 3951 790 4032 hujus
812 3952 944 4033 capituli
998 3949 1108 4013 vitulis
1123 3968 1180 4032 pro
1197 3958 1326 4031 peceato
1349 3949 1463 4012 oblatis
1484 3971 1553 4014 esse
1569 3953 1738 4032 agendum,

192 4068 261 4112 non
277 4049 405 4112 videtur
425 4048 598 4113 manifeste
614 4050 688 4113 elici
707 4069 810 4132 posse,
828 4069 886 4112 neo
903 4050 945 4112 lo
998 4047 1032 4109 in
1052 4047 1108 4110 itlo
1128 4047 1258 4128 jubetur
1274 4047 1424 4130 capitulo.
1442 4051 1629 4111 [inmolavit
1644 4061 1672 4111 ct
1689 4053 1741 4112 lto·

192 4147 308 4229 quitur
334 4147 440 4210 littera
462 4147 523 4209 ista
548 4148 720 4230 separatim
741 4149 781 4211 de
802 4157 942 4230 peccato,
999 4149 1134 4207 incausti
1150 4148 1327 4218 victimam,
1341 4146 1372 4207 id
1389 4155 1437 4209 est
1452 4147 1741 4230 holocaustumpro

192 4254 251 4309 aut
266 4244 430 4309 sacrificio
441 4255 650 4328 synagogaet
661 4247 817 4329 principis
832 4247 945 4310 acani-
961 4249 984 4310 D
998 4263 1032 4306 se
1048 4253 1079 4306 et
1098 4242 1175 4307 iiliis
1196 4243 1274 4321 suis,
1292 4245 1347 4327 qui
1363 4245 1391 4307 ci
1413 4245 1446 4307 in
1464 4245 1533 4307 istis
1554 4246 1741 4310 immolatio-

190 4365 268 4420 maa,
277 4343 310 4408 id
325 4353 374 4406 est
384 4343 517 4426 privata
528 4363 583 4407 seu
600 4345 772 4424 singularis
787 4365 941 4428 personae.
999 4343 1095 4405 nibus
1119 4343 1321 4420 adstiterunt,
1338 4343 1590 4424 cooperabantur
1612 4351 1644 4406 et
1667 4345 1742 4407 suta

199 4446 262 4506 oct
276 4463 381 4523 qaam
400 4446 506 4505 omnis
527 4446 704 4505 multitado
727 4447 881 4514 adstaret,
896 4446 945 4505 ait
998 4441 1187 4518 servierunt,
1207 4461 1264 4504 nec
1290 4442 1428 4523 propriis
1450 4443 1597 4505 manilius
1619 4441 1741 4523 aliquid

192 4547 325 4621 Moyses
340 4565 352 4602 .·
366 4546 431 4605 Iste
445 4552 489 4603 est
503 4564 605 4603 seram
620 4564 714 4623 quem
726 4545 880 4622 pracepit
896 4563 946 4603 eo·
998 4539 1153 4604 obtulisse
1169 4539 1318 4621 leguntur
1329 4539 1387 4602 hac
1403 4539 1483 4604 viee.
1495 4539 1568 4613 Quat
1584 4550 1689 4603 autem
1702 4541 1741 4604 de

191 4645 245 4704 ln's
268 4644 430 4704 Dominus
444 4662 456 4701 .·
476 4643 601 4712 Facite,
619 4652 649 4702 ct
672 4645 839 4719 apparebit
859 4644 945 4702 vobis
999 4639 1059 4701 isto
1075 4638 1261 4701 holocausto
1273 4637 1355 4700 ultra
1366 4639 1516 4700 dicuntur
1528 4638 1560 4700 in
1577 4647 1675 4716 textu,
1688 4657 1743 4720 pa-

186 4742 303 4820 yleria
322 4741 405 4818 q‘m.
422 4743 464 4804 Et
486 4742 575 4802 dicit
596 4744 720 4818 Moyses
740 4744 784 4801 act
804 4743 917 4802 Aaron
933 4761 945 4800 .·
999 4744 1067 4800 tent
1082 4757 1119 4800 ex
1135 4737 1231 4818 primi
1247 4736 1445 4818 expositione
1468 4736 1611 4818 capituli,
1629 4737 1660 4799 in
1678 4757 1742 4819 qua
1776 4760 1889 4813 mats

190 4843 320 4903 Accede
334 4842 380 4900 act
394 4843 498 4900 attare
513 4839 701 4915 holocausti,
713 4850 743 4900 et
758 4842 890 4900 immota
901 4839 947 4904 vi·
1000 4836 1080 4898 ritus
1097 4834 1249 4898 sacrificii
1265 4835 1361 4916 hujus
1377 4833 1579 4898 describitur.
1756 4829 1830 4880 Μ·

192 4939 303 5002 tulum
314 4957 378 5016 pro
390 4949 519 5015 peccato
536 4948 602 5008 tao,
618 4937 713 5000 idest
729 4957 786 5020 pro
801 4939 945 5001 omnium
1039 4938 1083 4996 Et
1096 4955 1157 5012 pro
1172 4945 1299 5013 peccato
1311 4937 1427 5013 populi
1441 4937 1572 5013 offerens
1589 4938 1743 4996 mactavit

190 5046 403 5120 peccatorum
420 5045 546 5121 tuorum
563 5036 761 5099 remissione.
779 5035 886 5118 Aliqui
902 5044 947 5098 ta·
1001 5035 1141 5094 bircam.
1154 5033 1198 5094 Ex
1214 5053 1277 5114 quo
1293 5042 1435 5116 apparet,
1448 5033 1532 5115 quod
1548 5032 1671 5095 hircum
1689 5033 1744 5096 ob-

191 5156 272 5200 men
288 5134 472 5217 specialiter
491 5134 635 5198 referunt
648 5134 708 5198 hoc
727 5136 766 5197 ad
782 5144 946 5217 peecatum
1002 5132 1075 5195 tulit
1092 5151 1155 5195 non
1173 5133 1353 5214 specialiter
1364 5151 1421 5214 pro
1435 5139 1563 5214 peceato
1576 5131 1742 5213 principis,

191 5236 304 5298 Aaron
320 5233 355 5295 in
376 5232 478 5296 ritulo
497 5233 658 5296 conflatili
678 5240 868 5316 perpetrato.
887 5233 948 5296 Sed
1002 5232 1057 5294 scd
1079 5231 1318 5294 communitatis
1342 5231 1375 5292 in
1400 5229 1553 5311 generali,
1572 5230 1604 5291 in
1626 5249 1690 5311 qua
1714 5237 1746 5290 et

191 5333 258 5397 hoe
273 5331 342 5414 jam
363 5330 427 5394 run
445 5331 475 5395 ei
498 5331 679 5395 dimissum.
698 5334 782 5410 offer
802 5335 947 5394 ttotocan·
1002 5331 1313 5413 princepstanquam
1325 5337 1462 5410 caputet
1473 5326 1661 5411 principalis
1673 5345 1746 5409 pers

324 5465 358 5515 Τ.
375 5464 398 5515 2.
1592 5464 1621 5514 13
