4309 6259
572 499 746 547 manuario
768 499 799 544 m
821 499 889 544 aar.
911 498 945 548 ιιι
966 499 1163 547 ιιιιιιιοιιιι.
1185 518 1226 528 -
1245 501 1317 548 ιιι.
1341 501 1359 545 v
1680 483 1739 546 333

188 670 408 734 retributionis
423 678 560 748 eterna,
578 679 614 732 ut
633 669 738 735 omnis
760 688 841 734 vana
863 687 938 733 con·
951 670 978 731 Α
991 668 1185 732 distrahatur
1196 689 1215 732 ι
1225 670 1370 733 Domino.
1384 670 1525 734 Zabulon
1542 670 1672 753 quippe,
1685 672 1738 734 ba-

186 777 348 831 temnatur
363 769 510 845 intentio,
523 787 581 832 neo
596 777 726 851 propter
741 768 867 830 landem
879 767 937 830 hu·
991 767 1167 830 bitaculum
1192 767 1392 831 fortitudinis
1417 768 1545 831 dicitur.
1564 768 1740 832 Conlormi-

182 886 312 930 menam
326 867 451 949 aliquid
472 866 540 929 liat.
558 867 699 930 issachar
721 885 868 948 namque,
887 865 936 929 vir
992 873 1040 929 ter
1065 884 1122 946 per
1151 866 1214 928 alia
1238 866 1491 930 Patriarcbarnm
1523 867 1664 945 nomina,
1692 887 1740 932 se-

181 965 340 1028 meroedis
357 966 594 1048 interpretatur.
613 965 652 1026 Et
667 965 819 1041 Zabulon,
838 963 936 1027 idest
991 964 1131 1026 cundum
1153 963 1275 1027 variam
1297 984 1407 1028 eornm
1430 965 1736 1047 interpretationem,

184 1063 281 1126 lirma
297 1063 331 1125 in
347 1065 411 1128 Deo
431 1063 601 1140 stabilitas,
620 1082 661 1127 ne
678 1082 769 1127 meus
785 1062 820 1125 iu
842 1062 935 1126 bonis
990 1062 1124 1129 diversae
1140 1062 1364 1143 intelliguntur
1379 1064 1528 1127 virtutes.

760 1490 1085 1578 ARTIGULUS
1121 1494 1154 1577 V

240 1768 432 1814 sxntnnnmo
454 1768 628 1814 tirrannus
650 1767 787 1814 carnum
808 1766 908 1813 Taum
930 1767 937 1811 :
961 1767 1010 1811 11AE
1032 1767 1107 1812 SUNT
1128 1767 1356 1815 unnannrtonas
1377 1770 1482 1818 Annon
1505 1775 1541 1819 ET
1562 1775 1683 1821 HOYSlS.

261 2049 480 2126 UblEltATlO,
498 2048 666 2132 dispositio
681 2057 713 2111 et
728 2046 940 2130 proprietates
959 2043 983 2104 B
996 2047 1151 2127 sanguine
1165 2047 1318 2122 sacrificii
1334 2047 1432 2129 lacta3
1444 2054 1530 2135 quod
1542 2053 1617 2118 item
1629 2057 1738 2122 unctio

270 2150 387 2232 aliquae
397 2148 688 2226 Levitarum,nunc
703 2145 938 2210 deseribuntur.
997 2145 1051 2208 ille
1076 2164 1141 2210 nou
1167 2147 1226 2209 luit
1251 2149 1313 2210 nisi
1338 2151 1512 2233 adspersio,
1535 2173 1599 2236 qua
1622 2155 1683 2238 ipsi
1709 2165 1741 2220 et

188 2253 254 2312 Hoe
276 2259 354 2311 sant
374 2251 596 2327 generationes
619 2251 732 2310 Aaron
757 2255 787 2310 et
806 2247 938 2323 Moysis.
994 2253 1100 2308 vestes
1123 2264 1233 2308 eorum
1257 2247 1528 2329 adspergebantur
1553 2252 1737 2335 hujusmodi

187 2348 381 2412 Nominatur
405 2347 457 2411 hic
481 2347 586 2411 Aaron
610 2355 685 2410 ante
706 2345 843 2427 Moysen,
864 2361 942 2425 qno
995 2343 1231 2408 commixtione.
1251 2344 1311 2408 Sed
1326 2349 1501 2410 secundum
1523 2351 1584 2414 boo
1604 2370 1669 2416 non
1685 2373 1741 2436 ap-

189 2448 281 2510 niam
296 2447 405 2510 senior
419 2455 498 2524 erat,
515 2455 547 2510 et
566 2453 696 2529 propter
717 2442 878 2527 pontificii
893 2442 943 2504 di·
995 2450 1095 2525 paret,
1107 2462 1164 2506 our
1178 2463 1292 2507 manus
1307 2463 1418 2509 eornm
1433 2447 1581 2512 dicantur
1596 2452 1741 2534 speciali-

186 2546 359 2628 gnitatem.
376 2545 587 2627 Frequentius
604 2553 710 2608 tamen
724 2543 801 2606 dnm
822 2540 941 2624 pariter
995 2548 1043 2606 ter
1058 2551 1260 2620 consecratae,
1277 2544 1339 2607 nisi
1360 2545 1442 2610 forte
1456 2549 1541 2629 quod
1565 2550 1649 2628 ideo,
1666 2571 1744 2634 quo·

187 2644 380 2720 recitantur,
402 2644 522 2726 Moyses
544 2651 618 2707 aute
638 2641 839 2724 exprimitur,
864 2639 940 2722 quia
996 2641 1083 2703 niam
1098 2640 1235 2704 mixtura
1248 2642 1305 2705 illa
1320 2662 1357 2707 ex
1372 2645 1589 2728 adspersione,
1603 2650 1743 2730 tetigerit

188 2742 384 2825 simpliciter
404 2743 506 2823 maj0r
525 2741 588 2805 luit
607 2750 639 2805 et
659 2741 809 2804 sanctior.
826 2742 868 2802 ln
887 2741 941 2800 dte
996 2741 1098 2803 nudas
1122 2758 1233 2804 eornm
1258 2761 1381 2806 manus.
1406 2745 1462 2809 llel
1487 2746 1560 2812 ideo
1590 2749 1741 2814 dicuntur

187 2863 256 2922 qna
272 2845 398 2903 locatas
411 2851 456 2902 ert
471 2843 631 2902 Dominus
647 2844 690 2902 ad
706 2843 862 2917 Moysen:
875 2856 939 2902 uon
995 2858 1109 2902 manus
1123 2858 1233 2903 eornm
1253 2841 1383 2922 repleta
1396 2851 1428 2906 et
1449 2856 1648 2924 consecratae,
1667 2850 1744 2931 qnia

187 2939 278 3022 quod
300 2940 334 3002 in
354 2939 407 3002 die
428 2958 485 3003 seu
510 2947 653 3022 tempore
679 2939 734 3002 illo
757 2936 938 3018 genuerint,
996 2936 1030 2999 in
1059 2957 1169 3002 eornm
1199 2940 1439 3004 consecratione
1464 2943 1611 3024 pontifex
1640 2948 1892 3029 posuissemus.

187 3039 248 3101 sed
264 3039 342 3120 quia
358 3046 435 3101 tunc
452 3037 634 3101 habueruut
647 3037 867 3117 generationes
884 3053 939 3098 seu
996 3036 1149 3117 quasdam
1160 3036 1393 3102 sacrificiorum
1409 3041 1557 3105 materias
1573 3063 1670 3127 super
1681 3066 1744 3110 ma·
1762 3025 1796 3066 “¹

189 3135 283 3200 filios
297 3143 476 3216 generatos.
488 3139 531 3199 In
542 3146 647 3198 monte
656 3138 766 3198 Sintai.
779 3135 857 3198 Nam
868 3141 942 3196 anta
997 3154 1056 3197 uus
1067 3154 1185 3212 eorum,
1199 3154 1256 3217 per
1266 3138 1350 3218 qnod
1361 3139 1450 3201 dedit
1464 3140 1509 3203 eis
1520 3144 1741 3209 auctoritatem

189 3234 394 3298 tabernaculi
416 3234 687 3299 constructionem
703 3241 734 3298 et
749 3233 977 3299 erectionemC
997 3231 1211 3313 sacrificandi,
1230 3245 1325 3317 prout
1353 3256 1449 3319 super
1478 3239 1620 3304 Exodum
1649 3263 1745 3326 expo

190 3333 349 3398 Dominus
364 3334 404 3395 ad
419 3333 546 3415 Moysen
561 3333 748 3414 loquebatur
768 3332 945 3396 communi·
998 3331 1095 3395 sitnm
1117 3342 1175 3397 est.
1188 3334 1251 3397 Nec
1272 3335 1365 3398 aliter
1386 3345 1533 3419 poterant
1553 3342 1742 3406 sacerdotali

190 3441 242 3496 ter
264 3431 297 3494 in
321 3431 441 3496 vertice
463 3431 581 3494 montis
604 3430 716 3506 illius;
741 3429 944 3494 tabernaculo
998 3430 1112 3495 ollicio
1128 3432 1270 3512 legitime
1287 3434 1346 3496 uti.

188 3540 302 3593 autem
318 3538 435 3605 erecto,
454 3529 574 3612 inipso
592 3529 807 3593 tabernaculo.
1039 3534 1239 3610 necatusque
1262 3543 1307 3593 est
1326 3537 1486 3598 Dominus
1510 3543 1554 3598 nd
1578 3542 1712 3618 Moysen
1733 3563 1744 3602 .·

235 3633 279 3692 lav
299 3631 367 3692 aoee
384 3639 461 3690 sunt
481 3631 616 3690 nomina
640 3631 787 3706 filioram
804 3631 917 3692 Aaron
933 3645 944 3688 .·
999 3631 1138 3707 Applicat
1154 3632 1275 3691 tritam
1289 3636 1380 3705 Leni,
1393 3633 1425 3696 id
1441 3642 1499 3712 est,
1519 3637 1559 3699 ab
1574 3637 1649 3700 aliis
1665 3639 1744 3703 divi·

189 3728 440 3804 Prtmopcnitas
454 3727 524 3804 ejus
541 3728 670 3796 Nadab,
680 3727 798 3786 deinde
812 3727 901 3788 Abiu
915 3735 945 3786 et
999 3728 1038 3790 de
1053 3746 1135 3805 eam,
1153 3737 1183 3791 et
1205 3747 1312 3792 coram
1327 3730 1431 3794 Aaron
1451 3734 1553 3815 ipsam
1576 3747 1743 3818 praesenta.

188 3829 338 3888 Eleazar
347 3834 378 3885 et
388 3826 548 3887 [thamar.
559 3827 636 3886 Hceo
645 3825 782 3886 nomina
796 3825 943 3902 filiorum
999 3825 1072 3888 Ideo
1096 3826 1267 3888 subditur:
1291 3838 1321 3889 et
1341 3831 1397 3906 sac
1417 3841 1502 3892 stare
1523 3836 1559 3895 in
1581 3847 1747 3914 conspectu

187 3927 307 3986 Aaron
326 3926 531 3984 sacerdotnm
550 3924 608 4003 qni
631 3924 722 3984 uncti
735 3932 825 3994 sant,
841 3921 873 3983 id
895 3928 943 3984 ost
999 3928 1113 3986 Aaron
1122 3929 1302 3996 sacerdotis,
1313 3938 1349 3988 nt
1360 3931 1586 3993 ministrentei
1596 3942 1747 4016 tanquam

186 4021 372 4086 consecrati
387 4021 422 4083 iu
438 4021 628 4098 sacerdotes,
645 4031 674 4082 et
690 4042 827 4102 quornm
844 4024 946 4098 repze-
1000 4022 1160 4105 pontifici,
1172 4026 1394 4106 prosequendo
1410 4027 1563 4095 interiora
1578 4033 1741 4117 obsequia,

191 4130 234 4183 tra
249 4129 280 4180 et
296 4129 487 4181 consecratae
496 4129 572 4181 sunt
583 4139 713 4190 manas,
724 4129 760 4180 nt
769 4121 945 4180 sacerdotio
1000 4133 1029 4183 et
1044 4125 1207 4195 emendent,
1225 4123 1256 4186 id
1277 4132 1336 4201 est,
1354 4126 1523 4206 vigilanter
1543 4131 1658 4195 intenti
1681 4135 1746 4198 sint

189 4220 425 4296 fungerentur.
437 4215 577 4291 Qualiter
590 4216 835 4298 intelligendum
852 4217 894 4279 sit
910 4217 947 4278 is·
1001 4219 1053 4282 die
1072 4239 1109 4282 ac
1131 4229 1224 4284 nocte
1243 4230 1387 4304 tempore
1408 4237 1599 4308 opportuno.
1614 4231 1747 4297 Videtur

195 4317 266 4393 tud,
276 4325 308 4379 et
318 4315 457 4398 qualiter
468 4314 531 4377 lilii
541 4315 645 4378 Aaron
657 4314 802 4378 dicantur
818 4314 906 4378 uncti
917 4322 948 4378 et
1001 4325 1107 4380 autem
1127 4317 1160 4380 B.
1177 4319 1373 4401 Augustinus
1396 4324 1524 4404 sentire,
1542 4330 1628 4409 quod
1643 4331 1746 4395 Excu-

193 4414 389 4490 conseorati,
406 4421 437 4477 at
460 4414 588 4496 repletae
609 4433 665 4476 seu
680 4413 813 4477 initiatae
835 4417 988 4478 manusb
1004 4415 1079 4480 bare
1107 4416 1159 4479 hic
1183 4418 1358 4500 accipiatur
1384 4424 1522 4505 proprie,
1547 4435 1658 4509 utpote
1689 4450 1748 4513 pro

195 4532 312 4577 corum
327 4513 368 4575 ad
384 4511 583 4592 lungendum
600 4511 788 4590 sacerdotio,
801 4512 886 4575 clare
901 4531 950 4575 ex·
1006 4524 1160 4578 nocturna
1181 4516 1367 4597 vigilatione
1388 4539 1459 4600 quat
1481 4524 1576 4586 certis
1598 4526 1685 4590 horis
1708 4530 1754 4593 lit·

32 4647 176 4690 ffl„,‚‚
196 4631 349 4696 pressum
364 4620 413 4674 est
434 4611 467 4673 in
483 4611 590 4674 Exodo
606 4619 637 4673 et
652 4611 792 4674 Levitico
808 4629 946 4693 quoque.
1006 4613 1161 4676 incastris
1176 4633 1235 4697 pro
1249 4617 1463 4682 custoditione
1478 4624 1749 4708 exercitns‚quasi

47 4711 99 4753 aa.
112 4723 162 4750 ω’·
197 4710 344 4773 Breviter
358 4717 464 4772 tamen
481 4709 664 4790 repetendo,
677 4709 788 4771 dieunt
803 4709 950 4771 nonnulli
1004 4712 1121 4775 Levitae
1136 4714 1329 4795 putaverint,
1337 4717 1387 4779 vel
1402 4737 1442 4780 ue
1458 4729 1616 4800 putarent,
1629 4744 1663 4789 se
1677 4747 1748 4792 esse

196 4809 288 4892 quod
305 4808 392 4873 solus
408 4807 552 4890 pontilex
562 4807 741 4888 ungebatur
755 4807 826 4871 oleo
842 4816 951 4871 sancto
1006 4811 1122 4874 debere
1136 4812 1295 4876 immunes
1310 4833 1329 4876 a
1344 4815 1464 4896 vigiliis
1485 4818 1603 4883 talibus
1620 4835 1750 4908 propter

198 4909 234 4970 in
252 4907 357 4990 capite
372 4926 410 4969 ac
425 4906 586 4983 menibus
599 4905 768 4969 inferiores
784 4913 890 4968 autem
907 4925 952 4968 sa·
1006 4909 1160 4974 honorem
1180 4929 1244 4992 quo
1266 4912 1299 4974 in
1325 4913 1530 4981 tabernaculo
1555 4921 1747 5004 serviebant,

197 5006 348 5070 cerdotes
364 5004 557 5068 inmanibus
574 5012 714 5067 tanturn:
728 5013 760 5067 et
774 5004 834 5067 boc
849 5012 951 5067 textus
1008 5009 1184 5088 praesertim
1200 5029 1299 5090 quum
1314 5020 1346 5074 et
1360 5031 1414 5075 eos
1429 5024 1589 5096 oporteret
1607 5020 1749 5086 vicissim

198 5105 331 5170 videtur
349 5104 511 5167 interdum
531 5104 677 5180 innuere,
694 5102 777 5165 sicut
791 5112 823 5166 et
839 5103 900 5166 isto
916 5103 950 5165 in
1008 5125 1134 5170 servare
1150 5117 1279 5190 propter
1301 5128 1395 5191 opera
1412 5111 1608 5179 tabernaculi
1624 5119 1750 5199 vigilias

199 5204 284 5268 loco.
294 5202 358 5265 Alii
369 5203 481 5265 dicunt
494 5203 578 5285 quod
592 5219 657 5265 uon
672 5201 869 5280 ungebantur
883 5201 954 5265 oleo
1010 5203 1100 5281 tales,
1112 5204 1222 5287 quales
1237 5206 1489 5272 observabantur
1502 5211 1758 5302 circumquaque·

200 5321 296 5384 puro,
315 5303 373 5366 sed
392 5302 529 5383 quadam
551 5299 753 5365 confectione
773 5318 811 5362 err
832 5299 902 5363 oleo
922 5309 954 5364 et
1010 5301 1044 5363 in
1060 5300 1132 5364 aliis
1153 5302 1276 5365 castris.
1293 5307 1337 5366 Et
1351 5308 1512 5370 observent
1526 5315 1689 5395 quidquid
1708 5322 1753 5380 ad
