4309 6259
541 507 717 554 uunnenrto
738 508 769 553 lN
791 507 861 553 GAP.
886 507 895 552 l
916 506 1151 553 uuurauouotttt.
1174 528 1214 537 -
1235 509 1307 556 Aet.
1330 511 1340 554 l
1654 496 1715 559 525

163 705 203 744 ra
221 704 294 764 qim
308 684 339 744 ei
353 684 508 761 prosimu
526 688 602 741 sunt
622 677 702 754 foca,
720 680 911 757 campestria
927 676 953 738 Α
967 679 1102 742 asseruit
1117 687 1149 743 et
1164 679 1417 762 promisit‚quod
1432 682 1522 744 daret
1537 700 1605 744 eam
1619 680 1714 764 patri·

164 794 261 863 atquc
286 792 441 844 suentana
462 790 492 841 ct
516 780 697 841 humiliora
720 782 914 839 iocucontru
967 778 1027 840 bus
1043 778 1169 854 1θε11ἰε,
1186 781 1363 851 Abrabam,
1381 785 1486 851 Isaac,
1501 792 1530 841 et
1544 784 1650 853 Jacob,
1677 791 1714 843 ut
1743 800 1858 850 cessar.

164 882 346 943 meridiem.
364 880 422 943 Per
444 878 541 942 verbe
555 877 622 941 haee
643 876 831 959 exprimitur
851 895 915 938 ma·
967 880 1059 938 derret
1076 881 1170 939 illem
1193 880 1249 949 cis,
1267 878 1350 940 sicut
1373 866 1822 959 11111011θεί0113111011-’81111

163 980 298 1061 gnitudo
313 988 406 1043 terrae
428 976 662 1061 promissionis,
682 977 714 1038 in
740 994 804 1058 qua
824 982 914 1038 erant
970 984 1016 1038 ter
1042 976 1167 1056 legitur,
1189 987 1229 1049 ct,
1252 995 1309 1058 pro
1329 976 1361 1040 id
1385 986 1443 1055 cst,
1463 981 1581 1040 semini
1603 1001 1714 1041 corum

165 1078 274 1159 magni
289 1077 405 1160 campi,
424 1085 455 1140 θ1
471 1076 540 1140 loca
555 1084 706 1139 montana
729 1094 765 1138 ae
787 1074 886 1137 valles
904 1092 911 1137 :
965 1087 1037 1154 post
1051 1097 1101 1137 cos
1113 1098 1124 1136 :
1141 1095 1204 1139 non
1221 1076 1307 1139 enim
1323 1077 1412 1140 dedit
1428 1078 1648 1141 terramillam
1664 1080 1717 1142 Pa·

165 1186 297 1259 eratque
313 1184 397 1240 terra
412 1176 468 1238 illa
483 1175 599 1237 situata
614 1183 725 1237 contre
748 1172 914 1237 meridiem
971 1174 1118 1237 triarchis
1137 1174 1277 1256 praefatis
1303 1176 1336 1238 in
1359 1176 1497 1259 propriis
1519 1196 1628 1241 eorum
1648 1198 1717 1260 per·

167 1284 314 1358 respectu
339 1284 431 1339 terre
461 1274 596 1356 AEgypti,
628 1292 699 1355 que
729 1291 840 1336 versus
865 1290 917 1334 au·
971 1274 1069 1350 sonis,
1096 1283 1151 1336 aut
1171 1293 1228 1357 per
1252 1274 1479 1339 exhibitionem
1505 1277 1633 1355 realem,
1660 1278 1715 1341 sed

166 1383 268 1438 strum
285 1374 435 1454 vergebat
459 1372 565 1453 quoad
590 1380 706 1435 terram
732 1370 917 1454 promissio-
971 1372 1148 1454 posteritati
1173 1391 1293 1436 eorum.
1310 1373 1441 1456 Propter
1462 1376 1549 1456 quod
1571 1376 1717 1439 beatissi-

167 1472 229 1535 uis.
255 1476 297 1534 Et
305 1474 410 1551 jueta
426 1473 517 1533 littus
540 1471 651 1532 inuris.
674 1470 738 1533 lloc
763 1470 803 1531 de
824 1467 918 1531 Medi·
971 1490 1042 1533 mus
1064 1471 1242 1554 Stephanus
1268 1481 1387 1554 martyr
1411 1475 1456 1537 ait
1473 1491 1480 1535 :
1499 1477 1580 1538 Deus
1605 1475 1863 1555 gloriantium.

167 1581 314 1635 terraneo
330 1569 411 1633 mari
426 1569 607 1652 exponitur,
621 1588 717 1651 super
731 1570 818 1652 quod
835 1574 917 1631 terra
972 1569 1135 1632 transtulit
1144 1570 1301 1635 Abraham
1317 1572 1350 1634 in
1366 1580 1482 1635 terram
1494 1573 1637 1651 istam,et
1653 1592 1717 1637 non

168 1670 402 1753 promissionis,
429 1668 534 1751 quoad
564 1667 797 1748 longitudinem
828 1684 917 1729 suam
971 1668 1059 1731 dedit
1075 1668 1124 1730 illi
1149 1669 1357 1733 hereditatem
1381 1670 1415 1733 in
1440 1690 1488 1749 ea,
1506 1691 1563 1735 nec
1588 1692 1718 1754 passum

168 1768 287 1832 dicitur
311 1768 438 1845 situata,
465 1774 497 1830 et
522 1774 571 1829 est
596 1765 750 1829 terminus
782 1766 852 1846 ejus
877 1764 918 1826 ab
972 1766 1073 1849 pedis,
1091 1768 1146 1829 sed
1162 1768 1344 1849 repromisit
1358 1770 1433 1832 dare
1449 1770 1497 1832 illi
1513 1789 1583 1834 eam
1599 1771 1632 1833 in
1649 1790 1718 1853 pos·

168 1866 346 1931 occidente.
359 1866 448 1929 Unde
464 1864 680 1947 subjungitur,
704 1874 824 1926 terram
842 1866 919 1925 Cha·
936 1863 960 1926 B
974 1864 1156 1941 sessionem,
1174 1873 1206 1928 et
1220 1866 1335 1944 semini
1350 1868 1420 1948 ey'us
1435 1877 1507 1950 post
1520 1889 1606 1933 eum.

168 1986 361 2028 nonoeorum
377 1986 388 2025 :
405 1983 479 2027 uam
494 1971 578 2026 terra
593 1963 812 2045 promissionis
836 1981 919 2026 eom·
1013 1962 1156 2040 Diuique
1170 1962 1256 2021 cobis
1280 1963 1338 2022 1110
1362 1963 1399 2021 in
1425 1973 1574 2041 tempore,
1590 1965 1649 2028 hoc
1671 1972 1719 2027 θε1

52 2078 155 2132 censu
170 2065 311 2128 muniter
326 2063 505 2147 appellatur
520 2070 603 2125 terra
613 2062 761 2125 Chanaau
778 2081 833 2124 seu
843 2061 920 2125 Cha·
974 2058 1006 2121 in
1023 2077 1107 2122 anno
1129 2078 1193 2141 quo
1213 2060 1298 2122 circa
1323 2069 1463 2124 montem
1490 2062 1575 2125 Sinai
1601 2063 1719 2126 mausi-

44 2147 83 2193 ¹·⁶·
171 2182 366 2241 nanaeorum,
384 2162 441 2245 qui
457 2160 523 2224 nati
539 2160 668 2225 fuerunt
683 2179 721 2224 ex
736 2161 833 2224 Cham
848 2160 919 2224 filio
974 2176 1056 2234 mue,
1066 2158 1115 2221 vel
1132 2158 1165 2220 in
1181 2158 1361 2240 Rephidim,
1371 2168 1403 2223 et
1417 2169 1491 2224 ente
1507 2161 1718 2243 prolationem

169 2263 244 2341 Noa,
271 2271 303 2326 et
328 2261 554 2325 habitaverunt
579 2260 613 2322 iu
638 2279 695 2334 ea;
721 2270 750 2322 ct
775 2262 919 2322 Libani:
973 2258 1141 2321 verborum
1158 2258 1223 2339 jam
1239 2257 1414 2323 dictorum:
1429 2262 1502 2322 Non
1515 2281 1647 2339 possum
1669 2282 1718 2321 se

168 2362 280 2425 eadem
296 2370 381 2425 terra
404 2368 515 2424 vocata
536 2366 584 2422 est
606 2367 689 2422 terra
704 2358 826 2437 Libani,
844 2359 920 2440 quia
974 2360 1025 2417 ins
1045 2357 1204 2417 sustinere
1228 2377 1293 2426 cos,
1316 2357 1375 2420 hoc
1399 2366 1458 2436 est,
1485 2358 1662 2439 gubernare
1687 2368 1719 2423 01

168 2461 201 2524 in
217 2460 357 2524 termino
373 2459 443 2541 ejus
458 2456 638 2540 aquilonari
654 2465 702 2521 est
722 2477 813 2520 mons
828 2458 920 2521 Liba·
972 2456 1116 2536 judicare
1131 2475 1168 2517 ec
1182 2456 1331 2537 expedire
1352 2456 1502 2520 universe
1526 2459 1652 2539 negotia
1668 2479 1719 2523 ve

169 2558 202 2620 ui
218 2558 359 2633 situs3et
376 2578 475 2637 usquc
492 2560 536 2619 ad
549 2560 673 2633 fiumen
690 2576 847 2635 mupnum
855 2558 920 2619 Eu·
974 2562 1058 2628 stra3
1075 2556 1155 2634 quin
1169 2557 1329 2615 Dominus
1346 2558 1432 2616 Dens
1447 2566 1547 2617 vester
1561 2559 1720 2636 multipli-

45 2672 91 2715 1111.
99 2686 117 2724 n,
125 2674 156 2715 n.
166 2660 320 2737 pbruten.
346 2656 525 2738 Euphrates
549 2663 598 2718 est
619 2673 703 2717 uuus
719 2655 759 2718 de
782 2662 919 2738 quatuor
973 2656 1059 2715 cauit
1074 2673 1140 2724 vos,
1154 2664 1184 2714 ct
1205 2655 1279 2714 estis
1300 2657 1395 2715 bodie
1414 2658 1497 2716 sicut
1515 2660 1615 2719 stellae
1635 2661 1720 2728 coeii,

171 2755 284 2819 fluviis
308 2753 460 2837 paradisi,
478 2762 514 2815 ut
535 2754 569 2816 in
584 2752 698 2817 Genesi
723 2754 869 2831 babetur,
887 2760 919 2815 et
970 2754 1125 2830 plurimi,
1155 2752 1215 2815 boc
1243 2759 1292 2815 est
1322 2752 1415 2815 valde
1444 2753 1547 2832 multi,
1574 2757 1720 2837 quamvis

170 2873 228 2937 per
242 2853 421 2917 chaldeam
446 2852 607 2926 decurrit;
625 2860 656 2914 et
678 2870 788 2915 versus
813 2859 918 2915 ortum
973 2850 1075 2913 multo
1100 2850 1265 2932 pauciores
1289 2870 1384 2933 quam
1411 2852 1516 2915 sidera
1534 2870 1541 2915 :
1559 2862 1590 2916 et
1613 2855 1657 2916 ita
1671 2864 1720 2917 est

169 2952 258 3030 solis,
275 2951 394 3014 dicitur
409 2968 479 3013 esse
503 2949 659 3013 terminus
675 2958 766 3014 terrae
781 2949 918 3031 promis·
973 2949 1169 3031 comparatio
1184 2949 1399 3032 hyperbolica.
1411 2950 1500 3014 Unde
1514 2960 1546 3014 et
1561 2952 1594 3015 in
1605 2952 1719 3016 Genesi

169 3050 282 3127 sionis,
299 3049 413 3112 saltem
428 3066 487 3130 pro
498 3047 606 3130 aliqua
622 3048 672 3110 sui
688 3056 787 3129 parte.
933 3053 954 3115 C
973 3048 1131 3112 Dominus.
1141 3047 1264 3111 dixerat
1277 3047 1410 3112 Abrahae
1423 3066 1430 3111 :
1443 3049 1575 3132 Suspice
1590 3051 1717 3129 coelum,
1742 3072 1866 3125 omma.

207 3148 373 3225 Praeterea,
390 3146 489 3210 verba
500 3146 566 3228 jam
590 3154 764 3209 memorate
787 3163 851 3208 non
876 3146 920 3209 le-
973 3154 1005 3209 et
1020 3164 1151 3209 numere
1167 3145 1285 3223 stellas,
1298 3146 1325 3207 ε1
1341 3155 1431 3229 potes
1451 3148 1518 3211 :sic
1533 3149 1594 3213 erit
1609 3170 1718 3214 semen

167 3248 254 3328 gitur
269 3247 352 3309 Deus
377 3244 495 3307 dixisse
519 3245 559 3307 ad
584 3243 672 3308 filios
694 3244 800 3322 lsrael,
818 3263 918 3326 quum
973 3253 1075 3307 tuum.
1099 3246 1258 3307 Dominus
1279 3248 1364 3306 Deus
1382 3257 1517 3323 patrum
1540 3259 1719 3310 vestrorum

168 3353 276 3409 essem
289 3344 379 3425 juxte
394 3342 481 3405 Sinai
497 3350 651 3418 montem,
669 3342 702 3403 in
718 3341 827 3423 aliquo
844 3361 920 3423 qua·
973 3347 1074 3417 addat
1099 3348 1143 3406 cd
1167 3345 1253 3405 tnnc
1271 3365 1445 3407 nummum
1470 3355 1610 3410 vestrum
1636 3366 1642 3411 :
1660 3349 1717 3431 qui

170 3452 241 3508 tuor
256 3440 506 3525 praecedentium
523 3438 690 3516 librorum,
709 3459 767 3503 nee
789 3447 921 3523 apparet
974 3442 1184 3505 determinate
1206 3442 1341 3505 habetur
1362 3443 1395 3504 in
1411 3443 1619 3509 Numerorum
1636 3446 1719 3512 libro

169 3542 255 3623 quod
272 3539 456 3602 immediate
470 3538 555 3601 dicta
570 3538 635 3600 sint
650 3538 689 3600 ad
705 3538 862 3619 populum
877 3547 921 3602 10
975 3560 1033 3624 pro
1048 3548 1191 3622 tempore
1206 3539 1273 3602 illo.
1286 3540 1363 3602 Nam
1379 3539 1494 3621 legitur
1510 3542 1554 3606 ibi
1572 3564 1579 3608 :
1598 3544 1658 3608 lsta
1674 3554 1723 3609 est
1742 3568 1868 3621 umus,

172 3648 250 3716 tum,
269 3639 326 3702 sed
342 3638 447 3720 primo
461 3637 501 3700 ad
517 3636 653 3719 Moysen,
672 3644 704 3699 ct
719 3655 776 3718 per
791 3638 919 3699 eumad
976 3657 1100 3701 summe
1116 3637 1259 3701 filiorum
1275 3638 1381 3715 lsrael,
1397 3640 1454 3721 qui
1470 3643 1618 3704 recensiti
1634 3654 1720 3723 sunt,
1737 3634 1771 3673 ⁵¹·

172 3738 306 3821 plebem
319 3736 545 3799 Verumtamen
561 3734 682 3816 aliquid
699 3734 804 3799 simile
820 3735 870 3798 his
887 3737 919 3797 in
977 3744 1125 3801 sexcenta
1144 3736 1257 3814 millia,
1284 3745 1315 3799 et
1339 3737 1429 3799 mille
1450 3740 1643 3821 septingenti
1669 3744 1723 3805 tri-

173 3838 257 3901 libro
272 3836 483 3899 Numerorum
499 3833 714 3916 conscriptum
730 3842 788 3912 est,
802 3842 921 3917 utpote,
975 3836 1074 3916 ginta.
1088 3837 1146 3900 Tot
1160 3836 1309 3917 equidem
1324 3845 1414 3899 eraut
1428 3836 1500 3900 viri.
1518 3839 1636 3922 Estque
1651 3861 1724 3924 pro-

62 3948 121 3997 me.
134 3964 162 4005 ιι,
174 3936 220 3999 Ad
237 3933 410 4017 imperium
420 3932 547 3995 Domini
562 3931 732 3995 movebant
747 3940 857 4007 castra,
868 3952 923 3996 seu
977 3934 1094 4011 babile,
1106 3935 1192 4016 quod
1202 3933 1352 3997 mulieres
1367 3943 1399 3998 et
1414 3936 1539 4017 parvuli
1555 3958 1592 4001 ac
1607 3941 1722 4022 puellae

48 4014 114 4061 '³¹²⁰‘
175 4032 342 4113 erigebant
358 4030 504 4107 tentoria,
522 4038 553 4092 et
573 4030 612 4093 ad
638 4030 808 4113 imperium
834 4030 921 4095 illius
975 4039 1007 4094 et
1020 4032 1155 4114 juvenes
1177 4030 1263 4094 infra
1284 4032 1473 4097 vicesimum
1497 4055 1617 4100 annum
1642 4041 1723 4103 exsi-

174 4127 389 4215 deponebant.
415 4129 518 4204 Quum
543 4136 649 4191 antem
675 4128 857 4193 filiilsrael
887 4130 920 4191 in
975 4138 1104 4215 etentes,
1123 4130 1347 4213 multoplures
1364 4130 1505 4196 fuerunt.
1528 4136 1646 4218 ltaque,
1664 4139 1723 4203 Do

174 4238 283 4295 monte
303 4228 389 4292 Sinai
411 4228 611 4310 accepissent
633 4225 747 4307 legem,
764 4236 796 4291 et
819 4228 960 4300 taber-l)
976 4228 1082 4291 minus
1104 4228 1199 4291 addat
1223 4230 1411 4308 successive,
1429 4252 1486 4315 per
1510 4237 1724 4315 generationis

173 4330 287 4393 uaoulo
306 4347 379 4391 curn
399 4327 466 4390 suis
485 4326 663 4390 attinentiis
681 4325 725 4389 ibi
743 4328 868 4410 comple
876 4336 918 4407 10,
975 4329 1247 4412 propagationem,
1265 4335 1369 4391 multu
1393 4335 1566 4406 militant
1585 4338 1723 4421 populus

172 4429 352 4509 ceterisque
370 4426 507 4509 peractis
528 4426 561 4487 in
582 4433 690 4489 monte
710 4425 777 4503 illo,
795 4446 866 4509 quae
886 4426 918 4489 in
975 4428 1074 4490 Deum
1090 4445 1201 4489 verum
1216 4425 1336 4504 colens,
1355 4448 1487 4494 numero
1511 4443 1663 4513 augeatur
1687 4456 1724 4501 ac

173 4527 282 4591 Exodo
297 4534 330 4589 et
345 4525 379 4587 iu
394 4524 478 4589 libro
499 4524 709 4587 Numerorum
735 4523 779 4587 ibi
795 4533 921 4607 peracta
975 4525 1097 4588 merito.
1122 4525 1252 4607 Propter
1277 4526 1363 4607 quod
1389 4527 1559 4595 subditur:
1587 4544 1617 4594 et
1638 4537 1724 4595 berte

175 4626 337 4709 leguntur,
354 4632 480 4706 tempus
501 4622 564 4685 fuit
585 4631 619 4685 ut
641 4622 714 4686 inde
738 4624 923 4688 recederent
975 4626 1063 4693 dicat
1085 4626 1170 4684 cobis
1200 4641 1257 4705 per
1286 4623 1481 4689 inlusionem
1511 4648 1723 4712 supernorum

176 4725 215 4787 ad
230 4733 350 4788 terram
364 4722 567 4806 promissam.
976 4722 1203 4785 charismatum
1228 4731 1259 4786 et
1275 4724 1497 4806 temporalium
1521 4727 1724 4796 affluentiam

216 4828 282 4897 Du,
300 4824 421 4903 inquit,
439 4822 565 4882 tradidi
581 4822 678 4893 vobis,
699 4821 759 4884 hoe
778 4830 836 4899 est,
864 4830 923 4885 ter·
977 4824 1186 4900 rerum,sicut
1202 4826 1324 4884 locutus
1338 4834 1383 4885 est
1399 4843 1433 4888 se
1449 4825 1619 4907 facturum,
1635 4832 1725 4895 dum-

177 4940 244 4985 rem
259 4921 351 4984 illam
375 4921 450 4983 dare
472 4918 610 4997 decrevi,
628 4926 659 4982 et
680 4928 742 4981 tam
762 4920 923 4983 certitudi-
977 4922 1071 4985 modo
1093 4922 1254 5004 peccando
1276 4921 1399 4985 obicem
1423 4941 1488 4988 uon
1510 4928 1649 5008 ponatis.
1667 4932 1725 4995 lte-

178 5020 293 5083 naliter
309 5019 442 5095 tradem,
461 5017 523 5080 nisi
539 5017 663 5081 obicem
688 5018 826 5100 ponatis,
844 5021 922 5082 acsi
977 5039 1039 5102 que
1054 5020 1173 5101 Moyses
1189 5038 1253 5083 non
1278 5022 1382 5084 oravit
1405 5021 1550 5089 absolute
1575 5046 1633 5108 pro
1656 5031 1725 5095 sola

178 5138 247 5182 earn
262 5121 331 5201 jam
346 5116 559 5181 tradidissem.
578 5120 799 5195 Inprcdimini
812 5129 842 5180 ct
853 5140 925 5197 pos·
978 5117 1217 5180 individuorum
1233 5118 1511 5200 multiplicatione,
1529 5126 1584 5187 sed
1610 5136 1642 5189 θ1
1667 5149 1725 5212 pro

123 5265 126 5271 ,
178 5222 376 5288 sidetccum,
396 5236 604 5295 superquam
617 5218 751 5293 juravit
765 5219 924 5279 Dominus
978 5234 1089 5280 eorum
1110 5215 1374 5294 sanctificatione,
1402 5238 1458 5282 seu
1483 5240 1541 5303 pro
1565 5224 1721 5291 bonorum

180 5318 329 5397 patribus
354 5316 479 5383 uestris,
504 5313 619 5391 idest,
646 5333 717 5377 cum
743 5315 924 5397 juramento
978 5313 1214 5397 suppositorum
1236 5315 1366 5397 copiosa
1389 5320 1575 5401 propagine.
1593 5324 1723 5409 Propter
