4309 6259
451 461 510 525 ssf2
769 479 944 530 adsumto
965 481 995 526 ΙΝ
1017 481 1086 526 CAP.
1109 480 1185 525 XXlll
1207 481 1440 529 beurnnoltolttt.
1463 503 1504 513 -
1524 485 1596 530 ant.
1618 484 1679 529 XXV

451 653 631 716 Levitarum
643 659 765 733 poterat
776 649 910 732 ingredi,
928 650 982 712 sed
1000 650 1130 732 propria
1145 669 1196 712 aa·
1212 649 1237 710 A
1251 661 1356 712 castra
1373 662 1428 712 tua
1442 664 1566 725 sancta,
1578 665 1607 715 et
1623 656 1710 714 nibil
1725 655 1761 714 in
1775 653 1821 712 eis
1836 662 1993 730 appareat

452 761 527 828 stra,
545 751 627 813 sicut
650 751 688 813 de
709 750 768 812 hoc
794 749 913 811 dictum
936 756 983 811 est
1009 748 1136 830 plenius
1162 749 1196 810 in
1250 750 1421 824 sorditatis,
1437 772 1477 811 ne
1491 753 1696 830 derelinquat
1712 762 1750 812 te.

315 864 436 912 Num-ut·
452 849 660 913 Numerorum
671 857 702 911 ef
713 847 844 910 Levitici
862 847 953 910 libris
969 866 1005 909 ac
1020 847 1194 910 allisionis
1290 851 1364 912 Non
1380 853 1486 910 trades
1501 872 1629 910 seruum
1643 852 1774 911 domino
1790 871 1861 920 suo,
1871 853 1931 930 qui
1945 851 1989 909 ari

315 926 438 976 mm*
453 951 646 1030 Augustinus
671 966 799 1029 quoque
824 946 875 1008 hic
899 946 944 1008 ait
962 963 968 1007 :
985 945 1081 1008 llulta
1106 947 1197 1028 ponit
1252 957 1280 1006 te
1294 949 1487 1025 confugerit.
1504 949 1579 1025 Hoc,
1597 949 1771 1012 secundum
1787 949 1941 1012 Thomam
1960 955 1992 1008 et

452 1051 503 1114 lex
525 1050 557 1111 in
580 1047 786 1110 sacramentis
805 1053 837 1108 ct
856 1045 979 1106 umbris
1001 1044 1193 1107 futurorum.
1250 1045 1330 1108 alios
1353 1047 1482 1124 multos,
1509 1046 1699 1126 intelligitur
1718 1049 1758 1110 de
1782 1063 1875 1110 servo
1896 1066 1991 1128 quem

452 1149 567 1230 Sicque
582 1156 653 1230 post
668 1145 860 1208 effusionem
881 1143 1012 1207 seminis
1029 1143 1145 1206 factam
1161 1143 1195 1205 in
1251 1144 1398 1207 dominus
1415 1165 1490 1206 suus
1505 1145 1617 1226 quaerit
1633 1146 1672 1208 ad
1689 1145 1909 1220 occidendum,
1925 1163 1991 1206 mu-

451 1266 574 1323 somno‚
602 1246 650 1308 lex
675 1244 764 1326 jubet
790 1243 1011 1325 purgationem
1039 1241 1111 1304 fieri
1137 1261 1194 1324 per
1250 1242 1418 1320 blandum,
1436 1244 1486 1307 vel
1505 1244 1545 1306 ad
1565 1245 1812 1327 perpetrandum
1828 1243 1988 1324 flagitium

449 1365 539 1427 aquae
550 1345 713 1418 lotionem,
726 1342 874 1405 videlicet
889 1361 980 1423 aquae
995 1340 1194 1404 lustrationis
1249 1342 1390 1424 aliquod,
1408 1351 1440 1405 et
1455 1342 1630 1424 presertim
1651 1344 1727 1405 dum
1750 1362 1859 1406 servus
1875 1352 1924 1405 cst
1944 1342 1991 1404 in-

448 1443 698 1526 adspersionem,
716 1461 779 1504 non
796 1441 880 1521 quod
898 1441 929 1501 in
947 1440 1068 1502 somnis
1085 1459 1194 1522 pecca·
1250 1459 1379 1502 nocens.
1407 1444 1577 1502 Habitabit
1602 1452 1703 1502 tecum
1729 1445 1765 1502 in
1790 1447 1855 1502 loco
1879 1444 1938 1521 qui
1960 1444 1991 1498 ei

446 1552 513 1605 tum
537 1541 587 1618 sit,
607 1541 661 1604 sed
682 1548 810 1623 propter
832 1539 1100 1620 significationem
1121 1558 1193 1620 quae
1244 1541 1420 1616 plecterit,
1439 1550 1469 1599 et
1490 1541 1526 1598 in
1549 1561 1618 1600 una
1638 1543 1771 1600 urbium
1792 1547 1926 1601 tuarum
1945 1561 1991 1598 re-

446 1641 524 1703 alihi
539 1659 622 1722 saepe
637 1658 785 1721 expressa
800 1647 857 1701 est.
1248 1639 1438 1716 quieseant
1450 1638 1482 1698 in
1494 1637 1564 1700 loco
1574 1637 1698 1700 munito
1709 1657 1838 1700 securus
1849 1638 1902 1714 sit,
1914 1657 1991 1719 quo

488 1741 625 1802 Habebis
650 1743 753 1798 tecam
774 1748 866 1799 entra
892 1748 1009 1808 castra,
1030 1741 1074 1797 ccl
1098 1758 1192 1816 quem
1248 1754 1349 1816 usque
1363 1735 1512 1797 dominus
1528 1735 1598 1815 ejus
1608 1735 1802 1812 mitescat,et
1817 1736 1990 1799 clementer

446 1840 624 1916 egrediaris
634 1840 678 1897 ad
689 1838 845 1915 requisita
860 1845 999 1905 naturae,
1011 1856 1126 1912 parens
1134 1857 1193 1914 pa·
1209 1837 1232 1897 B
1249 1832 1354 1914 ipsum
1378 1833 1518 1914 recipcre
1541 1833 1634 1907 velit3
1652 1841 1790 1916 tuncque
1811 1835 1989 1897 reddendus

446 1941 568 1998 aritium
584 1937 873 2014 baltechcumquc
882 1936 1012 2003 scalario,
1024 1935 1128 2010 fodies
1134 1955 1194 2011 per
1248 1941 1296 1993 est
1315 1932 1457 2009 domino,
1478 1952 1579 2013 quum
1599 1933 1641 1994 sil
1663 1933 1733 2013 ejus
1755 1933 1924 2014 possessio.
1941 1936 1990 1994 al'c

447 2036 796 2107 circuitum,etc9esto
814 2033 910 2090 burno
927 2031 1125 2108 aperiesque
1146 2053 1193 2091 rc·
1247 2033 1412 2091 contristcs
1433 2052 1519 2100 eram,
1535 2031 1612 2112 quia
1634 2030 1759 2094 afflicto
1785 2049 1848 2095 non
1871 2039 1920 2093 est
1939 2032 1990 2094 ad-

449 2139 571 2194 levatas
595 2152 637 2192 cs.
662 2129 717 2191 llic
748 2127 931 2211 praecipitur
962 2136 995 2189 ut
1023 2129 1063 2191 ad
1094 2149 1194 2193 seces·
1248 2128 1352 2190 denda
1376 2128 1523 2191 afflictio.
1541 2129 1636 2191 Porro
1660 2129 1745 2191 circa
1764 2129 1824 2192 boc
1848 2129 1990 2210 loquitur

447 2249 519 2293 sum
539 2229 625 2306 ituri,
638 2227 761 2290 exirent
780 2224 875 2289 etiam
894 2235 997 2288 castra
1017 2227 1139 2309 populi,
1162 2237 1194 2291 et
1248 2226 1442 2306 Augustinus
1460 2226 1646 2300 :Quomodo
1668 2228 1753 2290 istud
1775 2228 1892 2309 poterit
1911 2229 1992 2291 veri-

446 2337 553 2409 cgesta
568 2329 665 2390 lrumo
686 2325 847 2408 operirent
863 2325 896 2386 in
918 2325 987 2388 loco
1006 2325 1139 2403 effosso,
1152 2347 1192 2390 nc
1249 2325 1351 2402 ficari,
1378 2325 1440 2387 nisi
1466 2324 1682 2405 intelligamus
1707 2327 1774 2389 haec
1798 2327 1904 2407 juberi
1926 2345 1991 2390 non

445 2428 517 2491 aliis
535 2444 684 2488 nauscam
708 2422 860 2500 facerent,
879 2431 910 2485 et
929 2443 983 2486 aer
1006 2423 1193 2487 inficeretur
1249 2424 1303 2486 uui
1320 2424 1539 2506 personae,sed
1555 2424 1653 2506 plebi,
1667 2425 1711 2487 ita
1724 2427 1810 2506 quod
1826 2426 1907 2488 lleus
1922 2445 1992 2507 pro-

446 2526 570 2600 toetore,
597 2524 672 2605 quia
698 2531 773 2585 tunc
799 2522 832 2583 in
858 2521 1030 2584 solitudine
1055 2541 1192 2586 comma·
1247 2522 1353 2584 hibuit
1363 2521 1602 2602 confugientem
1613 2542 1740 2585 servum
1751 2543 1789 2586 ex
1803 2523 1992 2605 alienagen-

446 2625 575 2688 nebant.
593 2621 722 2702 Nempe,
749 2628 784 2681 ut
800 2620 941 2701 loquitur
956 2620 1075 2697 Glossa‚
1094 2622 1190 2684 etiam
1248 2628 1278 2682 te
1302 2621 1342 2682 ad
1367 2620 1522 2703 populum
1547 2620 1652 2697 lsrael,
1671 2622 1760 2684 reddi
1781 2622 1912 2686 domino
1932 2642 1992 2686 suo

445 2721 641 2804 corporalem
662 2717 852 2780 munditiam
878 2718 984 2799 diligit
999 2720 1092 2795 [leus
1119 2719 1191 2784 ideo
1246 2719 1434 2799 alienigenae
1449 2719 1489 2781 ab
1505 2719 1677 2782 israelitico
1692 2725 1792 2800 reget
1811 2721 1849 2782 Et
1864 2721 1925 2784 ista
1940 2741 1993 2784 ex-

445 2819 540 2902 jussit
556 2818 636 2881 nihil
652 2817 772 2880 loedum
789 2835 953 2878 remanere
970 2817 1003 2878 in
1015 2818 1192 2881 castrislle
1248 2819 1363 2900 positio
1374 2819 1478 2900 aptior
1488 2837 1557 2881 esse
1572 2818 1708 2894 videtur,
1718 2819 1744 2880 si
1761 2819 1865 2882 littera
1881 2820 1993 2884 debite

445 2919 542 3001 hujus
558 2915 708 2999 precepti
728 2914 831 2977 causis
853 2915 953 2976 multa
975 2915 1087 2978 scribit
1108 2916 1191 2980 Pari·
1248 2917 1448 2998 inspiciatur.

446 3017 561 3081 siensis
578 3015 659 3078 libro
670 3015 710 3077 de
720 3013 796 3075 Fide
811 3022 842 3076 et
856 3013 993 3093 legibuS,
1002 3034 1072 3096 quae
1086 3025 1190 3078 tamen
1208 3013 1230 3075 C
1287 3019 1361 3079 Non
1375 3018 1438 3075 erit
1453 3018 1607 3076 mercae·
1621 3020 1661 3075 de
1679 3018 1810 3094 filiabus
1825 3021 1942 3088 Israel,
1958 3018 1991 3081 id

446 3114 624 3180 virtualiter
650 3121 740 3175 tactae
765 3120 850 3188 sunt,
877 3118 908 3174 et
933 3111 1019 3174 infra
1044 3113 1076 3175 in
1104 3123 1190 3177 textu
1246 3122 1304 3191 cst,
1323 3114 1412 3176 nulla
1427 3113 1568 3176 filiarum
1583 3114 1676 3176 lsrael
1693 3133 1808 3196 corpus
1825 3135 1918 3177 suum
1935 3117 1993 3179 ha-

446 3313 564 3376 nebant
583 3310 639 3373 diu
660 3311 692 3372 in
719 3310 790 3373 loco
814 3310 924 3372 eodem
944 3327 950 3372 :
973 3312 1058 3393 quod
1085 3311 1190 3376 lacere
1246 3309 1398 3387 tum,imo
1414 3328 1472 3371 nec
1487 3307 1582 3370 alicui
1599 3308 1773 3388 illegitime
1787 3311 1910 3392 copule
1924 3331 1995 3374 car-

445 3428 509 3473 non
525 3409 680 3491 potuisset
702 3416 789 3469 tanta
810 3407 992 3484 multitudo,
1010 3409 1072 3471 nisi
1088 3411 1135 3472 eis
1150 3411 1190 3473 ab
1246 3408 1317 3482 nis3
1334 3427 1435 3486 neque
1448 3417 1603 3468 scortator
1616 3411 1656 3467 cte
1669 3411 1752 3484 filiis
1765 3412 1869 3470 Isset
1886 3429 1898 3470 .·
1913 3412 1995 3492 quia

444 3517 624 3590 cgestorum
645 3503 813 3570 'caveretur
839 3505 962 3568 foetore.
980 3507 1051 3568 Fuit
1071 3517 1102 3571 et
1127 3509 1189 3572 alia
1246 3515 1309 3568 tam
1327 3505 1412 3568 foeda
1426 3515 1521 3587 atque
1536 3505 1679 3568 enormia
1689 3505 1776 3583 vitia,
1785 3506 1995 3588 singulariter

444 3627 549 3684 causa,
567 3605 715 3668 videlicet
735 3605 912 3667 reverentia
934 3607 1111 3687 praesentias
1127 3627 1190 3669 ma·
1245 3606 1425 3668 indecentia
1449 3613 1482 3667 et
1506 3604 1617 3666 illicita
1637 3612 1712 3666 sunt
1736 3606 1854 3687 populo
1876 3627 1994 3671 verum

443 3704 566 3788 jestatis
586 3703 713 3766 divinae.
726 3703 813 3765 Unde
834 3702 1039 3783 subjungitur
1057 3722 1064 3765 :
1082 3709 1190 3767 Domi·
1246 3705 1342 3767 lleum
1364 3703 1493 3768 colenti.
1510 3705 1618 3784 ltaque
1642 3704 1816 3767 secundum
1839 3705 1994 3788 Augusti·

444 3827 507 3866 nus
530 3806 616 3864 enim
643 3806 728 3864 Deus
754 3812 829 3862 teus
852 3805 996 3862 crnbutat
1022 3805 1058 3864 irc
1085 3807 1188 3864 medio
1246 3823 1334 3880 num,
1351 3822 1407 3885 per
1423 3803 1519 3865 verba
1535 3802 1600 3864 haec
1616 3802 1720 3865 omnis
1736 3802 1923 3883 illegitimus
1941 3827 1995 3871 co-

444 3914 633 3974 castrorum,
653 3911 688 3961 ut
703 3911 796 3961 eruat
813 3911 852 3970 te,
872 3910 902 3960 et
919 3904 1027 3961 tradat
1047 3904 1107 3963 tibi
1128 3906 1190 3964 int·
1245 3903 1319 3979 itus,
1332 3903 1427 3964 etiam
1443 3900 1579 3982 simplex
1595 3899 1774 3978 fornicatio,
1787 3899 1991 3984 prohibetur.

445 4006 542 4064 mices
569 4011 649 4069 tuos,
671 3999 702 4061 id
728 4007 786 4076 est,
812 4000 950 4079 gratiose
970 4000 1069 4078 adest,
1086 4005 1190 4082 gradi·
1245 4004 1318 4064 Non
1334 4008 1443 4078 offeres
1458 4003 1631 4060 mercedem
1649 4003 1835 4076 prostibuli,
1851 4023 1908 4062 nec
1917 4025 1995 4080 pre-

445 4110 560 4181 turque
582 4097 748 4162 vobiscum
766 4117 773 4160 :
792 4116 855 4160 non
871 4098 957 4178 quod
982 4098 1050 4179 ipsc
1076 4100 1188 4164 localis
1245 4103 1328 4161 tium
1338 4102 1429 4161 canis
1440 4102 1475 4160 ba
1486 4103 1577 4160 domo
1588 4102 1649 4160 Dct
1660 4101 1721 4168 tei,
1729 4103 1891 4181 quidquid
1900 4105 1995 4166 itturt

444 4197 613 4261 mobilisve
633 4196 795 4272 consistat,
819 4196 873 4258 sed
896 4195 1018 4260 ratione
1039 4199 1087 4260 sui
1109 4198 1189 4264 olle·
1205 4199 1288 4261 [lest
1302 4204 1387 4281 quod
1398 4197 1571 4267 voveris,id
1587 4205 1645 4275 est,
1659 4198 1901 4263 nullumvotum
1914 4222 1994 4284 per-

443 4305 524 4374 ctuS,
537 4303 569 4358 ct
584 4314 640 4377 per
656 4293 899 4356 similitudinem
915 4295 1020 4376 operis
1038 4298 1100 4359 sibi
1113 4298 1188 4361 talia
1243 4299 1347 4362 solves
1372 4299 1412 4361 de
1433 4297 1579 4360 mercede
1601 4295 1783 4377 prostibuli,
1807 4308 1862 4359 aut
1883 4303 1992 4381 pretio

441 4395 676 4470 adscribuntur,
698 4392 774 4474 quia
790 4393 1068 4474 progredientibus
1094 4398 1187 4460 ubili-
1242 4397 1341 4460 canis.
1358 4397 1507 4471 Quamvis
1532 4395 1618 4458 enim
1643 4397 1793 4458 meretrix
1815 4408 1937 4479 peccet,
1956 4421 1993 4464 sc

442 4494 495 4556 bet
510 4491 622 4568 adfuit,
633 4499 728 4572 atque
739 4491 771 4552 in
782 4491 937 4554 bonorum
954 4493 1105 4556 cordibus
1122 4515 1187 4558 mo·
1242 4515 1300 4579 pro
1316 4497 1461 4558 mercede
1476 4495 1707 4577 prostituendo,
1725 4504 1904 4560 nontamen
1916 4519 1993 4581 pec-

442 4591 580 4654 rabatur.
604 4589 789 4672 specialiter
809 4608 935 4670 quoque
950 4591 1067 4654 dicitur
1084 4593 1183 4672 istud,
1241 4602 1292 4657 cat
1307 4595 1395 4656 illam
1409 4592 1607 4676 accipiendo,
1621 4611 1679 4654 nec
1694 4593 1733 4654 ad
1748 4578 1987 4660 restitutionem

441 4689 591 4771 quoniam
615 4686 854 4750 tabernaculum
870 4687 924 4751 Dei
945 4687 1007 4751 luit
1030 4690 1062 4752 in
1079 4694 1185 4756 medio
1241 4692 1524 4756 tenetur.Ecclesia
1535 4710 1610 4756 vcro
1620 4691 1756 4773 despicit
1773 4693 1834 4755 tale
1844 4695 1988 4775 pretium

441 4788 603 4870 populi,et
618 4786 651 4848 in
668 4785 870 4849 tabernaculo
887 4785 1106 4851 illollominus
1118 4810 1185 4872 spe·
1241 4793 1302 4854 sibi
1325 4790 1451 4868 offerri,
1469 4809 1509 4852 ne
1528 4790 1674 4853 videatur
1694 4791 1885 4872 turpitudini
1906 4813 1990 4858 con·

442 4887 566 4949 cialiter
581 4883 745 4960 habitavit,
758 4885 930 4966 operando,
947 4889 1140 4968 apparendo,
1153 4899 1185 4952 et
1240 4891 1369 4966 sentire,
1387 4898 1418 4952 ct
1434 4898 1563 4971 propter
1578 4889 1732 4952 vilitatem
1747 4910 1783 4953 ac
1804 4889 1986 4956 foeditatem

442 4984 638 5048 exaudiendo
650 4983 769 5046 ibidem
779 4983 930 5064 apertius.
948 4985 1026 5047 llinc
1043 4990 1183 5052 secundo
1239 4987 1424 5070 hujusmodi
1444 4988 1537 5050 lucri.
1554 4987 1630 5050 Nam
1650 4996 1682 5050 et
1701 4987 1741 5050 ab
1762 4990 1850 5051 omni
1875 4994 1988 5073 speeie

294 5086 426 5144 liber-rub
441 5085 561 5162 Regum
579 5081 728 5144 Dominus
748 5080 792 5142 ait
814 5099 820 5144 :
839 5082 1006 5147 Ambulavi
1028 5084 1060 5146 in
1083 5086 1184 5149 taber-
1239 5086 1314 5149 mali
1340 5094 1497 5169 praecavet
1521 5086 1594 5148 sibi.
1621 5087 1727 5162 Porro,
1750 5089 1835 5168 quod
1858 5088 1988 5154 dictum

440 5181 554 5244 naeulo
570 5187 601 5242 et
617 5179 650 5240 in
667 5178 814 5257 tentorio,
826 5198 882 5261 per
897 5191 1011 5244 cuncta
1027 5183 1182 5266 locaque
1239 5194 1298 5262 est,
1312 5194 1346 5248 ut
1361 5185 1498 5267 pretium
1514 5184 1603 5247 canis
1619 5204 1683 5248 non
1698 5184 1864 5263 offeratur,
1875 5188 1987 5269 Augu-

439 5279 572 5344 transivi
588 5297 660 5341 cum
676 5277 824 5340 omnibus
843 5279 920 5341 liliis
941 5280 1046 5344 lsrael.
1062 5285 1101 5345 Ut
1114 5286 1181 5344 sint
1239 5283 1342 5346 stinus
1357 5291 1476 5347 etcum
1492 5291 1662 5364 sequentes
1680 5292 1842 5366 exponunt
1862 5287 1903 5350 de
1918 5290 1988 5371 pri-
