4309 6259
434 458 493 522 704
854 478 1031 524 aaruocarro
1052 478 1084 524 us
1107 478 1357 527 amuaraueuurr.
1380 500 1421 511 -
1441 482 1511 533 aar,
1536 482 1554 526 v

431 646 510 710 lium
527 656 616 709 tuum
631 649 840 730 unigenitum,
849 669 943 731 quem
955 650 1073 731 diligis,
1082 651 1174 722 lsaac,
1191 646 1217 709 Α
1272 650 1460 714 Distinctum
1476 661 1580 715 autem
1597 661 1666 715 erat
1684 652 1924 716 tabernaculum
1939 652 1975 714 in

431 753 463 808 et
473 746 592 809 offeres
605 746 696 810 illum
709 749 790 811 mibi
803 750 837 811 in
850 750 1069 813 holocaustum
1082 767 1178 831 super
1231 748 1310 810 duas
1326 759 1441 829 partes,
1455 769 1590 831 quarum
1607 770 1670 813 una
1683 750 1846 814 dicebatur
1861 749 1977 813 Sancta
2012 771 2127 817 neum.

430 864 530 907 unum
546 846 701 908 montium
714 866 809 928 quem
825 848 1009 910 monstrabo
1024 847 1176 909 tibiNam
1231 856 1425 925 sanctorum,
1442 868 1513 930 quae
1533 858 1600 912 erat
1618 851 1657 912 ad
1675 849 1872 913 occidentem
1886 873 1894 923 3
1912 849 1976 911 alia
1991 835 2009 880 ²
2022 838 2042 875 ³·

431 944 583 1024 quamdiu
609 944 643 1005 in
667 946 802 1008 desertis
824 946 1039 1021 morabantur,
1056 953 1174 1009 certam
1232 943 1292 1006 fuit
1316 965 1427 1009 versus
1451 947 1617 1024 orientem,
1638 947 1873 1028 vocabaturque
1899 947 1976 1009 San-

430 1042 630 1105 mansionem
642 1062 704 1107 non
716 1043 881 1107 habebant.
889 1045 1092 1108 Postmodum
1102 1062 1176 1125 quo·
1230 1052 1300 1119 cta;
1318 1054 1349 1108 et
1365 1046 1448 1107 intra
1465 1046 1703 1109 tabernaculum
1721 1046 1825 1109 fuerat
1842 1046 1972 1109 atrium.

430 1160 494 1222 que
504 1142 664 1205 habebant
675 1143 762 1205 varia
775 1143 929 1219 loca,cum
943 1143 1092 1206 finitimis
1102 1162 1176 1224 gen·
1229 1142 1495 1217 Quemadmodum
1507 1163 1579 1208 vero
1589 1146 1694 1207 unitas
1707 1144 1815 1227 templi
1827 1145 1975 1224 signabat

294 1240 535 1315 111n00.1v‚tibus;
562 1243 618 1304 sed
642 1250 786 1324 tempore
812 1242 990 1305 Salomonis
1015 1241 1176 1305 habebant
1231 1241 1382 1305 unitatem
1400 1243 1454 1306 Dei
1470 1252 1566 1326 atque
1581 1242 1794 1319 Ecclesiae,ita
1809 1243 1974 1305 distinctio

283 1319 414 1369 ’ΨΜ
430 1339 665 1420 quietissimum
676 1348 805 1417 statum,
819 1349 850 1403 et
865 1341 936 1403 idco
951 1348 1026 1403 tunc
1042 1358 1175 1419 congru·
1231 1340 1352 1421 templi,
1369 1340 1607 1405 distinctionem
1628 1340 1875 1423 representabat
1888 1360 1974 1403 crea-

429 1445 519 1501 cnter
535 1437 623 1501 locus
638 1437 749 1519 templi
766 1437 946 1519 publicatus
962 1446 1020 1500 est.
1039 1438 1071 1500 Si
1087 1437 1172 1500 enim
1228 1444 1371 1502 terarum
1383 1439 1444 1514 Dei,
1454 1458 1492 1503 ex
1502 1440 1620 1521 quibus
1633 1440 1674 1502 ad
1686 1440 1740 1503 Dei
1755 1440 1973 1520 cognitionem

428 1544 502 1599 aute
517 1536 721 1613 innotuisset,
731 1535 866 1598 fuissent
881 1536 953 1599 lites
965 1545 997 1599 et
1010 1536 1114 1617 jurgia
1128 1536 1174 1598 in·
1227 1538 1433 1617 assurgimus.
1451 1538 1524 1601 Pars
1540 1556 1701 1620 ergaque
1715 1537 1829 1602 Sancta
1852 1548 1975 1601 sancto

409 1688 411 1692 ,
428 1642 476 1697 ter
499 1635 612 1712 tribus,
629 1654 701 1717 quae
718 1636 822 1699 locum
843 1635 934 1696 illum
950 1634 1056 1697 sortiri
1073 1634 1173 1717 adipi·
1228 1654 1297 1697 rum
1310 1644 1449 1713 vocatur,
1460 1636 1619 1718 figurabat
1631 1636 1797 1719 spirituale
1807 1636 1971 1713 seculum,

427 1734 538 1815 solque
553 1734 720 1815 potuisset,
739 1742 774 1796 ut
787 1733 888 1797 llabbi
908 1733 1027 1816 Moyses
1044 1733 1169 1796 asserit.
1227 1734 1321 1797 idest
1336 1744 1452 1797 statum
1470 1735 1685 1817 spiritualium
1701 1735 1970 1808 substantiarum

426 1831 514 1894 Unde
535 1850 617 1911 rege,
635 1832 728 1914 cujus
743 1832 880 1894 maxima
895 1840 943 1895 est
958 1840 1109 1913 potestaS,
1125 1850 1172 1912 re·
1190 1831 1300 1915 Bpars
1321 1842 1428 1897 autem
1449 1854 1520 1916 quaa
1537 1834 1651 1897 &ncta
1675 1835 1801 1910 dicitur,
1821 1834 1971 1915 figuravit

425 1939 553 2009 gnante,
564 1931 619 2011 qui
632 1931 742 2013 populi
755 1931 826 1993 lites
840 1948 1043 2011 compescere
1053 1930 1169 2012 potnit,
1227 1934 1381 1995 mundum
1405 1933 1601 1997 sensibilem.
1619 1933 1709 1995 Unde
1724 1952 1785 1995 una
1802 1953 1877 2015 pars
1892 1934 1972 1996 divi-

425 2028 507 2091 Deus
523 2030 627 2093 locum
643 2032 683 2092 ad
699 2028 926 2092 aedificandum
941 2030 1093 2092 ostendit.
1226 2030 1360 2094 debatur
1374 2032 1415 2095 ab
1430 2031 1493 2095 alia
1507 2032 1646 2113 quodam
1663 2031 1744 2108 velo,
1756 2031 1969 2114 quadriformi
1985 2054 2117 2097 emam
2146 2090 2147 2097 ,

467 2127 680 2211 spiritualiter
701 2147 829 2209 quoque
850 2146 907 2209 per
930 2127 1170 2190 tabernaculum
1224 2131 1331 2193 colore
1353 2131 1514 2208 distincto,
1532 2149 1588 2213 per
1603 2131 1689 2212 quod
1705 2138 1841 2212 quatuor
1857 2131 1969 2193 mundi
1984 2120 2024 2224 {2²
2048 2132 2118 2162 ¹¹⁸¹·
2146 2128 2147 2177 ἒ

425 2228 511 2307 quod
533 2226 680 2309 portatile
700 2235 778 2303 erat,
796 2225 995 2305 figurabatur
1010 2234 1110 2315 status
1127 2227 1171 2291 vi·
1225 2228 1382 2292 elementa
1397 2228 1681 2309 significabantur:
1696 2228 1845 2292 videlicet
1860 2229 1968 2311 bysso,

425 2334 465 2388 tae
490 2325 665 2407 praesentis,
689 2325 744 2407 qui
770 2333 910 2387 mutatur
934 2324 1098 2403 continuo,
1119 2326 1169 2388 vcl
1224 2346 1288 2409 quo
1303 2328 1487 2409 designatur
1504 2336 1606 2390 terra:
1625 2326 1737 2410 byssus
1752 2326 1839 2390 enim
1858 2346 1914 2390 seu
1930 2326 1969 2389 li-

425 2423 494 2505 ipse
516 2432 616 2486 status
638 2424 821 2506 Synagogae.
839 2423 895 2486 Per
916 2424 1071 2505 templum
1093 2442 1168 2487 vero
1225 2444 1300 2487 num
1323 2426 1362 2488 de
1385 2434 1468 2488 terra
1489 2426 1650 2501 exeritur,
1668 2444 1819 2507 purpura,
1842 2442 1907 2507 quo
1929 2426 1970 2486 si-

425 2522 611 2602 signabatur
626 2529 726 2585 status
742 2522 928 2603 patriae,qui
944 2540 1069 2604 semper
1085 2522 1169 2585 fixus
1223 2531 1339 2604 guatur
1365 2543 1447 2605 aqua
1471 2550 1479 2601 3
1504 2523 1687 2606 hyacintho,
1715 2542 1779 2604 quo
1809 2522 1969 2604 figuratur

424 2630 457 2685 et
471 2621 596 2685 stabilis
611 2629 803 2703 perseverat,
813 2621 863 2684 vel
880 2620 1053 2683 christiana
1063 2621 1169 2684 Eccle-
1224 2641 1287 2699 aer,
1305 2622 1381 2704 quia
1396 2640 1523 2685 aereum
1540 2622 1636 2684 babet
1651 2622 1809 2696 colorem,
1827 2630 1859 2684 et
1873 2640 1969 2684 cocco

425 2721 563 2803 sia,quae
578 2738 680 2802 usque
696 2719 728 2781 in
746 2718 846 2781 finem
863 2719 969 2781 saeculi
986 2738 1049 2783 non
1066 2738 1169 2783 cessa-
1224 2721 1274 2783 bis
1300 2721 1408 2799 tincto,
1434 2739 1498 2801 quo
1521 2720 1605 2799 ignis
1631 2720 1784 2799 signatur.
1812 2720 1908 2783 Porro
1933 2721 1968 2782 in

424 2821 481 2883 bit.
500 2820 629 2902 Propter
650 2819 735 2900 quod
762 2818 794 2880 in
819 2818 1032 2881 edificatione
1055 2820 1166 2902 templi
1224 2820 1533 2883 sanctasanctorum
1551 2836 1613 2881 non
1631 2817 1785 2894 introivit,
1805 2818 1865 2879 nisi
1883 2838 1969 2881 sum·
2146 2890 2147 2895 ἵ

282 2936 408 2986 reuma.
424 2938 488 2983 nou
505 2918 692 2983 audiebatur
708 2917 831 2980 sonitus
847 2917 964 2993 mallei,
982 2916 1090 2998 quiaa
1107 2926 1168 2981 sta-
1224 2939 1294 2981 mus
1316 2919 1473 2993 sacerdoS,
1495 2926 1526 2979 et
1547 2918 1608 2980 boc
1631 2917 1728 2979 semel
1752 2917 1785 2978 in
1807 2936 1903 2995 anno,
1926 2919 1968 2980 ad
1983 2936 2114 2978 acanus,
2146 2950 2147 2971 2

426 3027 458 3080 tu
473 3017 582 3080 futuro
597 3016 702 3080 omnis
718 3015 912 3078 turbulentia
927 3014 1054 3097 penitus
1065 3017 1164 3079 deest.
1185 3018 1207 3081 C
1223 3017 1429 3099 figurandum
1459 3016 1541 3079 banc
1570 3035 1639 3079 esse
1663 3016 1802 3079 bominis
1833 3014 1966 3079 finalem
1982 3034 2114 3081 ammas.
2146 3010 2147 3091 ,

288 3123 407 3176 ledat,
422 3117 563 3180 Gentiles
584 3134 723 3198 quoque,
741 3113 888 3177 videlicet
903 3112 989 3195 Tyrii
1010 3122 1107 3196 atque
1122 3116 1167 3179 Si·
1221 3116 1507 3200 perfectionem‚ut
1522 3114 1740 3177 introducatur
1756 3115 1788 3176 in
1806 3114 1887 3177 illud
1904 3116 1967 3198 spi·

275 3190 309 3230 ’θ’
422 3215 522 3292 donli,
546 3213 798 3297 cooperabantur
821 3215 861 3276 ad
886 3213 1067 3294 templum:
1090 3215 1180 3296 quia.
1221 3215 1334 3278 rituale
1356 3213 1506 3277 saeculum
1530 3213 1744 3295 spiritualium
1770 3214 1966 3277 substantia·
2146 3238 2147 3301 t

422 3314 562 3378 Ecclesia
576 3312 773 3394 exgentibus
785 3312 941 3374 etludaeis
956 3312 1089 3375 collecta
1104 3322 1163 3376 est.
1221 3332 1302 3375 rum.
1312 3314 1358 3376 Ad
1375 3310 1613 3373 tabernaculum
1629 3330 1704 3374 vero
1719 3311 1964 3394 exterius,quod

421 3413 522 3476 Causa
536 3420 642 3475 autem
664 3409 795 3473 unitatis
816 3409 1012 3473 tabernaculi
1032 3420 1066 3473 et
1088 3420 1166 3475 tom·
1220 3412 1334 3475 Sancta
1353 3410 1481 3486 dicitur,
1499 3410 1674 3473 iritroibant
1694 3410 1838 3492 quotidie
1861 3430 2113 3483 sacer-mama.
2146 3422 2147 3471 t

421 3512 467 3593 pli
490 3511 562 3588 fuit,
581 3520 615 3573 ut
634 3509 772 3593 populus
788 3508 972 3571 firmaretur
992 3509 1025 3570 in
1050 3510 1164 3574 notitia
1220 3512 1325 3573 dotes:
1338 3510 1532 3591 quiacorum
1547 3508 1609 3571 fuit
1625 3508 1806 3590 spirituales
1822 3510 1965 3573 rationes

421 3611 517 3673 unius
532 3610 598 3686 Dei,
614 3618 710 3689 atque
725 3608 765 3671 ab
781 3607 969 3671 infidelibus
990 3608 1164 3690 distingue·
1219 3608 1449 3672 sacrificiorum
1465 3626 1667 3688 cognoscere,
1684 3617 1779 3689 atque
1795 3610 1898 3687 magis
1913 3628 1963 3672 ex-

420 3707 664 3773 retur.Gentiles
676 3707 762 3769 enim
778 3706 873 3768 idolis
888 3705 955 3769 suis
971 3707 1072 3769 multa
1089 3717 1164 3771 tem'-
1219 3707 1361 3789 plicitam
1377 3707 1417 3769 dc
1431 3705 1556 3768 Christo
1572 3704 1669 3769 fidem
1685 3706 1963 3789 babere.Populus

419 3808 474 3889 pla
499 3806 686 3869 fundabant.
706 3803 848 3885 Denique
872 3805 935 3866 alia
959 3806 1040 3869 ratio
1065 3807 1162 3889 hujus
1218 3825 1294 3873 vero
1305 3804 1540 3886 ingrediebatur
1550 3804 1749 3869 solummodo
1760 3806 1961 3871 atriumNon

420 3906 492 3968 fuit.
509 3905 617 3969 Voluit
631 3903 717 3968 enim
733 3903 885 3966 Dominus
900 3904 1077 3982 ostendere,
1096 3924 1163 3969 cor·
1218 3906 1303 3969 enim
1319 3902 1533 3986 spiritualium
1549 3921 1648 3985 capax
1664 3902 1735 3981 fuit,
1746 3905 1800 3967 sed
1817 3924 1964 3988 corpora-

419 4004 560 4087 poralem
576 4003 695 4065 cultum
712 4001 773 4064 sibi
790 4002 965 4064 secuudum
981 4022 1015 4065 se
1031 4021 1096 4066 non
1115 4024 1162 4067 es·
1219 4003 1260 4066 lia
1280 4004 1442 4066 dumtaxat
1463 4000 1621 4064 sacrificia
1641 4002 1865 4065 consideravit.
1883 4005 1964 4068 Ado

418 4124 452 4166 se
477 4103 666 4185 placentem,
693 4109 725 4163 et
748 4117 823 4180 ergo
848 4100 951 4164 noluit
977 4101 1069 4163 illum
1099 4102 1160 4164 sibi
1219 4101 1331 4164 rabant
1354 4118 1482 4182 quoque
1504 4099 1602 4162 Judaei
1628 4101 1666 4162 ad
1692 4101 1902 4179 occidentem,
1919 4104 1961 4165 ad

418 4200 537 4285 passim
552 4208 584 4262 et
599 4198 719 4281 ubique
733 4198 886 4280 impendi.
896 4198 1006 4261 Cultus
1016 4218 1092 4263 vero
1108 4219 1162 4265 no
1177 4200 1202 4263 b
1217 4199 1444 4263 excludendam
1459 4196 1806 4263 idololatriamflmnes
1821 4218 1963 4282 namque

416 4319 464 4365 vae
486 4299 576 4380 legis,
594 4306 642 4361 est
664 4298 838 4361 secundum
861 4316 895 4360 se
918 4298 979 4360 Deo
998 4308 1158 4380 acceptus,
1217 4298 1390 4362 idololatra
1405 4297 1963 4382 adorabantversusorientem,pro

416 4398 492 4481 quia
521 4398 555 4460 in
579 4396 648 4477 ejus
678 4395 838 4459 sacrificio
859 4396 1042 4460 continetur
1067 4397 1159 4461 Chri·
1216 4406 1287 4479 pter
1308 4395 1518 4459 reverentiam
1541 4395 1628 4458 solis.
1646 4396 1735 4460 Ratio
1754 4405 1860 4460 autem
1877 4397 1962 4479 figu-

415 4507 494 4574 stus‚
512 4497 568 4579 qui
589 4504 638 4559 est
658 4495 801 4558 omnium
824 4495 1000 4574 gratiarum
1017 4496 1107 4575 origo
1129 4507 1160 4562 et
1217 4495 1291 4557 ralis
1316 4502 1391 4557 est:
1419 4513 1491 4556 nam
1518 4492 1687 4557 universus
1715 4503 1813 4557 status
1842 4496 1960 4578 prioris

417 4596 514 4657 finis:
532 4594 650 4658 idcirco
672 4593 704 4655 in
729 4612 811 4657 novo
827 4593 1028 4657 Testamenta
1046 4596 1159 4660 altaria
1215 4591 1638 4669 tabernaculi‚ordinabatur
1653 4594 1692 4655 ad
1708 4593 1958 4673 significandum

415 4693 670 4775 multiplicantur
685 4701 717 4754 et
731 4691 860 4773 templa.
873 4690 1037 4754 llabebant
1053 4702 1158 4758 tamen
1215 4700 1348 4755 mortem
1370 4690 1497 4767 Christi,
1514 4710 1585 4772 quaa
1606 4710 1664 4773 per
1685 4709 1830 4755 occasum
1854 4694 1959 4774 signa·
2146 4746 2147 4775 ,

412 4791 511 4855 ludaei
523 4789 876 4873 synagogasinquibus
892 4790 1090 4871 spiritualem
1103 4794 1157 4856 Ilei
1216 4791 1382 4871 tur,juxta
1406 4789 1485 4851 illud
1511 4788 1544 4850 in
1567 4790 1711 4854 Psalmo:
1729 4791 1786 4865 Oui
1812 4794 2104 4863 aseenditrmr-ls.
2146 4802 2147 4887 p

413 4888 533 4951 cultum
557 4896 699 4967 egerunt,
716 4887 857 4950 vacando
878 4887 1026 4951 laudibus
1042 4890 1108 4967 Dei,
1126 4900 1158 4953 et
1214 4908 1309 4971 super
1323 4907 1482 4965 occasum,
1499 4888 1651 4951 Dominus
1667 4908 1783 4953 nomen
1798 4890 1858 4953 illi.

413 4986 542 5050 lectioni
562 4986 791 5067 Prophetarum
807 5004 844 5047 ac
860 4984 950 5065 legis.
968 4984 1025 5048 Per
1046 4988 1158 5068 praedi-
1259 4988 1293 5049 ln
1320 4986 1523 5050 tabernaculo
1549 4995 1655 5050 autem
1685 4987 1840 5066 interiori,
1868 4992 1957 5072 quod

412 5096 497 5149 ctam
518 5103 593 5150 vero
616 5084 782 5159 unitatem,
800 5083 977 5162 figuraliter
1001 5095 1157 5149 monstra·
1213 5086 1326 5149 Sancta
1356 5091 1535 5148 sanctorum
1566 5094 1706 5163 vocatur,
1732 5087 1957 5152 continebatur

412 5185 505 5248 batur
518 5184 623 5247 unitas
638 5182 806 5247 militantis
817 5201 853 5245 ac
863 5182 1092 5265 triumphantis
1103 5186 1158 5250 Ec·
1212 5203 1284 5247 arca
1299 5183 1491 5261 testamenti,
1504 5182 1624 5247 babens
1640 5204 1767 5247 auream
1783 5205 1908 5263 urnam,
1920 5188 1954 5250 in
1971 5207 2101 5258 aeuus.

409 5286 527 5352 clesiae.
1085 5344 1088 5347 .
1213 5303 1275 5366 qua
1290 5291 1357 5349 crat
1372 5292 1542 5361 manna,et
1557 5284 1647 5364 virga
1661 5283 1763 5349 Aaron
1779 5304 1850 5367 quaa
1866 5286 1956 5351 fron-
