4309 6259
440 494 499 556 libi
787 505 961 553 susannam
983 507 1013 551 m
1034 506 1104 551 aar.
1126 504 1158 549 nr
1179 503 1413 550 namrnououn.
1436 524 1477 533 -
1497 506 1568 551 aar.
1592 505 1635 550 ιιι

441 699 505 743 non
527 680 615 742 dedit
635 678 726 743 vobis
746 678 898 741 Dominus
923 695 977 739 cor
1000 675 1183 755 intelligens
1197 671 1223 733 A
1237 672 1270 733 in
1287 682 1369 735 terra
1384 675 1540 757 promissa
1550 675 1663 751 fames,
1675 675 1823 737 similiter
1837 682 1980 755 tempore

439 788 471 842 et
495 778 604 843 oeulos
633 778 777 841 videntes
807 775 964 858 usquein
995 780 1182 856 prasentem
1235 770 1328 847 lsaae,
1338 774 1562 854 propterquod
1573 773 1731 835 Abrabam
1748 771 1879 836 intravit
1889 773 1980 852 AEgy-
1999 781 2108 825 Gemma

441 878 536 940 diem.
1238 878 1340 951 ptum,
1361 878 1393 933 et
1413 870 1498 934 lsaac
1519 871 1728 934 Palaestinam.
1749 870 1831 933 Dicit
1852 848 2073 952 quoque¹¹'¹'¹'

482 981 580 1038 Tarra
602 977 690 1036 caim
712 978 755 1035 arl
779 995 877 1053 quarn
900 973 1095 1049 ingrediaris
1112 990 1185 1047 pos·
1238 969 1322 1049 quod
1346 970 1502 1051 expositio
1527 989 1623 1051 quam
1645 971 1725 1052 Lyra
1747 969 1902 1032 adscribit
1926 969 1981 1031 lle

437 1078 619 1146 ridendam,
636 1084 761 1135 nonest
779 1074 863 1133 sicat
885 1082 971 1131 tarra
986 1073 1126 1147 AEqypa'
1145 1071 1185 1128 da
1237 1066 1342 1146 brais,
1365 1069 1406 1130 sit
1428 1068 1527 1132 llabbi
1550 1068 1726 1131 Salomonis
1751 1068 1872 1145 solius;
1895 1068 1981 1130 addit

439 1195 505 1253 qua
524 1174 632 1235 rafsti.
650 1172 735 1233 lstud
759 1170 934 1233 secundum
957 1168 1114 1249 quosdam
1137 1166 1186 1227 in·
1239 1167 1346 1242 otiam,
1363 1167 1449 1247 quod
1465 1176 1548 1229 terra
1562 1166 1687 1249 AEgypti
1706 1176 1910 1249 comparatur
1928 1186 1981 1249 pa-

440 1271 577 1347 duoitur,
594 1270 633 1333 ad
650 1268 877 1331 insinuandum
898 1267 983 1350 quod
1004 1274 1089 1328 terra
1107 1264 1186 1327 Cha·
1241 1265 1346 1328 radiso
1361 1265 1395 1326 in
1411 1264 1594 1346 scripturis.

441 1388 523 1432 naan
550 1388 613 1432 non
637 1368 699 1429 fuit
723 1376 787 1430 tam
809 1368 894 1429 bona
915 1374 946 1428 et
968 1363 1135 1428 fructifera
1149 1382 1186 1425 ac
1279 1355 1490 1437 Quidhorum
1507 1364 1612 1426 verius
1633 1364 1685 1440 sit,
1702 1372 1823 1427 certum
1844 1382 1910 1426 non
1932 1364 1982 1425 ba-

441 1467 608 1530 abundans
624 1475 659 1528 ut
674 1474 756 1529 terra
772 1464 1004 1547 AEgyptiDnde
1018 1462 1104 1544 quod
1116 1461 1187 1523 sub
1241 1462 1316 1524 beo:
1330 1463 1394 1525 imo
1410 1462 1663 1543 recordor,quod
1674 1462 1754 1544 Lyra
1767 1462 1845 1524 alibi
1862 1462 1981 1538 scribit,

443 1567 614 1643 diiuncta
628 1566 718 1643 jacto
739 1566 859 1623 semine
881 1564 916 1622 in
939 1566 1105 1622 hortorum
1126 1578 1188 1619 mo
1240 1561 1409 1643 AEgyptum
1429 1580 1499 1622 esse
1518 1569 1551 1622 ot
1572 1560 1671 1623 fuisse
1693 1559 1883 1623 fertiliorem
1903 1568 1984 1622 terra

443 1686 517 1733 rem,
528 1685 620 1744 aqma
630 1666 798 1723 ducantur
807 1663 952 1738 iniquae,
960 1660 1005 1722 sio
1016 1665 1185 1740 exponunt
1241 1658 1484 1741 promissionis3
1507 1658 1621 1721 asserit
1644 1678 1773 1741 quoque
1794 1678 1828 1721 se
1850 1659 1912 1722 boo
1932 1678 1985 1720 au·

442 1763 528 1844 quod
539 1760 753 1842 terrarllgvpti
771 1757 859 1821 facili
875 1758 982 1821 labore
998 1756 1188 1819 fecundatur
1241 1758 1326 1821 disse
1340 1757 1380 1820 ab
1395 1757 1441 1819 eis
1457 1758 1512 1839 qui
1528 1765 1696 1839 utramque
1711 1756 1872 1820 viderunt.
1889 1757 1985 1837 Argu-

442 1869 537 1943 atque
554 1858 740 1935 fructificat,
757 1857 909 1939 quoniam
926 1875 963 1919 ex
978 1855 1113 1919 diversis
1125 1875 1188 1917 me·
1202 1854 1225 1915 D
1241 1865 1384 1919 mentum
1398 1862 1503 1918 autem
1516 1855 1615 1917 Rabbi
1630 1854 1717 1917 Pauli
1734 1875 1845 1938 parum
1861 1857 1985 1919 conclu-

441 1959 548 2021 atibus
563 1977 599 2020 ac
615 1956 727 2019 fluviis
742 1956 804 2017 Nili
821 1956 951 2035 rigatur.
969 1954 1094 2017 Leviter
1108 1972 1188 2034 quo
1240 1955 1297 2015 dit.
1310 1954 1386 2015 Nam
1402 1953 1547 2033 quamvis
1563 1953 1659 2015 certis
1675 1953 1873 2035 temporibus
1890 1954 1983 2017 fuerit

441 2076 503 2139 que
524 2064 652 2138 paratur
672 2055 711 2116 ad
732 2053 966 2129 seminandum,
983 2052 1188 2133 quemadmo
1240 2053 1367 2115 caristia
1383 2051 1416 2113 in
1433 2052 1986 2133 terrapromissionisoxhoctamen

441 2158 517 2219 dum
534 2152 574 2215 fit
589 2154 622 2215 in
639 2152 750 2215 hortis.
764 2154 829 2214 Sed
840 2161 1009 2212 montuosa
1024 2161 1080 2221 est,
1090 2149 1123 2212 id
1138 2157 1188 2211 est
1243 2170 1306 2214 non
1324 2151 1479 2231 sequitur,
1497 2151 1575 2231 quin
1597 2158 1681 2213 terra
1699 2150 1755 2213 illa
1774 2150 1986 2213 communiter

442 2252 604 2318 montibus
630 2252 735 2333 plena,
761 2261 791 2311 et
815 2252 1012 2327 campestris,
1039 2248 1188 2311 videlicet
1241 2257 1273 2312 et
1288 2268 1326 2311 ex
1341 2268 1398 2310 sua
1418 2257 1531 2311 natura
1550 2257 1651 2311 exstat
1671 2248 1788 2311 fertilis
1809 2248 1914 2311 valde.
1931 2249 1986 2311 l'c

442 2351 616 2415 arabilibus
641 2348 789 2425 vallibus,
813 2352 853 2409 dc
872 2352 947 2409 coelo
970 2365 1062 2409 aereo
1083 2367 1188 2424 exspe-
1242 2347 1789 2428 rumtamenScripturisconsonum
1801 2348 1903 2427 magis
1918 2367 1986 2410 esse

442 2460 533 2512 ctam
544 2447 773 2529 ptavr'as,quia
784 2466 822 2509 ex
836 2444 987 2507 imbrium
1004 2444 1188 2524 irrigatione
1241 2446 1473 2527 apparetquod
1489 2454 1571 2508 terra
1587 2446 1743 2527 promissa
1759 2445 1821 2508 fuit
1836 2445 1982 2509 fertilior.

446 2549 485 2611 fit
506 2546 623 2609 fertilis
642 2564 649 2608 :
667 2546 776 2627 sieque
798 2565 835 2608 ex
855 2544 1037 2627 pluviarum
1060 2542 1187 2605 defectu
1242 2545 1319 2607 Nam
1335 2552 1367 2607 et
1382 2543 1415 2605 in
1430 2543 1594 2607 Ezechiele
1609 2552 1739 2607 vocetur
1758 2544 1904 2607 omnium
1927 2554 1985 2608 ter-

399 2644 403 2653 ’
444 2654 500 2709 aut
515 2645 754 2728 importunitate
776 2652 879 2725 potest
894 2643 964 2723 ejus
980 2640 1188 2704 fructificatio
1243 2662 1347 2704 rarum
1378 2641 1549 2723 precipua,
1575 2651 1607 2704 et
1631 2642 1715 2704 inter
1743 2661 1854 2706 omnes
1886 2652 1983 2707 terras
2008 2666 2108 2709 aman.

445 2744 593 2827 impediri
606 2768 613 2817 ;
631 2765 729 2823 qaam
744 2745 903 2805 Dominus
917 2745 1002 2802 Deus
1024 2751 1098 2801 tuas
1111 2761 1189 2799 sem·
1241 2740 1378 2821 egregia.
1405 2741 1448 2802 De
1471 2759 1535 2820 qua
1556 2740 1622 2820 jam
1643 2758 1740 2821 supra
1765 2739 1886 2803 dictum
1908 2752 1955 2805 est
1972 2762 1979 2805 :
1995 2733 2015 2771 ⁶·

439 2865 499 2922 par
517 2844 645 2912 invisit,
661 2842 693 2905 id
713 2850 770 2917 est,
789 2858 845 2922 per
865 2839 1044 2921 pluviarum
1069 2838 1189 2919 irrigua
1241 2839 1393 2901 Dominus
1408 2838 1587 2900 introducet
1610 2846 1640 2900 te
1661 2839 1693 2899 in
1718 2846 1830 2901 terram
1851 2840 1978 2918 bonam,
2013 2867 2108 2908 narn.

345 3002 350 3013 ,
442 2941 561 3017 visitat,
578 2951 607 3001 at
622 2942 708 3001 ocati
724 2941 815 2999 illias
830 2941 866 2998 im
881 2959 917 2997 aa
932 2948 1009 2998 sarit
1025 2960 1044 2998 a
1061 2939 1187 3015 princi·
1242 2947 1357 3000 terram
1380 2936 1532 3013 rivorum,
1550 2956 1704 3017 aquarum
1725 2945 1757 3000 et
1779 2936 1928 3015 fontium,
1950 2941 1982 3002 in
1994 2932 2035 2973 ⁷³·

438 3044 495 3120 pto
511 3042 594 3101 anni
610 3060 707 3117 usqae
721 3041 765 3099 aa
779 3038 970 3115 fiaemejas,
982 3036 1013 3097 id
1029 3044 1087 3111 est,
1098 3035 1186 3098 omni
1202 3036 1225 3101 C
1242 3036 1334 3117 cujus
1355 3035 1477 3117 campis
1499 3044 1531 3097 et
1551 3036 1713 3099 montibus
1732 3047 1905 3120 erumpunt
1923 3039 1984 3102 flu-

441 3147 585 3220 tempore
600 3144 781 3219 opportuno
801 3136 883 3197 Deus
908 3132 1037 3215 inspicit
1058 3153 1128 3196 eam
1148 3134 1187 3197 ad
1243 3136 1367 3198 viorum
1386 3133 1513 3216 abyssi3
1538 3142 1653 3197 terram
1675 3134 1838 3212 frumenti,
1858 3138 1980 3216 bordei,

443 3235 675 3301 fecundandam
686 3234 835 3315 congruis
846 3232 1046 3315 pluviis‚nisi
1059 3241 1189 3314 propter
1242 3242 1275 3297 et
1290 3233 1468 3308 vinearum,
1487 3232 1598 3314 inqua
1614 3232 1696 3296 fiens
1715 3242 1747 3295 et
1766 3235 1983 3316 malogranata

444 3335 579 3398 crimina
595 3332 842 3395 inhabitantium
857 3350 925 3394 eam
942 3331 1034 3393 aliter
1053 3330 1186 3394 accidat.
1243 3342 1275 3395 et
1285 3332 1402 3395 oliveta
1413 3341 1600 3409 nascuntur,
1614 3341 1729 3396 terram
1738 3334 1801 3396 olei
1815 3354 1853 3397 ao
1868 3337 1983 3413 mellis,

485 3434 571 3496 llano
596 3431 825 3514 expositionem
851 3428 999 3512 reprobat
1020 3430 1101 3511 Lyra
1122 3430 1187 3507 hic,
1245 3432 1278 3493 in
1302 3450 1367 3514 qua
1391 3431 1511 3513 absque
1535 3431 1668 3513 penuria
1691 3433 1838 3495 comedes
1868 3453 1983 3516 panem

446 3533 556 3597 dicens
585 3530 667 3612 qnod
697 3529 853 3612 expositio
883 3528 943 3589 ista
973 3547 1037 3591 non
1063 3529 1190 3591 videtur
1246 3540 1348 3607 tuum,
1365 3538 1396 3593 et
1417 3548 1523 3592 rerum
1543 3529 1686 3592 omnium
1706 3529 1903 3594 abundantia
1918 3553 1988 3615 per-

445 3649 619 3696 consonars
635 3629 805 3711 Scriptura
829 3627 860 3689 in
884 3626 992 3689 multis
1009 3627 1099 3704 locis,
1117 3646 1190 3708 quae
1247 3629 1373 3691 frueris.
1396 3626 1551 3708 Amplius,
1575 3628 1695 3709 Moyses
1714 3629 1763 3707 (ut
1781 3633 1929 3713 apparet)
1947 3634 1986 3695 ad

445 3728 597 3793 describit
607 3736 722 3789 terram
739 3723 961 3808 promissionis
978 3723 1133 3787 fluentem
1150 3727 1191 3787 fa·
1246 3728 1305 3790 hoo
1321 3726 1494 3789 introducit
1508 3725 1575 3788 baec
1591 3726 1687 3788 verba
1702 3727 1741 3789 de
1756 3736 1840 3790 terra
1855 3733 1987 3811 promis·

443 3836 493 3891 ote
508 3835 539 3890 et
554 3824 660 3900 melle,
677 3823 833 3906 bonisque
853 3822 1001 3885 omnibus
1021 3822 1188 3887 abundan-
1246 3825 1356 3900 sionis,
1375 3832 1410 3885 ut
1425 3822 1579 3905 populum
1598 3823 1710 3886 saltem
1733 3824 1848 3889 timore
1871 3826 1986 3911 inopia

442 3934 518 3987 tem.
529 3923 600 3986 ldeo
615 3920 707 3984 aliter
722 3927 884 4002 exponunt
899 3919 1028 3993 Hebraei,
1042 3921 1088 3983 sio
1102 3938 1108 3981 :
1122 3922 1189 3983 Non
1247 3923 1376 3985 inducat
1391 3922 1430 3983 ad
1445 3920 1658 3984 obedientiam
1674 3922 1788 3998 Dei,eo
1798 3925 1885 4005 qnod
1896 3928 1987 3991 uber-

443 4030 491 4085 est
515 4022 597 4084 sicut
622 4028 704 4082 terra
728 4016 853 4099 AEgypti
881 4018 1005 4099 :quasi
1031 4018 1187 4099 dicerent,
1246 4031 1293 4084 tas
1317 4030 1407 4083 terra
1430 4019 1516 4081 illius
1541 4020 1718 4101 dependeat
1741 4040 1779 4084 en
1803 4023 1983 4103 pluviarum

443 4119 539 4183 Multo
562 4117 743 4181 meliorest
765 4134 861 4197 quam
887 4115 963 4190 illa;
987 4124 1018 4179 et
1041 4117 1189 4180 subditur
1246 4122 1412 4194 descensu,
1423 4137 1520 4199 quem
1535 4125 1664 4199 propter
1680 4128 1807 4200 peecata
1822 4121 1985 4185 bominum

446 4218 537 4293 ratio,
555 4215 625 4291 Ubi,
643 4214 791 4277 videlicet
806 4212 839 4275 in
857 4222 939 4276 terra
953 4215 1090 4297 AEgypti,
1108 4215 1191 4295 jacto
1207 4218 1232 4281 D
1246 4217 1398 4281 Dominus
1414 4215 1546 4279 retrahit
1560 4224 1652 4278 terras
1672 4216 1731 4278 illi.
1748 4218 1837 4281 Unde
1857 4220 1985 4302 subjun-

448 4315 570 4379 semine
587 4314 620 4375 in
636 4312 798 4375 hortorum
814 4330 946 4389 morem,
964 4331 1054 4393 aqua
1074 4313 1193 4376 ducun-
1246 4316 1332 4396 gitur
1350 4332 1357 4376 :

448 4424 500 4477 tur
521 4412 648 4491 irriguae
672 4427 679 4473 :
702 4411 779 4492 quia
799 4410 839 4471 ad
862 4409 1096 4473 fecundandum
1122 4432 1192 4475 cam
1288 4416 1327 4475 Si
1347 4433 1420 4490 erpo
1444 4414 1627 4473 obedieritis
1648 4416 1824 4485 amandatis,
1839 4438 1915 4495 qma
1931 4440 1983 4497 ayo

449 4532 513 4576 non
535 4510 659 4574 sufficit
680 4509 790 4592 pluvia
810 4517 841 4571 et
862 4527 923 4585 ros,
942 4510 996 4571 sed
1018 4510 1192 4591 requiritur
1247 4515 1341 4573 bodie
1355 4513 1511 4589 praecipio
1535 4513 1633 4581 cobis,
1655 4522 1692 4571 at
1713 4514 1862 4589 dilr'qatis
1881 4520 1987 4578 Dama

448 4619 483 4675 ut
498 4629 588 4693 aquae
603 4627 676 4671 oum
690 4624 805 4686 magno
820 4606 929 4669 labore
943 4607 1141 4670 deducantur
1154 4611 1193 4673 de
1247 4633 1328 4672 ntem
1343 4615 1446 4671 Deam
1461 4620 1613 4679 vestram,
1629 4611 1718 4670 (labit
1729 4613 1881 4687 pluviam
1897 4624 1984 4677 terra

448 4708 549 4773 fluvio
565 4707 625 4769 Nili
643 4725 700 4789 per
714 4706 831 4783 alveos,
842 4713 876 4767 ut
893 4704 965 4768 lieri
981 4706 1061 4768 solet
1077 4707 1110 4767 in
1122 4707 1194 4770 hor·
1248 4720 1358 4771 vestra
1374 4720 1620 4785 temporaneam,
1637 4717 1714 4789 puta
1729 4707 1761 4769 in
1777 4728 1862 4785 vere,
1875 4713 1915 4775 ad
1931 4734 1985 4775 nu-

448 4810 499 4885 tis,
517 4809 702 4889 inquorum
718 4806 841 4867 cultura
859 4803 960 4884 maior
981 4804 1071 4867 labor
1088 4807 1193 4888 requi·
1247 4808 1406 4871 triendum
1432 4805 1553 4868 semina
1576 4806 1671 4886 jacta,
1694 4817 1724 4867 et
1744 4811 1931 4881 serotinam,
1953 4812 1982 4873 in

446 4908 526 4969 ritur
541 4924 637 4986 quam
658 4904 690 4965 in
711 4911 794 4965 terra
809 4903 990 4984 campestri.
1009 4903 1081 4967 lirae
1097 4905 1189 4987 Lyra.
1246 4913 1364 4981 aestate,
1382 4912 1417 4965 ut
1431 4921 1529 4983 grana
1548 4903 1785 4982 ingrossentur3
1805 4917 1841 4967 at
1855 4912 1984 4987 celtica·
2027 4960 2031 4968 .

446 5006 540 5068 Porro
565 5002 665 5065 Rabbl
689 5001 803 5063 Paulus
833 5009 943 5064 eontra
971 5002 1039 5065 haec
1065 5002 1189 5082 scribit,
1248 5007 1287 5066 tis
1302 5006 1550 5081 frumentariae!
1565 5004 1855 5075 vittametoteam,
1872 5011 1983 5085 rttrpsa'

445 5101 616 5166 affirmans
637 5098 722 5179 quod
746 5105 827 5160 terra
843 5097 968 5179 AEgypti
991 5098 1032 5159 sit
1055 5098 1192 5162 fertilior
1245 5104 1416 5163 cornedatis
1430 5111 1460 5162 et
1474 5099 1681 5171 saturemini,
1702 5101 1733 5162 id
1749 5109 1807 5179 est,
1824 5101 1983 5168 sufficieu-

445 5220 482 5264 ao
498 5198 611 5262 melior
626 5216 722 5279 qnam
738 5206 821 5259 terra
836 5196 1058 5279 promissionis
1079 5216 1086 5259 :
1105 5200 1190 5280 qnod
1246 5208 1304 5272 ter,
1313 5217 1375 5261 non
1387 5198 1497 5279 gulose
1508 5196 1710 5260 reficiamini.
1724 5202 1843 5273 Cavete,
1857 5223 1897 5261 ne
1905 5206 1982 5279 forte

447 5298 561 5384 probat
576 5315 614 5359 ex
630 5295 700 5371 hoo,
721 5295 806 5375 quod
824 5303 965 5376 tempore
980 5295 1113 5359 Abrahae
1129 5295 1191 5359 fuit
1245 5300 1428 5374 darcfpr‘atar
1437 5318 1490 5357 cor
1505 5300 1879 5380 vestram,receclatisqae
1892 5322 1913 5361 a
1927 5305 1980 5362 Do
