4309 6259
451 486 511 551 ato
814 510 988 557 manuario
1008 510 1039 556 ur
1060 512 1129 558 car.
1152 511 1182 556 ιν
1203 510 1437 557 oauranononn.
1458 530 1499 542 —
1519 512 1590 559 aar.
1612 514 1632 556 v

446 686 507 753 pta
532 680 610 748 bec,
632 680 744 739 dicant
760 698 771 741 .·
787 683 837 742 En
856 686 998 759 populas
1017 684 1146 760 sapiens
1165 691 1195 741 et
1210 680 1235 741 Α
1250 684 1313 749 Deo
1340 686 1472 764 ingrata,
1491 694 1523 749 et
1548 702 1588 749 ne
1612 693 1733 748 tantam
1750 683 1997 767 preclaritatcm

452 776 646 853 intelligens,
673 776 705 837 id
730 786 788 853 est,
811 778 901 861 plebs
928 779 987 842 ista
1011 779 1192 857 israelitica,

450 872 548 935 Deum
564 894 674 936 verum
690 875 874 940 obedienter
890 887 921 940 et
936 879 1058 959 integre
1073 879 1192 955 colens,

449 981 498 1034 est
513 974 667 1036 veraciter
692 975 830 1056 sapienS,
855 975 1047 1040 fortunatam
1067 987 1099 1040 et
1113 979 1196 1061 sapi-

450 1071 522 1133 dam
548 1072 730 1135 divinorum
757 1075 922 1137 scientiam
946 1077 1077 1154 habens,
1103 1085 1133 1140 et
1159 1095 1196 1139 ea

450 1188 521 1249 quaa
531 1170 586 1233 Dei
598 1180 682 1247 sunt,
697 1181 781 1236 recte
793 1173 991 1255 intelligens:
1005 1176 1114 1258 sicque
1124 1194 1196 1238 con-

450 1276 613 1331 vertantur
630 1271 670 1332 ad
695 1270 796 1349 legem
813 1282 962 1336 vestram.
979 1273 1058 1336 llinc
1078 1273 1136 1336 Job
1153 1273 1195 1335 la·

452 1465 495 1527 tia
508 1489 515 1539 ;
528 1473 559 1527 et
570 1466 717 1529 recedere
733 1488 751 1529 a
766 1469 860 1545 malo,
875 1470 1096 1550 intelligentia.
1112 1476 1195 1533 Gens

450 1585 581 1641 inagna,
602 1565 823 1645 magnitudine
843 1568 1001 1649 spirituali
1018 1588 1074 1651 per
1093 1572 1192 1634 dono-

449 1680 519 1722 rum
530 1661 757 1726 abundantiam
774 1683 994 1748 supernorum.
1008 1666 1104 1730 Erant
1120 1687 1194 1750 quo-

448 1778 510 1839 que
521 1761 629 1841 magni
642 1781 785 1839 numero,
798 1765 873 1844 quia
888 1773 923 1826 ut
938 1765 1050 1846 patuit,
1063 1766 1193 1829 luerunt

312 1876 433 1921 nanno.
449 1865 484 1919 ut
503 1858 603 1922 stellae
623 1859 765 1941 plurimi.

459 1946 461 1952 ¹
490 1960 556 2019 Nee
579 1968 623 2018 est
648 1962 716 2019 alia
742 1962 833 2019 notio
852 1970 917 2021 tom
936 1965 1085 2038 prandia.
1107 1963 1193 2026 lnlra

303 2063 434 2167 paras-ne.
449 2054 580 2135 legitur:
595 2056 636 2118 Te
652 2056 747 2136 elegit
762 2058 924 2135 Dominus,
942 2067 1015 2135 etc,
1034 2079 1097 2123 non
1118 2062 1193 2142 quia

448 2161 578 2215 cunctas
597 2164 707 2231 gentes
733 2176 865 2220 numero
889 2158 1076 2236 vincebatis,
1092 2179 1192 2241 quum

448 2252 517 2314 sitis
542 2251 691 2315 omnibus
717 2255 844 2336 populis
869 2257 1045 2337 pauciores.
1074 2258 1192 2321 idcirco

447 2350 532 2432 quod
548 2351 603 2425 ait,
621 2350 689 2413 Non
712 2361 759 2414 est
774 2352 837 2415 alia
860 2354 946 2416 natio
968 2363 1032 2416 tarn
1050 2356 1190 2436 grandis,

447 2450 669 2531 exponendum
686 2459 743 2527 est,
756 2452 842 2531 quod
857 2451 914 2515 illo
925 2452 957 2513 in
975 2461 1117 2536 tempore
1128 2473 1192 2517 non

447 2555 514 2610 crat
529 2547 635 2628 aliqua
650 2548 742 2630 plebs
759 2556 820 2610 tam
837 2549 932 2630 digna
948 2559 979 2613 et
994 2552 1094 2615 electa
1109 2553 1193 2616 aDo·

447 2645 546 2721 mino,
563 2654 598 2707 ut
614 2646 804 2709 lsraeliticus
824 2648 973 2729 populus
990 2670 1027 2712 ex
1043 2651 1193 2713 electissi-

448 2742 509 2805 mis
532 2743 720 2807 Patriarcbis
740 2764 776 2808 ac
801 2746 928 2808 vatibus
953 2756 1056 2825 natus,
1084 2748 1193 2811 divina

448 2842 517 2922 lege
536 2843 722 2921 instructus,
742 2844 839 2907 variis
858 2846 968 2924 gratiae
989 2846 1082 2909 donis
1103 2864 1193 2909 orna-

449 2948 511 3018 tus,
528 2941 604 3021 quia
619 2961 657 3004 ex
672 2961 709 3004 ea
724 2942 867 3005 Christus
881 2944 936 3006 Dei
952 2944 1051 3007 Filius
1072 2945 1193 3007 exstitit

1248 783 1386 847 amittas.

1290 886 1421 944 Custodi
1445 885 1550 961 r'pt'tur
1575 886 1773 962 temetipsam
1795 894 1826 943 et
1847 886 1996 943 anintam

1251 994 1341 1043 taam
1355 984 1503 1052 sollicite,
1519 982 1578 1044 boc
1594 991 1653 1058 est,
1670 1001 1743 1043 cum
1759 980 1917 1063 spirituali
1934 981 1996 1043 sol-

1250 1079 1417 1143 licitudine
1439 1098 1582 1160 praecare
1605 1079 1662 1141 tibi
1681 1078 1721 1141 ab
1741 1078 1828 1142 omni
1851 1086 1992 1158 peccato,

1249 1187 1281 1240 et
1297 1179 1382 1240 intus
1402 1198 1439 1240 ac
1459 1187 1546 1241 extra
1566 1178 1610 1239 sis
1624 1178 1812 1254 custoditus,
1830 1196 1870 1239 ne
1891 1177 1924 1238 in
1941 1177 1995 1238 ali-

1248 1295 1313 1358 quo
1329 1278 1427 1339 Deum
1443 1275 1601 1352 ollendas,
1619 1276 1674 1338 sed
1693 1294 1798 1339 coram
1814 1293 1853 1337 co
1868 1293 1995 1356 semper

303 1385 435 1475 Oroanna,
451 1374 535 1429 tetur
555 1385 562 1428 ε
583 1367 662 1431 Ecca
687 1370 790 1431 cultus
815 1371 881 1444 Dei,
910 1372 978 1454 ipsa
1002 1382 1049 1434 est
1070 1372 1195 1454 sapien·
1249 1374 1385 1438 sollicite
1400 1374 1539 1437 ambula.
1553 1378 1601 1436 Nc
1616 1377 1994 1450 obliuiscariscerboram

1248 1494 1319 1553 qaae
1334 1476 1486 1534 viderant
1501 1477 1587 1534 oculi
1598 1472 1728 1544 tui,boe
1742 1472 1992 1549 est,dirinorum

1249 1581 1478 1653 preceptorum
1494 1592 1531 1635 ac
1546 1570 1894 1651 testimoniorumque
1908 1570 1991 1633 oculi

1249 1671 1295 1732 tui
1312 1670 1478 1733 interiores
1496 1670 1731 1744 intellexerunt,
1749 1689 1913 1751 nunquam
1935 1670 1992 1730 im-

1249 1787 1371 1832 memor
1383 1768 1589 1844 lias.l'cl,Ne
1599 1768 1798 1831 obliviscaris
1809 1768 1990 1844 verborum,

1212 1862 1282 1930 Bid
1307 1876 1355 1931 est
1384 1886 1489 1930 rerum
1520 1866 1789 1947 significatarum,
1815 1886 1872 1950 per
1897 1867 1993 1929 verba

1211 2016 1214 2019 -
1248 1967 1397 2031 videlieet
1416 1966 1581 2046 signorum
1604 1973 1636 2028 et
1655 1965 1872 2048 prodigiorum
1897 1966 1992 2028 bene

1250 2066 1463 2145 liciorumquc
1479 2064 1624 2145 Dei‚quae
1639 2064 1846 2147 corporaliter
1860 2083 1992 2146 conspe

1248 2165 1334 2228 xisti.
1355 2166 1490 2227 Possunt
1509 2182 1636 2245 quoque
1654 2182 1711 2245 per
1726 2163 1833 2239 verba,
1855 2163 1989 2244 intelligi

1248 2265 1396 2327 mandata
1411 2262 1568 2341 Decalogi,
1585 2281 1657 2344 qnae
1677 2262 1828 2325 Dominus
1849 2262 1883 2323 in
1904 2282 1991 2325 mon-

1249 2374 1279 2426 te
1296 2362 1384 2425 Sinai
1400 2361 1524 2423 loeutus
1543 2368 1591 2422 est
1612 2360 1710 2441 plebi.
1726 2360 1814 2423 Unde
1830 2361 1863 2421 in
1885 2361 1989 2423 Exodo

1248 2462 1402 2544 scriptum
1418 2467 1483 2522 est:
1497 2459 1637 2521 Cunctas
1647 2457 1785 2541 populus
1795 2459 1925 2522 videbat
1940 2478 1989 2523 vo
2016 2484 2116 2526 am.

1247 2581 1300 2625 ces
1311 2568 1342 2623 et
1353 2559 1525 2640 lampades,
1536 2564 1568 2619 et
1579 2556 1738 2638 perterriti
1749 2556 1896 2620 dixerunt
1907 2576 1914 2619 :
1924 2558 1988 2620 Non
2005 2553 2034 2593 ’ς’
2044 2551 2106 2590 ¹⁹³²·

1249 2660 1397 2740 loquatur
1413 2656 1505 2719 nobis
1526 2655 1687 2731 Dominus,
1710 2674 1750 2718 ne
1776 2655 1858 2718 lorte
1878 2657 1990 2718 moria-

1248 2777 1327 2820 mur.
1340 2757 1442 2836 Atque
1459 2762 1640 2837 postpauca
1650 2754 1730 2816 dixit
1744 2754 1898 2816 Dominus
1910 2772 1918 2815 :
1930 2755 1991 2817 tos

1248 2854 1374 2919 vidistis
1390 2853 1475 2933 qnod
1497 2853 1537 2914 de
1558 2852 1640 2914 coelo
1663 2852 1787 2914 locutus
1809 2852 1870 2914 sim
1889 2852 1988 2915 vobis.

1249 2954 1364 3034 Sicqne
1383 2950 1563 3033 pervisum
1586 2950 1770 3031 designatur
1789 2951 1928 3014 auditus.
1945 2951 1993 3012 lii-

448 3038 637 3102 nasciturus.
670 3044 747 3109 Quae
776 3043 889 3102 babeat
917 3045 989 3103 deos
1017 3045 1230 3122 appropia-G
1249 3070 1303 3115 sus
1317 3068 1456 3132 namque
1472 3049 1555 3113 inter
1572 3068 1686 3113 sensus
1701 3049 1824 3113 obtinet
1838 3050 1994 3132 principa·

447 3149 580 3217 quoiates
600 3141 673 3211 sibi,
689 3141 773 3199 sient
788 3143 874 3201 Deras
892 3151 997 3201 noster
1012 3146 1101 3203 adest
1115 3164 1193 3203 can-

446 3238 506 3295 etis
526 3238 792 3298 obsecrationibus
811 3240 929 3299 nostris
941 3260 953 3299 .·
969 3239 1028 3303 hoc
1044 3249 1103 3316 est,
1120 3260 1194 3322 gen·

448 3333 518 3396 tiles
533 3334 591 3416 qni
606 3334 691 3397 idola
706 3335 815 3397 colunt
831 3355 887 3399 seu
910 3335 1008 3400 falsos
1023 3339 1110 3414 deos,
1129 3357 1192 3401 non

448 3440 511 3495 tam
528 3442 675 3516 prompto
690 3442 744 3495 aut
759 3433 929 3497 salubriter
948 3437 1160 3499 exaudiuntur
1175 3456 1194 3499 a

447 3531 509 3593 diis
525 3532 602 3608 suis,
620 3531 703 3596 sicut
723 3551 781 3596 nos
801 3532 987 3596 exaudimur
1005 3554 1024 3596 a
1039 3554 1114 3599 vero
1130 3536 1193 3598 Deo

447 3648 542 3709 quem
562 3631 719 3706 colimus;
747 3651 805 3695 nec
828 3632 871 3693 dii
894 3632 1038 3711 gentium
1060 3642 1124 3695 tam
1140 3651 1193 3715 po

449 3738 552 3794 tenter
572 3738 603 3794 et
622 3730 812 3793 miraculoso
833 3750 907 3794 suos
928 3732 1034 3795 valent
1054 3732 1192 3795 cultores

447 3834 611 3907 protegere
625 3847 662 3890 ac
677 3828 799 3909 juvare,
817 3830 898 3893 sicut
919 3849 975 3893 nos
992 3830 1137 3894 defendit
1155 3850 1192 3894 ac

446 3923 578 4003 adjuvat
592 3926 673 3988 Deus
689 3936 807 3989 noster.
821 3928 883 3991 Hoc
898 3928 1073 3992 clarissime
1090 3929 1192 4012 patuit

447 4022 482 4084 in
497 4023 662 4106 AEgyptiis,
676 4025 877 4103 Amorrhaeis,
890 4026 1079 4105 lladianitis,
1092 4048 1129 4091 ac
1144 4047 1192 4091 ce-

415 4123 418 4129 “
448 4123 524 4186 teris
538 4123 604 4203 jam
616 4123 708 4185 victis
724 4123 763 4186 ab
778 4124 939 4187 israelitis.
953 4130 1030 4195 Qua
1044 4137 1090 4187 cst
1103 4129 1192 4187 enim

447 4224 516 4283 atta
528 4241 605 4298 pens
620 4225 666 4281 sic
681 4224 817 4299 iractyta,
829 4222 987 4304 spirituali
1003 4234 1035 4287 ct
1049 4244 1124 4288 vera
1139 4243 1193 4288 no-

446 4320 571 4382 bilitato
587 4320 694 4399 gratiae
709 4339 750 4382 ac
761 4321 928 4398 virtutum,
940 4331 995 4384 aut
1010 4331 1084 4385 nata
1099 4342 1136 4385 ex
1147 4334 1193 4386 tot

447 4417 634 4483 clarissimis
649 4418 849 4497 Patriarcbis,
866 4431 902 4482 at
922 4423 1034 4482 babeat
1053 4426 1194 4484 cerimo-

449 4520 521 4579 nias
528 4520 684 4599 justaque.
691 4521 838 4596 judicia,
855 4520 914 4583 hoc
935 4528 982 4582 est
997 4521 1193 4584 caerimonia-

448 4617 492 4679 lia
516 4625 548 4679 et
571 4617 734 4697 judicialia
759 4626 928 4700 praecepta,
952 4629 982 4679 et
1007 4622 1194 4682 nniversam

449 4723 559 4795 tapam,
585 4726 739 4798 quantum
763 4719 801 4780 ad
824 4728 982 4802 precepta
1005 4721 1139 4783 moralia
1163 4729 1194 4783 ct

449 4816 648 4877 hortamenta
663 4834 700 4877 ac
720 4816 910 4879 documenta
927 4817 1018 4898 legis,
1031 4840 1129 4898 qaam
1139 4840 1193 4897 epo

445 4932 625 4991 proponam
636 4915 740 4984 bodie,
758 4913 789 4975 id
805 4914 897 4976 estin
913 4923 1056 4997 tempore
1071 4915 1144 4994 isto,
1157 4921 1194 4977 in

1248 3158 1317 3212 tum
1335 3168 1342 3211 ε
1361 3148 1481 3211 idcirco
1497 3148 1555 3230 pro
1571 3165 1765 3229 unoquoque
1780 3166 1878 3211 sensu
1893 3149 1993 3230 accipi

1249 3257 1364 3332 potest.
1383 3252 1426 3310 Et
1447 3269 1487 3308 ne
1508 3249 1662 3307 excidant
1685 3250 1725 3307 de
1743 3250 1837 3306 corde
1862 3257 1916 3307 tuo
1940 3266 1994 3329 per

1250 3345 1487 3428 negligentiam,
1506 3364 1561 3406 seu
1582 3344 1823 3426 occupationem
1846 3344 1994 3408 immede

1248 3453 1349 3508 ratam
1374 3445 1407 3505 in
1430 3443 1513 3506 aliis.
1531 3443 1756 3505 Verumtamen
1782 3461 1846 3506 non
1871 3451 1993 3525 oportet

1249 3543 1318 3606 sine
1333 3541 1579 3622 interpolatione
1589 3560 1626 3603 ea
1641 3540 1806 3604 actualiter
1820 3540 1989 3617 reminisci,

1248 3642 1303 3704 sed
1320 3633 1445 3722 semper
1458 3638 1663 3702 habitualiter
1677 3637 1795 3701 debent
1809 3638 1915 3701 inesse
1928 3658 1990 3702 me

1247 3738 1368 3815 morice,
1386 3746 1418 3801 et
1432 3738 1600 3801 actualiter
1614 3736 1701 3801 omni
1722 3745 1865 3819 tempore
1880 3754 1989 3818 oppor-

1246 3845 1336 3900 tuno.
1360 3837 1478 3917 Estque
1499 3836 1591 3898 valde
1613 3836 1782 3917 expediens
1808 3842 1842 3896 nt
1864 3835 1988 3896 assiduo

1248 3935 1437 4010 recolantur,
1458 3942 1614 4015 quatenus
1634 3934 1808 3996 secundum
1830 3953 1867 3995 ea
1893 3941 1988 3996 totam

1248 4041 1388 4095 nostram
1403 4032 1676 4095 conversationem
1692 4030 1873 4111 regulemus
1888 4050 1926 4094 ac
1944 4032 1990 4093 di-

1247 4130 1397 4210 rigamus
1408 4132 1556 4191 Doccbis*
1562 4132 1648 4206 filios
1658 4150 1696 4189 ac
1706 4140 1830 4207 nepotes
1843 4131 1988 4200 taochoc
2023 4162 2030 4175 ·

1210 4232 1295 4294 Dest
1314 4228 1456 4292 sobolem
1474 4247 1511 4290 ac
1529 4226 1693 4304 lamiliam,
1710 4228 1989 4310 posteritatemque

1246 4337 1345 4403 tuam,
1368 4326 1467 4389 verba
1486 4325 1618 4408 prelata
1636 4336 1666 4386 et
1685 4329 1771 4386 diem
1791 4348 1853 4407 quo
1877 4330 1991 4388 stetisti

1247 4447 1354 4485 coram
1373 4426 1511 4487 Domino
1530 4428 1594 4485 Deo
1612 4435 1664 4484 tno
1690 4426 1727 4484 in
1743 4428 1860 4494 Horeb,
1876 4425 1909 4487 id
1931 4434 1987 4501 est,

1247 4522 1396 4587 omnibus
1412 4523 1463 4585 his
1484 4522 1639 4599 narrabis,
1660 4524 1788 4604 quando
1803 4532 1835 4585 et
1855 4524 1990 4605 qualiter

1248 4622 1364 4685 stetisti
1379 4623 1419 4684 ad
1435 4622 1557 4683 radices
1574 4621 1692 4683 montis
1708 4621 1793 4684 Sinai
1817 4631 1893 4684 ante
1913 4622 1989 4704 legis
2013 4650 2112 4693 &nnn

1248 4720 1420 4798 dationem,
1437 4727 1468 4783 et
1484 4719 1529 4781 ibi
1544 4720 1661 4783 audisti
1677 4720 1845 4784 Dominum
1862 4720 1991 4803 loquen-
2001 4722 2020 4757 ⁸¹
2032 4730 2063 4755 ³¹·

1248 4828 1311 4883 tem
1337 4838 1373 4881 ac
1404 4820 1530 4881 dantem
1554 4819 1660 4899 ipsum
1685 4819 1765 4899 legis
1789 4819 1988 4901 Dcealogum,

1248 4926 1344 4999 prout
1355 4917 1388 4978 in
1405 4918 1509 4980 Exodo
1526 4916 1654 4998 legitur.

311 5024 435 5069 *aniene
449 5020 614 5087 conspectu
636 5020 735 5071 oestro
751 5014 776 5081 *,
797 5011 887 5074 vobis
914 5014 1136 5095 praesentibus
1163 5023 1195 5076 et
1289 5019 1331 5077 m
1347 5017 1519 5075 accessisse
1529 5019 1573 5076 ad
1588 5017 1724 5087 radices,
1734 5015 1794 5078 hoc
1804 5024 1853 5078 est
1868 5018 1989 5098 pedem,

301 5088 335 5130 los
343 5093 427 5131 vestros

449 5116 522 5170 ante
538 5107 646 5171 oculos
662 5109 767 5171 cordis
783 5111 901 5173 restrit
913 5112 1004 5192 quasi
1021 5112 1117 5189 dicat,
1127 5113 1194 5176 Non

1249 5116 1366 5174 encratis
1382 5112 1480 5188 Sinai,
1490 5116 1549 5193 qni
1563 5116 1695 5175 ardebat
1706 5136 1805 5193 usqu-e
1814 5119 1860 5174 ard
1868 5120 1989 5177 certain.

448 5214 495 5269 est
520 5205 583 5269 alia
602 5224 679 5286 gens
705 5206 788 5285 talis,
813 5209 868 5271 sed
896 5217 930 5271 tu
952 5209 1019 5272 sola
1044 5230 1077 5273 es
1103 5211 1195 5293 plebs
1249 5212 1313 5274 lloe
1329 5210 1533 5292 hyperbolice
1554 5210 1680 5289 dicitur,
1698 5211 1730 5274 id
1750 5220 1810 5287 est,
1826 5212 1920 5276 valde
1934 5214 1992 5275 alte

447 5314 511 5369 tam
534 5306 633 5369 electa
649 5314 680 5368 et
696 5305 897 5369 nobilitatae
913 5308 986 5371 Deo.
999 5308 1042 5372 Ne
1058 5328 1134 5391 ergo
1151 5309 1194 5371 sis

1250 5309 1393 5373 ascendit
1417 5309 1500 5389 ignis
1521 5328 1540 5372 a
1563 5310 1729 5373 cacumine
1752 5310 1871 5373 montis
1896 5312 1990 5375 illius
