4309 6259
813 467 987 513 manuario
1007 468 1039 513 IN
1059 468 1129 514 GAP.
1150 468 1215 514 xvu
1235 467 1372 514 curules.
1394 486 1435 496 -
1454 467 1525 513 ΛΒΤ.
1548 465 1632 512 XXXV

963 881 1286 971 ARTICULUS
1328 883 1483 966 XXXV

507 1164 664 1209 nxroslrro
686 1163 860 1208 attrebatis
881 1161 1018 1207 certium
1040 1161 1262 1208 surrlttlusclut
1284 1163 1291 1209 :
1316 1162 1352 1206 ET
1374 1161 1503 1208 LOGUTUS
1526 1163 1579 1207 EST
1600 1162 1731 1207 boninus
1752 1161 1794 1206 ΑΙ)
1814 1161 1941 1208 ΙΙΟΥὸΕΝ.

514 1445 708 1510 ONUNTUR
732 1446 877 1528 quedam
903 1445 935 1507 in
963 1444 1024 1508 isto
1044 1444 1196 1526 capitn10,
1213 1447 1238 1508 Α
1254 1445 1315 1508 tale
1340 1444 1507 1520 cilicium,
1534 1467 1614 1527 qnos
1638 1447 1757 1509 hostias
1785 1451 1933 1508 metuont
1957 1450 1986 1508 in

525 1548 557 1608 in
574 1546 698 1609 cunctis
714 1543 882 1608 sacrificiis
898 1544 1106 1620 observanda,
1123 1562 1199 1624 praa-

452 1645 560 1708 sertim
578 1642 800 1707 determinatio
817 1641 889 1705 loci.
903 1646 942 1704 lit
954 1646 1076 1702 benten
1086 1652 1130 1702 est
1143 1645 1198 1701 Do

452 1748 562 1806 minus
576 1748 620 1804 od
631 1747 776 1821 Moysen,
786 1745 895 1803 dicens
906 1763 918 1801 .·
933 1745 1075 1820 Loquere
1085 1743 1196 1800 Aaron

452 1854 482 1905 et
497 1846 579 1921 filiis
593 1844 664 1920 ejus
678 1852 708 1902 et
722 1843 848 1901 cunctis
862 1842 944 1918 filiis
959 1843 1072 1910 Israel,
1088 1839 1198 1898 dicens

452 1946 496 2004 od
519 1963 569 2002 cos
590 1960 602 2002 .·
626 1946 690 2002 Istc
713 1951 758 2001 est
781 1961 883 2000 sermo
907 1960 1001 2019 quem
1026 1939 1198 1998 mortdooit

452 2044 622 2112 Dominus,
644 2042 754 2101 dicens
771 2061 782 2099 r
805 2043 907 2100 Homo
930 2039 1077 2116 quilibet,
1093 2036 1124 2097 id
1150 2044 1198 2097 est

452 2139 656 2221 quicumque,
673 2143 713 2198 de
726 2142 819 2198 domo
836 2141 947 2207 lsrael,
965 2135 997 2198 id
1013 2143 1061 2198 θεῖ
1076 2133 1198 2196 semine

450 2239 546 2301 Jacob
562 2237 757 2320 patriarchae,
776 2255 831 2298 seu
846 2235 955 2320 aliqua
969 2234 1055 2296 tribu
1071 2234 1199 2296 descen-

453 2338 548 2400 dente
564 2357 602 2399 ex
618 2336 685 2412 illo,
701 2337 731 2396 si
746 2336 898 2395 occiderit
913 2355 1001 2393 ouem
1017 2342 1076 2392 ortt
1091 2335 1198 2392 docent

450 2441 518 2498 aive
532 2456 667 2513 cuprum
682 2456 693 2495 .·
709 2454 780 2515 qua
796 2433 856 2495 tria
871 2441 962 2494 erant
977 2430 1128 2493 animalia
1143 2429 1199 2491 im-

453 2534 625 2609 molaticia,
642 2532 761 2595 idcirco
785 2551 869 2593 nunc
889 2548 993 2593 sermo
1015 2536 1064 2590 est
1080 2529 1119 2590 de
1135 2547 1200 2589 ma-

1253 1565 1330 1622 opro
1347 1567 1357 1604 ,·
1373 1545 1449 1626 quia
1466 1563 1523 1626 pro
1539 1554 1615 1608 tune
1632 1545 1778 1608 nonnulli
1799 1565 1837 1608 cx
1858 1545 1937 1608 filiis
1955 1546 1989 1606 ls-

1253 1643 1316 1705 rael
1335 1643 1410 1706 talia
1424 1653 1642 1706 mactaverunt
1658 1645 1690 1705 in
1707 1645 1791 1724 agris
1808 1654 1840 1706 ct
1859 1645 1930 1707 aliis
1949 1645 1989 1708 lo-

1253 1742 1309 1817 cis,
1324 1743 1423 1804 instar
1438 1743 1606 1823 gentilium
1622 1742 1840 1806 sacrificantes
1855 1745 1989 1824 undique

1253 1840 1484 1916 indifferenter,
1494 1841 1669 1922 praesertim
1682 1843 1749 1921 lego
1760 1843 1900 1905 nondum
1912 1843 1987 1918 data,

1253 1948 1284 2000 et.
1307 1937 1511 2002 tabernaculo
1527 1958 1590 2002 non
1606 1948 1808 2016 constructo;
1827 1950 1863 2000 ut
1882 1943 1991 2000 sancti-

1252 2044 1391 2116 ficentur
1407 2040 1544 2098 Domim
1565 2047 1640 2099 onte
1660 2041 1777 2099 ostium
1798 2041 1991 2099 tabernaculi

1255 2139 1440 2209 testimonii,
1457 2147 1486 2197 cl
1510 2139 1676 2197 immolent
1696 2158 1748 2198 eos
1770 2139 1889 2198 hostius
1907 2139 1991 2214 puci-

1252 2241 1331 2314 ficos
1347 2238 1495 2306 Domino,
1514 2235 1544 2295 id
1566 2243 1625 2312 est,
1647 2235 1716 2316 ipsa
1738 2235 1890 2297 animalia
1910 2255 1928 2297 a
1949 2254 1992 2296 sa-

1253 2335 1379 2397 cerdote
1402 2333 1546 2415 inspecta
1568 2343 1600 2396 et
1618 2341 1692 2415 apta
1713 2332 1822 2397 ollcrri
1844 2334 1989 2415 judicata,

1253 2433 1447 2514 deputentur
1457 2433 1495 2494 ad
1508 2433 1563 2494 Dei
1578 2433 1787 2496 reverentiam
1805 2432 1875 2495 loco
1891 2432 1992 2496 debito

1254 2530 1431 2594 offerenda.
1445 2535 1634 2611 lundetque
1646 2535 1791 2592 sacerdos
1804 2534 1991 2608 sanguinent

454 2634 593 2697 clatione
617 2630 802 2695 animalium
829 2629 943 2693 horum
969 2629 1007 2690 od
1033 2626 1199 2689 immolan-
1217 2636 1349 2712 Bsupcr
1365 2637 1468 2693 ultore
1482 2635 1628 2704 Domini,
1644 2634 1705 2696 hoo
1721 2641 1769 2694 est
1789 2651 1885 2713 super
1900 2633 1993 2695 altare

455 2733 553 2806 dum;
570 2735 606 2792 in
621 2733 734 2792 castris
750 2734 800 2790 uel
814 2740 907 2790 extro
922 2738 1041 2798 castro,
1052 2726 1086 2788 id
1101 2733 1149 2788 est
1165 2725 1198 2786 in

455 2829 602 2894 domibus
624 2848 679 2892 seu
701 2827 845 2891 tentoriis
866 2826 943 2904 suis,
962 2827 1011 2889 vel
1027 2834 1125 2900 extra,
1143 2843 1199 2886 seu

454 2930 486 2992 in
503 2928 587 3008 agris
605 2947 612 2990 ε
631 2945 695 2990 non
710 2927 795 3009 quod
816 2926 861 2988 ibi
882 2933 1028 3007 poterant
1047 2923 1200 2986 animalia

453 3027 620 3092 offerenda
635 3027 790 3102 occidere,
801 3026 855 3088 sed
872 3025 898 3086 si
915 3023 960 3085 ibi
976 3024 1036 3086 boc
1053 3021 1196 3098 iecerint,

453 3125 540 3209 quod
556 3134 639 3188 osset
655 3133 818 3206 peccatum
830 3121 1082 3197 commissionis3
1095 3131 1124 3182 et
1135 3141 1199 3182 non

453 3226 604 3285 obtulerit
633 3228 677 3284 orl
700 3225 817 3283 octium
844 3223 1045 3283 tabernaculi
1068 3221 1199 3280 oblatio-

455 3345 528 3385 nem
543 3325 693 3394 Domino,
711 3321 816 3398 idest,
833 3319 950 3384 animal
968 3319 1198 3382 immolandum

456 3441 520 3485 non
536 3419 702 3504 addunerit
717 3418 872 3481 sacerdoti
887 3418 926 3480 ad
942 3417 1059 3480 ostium
1070 3415 1154 3492 atrii,
1165 3423 1201 3477 ut

456 3540 512 3602 per
537 3537 667 3580 manum
692 3516 864 3581 sacerdotis
888 3515 1049 3579 exsecutio
1077 3512 1201 3577 sacriti-

454 3620 496 3682 cii
514 3618 570 3680 iiat
589 3636 595 3680 :
614 3626 645 3680 et
668 3617 746 3678 illud
773 3635 836 3679 non
859 3614 964 3677 facere
986 3622 1068 3677 esset
1092 3632 1201 3694 pecea-

455 3729 521 3782 tum
547 3716 751 3792 ornissionis3
776 3717 950 3791 aorcguinia
973 3735 1045 3774 retas
1069 3715 1143 3785 crit,
1168 3712 1198 3774 id

1254 2731 1442 2795 holocausti.
1460 2730 1599 2805 Qualiter
1614 2739 1719 2794 antem
1736 2731 1767 2792 id
1786 2731 1858 2794 lieri
1874 2732 1992 2801 debuit,

1254 2829 1373 2892 dictum
1394 2838 1442 2892 est
1463 2830 1494 2891 in
1516 2830 1626 2892 multis
1647 2829 1806 2910 capitulis.
1825 2833 1867 2892 Ει
1882 2851 1995 2910 nequo-

1253 2950 1353 3009 quorn
1369 2933 1459 2990 ultro
1476 2931 1689 2989 immolabunt
1704 2931 1823 2989 hostias
1841 2949 1917 2989 suos
1936 2932 1995 2990 du·

1255 3029 1413 3100 monibus,
1431 3027 1462 3090 id
1477 3037 1536 3104 est,
1553 3028 1593 3090 de
1608 3036 1711 3091 cetero
1727 3044 1791 3091 non
1807 3028 1925 3090 debent
1941 3046 1995 3090 nec

1255 3125 1365 3190 licebit
1384 3125 1430 3189 eis
1452 3127 1511 3190 hoc
1532 3125 1655 3201 iacere;
1678 3147 1751 3188 curn
1766 3129 1883 3206 quibus
1898 3129 1995 3204 sorni-

1254 3227 1320 3286 eott
1329 3225 1456 3296 suntid
1472 3233 1520 3287 est
1536 3224 1700 3306 spirituale
1715 3224 1907 3286 adulterium
1918 3243 1996 3288 com·

1254 3323 1422 3400 miserunt,
1448 3331 1628 3386 avertentes
1653 3323 1775 3385 animas
1798 3342 1871 3386 suas
1894 3343 1913 3385 a
1936 3323 1996 3386 Deo

1256 3440 1373 3504 sponso
1389 3422 1568 3484 animarum
1584 3421 1740 3498 fidelium,
1759 3429 1790 3484 et
1805 3423 1996 3503 conjungen-

1256 3530 1301 3585 tes
1317 3540 1351 3583 se
1366 3521 1565 3584 daemonibus
1580 3539 1637 3602 per
1651 3539 1842 3583 consensum
1859 3529 1891 3582 et
1906 3520 1994 3602 impii

1255 3629 1343 3683 actus
1369 3619 1621 3701 productionem.
1648 3620 1741 3682 Porro
1766 3619 1821 3700 qui
1846 3627 2115 3682 creaturaenntta-

1255 3719 1399 3782 serviunt
1423 3718 1523 3799 magis
1548 3736 1643 3799 quam
1669 3717 1819 3794 Creatori,
1847 3727 1878 3780 et
1903 3718 1995 3780 idolis

455 3827 503 3882 est
528 3816 654 3881 mortali
680 3823 809 3898 peccato
835 3813 1002 3890 obnoxius,
1028 3813 1076 3875 vel
1104 3812 1199 3874 etiam
1216 3816 1238 3878 C
1256 3836 1311 3880 sen
1327 3816 1513 3898 corporibus
1533 3816 1728 3890 coelestibus,
1745 3825 1800 3878 aut.
1819 3816 1995 3890 elementis,

455 3917 627 3981 secundnm
645 3917 746 3996 legem
764 3922 864 3977 morte
881 3913 1066 3994 plectendus
1087 3919 1141 3974 aut
1157 3911 1201 3973 di-

456 4037 537 4100 gnus
558 4015 659 4078 occidi
679 4032 685 4075 τ
703 4014 775 4077 idco
796 4013 954 4088 subditur,
971 4014 1066 4091 quasi
1080 4014 1110 4070 si
1128 4033 1201 4070 son-

453 4118 588 4194 puincrn
603 4116 740 4191 frtrlcril,
761 4115 807 4173 sic
824 4114 944 4190 peribit
963 4115 1003 4172 dc
1025 4113 1129 4171 medio
1148 4130 1201 4186 po-

455 4217 541 4292 poli,
551 4213 582 4275 id
598 4221 657 4287 cst,
671 4211 850 4292 puniendus
866 4209 1201 4292 est,quemadmodum

459 4310 629 4374 homicida.
647 4311 871 4372 Verumtamen
893 4326 957 4371 non
974 4307 1101 4370 videtur
1116 4306 1200 4387 quod

460 4407 655 4470 sacrificium
677 4406 795 4470 ollerre
817 4416 904 4468 extra
924 4405 1065 4469 debitum
1084 4405 1201 4479 locum,

460 4515 513 4568 aut
529 4505 609 4568 illud
626 4506 797 4587 negligere,
817 4504 961 4567 fueritin
979 4525 1012 4568 se
1029 4513 1092 4566 tam
1113 4521 1205 4565 enor-

460 4627 511 4668 me
526 4606 646 4668 crimen
663 4614 698 4667 ut
714 4604 932 4668 homicidium.
954 4603 1103 4679 Quamvis
1119 4603 1204 4665 enim

461 4714 589 4786 peccato
604 4705 637 4766 in
654 4706 762 4780 Deum,
776 4703 841 4765 sint
856 4704 1001 4784 graviora
1017 4701 1155 4784 peccatis
1172 4700 1204 4760 in

461 4804 652 4886 proximum,
671 4803 830 4884 loquendo
852 4803 885 4863 in
908 4801 1060 4883 generali,
1078 4819 1142 4864 non
1165 4810 1206 4862 ta-

462 4921 535 4964 men
551 4920 676 4982 semper
692 4901 724 4961 in
742 4901 883 4982 speciali.

1256 3913 1309 3978 aut
1343 3914 1566 3977 detunctorum
1602 3914 1767 3996 spiritibus
1802 3914 1996 3989 sacrificant,

1257 4014 1404 4096 quamvis
1426 4013 1546 4075 directe
1568 4032 1631 4074 non
1656 4013 1826 4076 intendunt
1851 4013 1999 4076 damoni-

1259 4113 1317 4174 bus
1334 4111 1466 4192 obsequi
1482 4119 1536 4172 aut
1557 4111 1687 4187 servire,
1707 4121 1810 4173 tamen
1827 4111 1873 4173 eis
1890 4111 2001 4174 immo·

1259 4211 1325 4273 lant
1344 4220 1440 4291 atque
1460 4210 1642 4272 deserviunt
1662 4209 1901 4291 aequivalenter,
1919 4219 1949 4272 ct
1965 4229 2001 4270 ox

1259 4312 1438 4372 demonum
1462 4309 1665 4387 instigatione
1685 4307 1826 4390 procedit
1843 4317 1930 4370 tanta
1945 4308 2002 4369 im-

1260 4408 1371 4490 pietas,
1394 4416 1425 4470 et.
1444 4407 1622 4488 complacet
1644 4407 1690 4468 cis
1708 4425 1715 4468 ε
1736 4406 1796 4488 ipsi
1818 4425 1948 4487 quoque
1971 4407 2001 4467 in

1261 4507 1354 4569 idolis
1384 4506 1499 4589 saepius
1530 4505 1762 4582 habitaverunt,
1790 4513 1820 4567 et
1851 4525 2003 4588 responsa

1260 4606 1425 4667 dederunt.

1300 4703 1536 4784 Consequenter
1556 4703 1641 4783 qnod
1662 4703 1781 4764 dictum
1799 4710 1858 4778 est,
1875 4703 2004 4765 criden-

1262 4801 1323 4864 lius
1345 4801 1527 4864 resumitur.
1547 4803 1590 4862 Et
1607 4805 1651 4862 od
1671 4804 1753 4878 ipsos
1773 4803 1858 4861 dices
1874 4818 1885 4860 .·
1902 4805 2003 4863 Homo

1260 4904 1406 4961 dedomo
1421 4903 1536 4968 lsrael,
1553 4899 1585 4960 id
1601 4908 1648 4962 cst
1664 4907 1738 4961 natu
1755 4898 1905 4974 israelita,
1921 4902 2005 4959 etde

503 5003 577 5060 Ideo
592 5005 706 5076 offerro
720 5003 833 5060 debent
852 5002 1009 5060 sacerdoti
1023 5001 1091 5076 filii
1104 5002 1207 5060 Israel
1222 5001 1246 5061 D
1261 5001 1395 5060 otloenis
1420 5001 1478 5078 qui
1498 5001 1753 5075 peregrinantur
1777 5001 1867 5074 oprul
1892 5019 1958 5066 uos,
1974 4997 2004 5058 id

463 5100 582 5158 hostias
605 5118 691 5168 suos,
719 5096 750 5159 id
776 5108 834 5174 est,
861 5097 1011 5160 animalia
1040 5096 1207 5160 ollerenda

464 5195 702 5278 presentabant
726 5197 821 5259 alicui
847 5198 1044 5261 sacerdotum
1073 5197 1105 5258 in
1137 5196 1206 5259 loco

464 5294 608 5377 prolixo,
626 5313 684 5356 nec
701 5294 762 5356 sibi
783 5295 862 5377 ipsis
880 5304 1044 5357 assument
1064 5295 1208 5357 sacerdo-

1262 5107 1310 5161 est
1332 5097 1526 5178 quicumque
1549 5097 1737 5178 proselytus,
1763 5116 1818 5158 seu
1840 5097 1879 5157 ad
1901 5096 2007 5157 ludai-

1263 5215 1366 5257 smum
1392 5212 1576 5270 conversus,
1602 5195 1661 5273 qui
1684 5195 1835 5254 obtulerit
1859 5196 2007 5254 botoron-

1260 5293 1345 5354 stoo't
1368 5295 1434 5352 siue
1455 5293 1632 5362 oico‘rnom,
1650 5291 1682 5352 id
1704 5299 1752 5353 est
1773 5310 2007 5372 quamcumque
