4309 6259
428 510 487 573 708
845 528 1022 574 erimusne
1044 526 1074 572 rs
1096 525 1346 571 raurnrnucuuu.
1370 544 1409 553 -
1430 524 1501 569 nur.
1527 526 1555 570 vr

427 697 585 779 piationes
607 717 735 779 quoque
759 717 817 780 pro
842 700 1000 781 peccatis;
1015 704 1170 781 quantum
1186 696 1211 757 A
1227 704 1376 777 promptu
1388 696 1520 758 itineris.
1530 695 1619 757 Unde
1629 696 1662 756 in
1674 712 1736 756 una
1746 694 1841 755 domo
1851 707 1972 773 agnum
1989 714 2134 763 amanus.

428 804 533 859 autem
555 798 595 859 ad
617 798 795 860 sacerdotes
817 805 914 879 atque
936 798 1059 860 Levites
1082 802 1172 857 erant
1227 793 1458 875 edebant‚quia
1473 813 1536 856 non
1550 794 1595 856 eis
1608 793 1738 855 vacabat
1753 792 1880 853 mittere
1893 789 1973 850 invi-

289 910 414 959 amam.
428 895 591 971 ordinata,
613 895 734 957 ablutio
758 915 910 957 manuum
935 915 972 959 ac
996 896 1123 976 pedum,
1142 900 1172 954 et
1227 910 1296 953 cern
1317 902 1433 974 partes
1450 894 1507 955 Per
1527 893 1665 955 lactucas
1682 909 1810 973 quoque
1830 900 1973 968 agrestes

283 978 316 1015 ¹⁹¹
331 973 399 1086 sm·
429 993 513 1056 rasio
539 993 707 1075 pilorum:
734 1012 807 1075 quae
831 994 938 1056 omnia
968 990 1173 1056 rationabiles
1228 990 1411 1069 signabatur
1425 992 1614 1067 amaritudo,
1628 1010 1724 1072 quam
1740 989 1824 1072 passi
1843 988 1973 1051 fuerant
2007 1016 2107 1057 ηιμ,

282 1058 353 1096 ''¹¹''
428 1110 540 1153 causas
554 1091 673 1154 habeut
688 1100 751 1154 tam
768 1092 931 1169 litterales,
941 1100 1036 1173 prout
1049 1090 1173 1154 ordina·
1229 1088 1261 1149 in
1285 1090 1427 1171 AEgppto.
1449 1090 1576 1172 Alystice
1598 1098 1703 1153 autem
1724 1108 1780 1171 per
1800 1086 1974 1150 immolati-

429 1188 547 1251 bantur
566 1190 605 1251 ad
628 1189 773 1251 divinum
799 1191 920 1253 cultum
947 1208 1004 1271 pro
1030 1198 1173 1269 tempore
1228 1205 1322 1250 onem
1342 1188 1414 1268 agni
1437 1188 1604 1270 paschalis,
1628 1187 1826 1269 figurabatur
1851 1186 1973 1249 oblatio

429 1286 496 1363 illo,
507 1306 601 1367 quam
618 1286 781 1367 figurales,
791 1297 886 1370 prout
901 1287 1121 1351 referebantur
1132 1286 1172 1347 ad
1228 1281 1355 1360 Christi,
1375 1293 1408 1346 ut
1423 1286 1467 1346 ait
1482 1285 1672 1367 Apostolus:
1689 1284 1806 1347 Pascha
1826 1292 1974 1347 nostrum
1989 1306 2097 1352 rem.
2107 1311 2127 1347 s.

428 1384 599 1447 Christum.
1229 1381 1411 1444 immolatus
1433 1392 1480 1445 cst
1499 1383 1654 1446 Christus.
1672 1384 1741 1464 lpse
1764 1382 1851 1445 enim
1877 1400 1974 1445 verus

469 1482 558 1546 Ratio
573 1492 678 1546 autem
695 1484 842 1547 litteralis
856 1503 893 1547 ac
909 1482 1096 1565 principalis
1111 1482 1172 1543 cir·
1228 1488 1276 1541 est
1301 1480 1418 1559 Agnus,
1444 1482 1501 1562 qui
1526 1482 1658 1544 abstulit
1689 1490 1817 1563 peccata
1844 1480 1972 1543 mundi.

429 1581 646 1658 cumcisionis,
666 1581 727 1643 fuit
743 1582 928 1663 protestatio
944 1583 1040 1643 unius
1056 1580 1122 1644 nei.
1135 1580 1174 1641 Et
1229 1578 1362 1657 Sanguis
1385 1598 1459 1642 vero
1481 1580 1566 1661 agni,
1588 1580 1643 1661 qui
1666 1580 1838 1643 liniebatur
1861 1579 1895 1640 iu
1919 1598 1973 1640 su-

430 1679 581 1759 quoniam
594 1678 749 1741 Abraham
766 1698 799 1741 se
814 1680 854 1741 ab
871 1679 1056 1741 infidelibus
1068 1679 1172 1760 primo
1229 1677 1488 1757 perliminaribus
1500 1679 1677 1753 domorum,
1695 1677 1857 1757 significat
1875 1676 1972 1739 fidem
1990 1703 2128 1748 sm„..,:.

432 1778 601 1859 separavit,
628 1778 794 1858 egrediens
821 1778 982 1860 propriam
1009 1778 1172 1859 cognatio·
1228 1775 1340 1863 mortis
1355 1784 1386 1837 et
1401 1776 1567 1856 sanguinis
1577 1776 1694 1839 Christi
1711 1777 1743 1837 in
1760 1777 1856 1839 corde
1872 1784 1903 1838 et
1919 1793 1974 1837 ore

431 1894 517 1951 nem,
535 1884 649 1937 terram
665 1894 702 1938 ac
717 1876 857 1952 domum,
876 1876 948 1940 ideo
970 1877 1093 1957 primus
1114 1876 1175 1937 cir·
1190 1878 1213 1939 B
1230 1872 1458 1955 fideliumque
1473 1874 1647 1937 liberantur
1663 1894 1681 1936 a
1697 1883 1851 1957 potestate
1866 1875 1975 1937 diabo

303 1983 321 2025 ⁶
323 1997 416 2034 1111111
431 1973 659 2036 cumcisionem
679 1974 812 2055 accepit.
830 1975 916 2036 Hanc
937 1976 1022 2036 enim
1044 1992 1172 2037 causam
1228 1972 1264 2033 li.
1279 1971 1366 2045 Quod
1388 1972 1483 2034 etiam
1504 1991 1614 2035 earnes
1634 1973 1708 2051 agni
1723 1973 1975 2035 comedebantur

284 2049 414 2159 mmm
430 2072 572 2153 assignat
586 2071 755 2153 Apostolus
778 2074 817 2134 ad
833 2072 1010 2135 Romanos:
1028 2072 1171 2153 Signum,
1228 2090 1306 2133 assae
1322 2069 1399 2150 igni,
1412 2070 1558 2151 designat
1572 2090 1662 2133 esum
1678 2070 1793 2133 Christi
1810 2071 1843 2133 in
1867 2072 1975 2153 specie

432 2169 547 2251 inquit,
558 2170 682 2250 accepit
697 2169 962 2247 circumcisionis,
973 2171 1173 2251 signaculum
1230 2169 1429 2246 sacramenti,
1450 2170 1506 2250 qui
1533 2188 1589 2251 pro
1615 2169 1708 2232 nobis
1730 2170 1973 2233 tribulationem
2001 2186 2004 2191 ·

429 2266 563 2349 justitiae
593 2266 683 2330 fidei.
710 2268 748 2330 Et
772 2276 808 2329 ut
830 2268 1014 2350 protestatio
1042 2268 1174 2331 unitatis
1229 2267 1430 2348 mortisque
1441 2266 1640 2347 significatur
1651 2287 1707 2349 per
1717 2268 1882 2350 ignem,ex
1897 2269 1974 2349 igne

430 2366 558 2443 divinat,
578 2365 725 2447 fidesque
745 2367 877 2429 Abrabae
898 2367 931 2429 in
953 2366 1104 2431 cordibus
1123 2368 1175 2429 lu·
1230 2365 1332 2427 divini
1347 2366 1464 2427 amoris
1478 2365 1641 2427 sustinuit.
1654 2366 1907 2430 Comedebantur
1923 2386 1975 2431 re-

430 2465 569 2527 daeorum
594 2463 787 2542 firmaretur,
811 2465 885 2527 data
905 2474 955 2527 est
974 2466 1021 2528 cis
1046 2466 1097 2529 lex
1118 2466 1176 2529 cir·
1225 2481 1266 2526 ‘ro
1291 2483 1401 2527 carnes
1426 2463 1499 2543 agni
1523 2483 1597 2526 cum
1621 2464 1738 2546 azymis
1761 2465 1911 2546 panibus,
1934 2467 1975 2529 ad

431 2562 921 2643 cumcisionis‚quemadmodum
933 2564 965 2625 in
976 2563 1089 2627 Genesi
1103 2564 1177 2627 scri·
1232 2561 1435 2642 figurandum
1461 2562 1630 2643 puritatem
1655 2564 1907 2627 conversationis
1932 2564 1975 2626 fi·

304 2671 417 2724 amun,
433 2660 538 2723 bitur:
556 2660 624 2721 Erit
644 2670 771 2741 pactum
788 2681 894 2723 meum
912 2661 945 2723 in
961 2681 1056 2724 carne
1071 2671 1176 2727 vestra
1231 2659 1362 2736 delium,
1382 2659 1498 2723 Christi
1524 2679 1639 2741 corpus
1661 2661 1867 2740 sumentium,
1892 2662 1976 2726 sicut

287 2738 319 2778 ¹³·
433 2759 465 2820 in
483 2758 587 2851 faedus
599 2757 879 2821 aeteruumFiebat
889 2779 965 2823 vero
974 2759 1177 2824 circumcisio
1232 2768 1338 2821 monet
1348 2758 1516 2841 Apostolus
1527 2776 1534 2819 :
1547 2759 1720 2840 Epulemur
1731 2759 1763 2821 in
1775 2762 1895 2842 azymis
1910 2763 1977 2824 sin·
2002 2784 2127 2829 reema

298 2873 403 2920 ruam.
432 2856 485 2919 die
507 2865 616 2919 octavo
638 2856 790 2937 quoniam
816 2876 895 2938 puer
916 2865 963 2920 est
985 2866 1058 2921 ante
1084 2859 1176 2922 valde
1231 2858 1371 2921 ceritatis
1383 2866 1414 2920 et
1424 2857 1579 2919 veritatis.
1590 2858 1732 2921 Lactucae
1744 2878 1819 2921 vero
1834 2870 1975 2939 agrestes

425 2953 580 3016 tenellus.
598 2953 674 3015 Nam
690 2962 722 3016 et
737 2953 889 3017 animalia
910 2974 974 3018 uon
997 2954 1177 3018 offereban-
1232 2957 1400 3036 designant
1424 2954 1645 3037 poenitentiam
1671 2964 1885 3037 peecatorum,
1904 2978 1976 3041 quae

291 3064 418 3118 nemun.
433 3060 485 3114 tur
508 3061 581 3115 ante
605 3052 690 3115 diem
715 3060 872 3115 octavum.
894 3052 983 3117 Ratio
1007 3062 1113 3117 autem
1141 3054 1177 3117 fi·
1194 3054 1215 3117 C
1232 3054 1542 3119 communicantibus
1572 3054 1749 3116 necessaria
1775 3064 1833 3117 est.
1861 3058 1975 3121 Accin-

286 3132 320 3172 ³⁰'
432 3150 552 3231 guralis
573 3150 828 3213 circumcisionis
849 3160 907 3226 est,
925 3152 1001 3232 quia
1025 3151 1177 3232 figuravit
1232 3153 1466 3235 gendiquoque
1482 3161 1556 3215 sunt
1572 3170 1663 3215 renes
1675 3152 1791 3215 virtute
1806 3154 1974 3219 castitatis.

432 3247 625 3311 ablationem
647 3248 861 3329 corruptionis
883 3248 998 3312 factam
1020 3269 1076 3331 per
1091 3251 1178 3314 Chri·
1231 3252 1536 3315 Calceamentavero
1549 3252 1762 3331 pedum,sunt
1775 3262 1975 3318 mortuorum

433 3356 529 3423 stum,
547 3366 616 3429 quae
637 3346 671 3409 in
693 3356 805 3409 octavo
821 3346 883 3423 die,
901 3348 1050 3411 videlicet
1075 3369 1178 3413 resur·
1233 3360 1357 3433 patrum
1380 3348 1535 3431 exempla.
1553 3348 1658 3411 lfaculi
1683 3358 1788 3412 autem
1808 3352 1866 3432 qui
1891 3362 1977 3417 tene

301 3461 415 3515 rem,
433 3444 576 3525 gentium
593 3452 687 3521 statu,
705 3444 929 3526 complebitur,
946 3447 1074 3526 quando
1095 3468 1178 3511 mor·
1233 3450 1348 3512 bantur
1364 3448 1396 3509 in
1415 3446 1572 3523 manibus,
1591 3449 1781 3528 pastoralem
1795 3468 1906 3513 curam
1923 3453 1977 3515 de

286 3526 321 3567 ⁵⁴·
435 3542 497 3605 tale
522 3542 581 3605 hoc
606 3542 717 3604 induet
742 3542 1022 3606 immortalitatem.
1051 3546 1093 3607 lle
1119 3546 1177 3610 hac
1233 3549 1369 3627 signant.
1398 3546 1434 3607 Et
1459 3545 1565 3607 unitas
1590 3546 1702 3608 domus
1727 3547 1760 3608 in
1785 3567 1849 3628 qua
1874 3567 1976 3629 agnus

303 3658 419 3710 cumn,
434 3641 593 3723 spirituali
609 3641 851 3704 circumcisione
866 3641 1105 3723 aitApostolus:
1116 3646 1179 3708 Cir·
1232 3655 1299 3709 erat
1313 3645 1466 3721 edendus,
1477 3644 1631 3705 unitatem
1648 3644 1797 3725 importat
1809 3647 1976 3711 catholicae

289 3724 320 3764 ¹¹¹
434 3740 654 3804 cumcisiestis
671 3739 1177 3816 inChristo‚circumcisionenon
1233 3753 1265 3807 et
1283 3744 1464 3808 orthodoxae
1485 3740 1644 3818 Ecclesiae,
1663 3742 1695 3803 in
1712 3762 1775 3823 qua
1789 3744 1906 3807 Christi
1923 3767 1975 3811 ue

434 3837 617 3902 manufacta
640 3839 673 3899 in
695 3837 924 3919 exspoliatione
946 3840 1088 3921 corporis
1114 3862 1179 3905 car·
1233 3842 1373 3906 uerenda
1388 3847 1584 3903 sacramenta
1599 3842 1753 3903 sumenda
1768 3852 1853 3904 sunt.
1880 3876 1881 3879 κ

435 3939 496 4015 nis,
519 3939 572 4000 sed
599 3937 632 3998 in
656 3936 900 3999 circumcisione
924 3937 1050 4000 Domini
1078 3941 1177 4004 nostri
1266 3940 1408 4021 lienique
1418 3938 1563 4020 quaedam
1574 3956 1662 4002 novae
1673 3939 1752 4019 legis
1767 3952 1975 4020 sacramenta,

432 4037 507 4100 lesu
520 4035 647 4099 Christi.
1233 4041 1288 4103 sed
1310 4058 1374 4102 non
1397 4036 1514 4113 omnia,
1534 4036 1694 4099 habebant
1710 4037 1743 4099 iu
1758 4040 1857 4101 veteri
1874 4040 1978 4103 Testa·

429 4170 433 4179 ·
475 4134 628 4197 Similiter
643 4134 724 4219 ratio
744 4132 890 4196 litteralis
909 4135 982 4214 agni
1006 4136 1175 4217 paschalis,
1233 4146 1340 4201 mento
1356 4144 1552 4200 sacramenta
1568 4135 1630 4197 sibi
1645 4138 1977 4217 correspondentia,et

434 4241 502 4297 erat
522 4233 781 4295 commemoratio
804 4231 957 4295 beneficii
980 4233 1178 4299 liberationis
1194 4236 1218 4297 b
1233 4258 1267 4299 se
1292 4234 1483 4315 figurantia:
1503 4242 1536 4296 ut
1559 4234 1736 4314 Baptismus
1760 4234 1978 4301 circumcisio-

435 4353 473 4396 ex
497 4332 640 4413 AEgypto.
666 4330 755 4393 Ratio
779 4348 907 4411 quoque
933 4331 1094 4409 litteralis,
1122 4355 1178 4398 our
1234 4355 1318 4411 nem,
1336 4334 1533 4396 Eucharistia
1557 4350 1673 4412 agnum
1698 4333 1891 4413 paschalem,
1910 4338 1978 4399 Poe-

287 4449 419 4501 aemma
434 4431 557 4495 edendo
567 4446 684 4509 agnum
695 4428 876 4510 paschalem
890 4432 1100 4494 comedebant
1112 4452 1179 4516 azy·
1235 4433 1368 4496 nitentia
1378 4449 1488 4494 omnes
1501 4428 1742 4511 purificationes
1758 4431 1886 4512 legales,
1894 4434 1977 4499 Ordo

433 4549 504 4594 mos
531 4546 639 4610 panes,
667 4527 759 4607 quasi
785 4546 849 4590 non
876 4526 1027 4591 habentes
1052 4540 1178 4613 tempus
1233 4529 1503 4595 consecrationem
1520 4526 1721 4608 pontificum.
1737 4528 1977 4595 Sacramentum

436 4625 660 4703 fermentandi,
678 4633 711 4687 et
731 4645 836 4688 assum
860 4625 937 4704 igni,
955 4645 1120 4707 perquem
1137 4630 1179 4692 ci·
1234 4626 1672 4706 veroConfirmationis,quia
1684 4635 1732 4689 est
1743 4640 1976 4693 sacramentum

435 4728 494 4789 bus
517 4724 658 4788 velocius
683 4732 889 4805 preparatur,
906 4732 938 4786 et
953 4725 1038 4805 quod
1057 4745 1093 4788 os
1114 4747 1177 4792 non
1235 4725 1444 4809 plenitudinis
1469 4724 1588 4806 gratiae,
1606 4742 1669 4785 non
1692 4724 1829 4788 habebat
1850 4726 1883 4789 in
1907 4729 1977 4811 lege

300 4844 360 4889 rua.
371 4848 405 4889 aa.
434 4824 688 4888 comminuerent
703 4841 741 4884 ex
755 4840 847 4900 agno,
866 4820 928 4883 fuit
943 4822 1014 4903 ipsa
1030 4822 1179 4888 festinan·
1234 4826 1365 4906 antiqua
1385 4830 1616 4886 sacramentum
1633 4822 1695 4885 sibi
1711 4828 1974 4906 correspondens.

435 4924 562 5004 tia,qua
576 4919 1010 5002 compellentibusAEgyptiis
1027 4922 1178 4987 festinan·
1233 4924 1378 4987 Nondum
1398 4921 1485 4984 enim
1505 4920 1634 4983 advenit
1657 4928 1782 5001 tempus
1805 4924 1978 5003 plenitudi-
1993 4949 2120 4994 nelina.

436 5031 481 5085 ter
503 5019 621 5101 egressi
644 5027 729 5080 sunt.
747 5018 784 5079 Et
799 5019 840 5081 ob
856 5018 1011 5082 rationem
1034 5023 1177 5085 eamdem
1234 5022 1284 5084 nis
1299 5020 1408 5102 gratiae
1423 5018 1498 5093 llei;
1516 5024 1546 5081 et
1562 5026 1642 5080 teste
1658 5018 1819 5099 Apostolo,
1836 5020 1920 5083 Nihil
1936 5025 1975 5086 ad
2012 5047 2120 5095 neuim.

299 5138 359 5181 rua
372 5142 404 5182 u.
432 5118 641 5200 accingebant
666 5135 769 5193 renes,
787 5116 939 5179 habentes
965 5119 1178 5182 calceamenta
1234 5119 1410 5201 perfectum
1425 5116 1555 5179 adduxit
1571 5116 1631 5179 lex.
1642 5116 1794 5180 Similiter
1805 5118 1916 5182 Unctio
1927 5141 1978 5183 ea·
1994 5112 2026 5153 ¹⁹·

434 5220 467 5281 in
484 5217 629 5300 pedibus,
649 5223 793 5278 tenentes
808 5215 939 5278 baculos
956 5217 987 5277 in
1005 5218 1175 5280 manibus:
1234 5226 1344 5293 trema,
1361 5235 1461 5297 quum
1477 5214 1519 5277 sit
1533 5215 1718 5278 immediata
1732 5218 1921 5299 preparatio
1936 5222 1977 5284 ad

433 5337 504 5401 quae
528 5314 636 5379 omnia
660 5332 714 5376 cos
738 5323 935 5376 concernunt
959 5315 1016 5396 qui
1043 5324 1118 5378 sunt
1144 5317 1178 5379 in
1234 5316 1400 5380 introitum
1424 5314 1543 5396 gloriae,
1565 5314 1657 5396 cujus
1680 5314 1785 5377 aditus
1809 5334 1867 5397 per
1888 5316 1977 5383 Chri-
