4309 6259
442 499 500 569 lbi

845 519 1020 568 susannam
1040 522 1071 568 ΙΝ
1092 522 1161 568 GAP.
1185 523 1216 570 ΙΙΙ
1238 523 1375 571 tEvtt'tct.
1397 543 1437 554 -
1457 523 1529 570 Ater.
1552 523 1583 572 tx

439 700 491 754 tur
504 695 810 776 :Adotebantqaeea
824 717 920 775 saper
931 701 1036 758 attare
1051 699 1086 758 in
1102 700 1184 758 aoro—
1200 696 1225 758 Α
1239 697 1326 760 dum.
1353 698 1589 781 Consequenter
1620 698 1821 776 describitur,
1844 699 1980 781 qualiter

438 803 601 863 caustum,
616 792 648 856 id
664 802 711 855 est
732 792 910 857 incensum.
927 794 1077 868 Quamvis
1097 796 1184 858 enim

439 891 545 955 totalis
565 892 684 956 oblatio
706 891 767 956 luit
787 893 924 976 pacilica
943 893 1058 971 hostia,
1076 903 1181 958 tamen

438 1010 512 1072 pars
523 993 593 1072 ejus
607 993 673 1073 jam
689 992 904 1070 dicta,habuit
920 993 1075 1056 rationem
1087 1002 1118 1057 et
1131 1013 1183 1058 no·

437 1109 511 1153 men
527 1091 715 1169 holocausti,
735 1093 769 1153 in
785 1101 941 1174 quantum
962 1094 1101 1156 totaliter
1116 1114 1182 1158 erc-

436 1188 582 1252 mabatur
593 1189 692 1252 instar
703 1190 970 1254 holocaustorum.
979 1192 1073 1257 Porro
1085 1194 1181 1275 adeps

435 1297 567 1352 vocatur
582 1290 743 1371 pinguedo
760 1290 793 1351 in
810 1290 1016 1354 interioribus
1037 1293 1182 1374 paulibus

436 1388 584 1450 animalis
600 1389 773 1465 exsistensr
787 1390 897 1454 arvina
913 1410 998 1469 vero,
1011 1411 1083 1472 quaa
1099 1393 1182 1455 inter

437 1505 565 1549 carnem
581 1494 613 1549 et
629 1496 745 1565 cutem,
758 1508 829 1569 quaa
844 1498 875 1551 et
891 1489 923 1551 in
940 1509 1036 1571 porco
1052 1491 1181 1573 proprie

439 1585 560 1648 lardum
583 1594 724 1650 vocatur.
741 1588 820 1651 Hinc
840 1590 924 1671 apud
945 1590 1002 1652 lob
1025 1591 1179 1653 habetur:

296 1697 423 1749 tornat.
437 1684 481 1747 De
496 1684 648 1746 lateribus
665 1685 752 1747 illius
768 1686 879 1748 arvina
894 1688 1062 1768 dependet.
1075 1688 1181 1751 Nihilo

438 1783 544 1846 minus
568 1803 668 1846 unum
691 1785 803 1848 horum
825 1788 1016 1868 quandoque
1038 1805 1096 1870 pro
1118 1787 1180 1850 alio

1239 797 1299 859 ista
1314 797 1434 861 oblatio
1447 797 1545 861 siebat
1557 799 1595 863 de
1606 799 1720 880 capris,
1734 807 1765 861 ot
1776 807 1861 881 patet
1877 799 1981 862 littera

1238 913 1275 958 ex
1292 896 1497 977 praeinductis
1515 915 1521 958 :
1539 897 1615 978 quia
1631 915 1687 978 per
1701 897 1808 960 omnia
1825 897 1887 959 luit
1908 917 1981 962 con·

1239 995 1350 1058 lormis
1365 997 1477 1059 modus
1493 995 1527 1058 in
1539 996 1699 1060 sacrificio
1709 1015 1811 1079 caprae
1821 1005 1852 1060 et
1868 995 1937 1061 oris
1949 998 1979 1060 in

1237 1094 1384 1178 pacificis
1400 1095 1523 1158 hostiis.
1752 1165 1756 1172 ,

1277 1195 1315 1256 At
1330 1213 1404 1258 vero
1420 1195 1504 1258 eirca
1515 1196 1610 1258 verba
1626 1196 1691 1273 illa,
1704 1196 1786 1259 Duos
1802 1215 1893 1260 renes
1908 1217 1978 1260 cum

1237 1295 1341 1375 adipe,
1359 1294 1397 1357 dc
1419 1295 1578 1358 sacrificio
1599 1295 1690 1358 bovis
1713 1295 1852 1374 inducta,
1868 1297 1978 1360 asserit

1236 1394 1316 1475 Lyra
1339 1393 1372 1456 in
1399 1394 1528 1458 Hebraeo
1551 1394 1672 1471 haberi,
1699 1394 1926 1471 Renuncutos;
1951 1407 1979 1459 et

1236 1493 1321 1573 quod
1338 1492 1437 1574 aliqui
1459 1492 1580 1570 dicunt,
1599 1492 1736 1555 litteram
1753 1493 1830 1556 vitio
1849 1495 1980 1578 scripto-

1236 1611 1307 1653 rum
1327 1610 1397 1654 essa
1416 1599 1608 1674 corruptam,
1630 1593 1781 1673 quoniam
1802 1611 1894 1656 renes
1918 1613 1978 1657 non

1235 1691 1458 1753 cremabantur
1473 1710 1544 1752 oum
1561 1691 1729 1773 adipe,sed
1745 1692 1980 1756 renunculil'o

1236 1809 1306 1850 rum
1323 1789 1383 1852 hoc
1399 1789 1546 1852 debiliter
1568 1789 1688 1851 dictum
1710 1799 1867 1867 consetur,
1881 1811 1976 1873 quum

437 1883 583 1944 sumitur.
594 1887 710 1962 Lipnis
728 1887 800 1961 r'pne
814 1888 1037 1964 suppositam
1051 1890 1180 1948 oblatio·
1199 1887 1222 1949 B
1237 1889 1403 1952 renunculi
1419 1889 1564 1951 dicantur
1574 1889 1663 1971 parvi
1674 1909 1776 1966 rencs,
1789 1898 1820 1953 et
1835 1889 1978 1973 frequen·

436 2003 509 2043 nern
524 1985 712 2043 suavissimi
726 1987 833 2045 odoris
848 1988 998 2047 Domino.

477 2084 517 2142 Si
532 2102 604 2141 aero
620 2085 657 2142 de
673 2084 784 2143 ocr'bus
795 2086 898 2162 suern
913 2086 982 2162 ejas
996 2087 1124 2156 oblatio,
1138 2095 1177 2157 et,

436 2198 494 2261 pro
510 2179 542 2242 ld
558 2183 837 2260 est,pacifieornnc
852 2185 1043 2254 boetianae
1060 2206 1180 2245 cerasen-

435 2283 516 2350 iam,
527 2287 601 2361 puta
610 2279 753 2357 arietem,
763 2283 830 2340 sire
844 2284 908 2358 sem
914 2285 1004 2342 inam
1015 2286 1177 2356 obtulerit,

358 2424 361 2428 .
385 2431 389 2439 .
434 2377 511 2458 quis
528 2385 699 2459 utrumque
716 2378 828 2442 ollerri
846 2388 960 2462 potest,
974 2381 1056 2444 siout
1071 2382 1110 2445 de
1126 2383 1180 2446 bo-

434 2476 494 2539 bus
505 2475 691 2559 praediolum
700 2486 756 2553 θεῖ,
765 2480 974 2541 imnracniata
985 2493 1088 2552 erunt,
1098 2483 1179 2545 siout

434 2574 614 2657 expositum
630 2583 689 2637 θεῖ.
708 2579 747 2638 Si
761 2597 883 2653 apirian
904 2583 1055 2642 adtulerit
1070 2603 1178 2644 coram

434 2676 584 2747 Domino,
617 2673 651 2735 in
682 2674 817 2737 hostiam
850 2677 1028 2759 pacificam.
1055 2680 1089 2741 ln
1119 2681 1178 2743 hac

434 2771 522 2835 enim
542 2772 704 2836 oblatione
723 2783 847 2856 poterat
863 2776 1019 2839 immolari
1043 2797 1108 2842 non
1130 2798 1179 2843 so-

434 2871 501 2933 lum
524 2871 593 2934 oris
616 2872 782 2955 utriusque
804 2894 907 2951 sexuS,
926 2877 980 2939 sed
1003 2877 1098 2940 etiam
1122 2880 1178 2940 mi-

434 2971 521 3034 noris
535 2991 572 3033 ac
582 2971 713 3053 maioris
723 2973 826 3036 aetatis
839 2992 845 3035 :
860 2974 930 3038 idco
942 2995 1026 3038 nunc
1042 2978 1081 3040 de
1096 2996 1177 3056 agno

1236 1996 1283 2050 ter
1294 1987 1519 2052 diminutivum
1533 2006 1590 2069 pro
1602 1987 1731 2051 nomine
1746 2007 1764 2049 a
1778 2006 1841 2068 quo
1857 1987 1978 2051 deriva-

1237 2095 1297 2164 tur,
1315 2095 1480 2162 sumatur3
1500 2105 1558 2149 neo
1579 2087 1668 2169 parvi
1694 2105 1784 2149 renes
1805 2087 1976 2164 dumtaxat,

1235 2186 1290 2248 sed
1306 2194 1338 2248 ot
1358 2185 1528 2267 pinguedo,
1541 2204 1702 2268 parvaque
1722 2185 1873 2248 intestina
1897 2185 1979 2247 reni-

1234 2283 1926 2366 bus'adhaarentianuncupenturronunculi,
1947 2293 1978 2346 ut

1234 2385 1330 2460 Brito,
1348 2384 1467 2466 aliique
1490 2383 1630 2446 latentur
1645 2383 1853 2463 grammatici.

1275 2485 1386 2545 Omnis
1402 2487 1509 2560 adeps,
1519 2484 1654 2543 Domini
1663 2485 1737 2552 erit,
1749 2482 1782 2544 id
1797 2489 1856 2558 θεῖ,
1868 2482 1908 2544 ad
1925 2481 1977 2545 [tet

1234 2581 1388 2645 honorem
1414 2580 1594 2664 specialiter
1620 2579 1786 2656 ollerctur,
1813 2589 1845 2642 et
1870 2580 1977 2644 incen-

1234 2680 1326 2744 detur
1353 2681 1386 2742 in
1410 2679 1589 2757 sacrificiis,
1610 2699 1667 2743 nec
1692 2679 1840 2742 humanis
1865 2679 1976 2742 usibus

1234 2781 1444 2854 concedetur3
1460 2782 1540 2858 jare
1558 2789 1722 2857 perpetuo,
1747 2779 1779 2840 id
1801 2787 1849 2841 est
1871 2798 1909 2842 ex
1932 2779 1978 2840 di-

1234 2879 1308 2941 vino
1334 2887 1492 2961 praecepto
1524 2898 1579 2941 sou
1606 2878 1762 2955 instituto,
1789 2897 1846 2960 per
1876 2885 1977 2940 totum

1234 2987 1358 3060 tempus
1374 2978 1489 3041 veteris
1506 2977 1696 3040 Testamenti
1712 2977 1866 3040 durante:
1885 2977 1978 3039 idcir-

430 3071 525 3152 quasi
553 3071 655 3152 gratia
683 3073 820 3154 exempli
855 3076 1072 3156 prosequitur,
1102 3078 1178 3159 qnia
1195 3079 1216 3140 C
1233 3096 1270 3140 co
1287 3077 1502 3158 subjungitur,
1522 3079 1555 3137 tn
1569 3079 1831 3152 generationibus
1850 3086 1878 3136 et
1900 3097 1978 3136 ercn-

434 3168 634 3250 lrequentius
656 3178 710 3231 aut
731 3172 895 3234 decentius
914 3172 1060 3238 licbatdc
1083 3194 1174 3256 agno,

432 3286 528 3349 quam
554 3268 593 3330 de
618 3286 677 3330 ove
700 3270 890 3354 antiquiore.
909 3275 1011 3333 Ponet
1036 3274 1177 3337 otl'erens

432 3387 568 3427 mantem
590 3388 686 3445 snper
707 3379 805 3446 captat
827 3372 966 3431 victinnr
987 3392 1062 3433 saeve.
1082 3375 1114 3435 ln
1133 3373 1178 3435 di·

433 3463 533 3527 versis
559 3464 728 3528 sacrificiis
751 3467 861 3529 eadem
891 3469 987 3532 rerba
1015 3473 1176 3536 multoties

432 3564 649 3640 continentur,
669 3566 843 3627 secundum
868 3569 953 3648 quod
980 3569 1105 3633 diversa
1130 3591 1178 3633 sa·

432 3661 555 3724 crificia
582 3663 614 3724 in
640 3663 803 3745 aliquibus
828 3667 1062 3731 conveniebant
1087 3694 1094 3744 ;
1118 3689 1176 3733 neo

431 3770 555 3844 oportet
569 3782 606 3825 ca
621 3763 805 3845 frequentor
823 3785 991 3848 exponere,
1006 3771 1061 3831 sed
1078 3788 1114 3832 ea
1130 3790 1177 3833 sc-

431 3861 495 3924 mel
505 3862 688 3944 exposuisse
704 3862 857 3927 sufficiat.
868 3870 943 3934 Once
956 3870 1177 3930 immolabitur

432 3962 637 4022 investibulo
660 3965 872 4035 tabernaculi,
891 3965 922 4026 id
945 3975 993 4028 θεῖ
1015 3967 1047 4028 in
1069 3969 1174 4044 atrio;

430 4070 460 4120 et
481 4061 612 4137 offerent
635 4059 694 4122 lilii
717 4062 819 4124 Aaron
849 4065 1038 4141 sacerdotes,
1055 4071 1094 4126 dc
1116 4069 1175 4132 bac

430 4160 641 4235 pacificorum
672 4161 777 4220 lrostia
799 4164 998 4240 sacrificium
1024 4169 1172 4238 Domino,

429 4256 579 4319 videlicet
604 4257 636 4318 in
663 4258 828 4320 incensum
859 4279 914 4323 seu
941 4262 1171 4342 holocaustum,
1191 4275 1303 4336 Dares
1329 4285 1392 4328 non
1422 4265 1542 4328 divisit.
1567 4265 1697 4346 lnsupcr
1722 4265 1755 4326 in
1780 4264 1971 4332 Scholastica
1986 4276 2097 4324 oman

430 4364 525 4437 prout
540 4356 579 4418 de
595 4354 676 4419 hove
691 4357 797 4420 oblato
807 4358 873 4439 jam
889 4360 1009 4422 dictum
1024 4371 1087 4438 θεῖς
1106 4367 1174 4425 arli-

427 4465 539 4532 pamel
554 4458 693 4516 cantiam
708 4466 805 4518 totam
821 4479 893 4518 erran
906 4464 1085 4532 remouens
1100 4467 1174 4542 pin-

425 4556 600 4630 puedincm
616 4576 688 4634 qnae
707 4559 810 4634 operit
833 4569 986 4632 verterem,
1005 4560 1091 4624 intus
1114 4563 1173 4626 suh

429 4658 512 4728 oute,
529 4662 624 4732 atquc
639 4657 792 4714 unr'cersa
808 4658 937 4728 m'taiia,
955 4658 1076 4722 seilicet
1093 4661 1173 4724 inlo-

429 4749 522 4812 slina.
534 4753 576 4812 nt
586 4755 736 4824 aciolebit,
746 4753 776 4815 id
789 4761 836 4816 θεῖ
846 4756 1012 4835 cremabit,
1025 4781 1061 4820 ea
1072 4783 1173 4822 saeer-

427 4852 484 4909 cIos
497 4869 594 4926 stiper
608 4855 712 4911 altare
727 4853 762 4912 in
776 4855 936 4930 paon-inm
953 4858 1049 4934 rpnis,
1067 4859 1121 4938 qui
1139 4859 1171 4921 in

428 4947 534 5010 altari»
546 4948 745 5012 nutriebatur
764 4971 802 5014 ex
826 4953 999 5034 pinguibus
1021 4956 1091 5018 istis
1108 4978 1172 5020 ma-

428 5045 528 5123 teriiS,
546 5056 575 5107 et
594 5050 765 5110 oblationis
780 5054 915 5112 Domini
930 5074 941 5112 .·
961 5055 1112 5134 quoniam
1135 5076 1172 5120 ex

427 5145 548 5208 eisdem
572 5146 714 5208 materiis
734 5148 942 5212 exhibebatur
957 5153 1019 5217 Deo
1039 5153 1168 5219 oblatio.

426 5243 514 5318 Quod
530 5250 635 5306 autem
658 5231 744 5307 nunc
759 5245 877 5308 dietum
893 5258 941 5311 est
963 5252 1002 5313 de
1022 5271 1115 5334 agno,
1132 5255 1171 5315 de

426 5341 526 5406 ariete
540 5361 669 5424 quoque
684 5352 715 5406 ct
730 5362 789 5408 ore
804 5346 917 5428 maJ'ori
929 5359 977 5413 est
994 5350 1172 5433 intelligen-

1232 3179 1291 3236 ctis
1312 3178 1505 3236 lrahr'tacalis
1529 3179 1649 3235 cestris.
1675 3179 1740 3237 Nec
1760 3177 1900 3252 adipem,
1923 3196 1977 3235 trec

1231 3278 1424 3352 snnpnt'nem
1440 3278 1572 3335 orrtrn'no
1588 3276 1767 3344 rotnerletis,
1784 3273 1816 3335 id
1830 3283 1889 3349 θεῖ,
1908 3275 1977 3336 nul·

1233 3374 1298 3435 lum
1315 3375 1428 3436 horum
1445 3373 1477 3434 in
1494 3373 1601 3435 eibum
1618 3372 1759 3449 sumetis,
1773 3391 1831 3435 nee
1846 3373 1977 3435 commi-

1233 3472 1360 3536 scebitis
1378 3472 1491 3534 restris
1507 3472 1647 3535 cibariis
1660 3471 1829 3535 Innotesoit
1847 3472 1973 3534 demum

1232 3591 1270 3634 cx
1296 3571 1511 3653 praeinductis
1530 3572 1613 3652 qnod
1637 3570 1748 3633 hostica
1770 3569 1914 3653 pacificas
1938 3591 1974 3634 ao

1232 3670 1396 3748 salutares,
1415 3669 1538 3732 fiebant
1552 3671 1592 3732 dc
1609 3669 1709 3731 tribus
1725 3669 1911 3732 animalium
1928 3688 1975 3749 ge

1233 3769 1362 3832 neribus
1386 3778 1518 3845 tentum,
1536 3768 1705 3850 dequibus
1727 3777 1758 3831 et
1779 3769 1972 3846 holocausta,

1232 3877 1308 3951 puta
1318 3870 1357 3931 de
1371 3868 1484 3945 bobus,
1498 3869 1601 3951 capris
1613 3877 1644 3931 ct
1658 3867 1782 3944 oribus,
1793 3887 1856 3931 non
1869 3877 1974 3931 autem

1231 3969 1271 4030 dc
1285 3967 1409 4030 avibus.
1427 3968 1509 4032 Aves
1531 3987 1668 4048 namque
1685 3965 1905 4030 ollerebantur
1928 3967 1974 4029 in-

1232 4075 1326 4146 tegrae
1346 4067 1419 4143 Deo,
1438 4086 1496 4129 nee
1521 4067 1755 4144 dividebantur,
1772 4067 1973 4147 quomadmo

1231 4167 1305 4228 dum
1325 4166 1356 4227 in
1373 4165 1486 4228 Genesi
1506 4167 1544 4228 de
1566 4165 1723 4228 Abraham
1745 4165 1870 4245 legitur,
1887 4167 1972 4247 quod

1230 4362 1331 4426 fertur
1355 4363 1488 4427 historia
1510 4364 1693 4442 :Pinguedo
1715 4383 1810 4446 supra
1830 4383 1968 4442 earnem,

1228 4463 1339 4525 arvina
1364 4463 1412 4526 vel
1440 4463 1562 4525 lardum
1586 4471 1716 4526 vocatur
1739 4487 1747 4538 ς
1767 4483 1836 4544 quas
1866 4475 1969 4528 autom

1228 4563 1315 4624 carni
1340 4563 1500 4637 miscetur,
1519 4563 1679 4644 pinguedo
1702 4563 1830 4644 proprie
1850 4583 1971 4626 nuncu-

1228 4669 1320 4744 patur
1333 4686 1340 4736 3
1353 4679 1508 4742 quaerero
1520 4660 1680 4722 intestinis
1695 4661 1843 4738 adhaeret,
1856 4663 1971 4725 dicitur

1227 4761 1335 4841 adeps.
1357 4761 1411 4821 Est
1432 4767 1535 4822 autem
1562 4758 1676 4840 triplex
1695 4758 1803 4841 adeps,
1822 4760 1970 4824 videlicet

1227 4860 1324 4940 adeps
1340 4859 1493 4934 vitalium,
1501 4859 1598 4940 adeps
1607 4857 1733 4939 jecoris
1741 4860 1838 4941 adeps
1849 4878 1967 4922 renum.

1226 4958 1288 5020 Hos
1305 4965 1367 5020 tres
1383 4957 1493 5039 adipes
1508 4957 1602 5038 jussit
1620 4956 1679 5019 sibi
1694 4957 1846 5021 Dominus
1862 4957 1971 5022 immo

1226 5055 1296 5118 lari.

1266 5154 1432 5231 Quaeritur,
1446 5175 1502 5217 cur
1512 5156 1593 5217 Deus
1604 5155 1768 5237 prohibuit
1779 5155 1898 5238 populo
1914 5177 1971 5220 suo

1226 5253 1351 5336 adipem
1376 5253 1626 5336 sanguinemque
1642 5255 1817 5318 comedere.
1835 5256 1969 5333 Adher,

1227 5341 1310 5417 libro
1335 5354 1374 5415 dc
1399 5352 1474 5415 Fido
1496 5361 1527 5415 et
1553 5352 1693 5432 legibus,
1714 5352 1901 5417 Guillelmus
1927 5375 1972 5418 re
