4309 6259
451 484 511 549 508
790 512 964 559 manuario
985 513 1015 559 nr
1037 513 1105 559 car.
1128 513 1213 559 xxxv
1233 512 1429 560 conmonuit.
1452 532 1493 543 -
1513 513 1584 559 aar.
1606 514 1655 559 nr

451 676 586 738 nomino
601 683 750 775 virorurra
762 686 821 764 qui
841 694 959 746 terram
981 686 1078 755 vobis,
1094 684 1126 747 id
1146 693 1195 747 est
1209 685 1235 747 Α
1249 684 1393 767 qualibet
1416 684 1503 748 tribu
1528 704 1617 748 suam
1643 685 1821 768 portionem
1844 684 1992 747 nondum

451 779 570 865 populo
600 781 658 844 tibi
688 782 874 861 commisso,
898 786 1057 856 divident,
1085 792 1195 867 utpote
1249 783 1370 861 sortita,
1392 784 1542 867 prinecps
1566 802 1659 859 unus,
1681 783 1737 865 qui
1762 782 1855 845 simul
1875 782 1993 845 decern

451 898 564 943 novem
586 880 733 944 tribubus
754 890 849 964 atquc
869 882 1010 945 dimidia
1028 901 1035 944 :
1054 886 1195 945 Eleazar
1250 881 1389 959 luerunt,
1406 883 1484 964 quia
1502 882 1643 945 dimidias
1663 882 1761 945 tribui
1783 882 1914 945 nondum
1929 882 1994 945 do-

449 983 606 1051 sacerdos,
620 989 651 1041 et
673 984 767 1042 Josoc
791 984 884 1059 filius
904 983 995 1053 nco,
1015 990 1045 1041 et
1068 983 1195 1059 siopoo·
1248 988 1320 1043 tatae
1335 982 1515 1060 assignatus
1531 982 1591 1043 luit
1607 1001 1689 1044 unus
1708 980 1866 1063 prinoepS,
1881 990 1912 1043 ut
1932 1000 1994 1063 pa-

445 1081 612 1157 priocipes
633 1082 672 1139 cie
694 1080 834 1157 sicopolis
857 1081 1012 1152 tribubus,
1031 1078 1062 1141 id
1084 1088 1133 1142 est
1154 1080 1194 1141 do
1248 1088 1296 1142 tet
1309 1081 1343 1142 in
1359 1088 1444 1143 textu
1461 1082 1516 1162 qui
1530 1090 1579 1144 ast
1594 1080 1720 1164 planus.

995 1507 1323 1595 unrlcttnus
1360 1509 1453 1593 LIV

557 1782 747 1829 naccnnnno
770 1782 943 1827 tlmnnntts
965 1782 1103 1827 cunnum
1124 1781 1275 1827 rnlcnsutl
1297 1781 1398 1836 QUINTI
1421 1784 1428 1829 :
1452 1784 1520 1828 llAEC
1541 1784 1659 1839 QUOQUE
1680 1784 1810 1831 LOGU'I'US
1831 1786 1881 1829 EST

1047 1880 1182 1926 boninus
1204 1882 1246 1926 AB
1267 1881 1398 1927 notsnn.

452 2160 699 2361 QUALITER
724 2161 875 2225 Dominus
899 2161 995 2243 jussit
1021 2161 1193 2225 sacerdoli·
1212 2160 1278 2223 Ber
1303 2164 1562 2241 septentrionalis
1583 2168 1684 2242 pinpo
1709 2168 1831 2246 (equali
1857 2167 1990 2226 termino

530 2263 588 2325 bus
608 2280 645 2325 ac
664 2260 783 2324 Levitis
804 2260 872 2324 dari
896 2260 990 2323 urbas
1010 2279 1046 2323 ac
1072 2259 1194 2323 viculos
1248 2264 1393 2339 finietur,
1405 2261 1437 2323 id
1453 2270 1512 2338 est,
1521 2263 1659 2343 spatium
1675 2263 1927 2327 suburbanorum
1943 2283 1992 2325 rc·

449 2360 489 2424 ad
514 2361 787 2435 commorandum,
814 2368 845 2422 et
875 2358 1058 2422 suburbana
1085 2379 1195 2422 earum
1250 2357 1389 2441 spiciens
1404 2359 1599 2442 aquilonem,
1615 2359 1676 2422 erit
1690 2361 1876 2443 quantitatis
1891 2380 1991 2442 aequa-

450 2461 489 2523 ad
513 2458 737 2522 enutriendum
761 2476 868 2521 eorum
887 2458 1041 2539 jumenta,
1058 2457 1196 2539 qualiter
1250 2457 1290 2520 lis
1317 2476 1324 2521 :
1352 2458 1413 2521 hoc
1441 2466 1502 2535 cst,
1530 2458 1668 2539 spatium
1698 2458 1777 2522 illud
1807 2478 1863 2542 per
1890 2468 1991 2522 totum

450 2558 546 2621 etiam
564 2557 609 2620 cis
625 2556 792 2637 assignatae
803 2557 868 2619 sint
884 2556 978 2621 urbes
995 2556 1197 2637 rolugii,mo
1250 2556 1378 2619 urbium
1393 2575 1518 2639 gyrum,
1537 2575 1592 2619 seu
1607 2575 1717 2620 versus
1733 2565 1868 2639 quatuor
1887 2567 1991 2640 partas

436 2658 492 2719 ·do
507 2655 709 2719 describitur.
719 2659 796 2717 Hoeo
807 2676 931 2735 quoque
947 2660 1070 2717 loeutus
1081 2665 1127 2717 est
1136 2658 1197 2716 Do
1250 2655 1349 2733 orbis,
1375 2656 1436 2718 erit
1460 2654 1593 2736 aequale,
1620 2654 1664 2717 ita
1686 2665 1721 2718 ut
1745 2657 1906 2719 contineat
1928 2657 1992 2719 duo

451 2758 561 2815 minus
580 2758 624 2815 od
644 2758 775 2833 Moyseo
796 2757 832 2814 io
852 2756 1082 2831 campestribus
1102 2756 1197 2815 Moab
1250 2754 1354 2817 millia
1369 2752 1639 2817 cubitorumflaec
1654 2762 1759 2817 autem
1775 2753 1838 2818 sibi
1854 2755 1992 2817 invicem

450 2874 550 2932 sopra
564 2857 740 2915 Iordanem
759 2864 871 2914 contro
887 2854 1013 2915 Iericho
1024 2874 1036 2912 :
1053 2855 1197 2930 Praecipe
1250 2851 1438 2916 contrariari
1448 2852 1768 2934 videntur,quoniam
1782 2852 1870 2916 mille
1881 2872 1995 2935 passus

450 2954 532 3030 filiis
555 2956 669 3023 Israel,
688 2962 723 3013 ct
741 2956 818 3013 dent
836 2954 959 3013 Levitis
979 2955 1017 3011 de
1032 2954 1197 3029 possessio·
1251 2950 1375 3014 faciunt
1390 2949 1569 3033 plusquam
1581 2951 1643 3014 duo
1658 2950 1761 3015 millia
1776 2951 1995 3033 cubiti,quum

450 3053 546 3113 cibos
559 3054 639 3123 scir,
657 3050 688 3113 id
705 3060 753 3113 est
768 3051 807 3115 de
823 3050 1005 3114 civitatibus
1026 3069 1104 3132 quas
1124 3068 1197 3131 pos·
1251 3066 1363 3131 passus
1383 3047 1424 3108 sit
1444 3046 1581 3129 spatium
1602 3047 1745 3130 quinque
1761 3050 1889 3130 pedum,
1905 3049 1997 3131 juxta

452 3148 612 3226 sidobunt,
630 3152 722 3210 urbes
741 3152 786 3209 ort
806 3152 1021 3210 habitandum
1040 3159 1069 3209 ct
1085 3151 1197 3209 subur-
1251 3147 1352 3210 illud:
1368 3146 1515 3228 Quinque
1530 3147 1626 3229 pedes
1642 3166 1770 3229 passum
1786 3147 1918 3223 iaciunt,
1930 3158 1992 3211 etc.

452 3250 536 3308 bono
549 3268 674 3318 eorum,
685 3246 717 3308 id
730 3255 777 3309 ost
790 3246 892 3327 spatia
903 3246 1052 3326 contIgua
1067 3246 1195 3309 urbium
1290 3246 1379 3309 Circa
1394 3244 1462 3308 hac
1477 3244 1589 3308 scribit
1599 3245 1695 3327 Lyra:
1709 3245 1825 3309 Dicunt
1838 3248 1994 3329 exposito

452 3346 552 3409 muris
572 3354 602 3409 et
624 3353 711 3408 extra
727 3364 791 3422 eos,
816 3356 851 3406 ut
870 3348 933 3423 ipsi
954 3345 1069 3409 levitae
1089 3347 1126 3406 io
1146 3367 1197 3423 op·
1214 3345 1236 3408 G
1251 3364 1302 3407 ros
1326 3342 1549 3421 communiter,
1567 3344 1651 3425 quod
1675 3343 1760 3407 idem
1784 3354 1833 3407 est
1854 3345 1994 3427 spatium

447 3446 539 3523 pictis
554 3454 719 3505 rooneont.
738 3442 835 3505 Erant
849 3451 955 3506 autom
972 3444 1150 3506 sacerdotes
1166 3454 1197 3505 et
1251 3442 1341 3505 mille
1357 3461 1520 3525 passuum,
1537 3450 1569 3504 et
1590 3442 1725 3505 duorum
1746 3442 1884 3505 millium
1906 3444 1996 3507 cubi-

452 3542 568 3605 Levitae
588 3561 644 3624 per
664 3560 775 3604 omnes
799 3541 900 3603 tribus
920 3542 1056 3625 dispcrsi
1078 3543 1119 3603 ad
1142 3561 1197 3625 po
1252 3549 1377 3605 torum:
1395 3540 1472 3621 quia
1494 3560 1605 3623 passus
1627 3540 1771 3603 continet
1789 3551 1925 3623 quatuor
1941 3562 1996 3624 pe

452 3641 564 3724 pulum
586 3640 835 3703 informandum.
858 3644 900 3702 Εῖ
924 3642 1108 3701 srcborbooo
1130 3644 1197 3701 aiot
1251 3642 1318 3717 des,
1337 3648 1373 3702 ut
1396 3639 1527 3715 dicunt,
1545 3640 1600 3702 sed
1625 3638 1685 3703 hoc
1707 3648 1755 3703 est
1779 3649 1891 3703 contra
1916 3640 1995 3702 illud

448 3742 616 3819 pecoribus
632 3740 839 3817 ocjomootis
859 3757 968 3801 eorum
989 3740 1029 3801 ad
1048 3748 1194 3821 pastum:
1251 3757 1420 3802 commune
1445 3738 1577 3815 dictum,
1603 3739 1688 3820 quod
1714 3757 1826 3821 passus
1853 3738 1995 3803 continet

452 3845 484 3901 et
499 3837 627 3919 proprie
638 3836 787 3900 dicuntur
798 3836 1113 3919 jumenta,animalia
1126 3854 1198 3918 quae
1251 3838 1395 3920 quinque
1420 3837 1528 3919 pedes.
1550 3836 1626 3900 bato
1651 3835 1746 3899 otiam
1771 3838 1859 3918 quod
1883 3857 1996 3919 passus

453 3935 638 3999 hominibus
653 3935 848 4019 adjutorium
864 3944 1015 4017 prostant
1035 3936 1068 3997 in
1090 3953 1198 3997 noces-
1252 3936 1429 3999 contineret
1452 3943 1589 4017 quatuor
1613 3934 1709 4017 pedes
1734 3943 1869 4012 tantum,
1892 3935 1996 3999 adbuc

454 4033 546 4097 seriis
570 4033 734 4098 laboribus
759 4034 943 4097 exercendis
969 4052 1024 4097 seu
1046 4033 1198 4096 oneribus
1253 4033 1373 4098 dictum
1399 4052 1508 4097 eorum
1534 4051 1598 4096 non
1622 4042 1812 4098 consonaret
1835 4033 1997 4097 llobraicae

455 4132 656 4209 deferendis3
674 4142 778 4196 cetera
793 4132 967 4195 domestica
981 4131 1143 4209 animalia,
1154 4132 1199 4195 di·
1253 4133 1390 4197 veritati.
1408 4133 1484 4195 Nam
1501 4132 1557 4195 ubi
1574 4132 1738 4196 translatio
1759 4142 1867 4196 nostra
1887 4133 1994 4211 habet,

455 4241 507 4295 ota
527 4240 602 4294 sunt
623 4250 757 4314 pecora;
775 4253 846 4311 qooe
866 4254 885 4293 o
904 4233 1008 4292 moris
1026 4233 1198 4291 civitatum
1252 4230 1336 4295 Mille
1357 4250 1520 4315 passuum,
1543 4232 1577 4293 in
1598 4231 1728 4294 llebraeo
1749 4230 1896 4308 habetur,
1912 4232 1997 4294 llille

453 4332 633 4409 forinsecus
650 4350 711 4407 per
732 4332 907 4391 circuitum
931 4331 1020 4390 millo
1040 4350 1198 4407 passuum
1252 4331 1455 4395 cubitorum:
1472 4331 1558 4412 quod
1575 4338 1681 4393 lamen
1697 4330 1822 4393 videtur
1844 4350 1998 4414 repugna-

453 4430 557 4507 spotio
585 4431 768 4498 tendentur,
790 4428 822 4489 id
848 4436 906 4503 est,
931 4429 1141 4491 extendentur
1165 4427 1198 4489 in
1254 4448 1288 4492 re
1302 4429 1332 4491 ei
1348 4429 1433 4510 quod
1450 4427 1608 4505 subditur‚
1619 4428 1666 4490 nd
1678 4428 1833 4492 orientem
1849 4430 1913 4492 duo
1928 4430 1998 4492 rnil-

455 4528 565 4604 latum,
583 4527 616 4588 in
632 4546 696 4607 quo
712 4526 814 4608 spatio
830 4535 923 4589 erunt
944 4545 1060 4608 pascua
1079 4526 1199 4588 anima·
1215 4526 1239 4587 b
1254 4528 1297 4590 lia
1311 4526 1424 4591 cubiti.
1441 4526 1487 4589 Ad
1507 4526 1568 4590 hoc
1584 4526 1682 4590 llabbi
1698 4526 1846 4590 Salomon
1867 4547 1999 4609 rospon-

454 4627 534 4689 lium
550 4625 785 4708 praedictorum.
798 4626 1022 4687 Verumtamen
1039 4625 1124 4687 istud
1140 4623 1200 4687 dil·
1254 4628 1318 4705 dot,
1336 4626 1422 4708 quod
1437 4627 1612 4689 secundum
1627 4625 1793 4689 veritatem
1813 4626 1876 4689 duo
1896 4626 2000 4689 millia

457 4724 631 4787 licultatem
655 4743 718 4787 non
741 4723 882 4801 haberet,
906 4723 968 4785 nisi
994 4724 1200 4805 subjungere
1254 4726 1355 4790 cubiti
1370 4733 1461 4787 crant
1473 4732 1560 4787 extra
1576 4742 1683 4787 muros
1696 4722 1862 4787 civitatum
1873 4726 2000 4807 percir-

457 4832 532 4885 tur:
557 4827 673 4885 Contra
698 4824 853 4884 orientem
877 4826 942 4883 cluo
967 4824 1075 4883 mittio
1099 4823 1201 4884 cubiti
1255 4824 1387 4886 cultum.
1405 4822 1488 4884 llille
1508 4829 1614 4884 mmen
1633 4820 1733 4884 cubiti
1753 4822 1999 4905 propinquiores

457 4931 564 4993 erunt,
580 4932 610 4981 ct
624 4931 735 4981 contra
751 4922 920 4981 meridiem
937 4922 1091 4981 similiter
1105 4931 1201 4981 orent
1255 4921 1389 4998 civilati,
1417 4920 1463 4983 sic
1486 4928 1577 4983 erant
1601 4920 1759 5002 dispositi,
1783 4922 1868 5003 quod
1892 4919 1925 4983 in
1950 4922 1998 4985 els

457 5022 522 5079 dno
538 5021 721 5080 milliarii
735 5022 1057 5099 moreqtroqueqood
1072 5021 1202 5097 respicit
1257 5038 1322 5082 non
1351 5027 1475 5101 poterat
1499 5019 1613 5081 domus
1637 5016 1802 5095 mdilicari,
1827 5037 1884 5082 nec
1911 5028 2001 5101 pote-

348 5128 416 5172 Num.
458 5118 661 5189 occidentem,
670 5117 709 5179 de
719 5135 783 5199 quo
798 5117 878 5179 mari
889 5116 1009 5179 dictum
1021 5124 1070 5179 est
1084 5116 1203 5198 capitu·
1257 5126 1329 5180 rant
1343 5116 1437 5194 arari,
1450 5116 1612 5193 seminari,
1627 5136 1685 5179 nec
1701 5116 1837 5199 plantari
1854 5126 2002 5199 poterant

384 5194 429 5234 Μ’
458 5216 489 5279 lo
506 5214 827 5297 praccedonli,eodem
842 5236 994 5277 mensuro
1009 5215 1203 5286 erit,videll-
1257 5215 1358 5278 vinem
1383 5214 1440 5291 ibi,
1458 5215 1513 5277 sed
1537 5224 1629 5277 erant
1651 5215 1691 5277 ad
1716 5214 1943 5279 recreationem
1970 5228 2002 5279 et
2130 5281 2131 5286 χ

458 5320 508 5377 cot
530 5313 668 5397 spatium
691 5315 826 5377 duorum
848 5314 986 5377 millium
1007 5312 1199 5392 cubitorum,
1257 5312 1831 5396 pasouaanimalium.Fiebantetiam
1846 5311 1891 5374 ibi
1906 5314 2004 5395 pisci·
2130 5309 2131 5394 l
