4309 6259
426 487 486 550 tto
781 505 955 552 manuario
976 505 1007 550 ur
1028 505 1097 550 cnr.
1121 504 1175 550 xix
1195 505 1334 551 advinet.
1358 524 1399 534 —
1420 505 1491 552 nnr.
1515 506 1622 552 xxxvu

426 676 622 740 stellationas
637 685 669 740 et
684 675 824 740 siderum
835 674 1087 757 conjunctiones
1097 674 1173 753 quia
1188 672 1213 734 A
1229 679 1335 756 bitque
1346 696 1407 753 pro
1422 697 1456 736 eo
1469 680 1625 746 sacerdos
1635 685 1664 736 et
1675 695 1735 753 pro
1750 676 1884 736 delicto*
1894 676 1975 750 rJ'tcs,
2002 692 2011 712 ·
2019 698 2103 746 pecata

426 775 599 838 credebant
613 795 652 838 ex
666 776 726 838 hoc
742 795 799 837 sua
812 794 909 856 opera
920 773 1174 857 prosperarillo·
1228 797 1336 836 coram
1358 778 1506 836 Domino.
1519 773 1628 838 (lrabit
1652 774 1738 836 enim
1762 781 1797 836 ut
1819 773 1975 836 Dominus
1990 765 1993 770 ’

428 872 488 935 luit
503 891 578 953 ergo
593 874 674 937 Deus
690 894 708 936 a
724 873 842 956 populo
859 891 915 936 suo
936 892 1100 936 removere
1116 872 1174 933 hu·
1229 875 1298 937 viro
1322 875 1477 954 ignoscat,
1495 881 1525 936 et
1551 873 1655 935 deleat
1681 872 1808 953 culpam
1834 873 1915 953 eJ'us.
1933 875 1975 932 Et

426 971 478 1051 jus
494 971 714 1035 credulitatem
730 972 891 1049 vanitatiS,
904 981 1055 1054 tauquam
1072 970 1174 1034 idolo·
1229 975 1497 1052 repropitiabitur
1511 975 1552 1044 ei,
1561 975 1809 1052 dimitteturque
1824 971 1853 1034 ei
1866 993 1975 1050 peccu-

428 1069 564 1132 latrandi
585 1072 735 1147 radicem,
753 1090 793 1134 ne
816 1071 928 1133 relicto
944 1071 998 1133 Dei
1014 1070 1115 1147 cultu,
1133 1070 1173 1132 ad
1230 1082 1383 1142 tamnen
1399 1072 1517 1134 virtute
1533 1070 1762 1147 sacrifieii,sed
1779 1070 1804 1132 si
1823 1089 1896 1132 vare
1911 1089 1975 1151 pm

428 1168 590 1231 stellarum
616 1169 747 1232 servitia
772 1169 960 1232 traheretur.
977 1169 1048 1231 Alia
1073 1169 1175 1230 multa
1230 1169 1381 1246 niteat,et
1397 1169 1595 1252 inquantum
1612 1189 1650 1232 ex
1667 1168 1732 1231 lide
1747 1177 1779 1231 et
1794 1167 1976 1232 obedientia

428 1267 540 1330 scribit
564 1266 715 1348 prelatus
741 1268 861 1342 doctor,
879 1275 911 1330 et
933 1267 1110 1330 Alexander
1135 1267 1174 1328 do
1229 1269 1291 1331 tale
1316 1269 1513 1332 sacrificium
1538 1267 1647 1331 ollert.
1666 1268 1776 1330 Mulier
1792 1287 1879 1344 vero,
1898 1268 1973 1348 quia

427 1366 528 1442 Hales,
535 1367 576 1428 de
591 1367 724 1429 istorum
740 1366 918 1429 rationibus
930 1374 1172 1447 preceptorum,
1229 1366 1346 1429 ancilla
1363 1367 1433 1442 luit,
1452 1387 1510 1430 nec
1526 1366 1655 1448 propria
1671 1366 1802 1444 babens,
1817 1385 1880 1430 non
1898 1365 1977 1428 olle

428 1484 500 1546 quaa
515 1464 663 1527 brevitati
679 1466 811 1527 studens
826 1464 965 1527 dimitto.
1231 1466 1330 1528 rebat.

462 1562 590 1640 Verum,
603 1571 638 1624 ut
651 1563 806 1644 losephus
822 1562 944 1639 scribit,
954 1562 1053 1625 vestis
1067 1581 1106 1625 ex
1122 1562 1176 1623 du·
1265 1563 1414 1646 Sequitur
1430 1561 1622 1646 praiceptum
1633 1563 1845 1627 observantiae
1860 1563 1979 1644 specia-

429 1659 509 1723 obus
525 1669 619 1738 texta,
633 1660 694 1723 luit
709 1662 872 1724 communi
889 1661 976 1742 plebi
991 1660 1173 1742 prohibita:
1231 1662 1282 1724 lis.
1296 1667 1431 1732 Quando
1454 1665 1591 1740 inpressi
1612 1664 1744 1741 fueritis
1767 1673 1886 1723 terram
1903 1661 1977 1724 Cha-

429 1760 505 1841 quia
524 1761 558 1822 in
578 1760 721 1823 vestibus
741 1761 839 1823 sacris
861 1761 979 1822 summi
1002 1759 1175 1822 sacerdotis
1232 1780 1322 1838 naan,
1330 1771 1359 1822 et
1367 1764 1600 1839 plantaveritis
1610 1764 1644 1822 in
1657 1783 1693 1822 eo
1707 1763 1796 1837 liqna
1803 1763 1976 1838 pomifera.

429 1867 461 1920 et
476 1859 672 1922 ornamentis
688 1858 894 1934 tabernaculi,
907 1867 998 1921 erant
1013 1859 1176 1940 hujusmo
1194 1858 1217 1920 B
1233 1860 1265 1922 id
1280 1869 1328 1923 est
1342 1861 1472 1922 arbusta
1486 1860 1627 1922 recentia
1647 1867 1678 1922 et
1699 1859 1847 1935 fecunda,
1864 1868 1900 1920 ut
1922 1878 1977 1940 per

429 1958 463 2019 di
487 1958 667 2034 varietates,
691 1958 809 2040 quibus
834 1958 889 2019 alii
914 1958 1116 2021 conformare
1142 1975 1175 2019 εε
1231 1959 1318 2039 ligna
1343 1956 1500 2040 pomifera
1526 1958 1745 2040 intelligantur
1766 1977 1977 2040 quacumque

430 2076 494 2119 non
510 2058 700 2120 debuerunt.
717 2057 862 2139 Magister
877 2075 1005 2137 quoque
1025 2055 1058 2117 in
1079 2056 1175 2118 histo
1229 2056 1360 2118 arbusta
1378 2055 1523 2118 esibilem
1546 2055 1684 2118 iruotum
1710 2056 1879 2137 portantia.
1898 2055 1977 2118 llaro

430 2155 486 2217 riis
500 2154 561 2217 ait:
575 2156 609 2217 ln
619 2156 670 2218 his
684 2155 852 2238 preceptis
867 2154 1174 2235 subintelligendum
1229 2161 1336 2216 antem
1346 2153 1511 2234 contingit,
1523 2154 1608 2235 quod
1623 2172 1695 2216 ossa
1709 2153 1871 2216 fructuum
1889 2153 1978 2216 arba

427 2262 488 2331 est,
500 2262 535 2316 ut
550 2255 688 2338 populus
703 2254 797 2316 lsrael
814 2254 890 2316 talia
906 2273 969 2317 non
986 2262 1104 2332 ageret,
1116 2271 1174 2315 nec
1230 2252 1285 2327 riS,
1304 2252 1353 2314 vel
1375 2251 1506 2313 latentia
1526 2251 1648 2314 semina
1668 2251 1879 2326 seminentur,
1901 2269 1977 2332 quo

428 2351 561 2415 haberet
576 2353 750 2415 secundum
763 2353 859 2414 ritum
869 2352 1092 2432 gentilium,et
1108 2371 1174 2413 ma·
1230 2350 1315 2412 niam
1343 2349 1463 2411 tardius
1490 2347 1611 2412 lerrent
1637 2347 1787 2412 iruetum.
1810 2352 1977 2426 Auseretis

428 2450 934 2532 ximeAEgyptiorum‚interquos
947 2448 1073 2512 inerant
1089 2468 1174 2512 com·
1225 2451 1391 2527 praeputia
1406 2469 1526 2520 eorum,
1544 2449 1577 2510 id
1598 2457 1647 2510 εει
1667 2448 1787 2530 primos
1806 2448 1904 2511 flores
1922 2468 1977 2511 seu

428 2548 550 2610 morati.
559 2548 635 2610 Nam
650 2556 682 2610 et
693 2547 841 2611 Salomon
858 2548 951 2611 tertio
962 2549 1082 2627 Regum
1098 2547 1173 2609 talia
1228 2565 1381 2627 gemmas,
1393 2565 1432 2610 ne
1448 2555 1617 2628 erumpant
1633 2547 1665 2608 in
1682 2547 1831 2608 fructum.
1842 2547 1894 2610 Sic
1911 2547 1978 2628 qui-

426 2646 528 2708 multa
542 2645 657 2725 legitur
672 2645 831 2708 habuisse.
850 2645 909 2708 Sed
925 2645 1089 2727 AEgyptius
1104 2663 1171 2708 om·
1229 2645 1301 2706 dam
1315 2653 1485 2727 exponunt.
1493 2645 1550 2708 Cui
1566 2645 1756 2727 expositioni
1774 2664 1837 2708 non
1849 2645 1977 2708 videtur

425 2743 576 2822 nigenum
606 2761 761 2806 venerans
790 2752 932 2806 monstra
963 2745 1108 2819 deorum,
1138 2743 1171 2804 in
1229 2763 1404 2808 consonare
1419 2745 1505 2826 quod
1523 2745 1805 2806 subditurzPoma
1820 2765 1893 2825 quoe
1905 2766 1978 2822 per-

423 2839 543 2904 honore
558 2840 757 2904 diversorum
778 2842 920 2916 deorum,
943 2859 1024 2922 quos
1045 2840 1171 2922 putavit
1229 2845 1372 2914 ruinart,
1385 2846 1559 2904 irnruuudo
1574 2854 1670 2904 terunt
1689 2847 1786 2914 υοὸίε,
1802 2865 1860 2903 uec
1879 2847 1978 2904 edetis

422 2937 539 3000 talibus
561 2931 706 3019 praeesse,
727 2939 853 3000 diversa
875 2939 999 3002 semina
1023 2939 1057 3000 in
1081 2956 1167 3018 agro,
1227 2963 1267 3001 ea
1277 2945 1333 3013 eis,
1344 2942 1375 3004 id
1387 2941 1607 3005 estillicitaad
1618 2943 1909 3025 edendumltaque
1921 2963 1978 3025 per

420 3035 562 3098 diversas
577 3036 726 3099 materias
743 3037 774 3097 in
786 3045 875 3099 veste
891 3037 1049 3111 sociabat;
1062 3037 1166 3098 diver·
1187 3036 1210 3099 C
1227 3039 1377 3103 arborum
1393 3041 1558 3122 praeputia,
1570 3041 1793 3120 intelliguntur
1809 3062 1895 3105 nunc
1912 3041 1976 3104 iru-

421 3154 473 3199 sos
495 3134 592 3198 etiam
612 3136 779 3199 cincinnos
801 3135 927 3217 capitis,
944 3136 1082 3198 diversis
1110 3133 1172 3197 diis
1227 3148 1296 3202 otus
1312 3158 1392 3221 qnos
1414 3139 1521 3203 lerunt
1541 3159 1598 3222 per
1615 3148 1677 3204 tres
1692 3159 1804 3217 annos,
1822 3141 1898 3222 quia
1914 3140 1973 3203 hos

422 3233 579 3296 sacrabat.

424 3382 428 3388 -
460 3341 563 3400 Homo
579 3338 709 3401 natione
722 3339 849 3402 ludaeus
862 3341 892 3398 st
906 3341 1077 3400 dormierit
1092 3359 1166 3400 cum

1227 3238 1379 3301 Dominus
1400 3239 1503 3302 voluit
1525 3240 1644 3322 populo
1665 3259 1723 3304 suo
1743 3259 1813 3304 esse
1836 3241 1975 3302 immun-

420 3438 557 3497 mutiere
571 3440 658 3497 coitu
672 3438 817 3507 seminis,
835 3435 868 3497 id
889 3444 948 3512 est,
967 3436 1001 3498 in
1020 3437 1170 3518 locoque

421 3533 502 3596 solet
530 3553 600 3597 esse
624 3533 715 3615 quies
741 3534 957 3611 dormitionis,
985 3554 1041 3598 seu
1071 3536 1167 3598 etiam

421 3631 510 3707 alibi,
523 3630 694 3694 carnaliter
707 3631 894 3712 cognoverit
909 3632 1169 3713 mulieremque

421 3732 464 3791 sit
478 3733 603 3791 ancillo
620 3733 719 3792 etiam
734 3733 863 3801 nobilis,
881 3740 988 3793 mmen
1011 3731 1045 3793 in
1066 3731 1169 3793 lamu-

423 3830 487 3891 lam
510 3830 722 3892 venumdata:
741 3830 813 3893 ideo
836 3830 993 3907 subditur,
1010 3841 1040 3891 et
1062 3841 1169 3892 minen

419 3931 524 4005 pretio
539 3949 603 3989 reon
619 3932 814 4006 redemptae
830 3929 996 4005 servitute,
1008 3950 1065 3990 nee
1082 3932 1175 3991 liber·

424 4035 488 4087 tote
501 4029 634 4099 donata,
652 4026 684 4088 id
709 4035 757 4089 est
783 4045 846 4090 non
869 4027 1003 4090 dimissa
1028 4028 1131 4091 libera
1151 4049 1169 4092 a

423 4123 554 4188 domino
579 4143 666 4199 suo;
693 4128 897 4202 vapulabunt
923 4130 1026 4199 ambo,
1053 4137 1084 4188 et
1108 4149 1173 4189 oon

1226 3338 1295 3414 dos,
1320 3345 1352 3399 ει
1376 3337 1573 3418 abjiciendos
1604 3339 1703 3402 instar
1728 3340 1970 3421 praeputiorum.

1228 3439 1348 3504 Quarto
1364 3447 1473 3498 actem
1492 3459 1578 3498 auno
1593 3441 1698 3500 omnis
1712 3442 1841 3518 fructus
1862 3459 1975 3498 eorum

1226 3538 1484 3612 sanctificabitur
1503 3539 1680 3598 laudabitis
1695 3539 1844 3608 Domino,
1864 3537 1973 3610 idest,

1229 3631 1465 3714 quoiusquam
1481 3633 1557 3696 anni
1569 3635 1774 3716 deputabitur
1789 3635 1906 3717 partim
1920 3636 1977 3698 llo·

1227 3731 1327 3807 mino,
1345 3740 1376 3795 ει
1395 3734 1485 3796 cedet
1506 3734 1539 3794 in
1560 3753 1654 3796 usum
1674 3735 1884 3811 sacerdotum,
1904 3755 1974 3816 par

1228 3829 1284 3890 tim
1297 3848 1372 3893 vero
1383 3832 1560 3894 communis
1571 3833 1632 3895 erit
1642 3834 1843 3915 pauperibus.
1855 3837 1974 3903 Quinto

1227 3939 1336 3989 autem
1351 3951 1437 3990 auno
1452 3935 1620 3993 comedetis
1639 3935 1778 4011 fruetus,
1796 3933 1873 4014 quia
1896 3941 1973 3996 tunc

1228 4027 1320 4091 licuit
1343 4030 1426 4091 vesei
1453 4029 1510 4108 eis,
1533 4042 1758 4109 roupi-eparcus
1778 4052 1876 4109 poma
1902 4054 1974 4114 qao

1225 4129 1408 4204 proferunt.
1427 4131 1495 4206 Epo
1510 4132 1669 4192 Dominus
1684 4135 1768 4192 Deus
1784 4142 1896 4194 aester.
1910 4132 1975 4195 Hoc

422 4224 614 4294 morientur,
631 4222 664 4284 id
688 4232 746 4299 est,
765 4241 823 4304 pro
848 4233 978 4304 peccato
1000 4245 1058 4289 suo
1081 4223 1212 4290 casti-D
1229 4234 1386 4308 precepto
1403 4246 1467 4290 non
1491 4226 1552 4289 iuit
1575 4227 1654 4290 liliis
1674 4229 1768 4292 lsrael
1791 4230 1977 4312 prohibitus

422 4315 583 4396 gabuntur
604 4316 752 4397 flagellis,
778 4334 842 4379 non
868 4325 974 4381 mmen
1000 4340 1103 4403 usque
1129 4323 1169 4384 ad

423 4421 570 4476 mortem.
587 4414 741 4476 Numerus
765 4423 872 4478 autem
897 4417 1030 4495 ictuum,
1054 4421 1166 4483 modus

423 4520 456 4574 ει
469 4512 630 4592 quantitas
652 4513 878 4593 percussionis,
898 4534 962 4578 non
985 4517 1168 4600 exprimun-

310 4637 406 4674 aaa.
425 4620 476 4672 tur
496 4610 556 4673 hoc
578 4611 657 4686 loco,
676 4611 731 4673 sed
753 4631 772 4674 ε
793 4613 1038 4678 Deuteronomio
1063 4617 1169 4700 accipi

424 4716 566 4790 possunt.
584 4709 656 4772 ldeo
680 4718 786 4772 autem
812 4730 876 4775 non
902 4714 1084 4777 moriuntur
1111 4735 1168 4798 pro

422 4807 483 4869 isto
503 4816 643 4889 peccato,
660 4811 739 4887 quio
756 4810 870 4872 mulier
885 4831 951 4872 ooo
967 4815 1035 4891 suit
1051 4817 1167 4885 litero,

422 4905 477 4966 sed
492 4905 619 4968 ancilla.
638 4908 703 4967 Pro
718 4910 834 4967 delicto
854 4919 963 4971 autem
981 4932 1039 4972 suo
1062 4915 1170 4990 offeret

421 5005 560 5064 Domino
574 5007 618 5064 ad
633 5005 752 5065 ostium
768 5009 970 5068 tubernaculi
992 5013 1169 5072 testimonii

423 5103 570 5171 arietem,
577 5101 610 5162 id
625 5111 683 5178 est,
693 5103 732 5164 ad
747 5104 865 5188 ostium
880 5107 953 5168 atrii
965 5109 1170 5189 presentabit

1228 4343 1300 4386 esus
1313 4324 1474 4388 fructuum
1491 4325 1652 4402 arborum,
1662 4347 1739 4409 quas
1756 4328 1792 4390 in
1809 4337 1892 4392 terra
1905 4347 1976 4411 pre

1228 4422 1390 4486 missionis
1405 4423 1599 4487 invenerunt
1614 4427 1783 4507 plantatas.

1262 4522 1350 4584 Circa
1362 4523 1421 4586 hoc
1432 4522 1868 4600 scribitGuillalmustlluum
1888 4527 1976 4608 plan·

1228 4621 1370 4683 taveritis
1387 4621 1472 4702 ligna
1488 4621 1656 4704 pomifera,
1674 4623 1825 4687 auferetis
1848 4645 1974 4708 priapu-

1229 4718 1272 4780 tia
1292 4738 1412 4797 eorum,
1430 4720 1490 4783 hoc
1513 4730 1560 4783 εει
1584 4723 1686 4803 prima
1707 4723 1883 4803 genimina,
1902 4744 1974 4806 quae

1228 4817 1308 4879 lleus
1325 4817 1488 4881 immunda
1509 4819 1619 4882 haberi
1637 4820 1738 4884 voluit
1759 4832 1870 4884 contra
1890 4843 1976 4886 erro

1228 4933 1293 4976 rem
1309 4915 1560 4994 idololatrarum,
1571 4919 1627 4999 qui
1643 4937 1680 4982 ea
1696 4927 1847 5001 tanquam
1865 4923 1976 5003 primi-

1229 5013 1286 5074 tias
1309 5013 1402 5075 idolis
1424 5015 1608 5081 ollerebant
1631 5017 1663 5080 in
1686 5027 1786 5100 parte,
1804 5029 1835 5081 et
1855 5022 1971 5102 partim

1228 5129 1265 5172 ea
1289 5114 1496 5177 comederunt
1519 5117 1553 5177 in
1578 5117 1725 5180 domibus
1752 5117 1923 5196 idolorum,
1944 5130 1976 5184 ει

419 5198 582 5262 sacerdoti
597 5200 741 5276 arietem,
756 5211 790 5263 ut
805 5206 951 5268 sacerdos
966 5225 1004 5268 ex
1019 5215 1108 5288 parte
1126 5207 1170 5289 ip
1227 5208 1310 5271 istud
1330 5229 1387 5292 per
1408 5220 1469 5274 tres
1490 5233 1590 5276 annos
1611 5235 1629 5277 a
1648 5215 1847 5297 plantatione
1870 5235 1976 5282 serva-

419 5297 489 5361 sius
504 5295 623 5361 alterat
640 5298 731 5361 illum
747 5319 805 5382 pro
821 5313 950 5383 peceato
967 5304 1081 5385 ipsius.
1096 5311 1171 5370 Oro·
1227 5308 1312 5370 bant.
1339 5309 1517 5373 Credebant
1541 5330 1671 5394 quoque
1701 5315 1821 5395 primos
1848 5316 1972 5380 fructus
