4309 6259
569 511 743 559 manuario
764 510 794 555 ru
816 508 884 555 car.
909 506 1005 553 xxvru
1026 508 1129 556 raom.
1151 528 1192 541 --
1212 513 1283 559 aar.
1307 513 1355 559 rvr
1695 494 1733 558 77

182 684 295 762 baltei,
308 684 468 749 Oceanum
484 685 541 767 qui
556 683 659 746 ambit
674 691 801 745 terram.
815 679 934 741 Tunica
948 678 974 741 A
989 681 1144 759 doctrina,
1162 702 1232 763 qua
1247 683 1369 747 coelesti
1385 683 1552 766 pontilicis
1566 702 1733 747 conversa-

181 784 394 866 byacinthina
405 804 462 849 suo
476 786 582 847 colore
594 782 799 863 significabat
809 797 930 843 aerem:

180 902 241 964 per
251 883 345 964 cujus
363 882 580 946 tintinnabula
595 879 844 960 designabantur
857 877 935 940 toni·

182 991 272 1057 trua;
291 1001 348 1064 per
363 984 592 1065 malogranata,
611 979 858 1043 coruscationes.
876 978 933 1039 Per

180 1081 447 1163 superhumerale
469 1078 643 1161 multiplici
664 1076 817 1140 varietate
841 1094 933 1138 orna-

180 1186 263 1255 tum,
283 1178 521 1241 monstrabatur
541 1176 659 1240 coelum
685 1176 856 1239 sidereum.
875 1173 933 1234 Per

178 1276 263 1339 duos
279 1276 470 1359 onychinos,
483 1277 547 1339 duo
563 1272 799 1357 hemisphaeria,
813 1289 868 1334 seu
884 1269 931 1332 sol

178 1382 212 1436 et
228 1373 318 1435 luna.
335 1374 393 1436 Per
408 1373 576 1437 duodecim
591 1390 745 1453 gemmas,
763 1366 931 1432 duodecim

181 1478 276 1558 signa
296 1477 417 1540 zodiaci
437 1494 444 1538 ε
465 1496 537 1558 quae
557 1494 691 1558 gemma
711 1482 802 1537 erant
822 1470 933 1553 positae

182 1576 217 1638 in
234 1576 397 1652 rationali,
415 1576 455 1638 ad
476 1575 673 1639 innuendum
690 1573 776 1654 quod
791 1572 824 1633 in
840 1570 934 1633 coele-

183 1674 289 1737 stibus
304 1674 512 1737 eontinentur
529 1672 666 1735 rationes
677 1670 821 1734 omnium
838 1677 933 1731 terre-

36 1787 165 1840 orum.
184 1791 313 1849 uorum,
331 1772 421 1853 juxta
437 1771 516 1833 illud
532 1770 566 1831 in
581 1768 639 1832 Job
652 1786 659 1830 :
672 1766 831 1848 Numquid
849 1764 932 1827 nosti

989 780 1069 843 tioni
1085 790 1134 843 est
1148 782 1383 863 conjungenda.
1395 783 1554 864 Adjuneta
1568 790 1643 844 suut
1658 800 1734 865 quo

988 896 1050 958 quc
1065 879 1149 941 mala
1164 880 1291 961 punica,
1309 900 1366 961 per
1381 900 1453 963 quas
1473 880 1580 942 unitas
1596 879 1684 957 lidei,
1702 887 1734 943 et

988 978 1075 1057 pacis
1091 980 1208 1055 unitas,
1218 989 1313 1062 atque
1324 980 1493 1043 concordia
1509 980 1542 1042 in
1558 979 1652 1043 bonis
1662 999 1734 1062 ope-

988 1074 1076 1138 ribus
1093 1077 1372 1160 designatur,quia
1388 1079 1434 1141 sic
1445 1088 1537 1141 cauta
1552 1079 1648 1143 debet
1663 1098 1732 1141 esse

987 1173 1143 1251 doctrina,
1161 1183 1196 1236 ut
1220 1194 1277 1257 per
1299 1195 1369 1239 eam
1394 1176 1472 1240 lidei
1496 1185 1530 1240 et
1553 1177 1641 1259 pacis
1667 1195 1731 1239 non

988 1280 1153 1353 rumpatur
1168 1273 1285 1335 unitas.
1302 1274 1373 1337 llaec
1389 1274 1535 1337 Thomas.

1021 1368 1275 1451 Praetereajuxta
1283 1372 1455 1453 mysticum
1466 1390 1604 1448 sensum,
1614 1390 1672 1454 ρον
1680 1390 1732 1452 ορ

988 1466 1194 1547 plicationem
1210 1469 1315 1532 Aaron
1334 1469 1541 1552 liliorumque
1556 1469 1626 1551 ejus
1642 1487 1733 1533 mon-

988 1572 1115 1642 stratur,
1125 1568 1210 1647 quod
1225 1568 1365 1630 ministri
1375 1569 1485 1632 altaris
1501 1570 1534 1630 in
1550 1567 1732 1649 evangelica

988 1662 1068 1742 lege,
1085 1674 1117 1727 et
1136 1685 1247 1730 ornnes
1266 1666 1301 1729 in
1316 1668 1415 1730 sacris
1429 1668 1600 1732 Ordinibus
1616 1666 1732 1731 eonsti-

989 1761 1059 1839 tuti,
1077 1771 1202 1827 tantum
1222 1765 1341 1829 debent
1360 1767 1486 1848 plebem
1506 1767 1540 1829 in
1563 1766 1650 1831 omni
1671 1766 1732 1830 vir·

182 1868 332 1933 ordinem
348 1868 433 1945 coeli,
451 1876 506 1930 aut
520 1886 620 1950 pones
635 1866 790 1929 rationem
813 1864 883 1945 ejus
899 1862 932 1923 in
949 1866 971 1927 B
989 1868 1054 1925 tute
1069 1869 1101 1925 et
1116 1864 1355 1945 exemplaritate
1370 1866 1603 1943 transcendere,
1611 1874 1731 1946 quanto

182 1972 290 2031 tarral
306 1968 399 2050 (llinc
415 1968 501 2049 quod
524 1967 558 2028 in
579 1965 684 2029 medio
701 1962 822 2027 exstitit
843 1980 933 2025 orna-

181 2075 343 2143 mentum,
368 2065 502 2147 pulcbre
528 2072 674 2127 vocatum
695 2069 743 2125 est
764 2060 928 2123 rationale.

177 2164 315 2227 llatione
341 2162 427 2227 enim
453 2171 570 2225 cuncta
592 2170 666 2223 sunt
687 2160 792 2241 plena,
815 2167 847 2220 et
871 2176 931 2221 coe-

179 2263 316 2327 lestibus
342 2263 506 2326 coherent
535 2269 671 2335 terrena,
697 2258 762 2320 imo
792 2264 823 2321 et
851 2256 930 2317 ratio

177 2370 393 2437 terrenorum,
421 2368 452 2422 et
478 2368 670 2440 temporum,
697 2364 728 2418 et
754 2354 869 2419 caloris
894 2374 930 2416 ac

179 2458 324 2539 frigoris.
344 2461 364 2540 †
390 2458 511 2540 Duplex
535 2474 664 2538 quoque
689 2454 773 2516 intra
798 2463 931 2534 utraque

179 2557 354 2640 temperies
377 2576 415 2619 ex
438 2555 511 2619 coeli
537 2572 633 2617 eursu
658 2572 694 2614 ae
715 2552 860 2615 oratione
879 2551 932 2613 de-

177 2662 363 2740 scendunt)
372 2660 428 2723 Per
439 2658 571 2721 cidarim
585 2654 805 2737 significatum
816 2663 864 2716 est
874 2672 932 2716 cm

180 2760 248 2822 lum
265 2777 472 2840 empyreum3
490 2775 546 2838 per
562 2753 715 2816 laminam
731 2771 860 2815 auream
877 2769 932 2813 no-

180 2858 270 2920 mine
287 2858 341 2919 [lei
362 2856 560 2937 inscriptam,
579 2853 649 2934 ipse
674 2852 755 2914 Deus
781 2848 931 2913 omnibus

180 2956 369 3038 praesidens.
383 2952 644 3035 —Spiritualiter
659 2951 799 3026 demum,
814 2966 869 3030 ρον
885 2966 932 3010 ον-

985 1960 1108 2023 altioris
1124 1964 1402 2044 suntpraelatiouis
1417 1973 1471 2025 aut
1481 1964 1615 2041 ordinis,
1625 1971 1732 2046 etquo

985 2059 1132 2140 pluribus
1152 2071 1302 2142 praesunt,
1327 2071 1361 2125 ut
1381 2062 1445 2126 sint
1470 2063 1607 2145 separati
1624 2082 1643 2125 a
1666 2063 1732 2125 vita

985 2160 1159 2237 communi,
1177 2170 1209 2224 et
1230 2162 1296 2224 reri
1316 2162 1507 2225 mediatores
1533 2161 1616 2225 inter
1631 2162 1730 2224 Deum

985 2264 1017 2319 et
1032 2257 1169 2338 plebem.

1025 2358 1166 2439 lnsuper‚
1181 2376 1236 2439 per
1252 2358 1460 2421 sacerdotalia
1474 2367 1661 2421 ornamenta
1670 2358 1731 2422 llo

986 2457 1078 2520 saicae
1094 2457 1184 2538 legis,
1198 2457 1419 2538 praliguratus
1429 2466 1478 2521 est
1493 2458 1598 2521 omnis
1614 2458 1730 2520 decens

985 2564 1127 2631 ornatus,
1145 2555 1316 2635 variusque
1330 2556 1464 2618 vestitus
1481 2557 1664 2638 praesulum,
1682 2574 1730 2617 sa-

985 2654 1160 2731 cerdotum,
1170 2674 1206 2716 ac
1217 2663 1393 2717 ceterorum
1404 2656 1554 2725 Ecclesia
1569 2656 1730 2717 ministro

987 2771 1056 2812 rum
1072 2752 1106 2813 in
1121 2752 1231 2815 divino
1250 2753 1405 2835 obsequio
1425 2755 1616 2834 evangelica
1637 2753 1727 2833 legis.

986 2851 1121 2912 Possunt
1136 2869 1263 2932 quoque
1279 2870 1336 2933 per
1354 2853 1464 2915 decem
1485 2862 1599 2927 vestes,
1617 2854 1728 2915 decem

987 2960 1144 3033 praecepta
1159 2950 1306 3031 intelligi,
1324 2970 1380 3033 per
1401 2970 1538 3032 quorum
1557 2951 1729 3015 observan-

181 3062 333 3117 namenta
362 3052 429 3115 hac
453 3050 661 3131 designantur
681 3048 815 3111 virtutes
840 3045 932 3107 mini·
948 3050 970 3114 C
988 3050 1062 3113 tiam
1088 3049 1183 3112 bomo
1209 3049 1422 3131 pulcherrime
1443 3051 1609 3113 decoratur
1624 3069 1661 3112 ac
1679 3068 1730 3112 ve·

179 3162 333 3229 atrorum,
350 3150 468 3232 quibus
487 3156 624 3230 quatuor
644 3154 718 3207 sunt
741 3144 929 3207 necessaria.

178 3250 322 3313 Primum
339 3257 387 3312 est
401 3247 542 3323 castitas,
559 3264 632 3328 qum
648 3263 704 3326 per
721 3243 885 3307 feminalia
901 3250 932 3304 et

177 3349 382 3433 opertionem
412 3345 622 3429 turpitudinis
652 3344 847 3423 designatur.
877 3342 933 3404 Se-

177 3451 321 3513 cundum
337 3457 386 3511 est
401 3447 523 3529 puritas
539 3445 619 3521 vitta
632 3462 705 3525 quaa
718 3461 775 3524 per
792 3441 931 3503 tunicam

179 3548 299 3610 lincam
323 3546 492 3627 liguratur.
511 3542 662 3619 Tertium,
680 3539 856 3606 moderatio
871 3538 932 3600 dis-

179 3646 427 3725 cretionisque
442 3650 570 3705 notatur
586 3659 643 3724 ρον
654 3640 828 3720 cingulum.
842 3637 932 3712 Quar-

180 3751 249 3805 tum
265 3750 314 3806 est
330 3740 487 3805 rectitudo
499 3739 643 3815 rationis,
656 3757 728 3819 qua
744 3736 932 3819 exprimitur

181 3862 237 3925 per
254 3843 369 3905 tiaram
385 3848 481 3923 eaput
497 3847 668 3920 tegentem.
686 3838 793 3913 Porro,
803 3835 933 3919 pontili-

180 3962 233 4006 ces
244 3942 364 4005 dehent
375 3939 532 4002 ultrahaec
544 3938 661 4001 babere
672 3937 775 3999 adbuc
786 3936 848 3997 alia
859 3954 932 4015 qua-

182 4051 263 4106 tuor.
277 4042 394 4117 Primo,
401 4039 509 4120 jugem
521 4037 575 4100 Dei
591 4036 778 4101 memoriam
796 4053 851 4117 ρον
862 4052 933 4097 eon-

183 4140 436 4223 templationem,
454 4137 539 4219 quod
564 4135 710 4199 innuitur
731 4153 788 4216 per
804 4150 930 4195 auream

986 3148 1080 3210 stitur
1094 3147 1128 3209 in
1145 3147 1262 3210 anima.
1279 3148 1336 3210 Per
1352 3148 1611 3229 superhumerale
1632 3148 1729 3210 etiam

985 3245 1111 3323 caritas,
1124 3264 1195 3326 quaa
1209 3245 1334 3327 patiens
1349 3254 1397 3308 est
1411 3254 1443 3308 et
1457 3246 1565 3309 omnia
1580 3244 1727 3323 sustinet,
1757 3267 1873 3319 reorum,

985 3344 1190 3423 designatur;
1207 3342 1257 3406 vel
1281 3343 1350 3424 ipsa
1369 3342 1606 3422 misericordias,
1631 3343 1731 3426 pieta-
1743 3334 1765 3382 ⁴¹
1775 3335 1794 3373 ⁷·

985 3443 1091 3524 tisque
1107 3443 1219 3519 virtue,
1237 3462 1301 3523 qua
1320 3443 1426 3505 aliena
1445 3462 1543 3506 onera
1562 3451 1731 3525 portantur

986 3550 1021 3603 ut
1036 3540 1175 3624 propria.
1193 3542 1231 3603 Et
1251 3561 1307 3624 per
1327 3543 1407 3606 duos
1424 3542 1601 3625 onychinos
1622 3561 1732 3625 super-

985 3639 1159 3702 humeralis
1185 3639 1408 3722 intelliguntur
1433 3640 1515 3703 lides
1540 3650 1572 3704 et
1597 3660 1680 3724 spes,
1704 3640 1732 3701 si

985 3758 1042 3821 per
1072 3740 1333 3821 superhumerale
1363 3740 1560 3821 intelligatur
1585 3740 1727 3814 caritas3

986 3836 1037 3900 rel
1054 3837 1204 3900 discretio
1227 3847 1258 3899 et
1280 3847 1366 3900 recta
1388 3839 1535 3915 intentio,
1552 3839 1578 3901 si
1602 3858 1658 3921 per
1680 3857 1732 3899 su·

986 3935 1207 4019 perhumerale
1227 3936 1401 4017 accipiatur
1421 3936 1647 4000 misericordiae
1668 3936 1731 3999 vir-

986 4042 1037 4096 tus
1053 4054 1109 4097 seu
1129 4034 1241 4116 pietas.
1259 4035 1377 4116 ltaque,
1399 4034 1482 4097 sicut
1500 4035 1611 4116 legalis
1629 4033 1732 4116 ponti·

987 4132 1039 4195 lex
1050 4141 1113 4195 tam
1125 4132 1158 4195 in
1169 4133 1338 4216 onychinis
1349 4133 1731 4216 superhumeralis‚quam

182 4242 346 4321 laminam,
365 4261 483 4305 nomen
500 4240 554 4303 Dei
571 4240 604 4301 in
622 4238 728 4301 lronte
747 4236 928 4299 habentem.
946 4238 970 4299 l)
987 4231 1020 4292 in
1031 4232 1199 4295 duodecim
1209 4232 1344 4312 gemmis
1356 4232 1528 4306 rationalis,
1536 4233 1655 4314 scripta
1665 4250 1733 4313 por·

180 4344 336 4416 Secunde,
356 4342 442 4425 piam
467 4349 499 4403 et
522 4339 636 4403 fortem
656 4336 929 4419 supportationem

179 4442 409 4506 infirmitatum
435 4439 546 4523 populi
571 4438 618 4501 eis
643 4435 817 4511 commissi,
844 4436 930 4516 quod

178 4562 236 4625 per
251 4539 516 4624 superhumerale
530 4544 737 4600 monstratur.
750 4533 866 4610 Tertio,
885 4531 931 4595 in·

176 4642 379 4705 desinentem
390 4638 531 4703 caritatis
543 4634 794 4700 sollicitudinem
806 4651 865 4715 pro
879 4650 931 4716 po

179 4739 268 4823 pulo,
296 4737 444 4801 habendo
471 4736 619 4798 eumdem
648 4733 683 4796 iu
709 4733 805 4795 corde
834 4740 931 4813 atque

179 4836 359 4901 visceribus
369 4833 487 4898 mentis
502 4832 708 4914 descriptum.
721 4830 847 4907 Quarto,
858 4849 931 4894 eon-

180 4934 396 4999 versationem
407 4933 570 4997 coelestcm
586 4948 643 5012 per
657 4948 754 5011 opera
764 4928 932 5011 perlectio

182 5034 244 5111 nis,
271 5034 358 5115 quod
384 5030 603 5113 significatum
634 5035 681 5091 est
706 5046 763 5109 per
790 5026 929 5089 tunicam

183 5132 436 5216 hyacinthinam.
458 5129 547 5192 Unde
567 5136 598 5191 et
618 5127 733 5190 tunicae
754 5125 931 5207 hyacinthi-

184 5250 234 5295 uae
249 5229 467 5294 tintinnabula
483 5228 701 5309 adjunguntur
715 5244 811 5289 aurea
832 5224 865 5286 in
882 5242 931 5287 ex-

185 5330 355 5407 tremitate,
373 5346 430 5410 per
454 5344 526 5408 quaa
549 5324 732 5391 divinorum
756 5322 932 5405 explicatur

987 4330 1065 4395 tavit
1082 4331 1212 4395 nomina
1231 4332 1397 4395 duodecim
1414 4332 1666 4395 Patriarcbarum
1689 4330 1730 4394 ob

986 4432 1256 4505 recordationem;
1274 4430 1320 4493 sic
1335 4430 1527 4510 evangelicae
1547 4431 1628 4511 legis
1648 4428 1730 4492 anti-

985 4528 1074 4590 stites
1088 4528 1121 4588 in
1133 4527 1282 4590 cordibus
1298 4528 1375 4605 suis,
1384 4536 1416 4591 et
1431 4527 1649 4590 invirtutibus
1663 4544 1730 4589 cor-

985 4628 1073 4689 dium
1100 4645 1242 4703 suorum,
1268 4626 1445 4708 designatis
1474 4646 1532 4708 ρον
1560 4624 1729 4689 duodecim

984 4745 1138 4808 gemmas,
1162 4725 1371 4809 spiritualiter
1394 4725 1513 4807 scripta
1534 4725 1652 4788 habere
1676 4724 1730 4786 de-

986 4826 1062 4889 beut
1087 4824 1217 4889 nomina
1242 4824 1408 4887 duodecim
1433 4823 1670 4904 Apostolorum,
1694 4830 1730 4885 ut

985 4925 1140 4988 virtutum
1162 4922 1408 5004 apostolicarum
1428 4922 1494 4984 sint
1513 4941 1670 4986 memores
1689 4921 1729 4983 ad

985 5023 1182 5099 sectandum,
1195 5029 1227 5083 et
1242 5021 1329 5098 item,
1343 5030 1378 5083 ut
1392 5030 1484 5084 orent
1499 5040 1556 5103 pro
1571 5019 1730 5083 universis

985 5121 1114 5205 populis
1139 5120 1333 5197 christianis,
1351 5120 1559 5202 spiritualiter
1584 5119 1667 5181 natis
1691 5137 1731 5181 ex

985 5220 1175 5286 semineseu
1190 5219 1345 5296 doctrina,
1356 5219 1580 5301 predicatione
1595 5227 1627 5282 et
1642 5217 1731 5280 insti·

986 5321 1109 5384 tutione
1133 5317 1389 5382 beatissimorum
1407 5318 1642 5401 Apostolorum.
1666 5316 1729 5380 Gur
