4309 6259
410 454 449 518 tt
782 473 955 520 manuario
976 474 1008 520 nr
1028 473 1100 519 car.
1120 472 1194 519 xxiv
1214 471 1318 519 nour.
1337 491 1380 503 -
1398 472 1470 519 aar.
1493 472 1587 519 xorm

412 642 534 706 dicator
563 643 659 708 debet
684 644 773 707 omni
802 651 945 727 tempore
973 650 1154 727 opportuno
1168 641 1193 703 lt
1208 642 1358 705 diderunt
1386 645 1574 725 potandum,
1598 642 1745 725 quamvis
1770 641 1830 705 hoc
1854 643 1948 705 modo

411 741 537 827 plebem
553 744 713 820 accedere,
727 752 758 806 et
773 763 842 807 eam
858 743 1017 806 instruere
1031 743 1071 806 de
1087 761 1155 825 per·
1209 738 1364 805 omissum
1389 741 1431 803 sit
1457 751 1553 824 atque
1582 742 1795 824 prohibitum,
1821 750 1950 823 propter

410 842 588 907 tinentihus
604 844 643 905 ad
659 843 814 918 salutem;
833 842 1062 926 specialissime
1078 861 1154 906 vero
1208 839 1387 924 periculum
1413 841 1585 905 effusionis
1609 841 1786 905 vitandum.
1809 840 1950 920 Denique

410 943 450 1005 de
465 940 526 1018 his,
548 960 619 1022 quae
641 940 710 1023 ipsa
731 949 855 1004 tenetur
878 941 959 1003 scire
978 940 1154 1003 secuudum
1208 940 1339 1021 sanguis
1353 940 1470 1004 Christi
1489 960 1564 1005 vere
1585 949 1634 1003 est
1655 939 1785 1021 sanguis
1807 939 1948 1014 traderis,

409 1040 599 1121 exigentiam
620 1059 685 1103 sum
699 1038 887 1116 vocationis,
904 1047 936 1103 et
951 1048 1062 1103 contra
1076 1039 1154 1103 vitia
1208 1042 1294 1122 quod
1316 1040 1439 1122 pepigit
1460 1039 1638 1116 nobiscum,
1655 1038 1804 1103 videlicet
1822 1046 1949 1119 pactum

409 1160 480 1222 quae
495 1138 568 1221 plus
584 1147 719 1219 regnant
734 1138 767 1200 in
783 1139 914 1221 populo.
927 1137 1053 1220 Alioqui
1070 1137 1154 1219 igne
1208 1138 1401 1220 evangelicae
1412 1138 1592 1219 legis‚sieut
1607 1138 1747 1201 inCoena
1761 1155 1949 1200 consecrans

410 1238 514 1302 rantia
528 1238 633 1319 gregis
647 1247 679 1301 et
694 1246 799 1301 cetera
813 1237 891 1302 vitia
906 1238 986 1320 ejus,
998 1238 1155 1301 redunda-
1210 1237 1291 1300 dixit
1308 1256 1315 1299 :
1332 1238 1389 1299 llic
1404 1246 1452 1300 est
1466 1236 1549 1300 calix
1563 1235 1728 1317 sauguinis
1743 1236 1818 1311 mei,
1828 1234 1902 1298 novi
1918 1242 1950 1297 et
1983 1252 2095 1301 nanu.

410 1345 481 1401 rent
497 1337 530 1399 in
547 1335 761 1417 negligentem
778 1344 949 1419 pastorem,
967 1355 1022 1398 seu
1043 1336 1155 1418 praedi·
1209 1336 1320 1399 aeterni
1336 1336 1541 1399 Testamenti.
1963 1319 1997 1357 ²⁰·

410 1444 550 1500 calorem
575 1434 743 1498 insulsum.
761 1438 1000 1516 Responditque
1021 1446 1155 1497 coaetus
1248 1440 1534 1514 Ascenderuntque
1556 1439 1679 1513 Moyses
1699 1445 1729 1495 et
1748 1438 1871 1505 Aaron,
1887 1441 1948 1495 etc.

341 1522 347 1529 ¹
407 1539 550 1614 populus
569 1556 638 1595 una
656 1554 728 1595 uoce
743 1553 754 1595 .·
772 1536 889 1597 Omnia
909 1538 1004 1596 verbo
1019 1537 1155 1596 Domini
1209 1535 1353 1599 Sittium
1375 1534 1525 1617 praelatus
1547 1554 1583 1596 ac
1603 1532 1723 1596 subditi
1744 1530 1952 1615 spiritualiter

411 1634 582 1711 sociemus.
599 1631 650 1695 Sic
667 1632 772 1695 omnis
788 1632 935 1695 subditus
951 1632 1045 1696 debet
1058 1632 1155 1695 verba
1208 1634 1472 1715 concorditerque
1491 1633 1678 1715 proliciunt,
1696 1634 1794 1695 Deum
1814 1640 1953 1694 contem-

412 1730 659 1813 praedicationis,
677 1730 909 1809 instructionis,
925 1752 962 1795 ac
985 1731 1156 1813 correptio
1209 1733 1291 1816 plari
1308 1741 1492 1797 merentur:
1511 1732 1570 1794 suh
1585 1732 1678 1813 cujus
1694 1731 1829 1814 pedihus
1842 1730 1954 1792 vident

412 1830 463 1892 uis
487 1849 559 1893 cum
586 1829 674 1893 omni
699 1828 820 1893 aflectu
846 1838 1007 1911 gratanter
1031 1831 1152 1906 audire,
1172 1834 1305 1912 Bquosi
1319 1852 1398 1910 opos
1413 1835 1535 1909 lapidis
1549 1833 1748 1909 sapphirini,
1764 1830 1842 1911 quia
1855 1828 1889 1891 in
1905 1829 1953 1890 in-

412 1928 576 1991 humiliter
601 1929 803 2011 respondere,
827 1948 863 1992 ac
886 1929 1016 2012 plenum
1038 1929 1156 1992 hahere
1210 1930 1299 1992 timis
1319 1930 1373 1993 Dei
1390 1930 1562 1993 effectibus
1583 1930 1748 1992 intuentur
1763 1928 1952 1991 relucentias

412 2027 610 2110 propositum
621 2027 790 2091 obediendi
807 2028 840 2090 in
851 2028 1008 2092 omnibus
1018 2031 1156 2105 Scripsit
1210 2031 1363 2112 quasdam
1392 2029 1567 2112 sapientia,
1590 2027 1841 2110 omnipotentiae,
1863 2026 1954 2089 boni-

413 2137 520 2188 autem
532 2130 655 2204 Moyses
666 2129 831 2188 universos
840 2148 998 2188 sermones
1009 2130 1154 2189 Domini.
1211 2128 1349 2210 fatisque
1370 2130 1451 2209 ejus
1469 2128 1557 2190 Tunc
1579 2146 1707 2209 quoque
1729 2127 1899 2189 comedunt
1921 2133 1954 2187 et

414 2224 465 2288 Sic
480 2225 675 2307 quicumque
694 2226 840 2309 superior
855 2225 948 2289 debet
968 2245 1001 2288 se
1022 2224 1158 2289 fructuo
1210 2228 1327 2290 bibunt
1341 2246 1457 2310 panem
1468 2226 1542 2289 vitre
1556 2235 1588 2289 et
1604 2226 1689 2289 rivos
1704 2223 1955 2308 sapienhae,cor-

415 2342 449 2385 se
464 2323 582 2404 jugiter
591 2342 758 2406 occupare,
766 2342 928 2387 sermones
944 2322 1155 2401 conscribere,
1213 2346 1272 2410 pus
1293 2334 1324 2389 et
1344 2324 1532 2405 sanguinem
1547 2324 1729 2401 Salvatoris,
1741 2322 1956 2403 virtuosisque

417 2421 516 2486 libros
535 2440 641 2485 sacros
660 2422 835 2504 acquirere.
856 2422 1049 2505 Sapientiam
1071 2423 1158 2486 enim
1213 2425 1338 2489 actibus
1362 2444 1399 2487 ae
1423 2423 1521 2485 variis
1545 2422 1789 2485 charismatibus
1818 2420 1955 2504 Spiritus

306 2508 348 2545 '¹¹'
376 2525 382 2537 '
417 2520 562 2583 omnium
580 2520 782 2602 antiquorum
802 2521 947 2603 exquiret
965 2522 1104 2604 sapiens.
1120 2521 1159 2583 Et
1213 2525 1319 2589 Sancti
1342 2522 1545 2586 reficiuntur.
1562 2524 1657 2583 Dicit
1675 2532 1782 2583 autem
1797 2522 1955 2582 Dominus

418 2638 527 2681 rursus
548 2620 581 2681 in
602 2619 823 2683 Ecclesiastico
842 2620 996 2703 scriptum
1016 2628 1064 2683 est
1081 2640 1088 2684 :
1106 2620 1160 2682 Sa-
1214 2629 1258 2685 od
1274 2627 1407 2700 Moysen
1423 2641 1434 2684 .·
1449 2624 1593 2683 Ascende
1614 2624 1658 2681 ool
1678 2642 1727 2680 me
1747 2622 1783 2679 in
1805 2629 1956 2687 montem,

291 2713 328 2741 ¹¹⁸
340 2712 361 2751 '¹’
396 2717 569 2801 'pientiam
588 2718 692 2781 scribe
712 2718 744 2779 in
767 2728 909 2801 tempore
929 2719 1108 2783 vacuitatis.
1213 2726 1358 2803 daboque
1374 2723 1434 2782 tibi
1444 2720 1523 2782 duas
1538 2716 1956 2797 tubuloslopideas,eto.Sio

456 2820 499 2879 Et
521 2838 615 2879 mone
634 2838 836 2897 concerpe-na.
863 2818 930 2881 Non
955 2818 1040 2882 enim
1065 2820 1161 2882 debet
1214 2820 1435 2901 unusquisque
1451 2818 1596 2901 superior
1609 2837 1646 2879 ac
1662 2816 1847 2899 praedicator
1863 2816 1958 2878 debet

417 2916 473 2997 qui
489 2926 613 2998 praeest,
632 2916 830 3000 superfluum
848 2935 995 2981 somnum
1015 2918 1162 2981 admitte-
1216 2920 1401 3001 frequenter
1415 2918 1455 2979 ad
1475 2917 1573 2979 Deum
1589 2916 1803 2979 conscendere
1817 2914 1852 2976 in
1867 2932 1958 2977 mon-

417 3034 462 3091 re,
479 3024 533 3078 aut
556 3014 677 3098 torpori
698 3016 803 3079 locum
824 3018 977 3098 praebere,
995 3018 1050 3080 sed
1071 3026 1160 3081 tauto
1177 3024 1199 3087 G
1215 3027 1291 3094 tem,
1307 3018 1368 3080 hoe
1383 3026 1431 3079 est
1448 3016 1480 3077 in
1496 3014 1648 3078 verticem
1664 3014 1855 3089 intellectus,
1872 3020 1904 3075 et
1918 3012 1957 3074 ad

417 3113 585 3178 sollicitior
599 3134 636 3177 ae
651 3114 835 3193 vigilant-ior
849 3134 929 3193 esse,
946 3125 1066 3197 quanto
1082 3115 1161 3181 obli·
1216 3115 1396 3198 superiores
1417 3133 1482 3177 suaa
1501 3113 1615 3177 animae
1630 3113 1724 3189 vires,
1746 3111 1958 3174 abstrahendo

416 3222 509 3293 gutur
524 3213 564 3275 ad
587 3212 679 3295 plura
700 3232 737 3275 ae
756 3213 880 3289 altiora,
898 3223 1019 3296 quanto
1033 3215 1161 3295 gravius
1216 3235 1250 3279 se
1264 3235 1283 3278 a
1298 3213 1505 3277 sensibilibus
1520 3232 1557 3275 ac
1572 3212 1781 3276 exterioribus
1797 3210 1901 3287 rebus,
1917 3211 1957 3272 ad

417 3310 447 3374 ci
463 3310 560 3373 instat
574 3310 780 3391 judicium,et
794 3330 858 3392 quo
874 3312 1019 3395 pluribus
1035 3323 1159 3396 praeest.
1214 3314 1392 3379 vacandum
1418 3313 1481 3375 Deo
1503 3330 1560 3394 per
1584 3310 1702 3374 mentis
1725 3328 1899 3384 excessum,
1923 3317 1959 3370 ut

416 3412 611 3487 AErfificour't
625 3412 729 3469 altore
743 3414 787 3470 arf
806 3413 930 3471 radices
950 3416 1077 3474 mentia.
1095 3412 1162 3495 Spi-
1216 3414 1262 3477 sio
1279 3414 1453 3475 instruatur
1472 3411 1639 3474 allomino
1659 3429 1715 3492 por
1729 3408 1911 3472 unctionem
1926 3416 1959 3469 ef

417 3506 532 3569 rituale
553 3507 652 3570 altare
673 3515 721 3570 est
744 3505 835 3585 fides,
860 3509 930 3571 sine
951 3530 1015 3592 qua
1038 3511 1082 3572 nil
1098 3511 1162 3575 Deo
1215 3511 1484 3576 illuminationem
1499 3510 1652 3587 divinam,
1669 3510 1710 3572 de
1724 3508 1889 3588 utriusque
1904 3507 1959 3569 Te

417 3604 656 3687 acceptabiliter
681 3605 874 3684 immolatur,
902 3626 957 3670 seu
982 3609 1097 3672 caritas
1128 3610 1161 3672 in
1216 3610 1366 3674 stamenti
1391 3610 1490 3673 sacris
1519 3608 1694 3690 solidisque
1719 3605 1900 3689 Scripturis,
1926 3613 1959 3667 et

418 3724 482 3787 qua
497 3722 626 3767 uecessc
645 3712 693 3767 est
713 3704 820 3768 omnia
837 3724 933 3789 opera
948 3708 1110 3771 meritoria
1126 3708 1162 3771 fi·
1215 3712 1305 3792 juxta
1330 3707 1576 3771 illustrationem
1599 3706 1660 3768 sibi
1683 3706 1819 3788 desuper
1844 3703 1958 3767 factam

419 3802 477 3866 eri.
494 3802 557 3865 lloc
577 3802 676 3865 altare
697 3802 802 3880 debet,
822 3804 878 3885 qui
897 3814 1021 3888 preest,
1041 3808 1074 3869 in
1094 3826 1162 3871 cor·
1216 3810 1327 3874 doceat
1353 3808 1481 3890 plebem
1505 3805 1572 3882 Dei,
1598 3824 1637 3868 ex
1662 3804 1812 3868 interiore
1834 3803 1960 3867 fervore

419 3899 514 3963 dibus
540 3900 740 3964 subditorum
766 3912 950 3967 construere
974 3907 1013 3968 ad
1039 3907 1162 3970 radices
1216 3918 1248 3972 et
1270 3907 1418 3971 efficacia
1437 3905 1512 3969 vitea
1533 3904 1704 3987 loquendo.
1720 3907 1961 3982 Ascendensque

420 3999 549 4075 montis,
561 3999 593 4061 id
609 4007 657 4061 est
671 4000 704 4061 in
714 4000 831 4063 Christi
848 4002 1026 4067 humilitate
1041 4025 1077 4067 ec
1094 4005 1164 4068 fun·
1218 4012 1341 4085 Moyses
1365 4008 1402 4065 in
1427 4014 1566 4066 montem
1590 4006 1662 4073 Det,
1684 4004 1863 4063 certioribus
1885 4002 1933 4062 ott
1948 4022 1960 4060 .-

420 4098 580 4161 (lamento.
591 4100 744 4178 Misitque
750 4101 888 4176 juvenes
902 4106 942 4161 de
951 4104 1032 4180 filiis
1047 4106 1162 4173 Israel,
1216 4110 1409 4184 Exspectate
1417 4107 1482 4174 fote,
1493 4111 1554 4166 etc.
1567 4101 1619 4165 Sic
1633 4102 1729 4184 plane
1742 4099 1869 4182 quando
1884 4117 1962 4180 prte-

419 4206 448 4256 et
467 4198 651 4257 obtulerunt
671 4198 854 4260 holocausto
876 4208 907 4262 et
929 4200 1086 4263 victimas.
1107 4202 1164 4264 Por
1178 4206 1203 4267 D
1218 4205 1302 4268 latus
1317 4223 1356 4266 ex
1379 4202 1562 4266 rationabili
1578 4220 1674 4263 causa
1696 4197 1814 4263 recedit
1829 4198 1867 4260 ad
1885 4206 1963 4259 tcm-

420 4294 1166 4379 juvcneslsraelitas‚intelligunturfidelesom·
1218 4322 1279 4386 pus
1303 4322 1321 4364 a
1349 4318 1445 4381 grege
1474 4300 1535 4362 sihi
1566 4299 1748 4375 commisso,
1774 4297 1868 4360 debet
1892 4314 1962 4359 esse

423 4392 455 4455 ni
473 4391 626 4455 virtutum
642 4393 749 4473 vigorc
766 4393 928 4472 florentes,
946 4397 1055 4477 agiles,
1069 4406 1101 4460 et
1116 4417 1165 4462 ro-
1218 4400 1388 4477 sollicitus,
1409 4409 1445 4461 ut
1468 4419 1544 4481 gre-x
1565 4398 1621 4462 ille
1643 4397 1770 4461 interim
1792 4395 1962 4458 salubriter

423 4490 508 4553 busti
532 4490 564 4552 in
586 4492 688 4571 gratia
704 4491 770 4555 Dei.
793 4493 882 4557 Tales
903 4513 977 4576 ergo
999 4505 1074 4559 sunt
1089 4497 1165 4559 diri·
1219 4499 1426 4582 gubernetur,
1443 4508 1475 4562 et
1495 4498 1663 4581 providere
1677 4496 1781 4560 eidem
1801 4496 1840 4557 de
1855 4494 1963 4558 condi-

422 4590 518 4671 gcndi
540 4591 579 4653 ad
602 4592 769 4670 orandum,
786 4593 824 4655 ad
849 4593 1107 4673 sacrificandum,
1124 4598 1165 4660 ad
1218 4617 1282 4680 gno
1298 4598 1429 4675 vicario,
1446 4598 1696 4678 custodibusque
1712 4594 1872 4670 fidelihus,
1890 4592 1964 4656 sub

423 4689 650 4752 elaborandum
673 4690 883 4772 proeliorum
904 4695 1165 4759 reconciliatione
1219 4698 1360 4780 ditisque
1381 4697 1591 4773 committere,
1614 4715 1654 4759 ne
1676 4694 1804 4758 interim
1827 4693 1910 4755 inter
1929 4711 1964 4754 se

422 4796 518 4870 atque
544 4787 655 4851 salute.
685 4792 772 4850 Tulit
794 4793 901 4872 itaque
923 4796 1046 4872 Moyses
1066 4798 1166 4856 dimi·
1220 4797 1430 4875 corrixentur,
1447 4797 1502 4860 sed
1525 4815 1636 4859 causas
1657 4803 1689 4857 et
1705 4792 1895 4876 questiones
1916 4810 1965 4855 re

421 4891 513 4949 diam
524 4897 653 4965 portem
668 4892 852 4966 saepefata,
869 4900 929 4954 etc.
946 4892 1002 4955 Per
1018 4893 1078 4957 hoc
1095 4894 1166 4958 ideo
1222 4895 1326 4959 ferant
1348 4895 1388 4957 ad
1414 4894 1621 4978 prepositum
1646 4892 1693 4955 eis
1717 4891 1883 4967 vicarium,
1910 4898 1964 4953 aut

423 4983 662 5067 praefiguratum
686 4994 744 5065 est,
762 4988 847 5069 quod
870 4990 991 5071 praelati
1015 5000 1046 5054 et
1067 5011 1168 5055 sacer·
1221 4995 1301 5058 alios
1322 4995 1512 5077 superiores,
1531 4992 1646 5056 neceb
1664 4991 1801 5055 invicem
1822 4989 1887 5051 sint
1903 4989 1966 5051 dis-

424 5085 513 5147 dotcs
528 5084 719 5163 evangelicae
730 5085 808 5166 legis
819 5097 1037 5151 consecratum
1049 5090 1165 5154 Christi
1222 5094 1344 5157 cordes.
1374 5093 1557 5155 Ceterorum
1585 5089 1760 5172 spiritualis
1787 5087 1966 5171 explanatio

426 5182 613 5261 sanguinem
636 5182 668 5245 in
691 5183 791 5247 calice
806 5186 985 5269 suscipiunt
1007 5188 1039 5250 in
1062 5189 1166 5252 altari.
1223 5191 1396 5255 innotescit
1410 5210 1449 5253 ex
1464 5189 1558 5254 dictis
1572 5189 1656 5266 circa
1672 5187 1964 5263 nonumdecimum,

426 5282 585 5345 luterdum
609 5281 705 5345 etiam
731 5284 850 5367 populo
873 5282 906 5348 in
929 5286 1084 5351 calicibus
1107 5295 1170 5351 tra·
1224 5289 1476 5372 vicesimumque
1490 5287 1678 5371 capitulum.
