4309 6259
425 480 483 547 tlt

793 500 966 547 bunnuaria
988 500 1018 545 ut
1040 498 1108 546 GAP.
1132 498 1230 545 xxxut
1251 500 1353 546 axam.
1376 520 1416 531 -
1437 502 1507 548 aar.
1531 502 1600 548 [ΣΝ

425 672 642 749 habitationis
663 680 739 753 puta
755 691 773 734 a
791 679 910 748 monte,
929 669 1070 751 elongari
1091 688 1168 751 prae
1182 668 1207 731 Α
1223 670 1308 751 quod
1324 670 1420 733 situm
1435 670 1496 734 luit
1509 672 1680 755 separatim
1694 692 1714 735 a
1728 672 1883 749 tentoriis,
1892 671 1972 753 quie

425 772 558 853 cipiens.
577 772 615 833 Et
630 772 715 853 quod
737 770 791 847 ait,
810 770 924 845 Sciam,
943 770 1166 851 exponendum

424 877 482 947 cst,
501 870 576 932 sciri
592 870 717 942 faciam,
736 869 812 951 quid
838 868 952 931 faciam
970 868 1038 943 tihi,
1059 867 1164 941 idest,

423 968 560 1049 qualiter
586 977 615 1031 tc
641 968 781 1031 tractabo
801 984 807 1029 :
826 986 889 1030 non
906 968 991 1049 quad
1007 966 1067 1029 boc
1087 965 1166 1027 alias

423 1066 626 1147 ignoraverit,
641 1069 695 1130 sed
712 1067 787 1149 quia
804 1086 860 1149 per
871 1066 965 1128 talem
983 1084 1092 1128 eorum
1109 1064 1167 1126 bu-

422 1165 632 1229 miliationem
654 1166 781 1229 volebat
810 1165 945 1247 probare
975 1185 1010 1227 ac
1037 1165 1167 1226 demon-

422 1273 521 1327 strare
546 1266 683 1347 qualiter
706 1285 739 1327 se
766 1264 930 1341 baberent,
953 1264 1083 1346 etquid
1104 1262 1165 1324 sibi

422 1363 496 1426 lieri
519 1374 727 1428 mererentur.
745 1366 965 1447 lleposuerunt
985 1381 1059 1443 ergo
1075 1382 1167 1425 orua-

421 1470 500 1541 tum,
519 1464 551 1526 id
577 1473 624 1526 est
644 1463 884 1527 tabernaculum
912 1463 990 1524 illud
1015 1482 1034 1524 a
1058 1471 1165 1525 moute

422 1562 536 1640 Horeb,
554 1572 708 1645 ponentes
725 1562 805 1625 illud
821 1563 854 1624 in
876 1562 944 1626 loco
960 1582 978 1623 a
995 1570 1102 1624 monte
1119 1581 1166 1623 re-

422 1670 518 1725 moto.
546 1663 624 1725 Huic
650 1671 756 1725 autem
783 1661 973 1744 expositioni
999 1661 1162 1741 abjicitur,

420 1762 507 1841 quod
525 1760 556 1822 iu
574 1770 659 1824 textu
676 1781 748 1824 mox
764 1761 907 1843 sequitur
926 1778 933 1821 ε
951 1764 1075 1839 Moyses
1090 1781 1166 1838 que

1224 769 1257 830 iu
1279 771 1483 835 tabernaculo
1503 772 1559 835 illo
1580 772 1703 853 judices
1725 772 1907 835 residebant
1927 773 1970 833 ad

1222 869 1294 949 jura
1313 871 1477 933 tractanda
1492 879 1587 952 atquc
1606 872 1645 934 ad
1663 872 1882 952 judicandum.
1901 871 1970 933 lmo

1222 975 1254 1027 et
1275 967 1393 1049 Moyses
1419 988 1530 1031 causas
1555 970 1716 1049 graviores
1742 969 1971 1032 determinavit

1223 1066 1353 1143 ibidem,
1364 1077 1458 1149 prout
1475 1069 1506 1130 in
1523 1069 1721 1151 expositione
1736 1068 1867 1151 capituli
1881 1078 1971 1132 octa-

1222 1166 1371 1229 videcimi
1388 1168 1502 1249 patuit.

1264 1268 1430 1346 Qurrrnqne
1446 1272 1648 1345 eprederetur
1664 1272 1788 1345 Moyses
1807 1271 1851 1330 ad
1866 1271 1971 1330 taber-

1222 1370 1389 1437 naculam,
1407 1367 1564 1430 veniendo
1580 1369 1619 1431 de
1639 1377 1747 1431 moute
1766 1377 1822 1431 aut
1840 1369 1967 1444 castris

1220 1468 1368 1540 sirrpebat
1381 1468 1531 1526 uniuersa
1539 1470 1637 1544 plebe,
1644 1478 1673 1528 et
1682 1470 1786 1529 stabat
1796 1470 1971 1548 unusquis-

1221 1583 1281 1641 que
1298 1565 1333 1623 in
1346 1566 1425 1624 ostio
1434 1567 1616 1644 papilionis
1630 1568 1684 1626 sui
1699 1567 1739 1628 ad
1755 1567 1969 1629 reverentiam

1221 1660 1287 1737 Dei,
1305 1670 1335 1725 et
1351 1664 1421 1744 ejus
1436 1664 1547 1727 vicarii
1569 1664 1681 1746 Moysis
1704 1664 1826 1747 praelati
1841 1683 1967 1741 eorum,

1222 1769 1253 1822 et
1283 1769 1433 1843 tauquam
1463 1763 1588 1846 aliquid
1618 1766 1725 1845 magni
1751 1765 1861 1828 visuri.
1887 1765 1968 1827 Nam

420 1880 480 1939 que
506 1864 616 1921 tollens
643 1863 898 1931 tabernaculum,
917 1863 1047 1921 tetendit
1072 1869 1166 1919 extra
1185 1857 1688 1943 Bsubditur:Adspiciebantque
1705 1874 1828 1942 terpum
1845 1867 1969 1941 Moysis

420 1970 528 2021 castra
538 1960 706 2037 procut,id
723 1967 770 2021 est
787 1968 906 2022 remote
922 1979 940 2021 a
957 1958 1101 2021 tentoriis
1113 1978 1166 2041 pc-

421 2057 499 2138 puli‚
518 2059 604 2139 quod
619 2058 658 2121 dc
675 2059 806 2141 praelato
823 2057 1027 2121 tabernaculo
1043 2065 1164 2119 certum

420 2164 468 2217 est
497 2156 571 2219 dici.
597 2158 711 2239 Sicque
744 2158 900 2239 scriptura
925 2158 991 2219 hae
1024 2157 1166 2237 loquitur

419 2255 459 2317 de
475 2255 605 2337 praelata
621 2256 725 2338 plebis
736 2264 859 2333 ornatu,
870 2257 950 2319 etde
962 2255 1165 2319 tabernaculo

420 2353 481 2417 isto
504 2356 597 2437 quasi
618 2356 657 2417 de
683 2355 778 2418 rebus
795 2356 941 2419 diversis.
960 2356 1038 2418 Hinc
1064 2355 1164 2437 aliqui

420 2453 540 2531 dicunt,
558 2456 644 2537 quod
667 2456 699 2517 in
716 2455 918 2538 susceptione
940 2456 1019 2536 legis
1041 2475 1097 2517 seu
1114 2456 1165 2516 de-

419 2572 487 2615 cem
504 2562 735 2635 praceptorum
753 2555 855 2629 aDeo,
866 2555 905 2616 da
920 2573 983 2635 qua
995 2574 1027 2616 re
1044 2554 1163 2616 dictum

419 2661 467 2714 est
482 2652 621 2735 capitulo
633 2653 796 2723 vicesimo,
807 2652 999 2735 principales
1017 2653 1048 2715 iu
1066 2672 1165 2735 popu-

420 2751 450 2814 la
471 2751 626 2814 ornabant
648 2772 681 2815 se
702 2752 894 2834 quibusdam
915 2753 1052 2824 coronis
1070 2753 1163 2833 quasi

420 2850 628 2931 spiritualiter
649 2850 863 2933 desponsandi
883 2872 902 2913 a
922 2852 1044 2933 Sponsa
1070 2852 1164 2913 crele-

419 2950 470 3011 sti.
490 2950 526 3012 Et
551 2952 618 3014 brec
643 2959 829 3014 ornamenta
850 2950 930 3031 jussi
957 2959 1070 3012 sunta
1097 2950 1163 3011 suis

1222 1960 1327 2021 euntis
1343 1960 1376 2022 iu
1397 1962 1512 2043 spatio,
1529 1963 1615 2043 quad
1632 1962 1693 2024 luit
1709 1963 1792 2025 inter
1811 1972 1914 2026 castra
1934 1971 1970 2025 et

1222 2058 1472 2136 tabernaculum,
1498 2065 1597 2121 eloneo
1619 2064 1843 2139 inprederetur
1868 2072 1970 2123 tento-

1220 2158 1363 2227 riarn,id
1380 2167 1428 2221 est
1444 2160 1683 2223 tabernaculum
1700 2160 1791 2238 illud,
1801 2161 1887 2242 quod
1903 2160 1969 2222 luit

1222 2256 1401 2338 specialiter
1418 2259 1589 2321 tentorium
1601 2259 1713 2341 Moysis
1729 2269 1761 2322 et
1775 2260 1862 2322 velut
1877 2259 1970 2322 babi-

1221 2356 1310 2418 tatio.
1335 2359 1481 2435 Inqresso
1506 2370 1614 2419 autem
1635 2362 1692 2419 illo
1719 2362 1968 2421 tabernaculum

1220 2455 1362 2529 foerleris,
1372 2460 1576 2519 descendebat
1586 2462 1738 2520 colurnu'a
1748 2461 1893 2528 rtubis,et
1902 2468 1969 2518 sta-

1220 2555 1474 2627 balatonium,
1494 2556 1526 2618 id
1545 2559 1642 2619 estin
1660 2577 1733 2621 aere
1749 2578 1844 2640 supra
1864 2576 1967 2639 prope

1219 2652 1348 2732 januam
1379 2653 1587 2718 tabernaculi.
1611 2660 1875 2736 loquebaturque
1899 2660 1968 2717 Do·

1220 2754 1330 2811 mitius
1344 2774 1418 2813 erun
1435 2758 1544 2832 Mopse
1554 2763 1704 2836 :eratque
1720 2755 1820 2818 nubes
1836 2754 1967 2835 siguum

1219 2849 1375 2913 adventus
1397 2871 1434 2914 ac
1459 2854 1636 2934 praesentim
1661 2854 1737 2928 llei3
1761 2857 1966 2915 cernentibus

1220 2952 1381 3009 rania-ersis
1403 2956 1488 3030 quod
1509 2957 1661 3014 colrcrnna
1681 2956 1776 3013 aubis
1797 2963 1893 3014 staret
1919 2957 1967 3014 ad

418 3068 581 3113 removere
602 3050 772 3133 capitibuS,
791 3049 866 3131 quia
888 3051 926 3112 atl
949 3050 1162 3113 idololatriam
1182 3048 1336 3111 Costiurn
1355 3052 1564 3111 tabernaculi.
1582 3054 1784 3131 Stabantque
1797 3061 1827 3112 et
1842 3053 1915 3129 ipsi,
1933 3062 1967 3111 et

418 3158 616 3212 corruerunt.
633 3150 691 3225 Qut
716 3158 820 3211 autom
839 3149 906 3211 vult
926 3149 1090 3231 praelatam
1111 3170 1164 3212 ex-

418 3248 609 3329 positionem
630 3248 818 3325 delendere‚
843 3248 948 3310 dicere
971 3256 1075 3330 potest
1095 3248 1162 3311 haec

416 3346 528 3420 verba,
554 3348 672 3429 Moyses
698 3367 841 3429 quoque,
870 3356 947 3425 etc,
975 3349 1163 3429 exponenda

418 3444 463 3507 sic
475 3463 564 3507 osse:
581 3446 700 3529 Moyses
722 3447 868 3509 eumdem
885 3446 1087 3509 Hebraeorum
1113 3466 1163 3509 orn

417 3551 538 3622 natum,
571 3545 626 3628 qui
659 3546 722 3609 alio
760 3546 889 3609 nomine
921 3545 1160 3608 tabernaculum

417 3654 630 3726 nuncupatur,
658 3646 791 3708 removit
812 3665 830 3707 a
855 3653 961 3708 monte
982 3645 1085 3708 llorrb
1105 3665 1161 3707 seu

417 3740 512 3819 Sinai,
521 3745 749 3807 consentiendo
761 3754 790 3807 ct
802 3745 1002 3827 cooperando
1013 3744 1052 3807 ad
1065 3753 1163 3806 trans

417 3840 567 3905 lationem
585 3844 672 3907 illam
695 3844 892 3907 tabernaculi
915 3845 953 3906 dc
970 3844 1039 3907 loco
1055 3845 1094 3905 ad
1119 3843 1161 3905 lo-

416 3959 488 4002 cum
516 3940 632 4005 iactam
659 3963 716 4025 per
740 3943 905 4025 populum.
934 3942 1048 4025 Sicquc
1073 3943 1160 4023 quod

417 4039 543 4117 dicitur,
555 4042 672 4124 lloyses
688 4062 826 4124 quoque,
841 4051 913 4118 etc,
924 4050 971 4104 est
986 4042 1076 4123 quasi
1088 4061 1161 4104 ecn-

417 4137 558 4202 lirmatio
588 4149 619 4203 et
649 4141 820 4204 declaratio
856 4141 1065 4223 praecedentis
1096 4161 1160 4203 ser-

416 4238 531 4300 monis.

466 4338 655 4419 lbrauitque
677 4360 790 4400 nomen
810 4340 880 4418 ejus
905 4342 1160 4401 Tabernacutunr

415 4436 560 4513 soerlmr's,
577 4437 609 4498 id
632 4446 679 4500 cst
701 4436 938 4501 tabernaculum
962 4439 993 4500 iu
1016 4457 1079 4520 quc
1102 4439 1160 4502 Do-

416 4535 523 4597 minus
541 4535 643 4598 loedus
666 4556 722 4599 scu
742 4546 869 4619 pactum
889 4538 977 4620 pacis
998 4558 1034 4600 ac
1050 4537 1160 4601 amiei-

415 4634 467 4697 tiae
483 4636 619 4698 contulit
638 4655 674 4699 ac
697 4636 769 4698 iniit
791 4639 830 4699 ad
854 4637 979 4719 plebem
1001 4656 1056 4719 per
1078 4637 1159 4719 blov-

416 4750 482 4807 sen,
494 4738 528 4791 ut
544 4730 629 4793 iulra
645 4729 822 4793 habebitur.
834 4731 877 4793 lbi
890 4732 986 4793 etiam
1001 4732 1159 4794 dabantur

413 4829 535 4910 judicia
555 4829 638 4893 inter
652 4830 891 4907 contendentes,
909 4830 1159 4895 canloedcrativa

414 4937 446 4991 et
468 4928 670 5009 pacificativa
685 4947 806 4991 eorum.
823 4929 911 4992 Unde
927 4928 1132 5009 subjungitur
1149 4948 1156 4992 :

413 5030 456 5089 Et
483 5030 586 5088 oannis
607 5033 749 5105 populus
770 5030 829 5109 qni
853 5030 984 5088 babebat
1011 5030 1158 5107 aliquam

414 5128 631 5207 perustionem,
654 5126 686 5188 id
708 5135 756 5189 est
777 5146 905 5189 causam
926 5135 957 5189 et
976 5136 1159 5190 controver-

415 5224 506 5302 siam,
526 5227 745 5303 cerediebatur
761 5227 799 5289 de
821 5226 957 5289 tentorio
974 5245 1031 5289 suo
1047 5230 1092 5287 ad
1113 5237 1161 5287 ta-

413 5327 624 5386 bernaculum
647 5328 777 5403 foerleris
799 5337 891 5387 entra
911 5336 1027 5398 castra,
1054 5325 1086 5388 id
1111 5334 1159 5389 est

1218 3150 1400 3208 adorabant
1409 3170 1472 3226 per
1484 3152 1569 3226 sorec
1592 3153 1871 3211 tabernaculorum
1891 3170 1966 3211 arro-

1218 3266 1293 3305 rarn
1309 3263 1321 3306 :
1337 3245 1414 3327 quia
1433 3266 1470 3310 ex
1491 3257 1554 3310 tam
1575 3248 1776 3312 evidentibus
1794 3258 1824 3312 et
1842 3249 1967 3328 magni·

1219 3340 1291 3404 licis
1314 3342 1415 3423 signis
1431 3352 1462 3405 et
1478 3343 1650 3408 ellectibus
1672 3345 1799 3427 pietatis
1814 3353 1845 3407 et
1867 3345 1966 3425 maje

1218 3441 1308 3503 statis
1324 3442 1452 3520 diviua,
1465 3444 1505 3505 ad
1520 3445 1691 3525 quamdam
1707 3444 1964 3526 provocabantur

1218 3540 1432 3604 devotionem.
1450 3546 1654 3623 Loqaebatur
1673 3554 1781 3605 autem
1802 3544 1964 3604 Dominus

1217 3642 1261 3699 ad
1276 3643 1405 3717 illoyaen
1418 3644 1504 3721 facie
1518 3645 1562 3702 ad
1576 3643 1707 3719 faciem,
1718 3640 1750 3703 id
1766 3650 1815 3704 est
1830 3641 1914 3703 clare
1929 3650 1964 3705 et

1218 3736 1520 3817 familiariter,sr'cut
1529 3744 1604 3801 solet
1616 3743 1705 3819 loqui
1719 3744 1811 3802 bomo
1826 3743 1870 3801 ad
1879 3744 1964 3801 errei-

1216 3857 1290 3897 earn
1304 3860 1402 3898 sarim
1418 3860 1429 3898 .·
1446 3838 1498 3901 cui
1515 3848 1545 3902 et
1567 3848 1687 3902 secreta
1707 3859 1763 3901 sua
1781 3839 1909 3915 revelat,
1928 3848 1964 3902 et

1216 3936 1379 3999 caritatem
1397 3957 1485 3999 suam
1497 3938 1797 4019 ostendit.lleuique
1807 3937 1961 4000 Dominus

1216 4034 1333 4097 dicitur
1353 4036 1398 4099 sic
1414 4036 1540 4099 locutus
1557 4037 1596 4099 ad
1617 4036 1742 4119 Moysen
1763 4056 1820 4119 per
1839 4044 1963 4099 creatu-

1216 4154 1283 4196 ram
1304 4135 1491 4217 subJ'ectam,
1509 4145 1585 4218 puta
1605 4155 1662 4217 per
1679 4136 1827 4217 angelum
1850 4136 1882 4197 iu
1901 4136 1963 4199 bu·

1174 4232 1199 4294 D
1216 4254 1309 4297 mana
1325 4235 1431 4317 specie
1446 4243 1767 4317 apparentem,atque
1778 4234 1810 4297 iu
1824 4254 1963 4318 persana

1216 4334 1269 4396 llei
1286 4333 1480 4416 loquentem.

1257 4436 1424 4513 Quunrque
1439 4436 1496 4493 ille
1510 4444 1722 4494 reverteretur
1738 4436 1771 4494 in
1791 4444 1906 4504 castra,
1926 4433 1961 4496 id

1215 4540 1273 4606 est,
1291 4550 1390 4612 quum
1413 4531 1532 4614 Moyses
1555 4532 1673 4594 rediret
1695 4532 1735 4593 ad
1756 4532 1842 4595 lilios
1863 4532 1960 4594 lsrael

1214 4631 1253 4692 ad
1270 4630 1492 4713 exponendum
1515 4631 1561 4693 eis
1582 4631 1702 4709 divina,
1725 4634 1874 4692 rainr'rter
1887 4632 1962 4707 ejus

1212 4734 1317 4801 lastae,
1334 4730 1390 4811 qui
1412 4729 1475 4791 luit
1496 4730 1645 4812 specialis
1664 4739 1696 4793 et
1715 4729 1882 4793 familiaris
1899 4731 1962 4791 mi-

1215 4829 1315 4891 nister
1335 4829 1459 4911 ldoysls,
1476 4832 1568 4908 fitius
1583 4832 1673 4906 Nun,
1687 4851 1782 4908 puer.
1801 4829 1879 4892 Puer
1899 4848 1961 4910 pro

1215 4929 1362 4992 ministro
1372 4928 1475 5010 accipi
1490 4927 1650 5003 solet3sed
1665 4928 1741 5008 quia
1755 4930 1822 5010 jam
1837 4929 1962 4991 dictum

1214 5027 1564 5109 cst‚miuisterlloysis,
1575 5046 1653 5108 puer
1669 5027 1720 5090 bie
1736 5028 1838 5110 accipi
1854 5036 1962 5110 potest

1215 5146 1272 5208 pro
1298 5127 1465 5209 discipulo,
1484 5145 1539 5189 seu
1561 5145 1619 5208 pro
1639 5126 1709 5190 vira
1731 5126 1899 5190 innocente
1920 5146 1962 5191 ao

1214 5245 1302 5307 puro,
1315 5227 1404 5307 juxta
1419 5244 1513 5307 quem
1531 5226 1658 5287 modum
1669 5224 1813 5288 Christus
1828 5235 1898 5308 post
1913 5246 1963 5290 re-

1216 5324 1444 5387 surrectionem
1461 5323 1541 5386 dixit
1556 5323 1716 5405 uposrotis
1731 5344 1738 5389 :
1755 5324 1854 5402 Pueri,
1868 5344 1961 5389 num·
1975 5350 2151 5407 Imma
