4309 6259
442 507 501 572 sot
811 522 985 570 manuario
1005 523 1036 568 ru
1057 523 1126 569 car.
1149 522 1211 568 rurv
1233 522 1368 569 neurim.
1391 543 1432 552 -
1452 522 1523 568 nur.
1546 523 1616 568 ruri

393 713 396 721 ·
443 694 603 758 batizovit.
621 701 663 759 Ei
687 697 811 756 vocabis
833 695 1065 762 remissionem,
1089 693 1120 755 id
1140 700 1188 754 est
1202 690 1228 752 A
1242 691 1308 754 dita
1323 692 1361 754 ad
1379 692 1569 755 vendentem
1586 691 1718 766 rediret3
1742 699 1772 752 ct
1792 690 1851 753 hoc
1867 690 1985 754 consti-

444 812 563 856 anuum
592 794 779 875 gratiosum,
805 795 930 853 cunctis
955 793 1188 854 habitatoribus
1243 791 1313 866 tuit,
1341 800 1375 852 ut
1402 798 1503 853 sortes
1530 807 1593 852 non
1619 787 1902 866 confunderentur,
1930 790 1983 852 scd

446 904 538 954 terrm
555 904 629 963 true,
646 891 833 956 remissione
848 900 880 954 et
895 890 995 972 gratia
1010 891 1079 971 ejus
1095 907 1189 970 egen·
1243 907 1367 970 semper
1383 897 1561 952 remaneret
1576 889 1686 951 cadem
1704 887 1868 951 distinctio
1884 888 1986 950 deter-

444 991 542 1054 tibus.
558 996 631 1070 Ipse
651 1003 696 1052 esi
717 995 805 1051 enim
820 993 991 1069 jubileus,
1011 989 1043 1051 id
1068 997 1116 1050 cst
1140 988 1189 1068 ju·
1242 988 1363 1051 minata
1379 988 1411 1050 in
1427 987 1585 1050 tribubus.

444 1091 567 1152 cundus
582 1098 614 1153 et
629 1108 761 1172 prosper
777 1097 1043 1171 proptereaque
1059 1087 1139 1150 lient
1155 1086 1187 1149 in
1282 1086 1430 1168 Sequitur
1455 1088 1568 1148 modus
1594 1086 1740 1148 servandi
1764 1085 1921 1166 justitiam
1952 1085 1983 1146 in

443 1207 491 1252 eo.
510 1190 552 1252 lle
566 1189 683 1270 quihus
698 1188 903 1270 subjungitur
921 1207 928 1252 :
1242 1185 1468 1249 contractibus.
1478 1189 1613 1254 Quando
1629 1187 1742 1244 vendes
1757 1186 1929 1263 quidpiam
1944 1187 1986 1242 ci-

483 1292 673 1350 Recerieiur
683 1291 775 1348 bomo
785 1291 830 1348 ad
841 1289 1067 1364 possessionem
1082 1307 1187 1356 suam,
1243 1288 1276 1344 oi
1290 1297 1354 1356 irco,
1369 1284 1401 1346 id
1419 1293 1466 1347 est
1481 1283 1577 1346 alicui
1594 1284 1633 1346 de
1648 1283 1766 1365 populo
1784 1291 1838 1346 luo
1851 1302 1858 1347 τ
1872 1281 1986 1344 alienis

443 1405 539 1467 quam
561 1395 635 1449 anto
650 1386 848 1461 vendiderat,
866 1403 922 1448 seu
944 1403 1016 1466 quae
1037 1384 1190 1447 heredita·
1243 1385 1327 1446 onim
1343 1382 1491 1463 gentibus
1507 1401 1571 1446 non
1586 1390 1730 1463 poterant
1743 1383 1880 1446 vendere
1894 1399 1986 1460 agros

444 1484 625 1565 riojuread
641 1483 1190 1565 ipsumpertinercdcbebat,quam-
1243 1502 1317 1545 suos
1342 1482 1452 1557 Judaei,
1472 1481 1534 1542 nisi
1556 1479 1638 1543 loric
1663 1479 1797 1543 luissent
1821 1480 1859 1542 ad
1881 1479 1987 1542 ludai-

357 1583 360 1586 ’
445 1582 494 1645 vis
524 1582 563 1645 ad
594 1592 720 1664 tempus
751 1580 813 1644 tuit
843 1582 1135 1663 impedimentum
1160 1592 1189 1641 oi
1244 1601 1347 1643 smum
1364 1579 1532 1653 couversi3
1551 1582 1780 1640 celemesabco
1795 1577 1987 1658 agrum,oli-

445 1683 667 1760 unusquisque
690 1684 794 1741 rediri
821 1685 865 1741 ad
891 1682 1058 1758 somib'cm
1078 1681 1190 1757 prisii·
1244 1687 1350 1742 velum
1365 1687 1420 1740 aut
1436 1677 1582 1749 vineam;
1603 1697 1642 1736 ue
1657 1679 1820 1738 contristes
1835 1679 1987 1754 fratrem,

445 1800 535 1849 nam,
555 1798 574 1841 o
598 1797 672 1860 quo,
700 1779 785 1858 luga,
812 1779 935 1854 exsilio,
961 1778 1111 1858 conjugio
1136 1786 1190 1840 cut
1245 1777 1277 1838 id
1307 1785 1354 1840 est.
1384 1777 1561 1858 proximum
1593 1787 1699 1849 inurit,
1731 1775 1837 1858 ipsum
1867 1775 1987 1856 injusto

445 1876 544 1938 simili
566 1878 661 1941 modo
683 1875 786 1940 luerat
807 1885 990 1959 separatus;
1012 1879 1092 1956 quia
1100 1879 1189 1954 jobi·
1208 1870 1407 1938 Booutractu
1423 1876 1603 1956 gravand03
1626 1879 1681 1936 sed
1689 1878 1793 1952 jueta
1814 1896 1987 1935 nerinorum,

444 1980 522 2036 lmus
546 1987 591 2036 esi
611 1987 641 2037 et
663 1978 951 2056 quinquepeoimus
972 1997 1091 2036 annus.
1117 1979 1188 2036 Non

442 2075 552 2133 seretis
567 2095 668 2153 neque
683 2076 804 2135 cereris
825 2073 858 2135 in
878 2073 1008 2155 jubilato
1027 2077 1188 2152 spontem

444 2191 522 2248 apro
539 2175 716 2244 nascentia,
724 2175 931 2249 etprimitias
941 2174 1115 2235 vindemie
1126 2193 1189 2234 uon

398 2282 402 2289 ’
444 2272 611 2346 coilipetis,
629 2279 723 2352 prout
740 2269 822 2332 litin
838 2271 911 2333 aliis
922 2272 1026 2347 annis,
1044 2272 1189 2334 vehendo

445 2386 483 2430 ea
499 2367 531 2429 in
548 2369 660 2432 horrca
674 2378 779 2432 vestra
793 2370 832 2430 ad
849 2370 1015 2452 proprium
1030 2390 1135 2447 usum,
1153 2373 1189 2431 ob

445 2469 733 2546 sanctificationem
740 2469 896 2545 jubiiuu';
909 2472 964 2529 sed
977 2471 1088 2529 statim
1104 2472 1190 2530 ablo-

448 2566 503 2627 to'
518 2567 698 2635 comedetis,
716 2565 746 2627 id
762 2576 821 2642 est,
838 2585 876 2629 ea
892 2586 964 2648 quae
979 2566 1054 2629 inde
1069 2567 1188 2629 cursim

446 2673 478 2726 ct
500 2663 617 2746 partim
643 2663 790 2740 tuleritis,
810 2673 959 2746 tanquam
986 2667 1026 2728 de
1050 2667 1188 2747 quodam

445 2762 607 2825 communi
627 2761 712 2825 bono
726 2763 907 2826 comedetis.

484 2861 574 2924 Circo
596 2861 663 2923 bec
684 2861 796 2924 scribit
811 2862 947 2926 Thomas
969 2861 1002 2923 iu
1023 2863 1126 2944 prima
1143 2883 1190 2926 sc-

443 2959 750 3041 cundoaquaestione
761 2960 869 3036 lbiiet
885 2959 989 3042 primo
1004 2961 1050 3023 sic
1065 2961 1186 3041 arguit:

1244 1997 1407 2035 annorum
1421 1976 1554 2052 justior·
1572 1996 1654 2035 emes
1670 1976 1709 2034 ab
1728 1994 1772 2045 eo,
1791 1972 1897 2048 idest,
1915 1972 1988 2054 plus

1244 2072 1426 2136 autminus
1449 2073 1540 2135 dabis
1562 2073 1711 2135 vendenti
1735 2090 1791 2154 pro
1811 2091 1845 2134 rc
1868 2071 1986 2144 venali,

1245 2172 1420 2235 secundum
1436 2172 1522 2253 quod
1538 2171 1646 2253 plures
1661 2180 1716 2234 aut
1732 2171 1896 2254 pauciores
1911 2171 1988 2233 anni

1245 2279 1364 2334 restant
1380 2271 1536 2350 usquead
1558 2269 1736 2352 proximum
1756 2269 1921 2350 jubileum
1939 2270 1989 2331 iu-

1245 2378 1362 2444 turum,
1388 2387 1443 2431 scu
1466 2388 1484 2430 a
1505 2369 1647 2450 proxime
1669 2369 1778 2449 elapso
1799 2368 1986 2432 fluxerunt:

1244 2468 1329 2549 quod
1352 2467 1433 2530 redit
1456 2467 1489 2528 in
1512 2467 1617 2544 idem3
1634 2479 1663 2529 et
1671 2469 1774 2544 jurio
1789 2471 1990 2546 supputatio-

1246 2587 1317 2627 nem
1332 2567 1469 2642 srupum
1486 2569 1597 2626 vendet
1615 2568 1686 2635 tibi,
1703 2565 1734 2627 id
1756 2573 1815 2641 cst,
1837 2565 1912 2646 plus
1934 2575 1989 2627 aut

1245 2664 1352 2726 miuus
1378 2664 1417 2726 de
1442 2663 1544 2745 pretio
1568 2663 1683 2744 eriget,
1702 2664 1877 2726 secuudum
1902 2666 1986 2745 quod

1246 2762 1367 2824 lructus
1390 2761 1541 2824 nascituri
1562 2761 1771 2844 probabiliter
1791 2762 1989 2826 estimantur

1245 2860 1381 2941 majores
1397 2868 1451 2922 eut
1466 2860 1604 2922 minores
1621 2859 1733 2936 luturi,
1751 2860 1801 2922 vel
1824 2869 1917 2942 prout
1938 2881 1989 2923 ros

1244 2958 1411 3022 vendenda
1432 2956 1568 3021 fertilior
1583 2967 1640 3020 cst.
1659 2958 1738 3021 ilinc
1758 2959 1848 3039 quasi
1864 2961 1989 3041 exposi-

444 3057 583 3122 Societas
607 3057 773 3121 homiuum
798 3078 855 3140 per
876 3059 937 3122 hoe
959 3059 1096 3123 maxime
1116 3079 1190 3124 con·
1207 3058 1228 3121 C
1245 3057 1324 3119 torio
1350 3055 1494 3138 sequitur
1518 3075 1525 3118 1
1552 3061 1676 3126 Quanto
1698 3061 1810 3135 plures
1835 3061 1918 3118 artui
1943 3081 1990 3118 rr-

444 3165 597 3231 servatur‚
615 3157 701 3237 quod
723 3157 871 3220 homines
896 3159 1031 3221 emendo
1056 3167 1089 3220 et
1113 3178 1189 3222 ren·
1244 3159 1423 3216 recusarint
1443 3166 1513 3234 post
1525 3157 1702 3233 jubileum
1722 3157 1915 3238 preteritum
1936 3177 1989 3218 us·

445 3256 549 3318 dendo
571 3254 632 3316 sibi
658 3255 798 3318 invicem
818 3275 872 3329 ¹res
898 3274 971 3317 suas
992 3266 1189 3320 commutant
1244 3273 1306 3335 quc
1321 3255 1360 3316 ad
1375 3254 1540 3334 jubileum
1557 3263 1754 3334 sequentem,
1773 3266 1861 3317 terito
1874 3267 1988 3316 crescet

444 3352 563 3433 quibus
578 3352 776 3433 indigebunt
791 3353 824 3414 in
840 3354 980 3417 Politicis
991 3355 1119 3418 dicitur.
1129 3355 1188 3419 Sed
1243 3363 1272 3413 et
1280 3356 1422 3429 pretium
1438 3353 1660 3434 exponendum
1678 3372 1735 3435 pro
1749 3371 1824 3432 agro
1839 3355 1984 3427 emendo,

445 3451 495 3512 lex
514 3459 605 3513 vetus
626 3450 758 3512 obstulit
781 3452 846 3515 rim
867 3452 1060 3515 venditionis
1078 3473 1085 3517 :
1103 3473 1190 3516 man·
1243 3461 1297 3514 out
1313 3471 1346 3513 rc
1362 3451 1544 3527 consimili;
1566 3463 1687 3530 querito
1708 3455 1816 3513 minus
1838 3457 1987 3531 temporis

445 3549 633 3612 daviteoim
648 3549 733 3630 quod
749 3550 908 3631 possessio
923 3551 1053 3613 vendito
1072 3552 1189 3614 rediret
1243 3553 1479 3619 iinmeritam-is,
1506 3561 1592 3610 lanto
1613 3553 1749 3611 mr'aoris
1772 3554 1889 3630 emptio
1914 3573 1987 3612 coa-

444 3647 484 3708 ad
510 3647 707 3710 venditorem
733 3647 767 3708 in
792 3647 933 3727 jubilaeo.
959 3649 1006 3710 Ad
1032 3649 1116 3712 idom
1142 3670 1190 3713 ro·
1242 3651 1349 3710 stabii.
1372 3655 1505 3726 Tempus
1520 3651 1607 3709 enim
1627 3652 1763 3727 [ruptam
1785 3654 1898 3711 vendet
1915 3654 1984 3721 rior,

445 3744 694 3827 spondet:Sicut
709 3744 920 3827 Philosophus
934 3748 1013 3810 dicit
1028 3748 1061 3810 in
1078 3768 1189 3810 sccun—
1244 3748 1274 3810 id
1301 3757 1349 3810 est
1372 3747 1493 3810 tructus
1517 3747 1693 3810 nascituros
1718 3767 1819 3830 usque
1841 3749 1881 3810 ad
1903 3750 1987 3831 jubi-

444 3842 485 3904 do
510 3841 724 3921 Politicorum‚
747 3844 912 3923 Regulatio
938 3846 1185 3927 possessionum,
1244 3846 1336 3908 laeum
1357 3865 1363 3910 :
1383 3865 1454 3908 nam
1480 3844 1614 3907 landum
1640 3864 1703 3908 non
1726 3855 1829 3927 potest
1850 3848 1986 3912 vendere

444 3940 580 4003 multum
596 3940 720 4004 conlcrt
734 3943 773 4004 ad
789 3943 1062 4007 conservationem
1079 3943 1189 4008 civita-

443 4046 523 4113 tum,
545 4039 648 4118 gentis
671 4060 708 4102 ac
728 4039 848 4121 patriae.
871 4041 960 4103 Unde
975 4041 1187 4124 relert‚‘quod

444 4135 477 4195 in
492 4136 685 4217 quibusdam
699 4137 841 4217 gentium
859 4138 992 4200 urbibus
1014 4139 1076 4202 luit
1091 4150 1189 4204 statu-

1243 3944 1398 4007 absolute.
1417 3945 1567 4007 Praeterea
1587 3944 1743 4025 Iosephus
1766 3945 1827 4007 ait:
1843 3945 1877 4006 ln
1902 3946 1986 4028 jubi-

1243 4042 1301 4105 lmo
1317 4041 1550 4106 conveniebant
1564 4041 1709 4104 venditor
1724 4042 1790 4124 agri
1806 4051 1838 4104 ct.
1852 4053 1983 4126 emptor,

1243 4140 1533 4222 computabantque
1559 4140 1680 4203 lructus
1705 4160 1743 4202 cx
1769 4141 1854 4221 agris
1881 4162 1986 4206 susce

443 4240 519 4309 tum,
529 4243 563 4295 ut
577 4234 686 4296 nullus
700 4235 933 4316 possessionem
951 4241 1187 4303 suamvcndere
1202 4239 1226 4300 o
1243 4248 1314 4321 ptos
1332 4257 1338 4301 :
1355 4238 1473 4320 quibus
1496 4239 1666 4320 compertis
1691 4239 1881 4302 exuberasse
1903 4241 1985 4304 ultra

443 4340 560 4413 posset,
578 4332 641 4394 nisi
663 4351 721 4414 pro
742 4331 914 4397 manifesto
934 4336 1136 4400 detrimento.
1155 4339 1186 4400 Si
1242 4357 1396 4419 expensos
1414 4337 1512 4399 lactas
1528 4337 1560 4398 in
1581 4355 1666 4417 agro,
1685 4337 1858 4419 recipiebat
1878 4341 1985 4402 rendi·

441 4429 527 4493 enim
539 4430 657 4512 passim
669 4431 884 4512 possessiones
895 4435 1188 4518 vendantur‚potest
1242 4445 1290 4498 tor
1312 4455 1434 4516 agrum.
1459 4434 1546 4508 Quod
1570 4436 1596 4497 si
1618 4455 1763 4518 expenso
1785 4440 1985 4500 transcendo-

442 4529 637 4608 contingere,
660 4530 746 4611 quod
769 4548 880 4593 omues
905 4533 1122 4613 possessiones
1147 4536 1186 4597 cd
1242 4541 1322 4609 rent,
1341 4534 1399 4596 hoo
1415 4535 1501 4616 quod
1517 4534 1625 4596 decrat
1639 4541 1761 4615 emptor
1777 4534 1908 4616 recepit,
1920 4545 1983 4598 cta

444 4645 560 4709 paucos
575 4627 757 4704 deveniant,
775 4636 807 4691 ct
828 4628 872 4691 ita
892 4649 1021 4693 necesse
1035 4632 1097 4694 erit
1112 4633 1188 4694 civi·
1241 4631 1442 4713 possessione
1452 4651 1509 4694 sua
1525 4632 1681 4694 discessit.

443 4733 538 4788 tatem
555 4725 605 4789 vel
622 4725 784 4804 regionem
801 4726 1032 4790 habitatoribus
1046 4730 1183 4792 vacuari.
1282 4732 1389 4792 Nolite
1413 4733 1555 4807 cffiiqrre
1579 4750 1635 4812 per
1665 4729 1979 4808 circumventionem,

444 4824 562 4888 ldeirco
579 4823 790 4886 lexvetusad
807 4825 990 4906 hujusmodi
1007 4827 1185 4908 periculum
1240 4828 1416 4890 eutalium
1442 4830 1569 4891 modum
1602 4829 1767 4910 injustum,
1792 4833 1980 4891 contribulor

441 4921 626 4984 evitandum
645 4921 691 4983 sic
706 4922 875 4998 ordinavit,
894 4924 978 5004 quod
998 4933 1029 4987 et
1049 4927 1187 4989 necessi·
1241 4937 1367 4998 cestros,
1385 4926 1416 4988 id
1433 4935 1480 4988 cst
1496 4945 1549 4989 cos
1567 4925 1622 5007 qui
1638 4947 1676 4989 ex
1691 4928 1801 4990 cadem
1817 4928 1977 4992 vobiscum

442 5019 559 5082 tatibus
584 5019 750 5082 hominum
775 5020 998 5084 subveniretur
1021 5042 1029 5086 ε
1057 5033 1186 5106 propter
1240 5031 1315 5084 sunt
1331 5023 1415 5086 tribu
1431 5033 1487 5086 aut
1502 5024 1723 5087 nationezimo
1739 5024 1848 5086 nullus
1864 5026 1977 5106 injuste

440 5118 525 5199 quod
536 5118 664 5180 admisit
673 5117 890 5181 venditionem
903 5139 1003 5201 usquc
1012 5122 1051 5183 ad
1062 5131 1183 5184 certum
1240 5130 1286 5184 cst
1301 5121 1498 5202 affligendus
1514 5123 1670 5204 corporali
1687 5131 1741 5184 aut
1763 5123 1919 5203 spirituali
1935 5123 1976 5186 al-

439 5225 577 5299 tempus,
600 5225 726 5281 etcum
753 5217 812 5280 hoc
835 5219 971 5281 removit
992 5220 1182 5301 periculum,
1239 5219 1393 5296 llictiono,
1411 5240 1508 5302 quum
1535 5222 1595 5284 hoc
1617 5221 1658 5282 sit
1681 5221 1719 5284 do
1742 5221 1811 5301 lege
1833 5231 1971 5285 nature:

439 5315 629 5397 precipiens
643 5324 775 5379 atcerte
791 5325 933 5398 tempore
943 5319 1102 5400 possessio
1114 5339 1184 5382 vcn·
1238 5320 1281 5382 Nc
1304 5318 1403 5381 facias
1423 5319 1526 5396 altori,
1551 5320 1636 5400 quod
1658 5338 1722 5383 non
1744 5320 1792 5384 vis
1814 5320 1884 5385 lieri
1907 5320 1970 5383 tibi.
1991 5339 2109 5383 rorans
