4309 6259
411 467 452 534 2⁰
801 498 975 547 ιιιιιιιιιιιιτιο
996 499 1027 545 ιιι
1047 499 1117 547 css.
1141 498 1207 547 xxu
1226 498 1328 545 mour.
1350 516 1392 529 -
1411 498 1483 545 aar.
1506 499 1564 545 xxv

411 666 506 738 terra,
531 663 688 745 siquidem
711 679 786 735 sunt
807 671 853 736 dii
873 672 978 750 multi,
1001 680 1033 735 et
1054 669 1156 733 domi·
1170 669 1196 733 t
1211 688 1275 733 non
1291 669 1389 735 David
1410 669 1527 734 latetur
1544 689 1552 733 ε
1569 669 1642 744 Quat
1656 670 1697 734 de
1711 687 1808 733 manu
1829 674 1884 729 tua
1903 684 1956 728 ac·
1976 681 2101 728 trenna

413 758 446 821 ni
470 763 574 827 mutii.
1210 769 1366 851 cepimus,
1384 769 1529 833 dedimus
1546 770 1615 833 ιιιι.
1639 783 1656 813 ·
1971 746 2004 785 ¹⁴·

453 864 601 925 Decimas
616 871 828 945 etprimitias
845 880 916 931 tuas
931 890 995 931 aaa
1013 872 1157 931 tardabis
1260 869 1331 928 Viri
1344 870 1450 929 sancti
1470 872 1561 929 eritis
1585 871 1667 929 mitt
1681 890 1692 928 .·
1709 868 1742 929 ld
1763 875 1822 944 est,
1844 866 1956 928 hortor

413 962 578 1033 redderet
595 964 626 1027 id
643 972 701 1042 est,
719 968 858 1031 decimas
874 988 953 1050 quas
973 987 1010 1031 ex
1028 967 1098 1051 lege
1115 977 1157 1033 te
1211 974 1247 1029 ut
1267 964 1300 1027 in
1316 965 1483 1029 sanctitate
1502 966 1582 1027 mibi
1597 965 1794 1041 deserviatis,
1812 983 1868 1028 scu
1884 980 1957 1025 meo

415 1055 500 1117 neris
525 1057 654 1138 ollerre,
681 1071 777 1145 atque
804 1066 968 1147 primitiva
995 1064 1157 1128 fructuum
1212 1065 1313 1129 cultui
1334 1063 1404 1127 sitis
1424 1065 1605 1147 specialiter
1625 1064 1774 1141 dedicati,
1796 1064 1839 1126 ad
1856 1063 1958 1125 hono-

415 1162 516 1233 terra,
533 1156 617 1220 oller
642 1168 674 1223 et
694 1163 840 1244 persolve
860 1182 920 1227 suo
943 1173 1086 1248 tempore
1110 1166 1158 1227 in·
1212 1184 1279 1227 rem
1302 1163 1443 1226 nominis
1465 1163 1539 1227 mei.
1558 1167 1695 1225 Carnem
1715 1184 1787 1243 qua
1808 1184 1828 1223 a
1851 1164 1959 1222 bestiis

414 1253 511 1317 dilate
533 1255 689 1321 ministris
711 1262 832 1343 templi.
850 1262 936 1337 Quod
957 1263 1104 1345 qualiter·
1117 1263 1158 1326 sit
1212 1265 1315 1344 faerit
1327 1272 1609 1340 proepmtatamoa
1624 1260 1881 1324 comedetis-boc
1895 1267 1956 1335 est,

413 1351 656 1433 intelligendum
673 1367 769 1441 atque
785 1360 1086 1443 implendum,inlra
1101 1363 1158 1425 cla·
1213 1361 1293 1423 nibil
1309 1360 1543 1423 manducabitis
1558 1360 1759 1423 decernibus
1774 1359 1925 1423 animalis
1939 1379 1960 1421 a

414 1450 479 1512 rius
495 1452 924 1537 edoceturl’rimopcaitam
934 1462 1081 1539 fitiorum
1093 1472 1158 1522 tao
1212 1478 1413 1542 quacumque
1433 1458 1536 1522 bestia
1557 1457 1719 1536 sullocati,
1742 1457 1884 1535 lacerati,
1901 1476 1958 1520 seu

414 1570 488 1611 ram
503 1554 595 1613 dabis
614 1559 707 1633 miti,
726 1557 757 1619 id
779 1567 837 1635 est,
856 1560 994 1641 primum
1016 1566 1158 1642 tempore
1212 1557 1328 1640 partim
1343 1558 1551 1635 comesti,seu
1566 1557 1679 1638 quovis
1695 1557 1791 1620 modo
1800 1553 1959 1632 occisi,eo

414 1647 498 1711 inter
523 1649 611 1715 lilios
640 1661 711 1717 tuos
736 1654 855 1720 olferes
885 1657 977 1734 mihi,
1006 1667 1157 1740 tanquam
1212 1658 1298 1739 quod
1321 1674 1394 1719 caro
1416 1655 1488 1718 talis
1511 1656 1553 1717 sit
1575 1674 1613 1718 ex
1634 1655 1695 1718 boc
1715 1654 1883 1731 vililicata,
1901 1673 1958 1717 seu

414 1748 596 1829 specialiter
620 1754 834 1834 pertinentem
858 1758 898 1819 ad
924 1776 985 1833 mc,
1010 1759 1086 1839 quia
1109 1759 1159 1837 (ιιι
1212 1756 1320 1836 aliquo
1344 1754 1439 1817 modo
1465 1754 1631 1816 immunda
1655 1751 1783 1816 allecta.
1805 1752 1893 1826 Quod
1916 1759 1960 1813 ta-

414 1846 534 1910 dictum
557 1858 605 1911 est
627 1854 724 1933 sape)
738 1872 776 1917 ex
798 1873 863 1936 quo
885 1854 1041 1937 percussit
1056 1855 1160 1918 Domi·
1174 1854 1198 1916 B
1213 1852 1339 1916 menob
1350 1853 1516 1933 mysticam
1533 1852 1689 1915 rationem
1701 1852 1887 1913 mandatum
1897 1859 1958 1926 est,

416 1964 475 2008 nus
498 1947 727 2029 primogenitos
747 1953 976 2036 AEgyptiorum,
995 1972 1160 2017 consecra·
1213 1951 1365 2035 quoniam
1381 1950 1595 2014 carimoniae
1611 1949 1673 2012 luit
1690 1958 1897 2032 praeceptum,
1915 1950 1962 2012 vi-

414 2046 461 2107 vit
482 2046 545 2109 sibi
565 2046 794 2130 primogenitos
814 2052 1028 2116 Hebraeorum.
1045 2058 1093 2115 Dc
1111 2057 1161 2115 bo
1213 2051 1327 2113 delicet
1343 2050 1383 2112 ad
1398 2048 1598 2111 innuendum
1618 2068 1655 2112 ae
1674 2047 1960 2129 praefigurandum,

416 2147 472 2206 bas
492 2166 616 2224 qaoque
638 2158 667 2208 et
687 2152 798 2211 ovibus
818 2152 971 2212 similiter
992 2153 1103 2228 facies,
1129 2152 1159 2215 id
1213 2150 1299 2232 quod
1314 2147 1459 2211 homines
1475 2147 1515 2210 ab
1527 2146 1740 2211 infernalibus
1753 2145 1963 2229 bestiis,puta

416 2251 473 2319 est,
493 2243 706 2325 primogenita
721 2266 831 2311 eorum
847 2248 966 2313 olferes
982 2250 1061 2311 mihi
1077 2250 1160 2313 sicut
1213 2247 1412 2311 damonibus
1427 2266 1464 2309 ac
1479 2246 1578 2324 vitiis,
1587 2245 1797 2328 spiritualiter
1812 2245 1963 2307 interem-

415 2342 795 2425 ethominum,quoniam
806 2347 959 2411 Dominus
974 2366 1039 2411 non
1055 2348 1159 2411 solum
1214 2346 1261 2429 pti
1285 2365 1321 2408 ac
1347 2344 1476 2419 mortui,
1497 2362 1562 2407 non
1587 2353 1662 2408 sunt
1685 2344 1749 2427 apti
1776 2343 1902 2406 Christo
1924 2362 1963 2405 ac

415 2441 593 2517 bominum,
610 2443 664 2505 sed
681 2451 712 2505 et
727 2462 875 2525 pecomm
897 2444 1111 2528 primogenita
1126 2447 1159 2508 in
1214 2446 1284 2527 ejus
1308 2444 1435 2526 corpori
1460 2443 1594 2525 mystico
1615 2441 1828 2524 incorporari,
1856 2460 1963 2523 neque

415 2539 548 2621 AEgypte
573 2540 701 2618 oceidit,
725 2542 844 2606 idcirco
867 2552 898 2607 et
924 2562 1075 2626 pecorum
1099 2544 1161 2626 pri·
1214 2552 1249 2607 ut
1265 2543 1343 2606 tales
1358 2550 1491 2624 possunt
1507 2560 1576 2605 esse
1596 2540 1839 2604 nutrimentales
1853 2548 1961 2622 partes

416 2638 577 2718 mogenita
593 2638 654 2701 sibi
670 2640 765 2721 jussit
780 2640 904 2704 olterri.
922 2641 1001 2705 Hine
1018 2644 1104 2724 quod
1121 2644 1160 2706 de
1214 2643 1322 2707 electa
1331 2640 1496 2717 Ecclesia3
1510 2640 1754 2722 itemque,quod
1770 2638 1883 2703 fideles
1894 2656 1960 2701 non

416 2736 518 2800 bobus
534 2746 565 2799 et
576 2737 689 2801 ovibus
706 2758 791 2803 nunc
801 2740 989 2821 jubetur,de
1003 2740 1075 2803 aliis
1087 2761 1161 2823 quo·
1214 2740 1351 2804 debeant
1376 2739 1612 2802 communicare
1643 2757 1761 2801 mensa
1788 2737 1962 2802 daemonio
1976 2759 2108 2807 raanan.

416 2853 478 2917 que
493 2836 685 2899 animalibus
696 2838 911 2903 immolaticiis
922 2849 970 2902 est
985 2840 1162 2921 intelligen-
1215 2858 1297 2916 rum,
1319 2847 1354 2900 ut
1374 2837 1486 2901 scribit
1500 2836 1682 2919 Apostolus,
1702 2835 1877 2918 Glossaque
1894 2845 1962 2899 tan-

417 2934 641 3012 dumSeptem
655 2939 767 2997 diebus
781 2941 824 2998 sit
839 2960 913 2999 cum
929 2950 1032 3000 matre
1045 2961 1119 3009 saa,
1128 2939 1160 3001 id
1214 2938 1271 3016 git.
1289 2941 1354 2999 Sea
1371 2938 1552 3014 projicietis
1571 2937 1706 2996 canibus
1732 2935 1811 2998 tales
1835 2954 1960 2999 earnes

416 3041 475 3109 est,
493 3033 658 3115 quodlibet
674 3035 736 3098 tale
751 3036 1000 3119 primogenitum
1016 3057 1072 3120 per
1092 3056 1163 3119 sep·
1176 3039 1198 3104 C
1213 3036 1313 3098 iudai
1333 3035 1392 3099 boc
1408 3034 1478 3097 loco
1494 3053 1550 3116 per
1570 3051 1665 3097 canes
1681 3032 1868 3113 intelligunt
1889 3054 1965 3115 gen-

417 3140 480 3195 tem
497 3132 566 3196 dies
587 3152 659 3195 oum
682 3142 782 3198 matre
805 3155 862 3197 sua
880 3135 921 3198 sit
943 3144 974 3198 et
996 3137 1108 3214 alatur,
1127 3146 1162 3199 ut
1217 3135 1300 3211 tiles,
1323 3142 1355 3197 et
1376 3132 1543 3196 universos
1565 3132 1620 3214 qui
1648 3150 1712 3196 non
1735 3140 1810 3195 sunt
1829 3133 1870 3197 de
1894 3133 1965 3213 lego

418 3230 547 3293 interim
568 3230 749 3312 aliqualiter
765 3233 981 3298 consolidetur
1002 3233 1035 3295 in
1051 3254 1163 3317 corpo
1216 3251 1352 3306 eorum3
1376 3240 1408 3295 et
1432 3231 1544 3294 dieunt
1568 3231 1653 3313 quud
1679 3239 1827 3313 poterant
1851 3250 1966 3295 carnes

417 3348 462 3404 re,
487 3337 519 3391 et
543 3330 649 3411 aptius
675 3328 732 3393 liat
757 3331 796 3393 ad
821 3330 1026 3395 offerendum
1052 3342 1163 3395 octava
1218 3332 1289 3394 illas
1303 3329 1477 3412 gentilibus
1488 3331 1625 3393 vendere
1640 3330 1679 3393 ad
1695 3330 1965 3413 edendum:ques

417 3427 480 3502 die,
498 3427 581 3489 sieut
601 3427 806 3509 subjungitur
823 3450 831 3493 ε
847 3433 902 3491 die
920 3442 1032 3491 oetaeo
1052 3434 1164 3491 reddes
1217 3429 1245 3492 si
1261 3447 1325 3492 non
1349 3427 1553 3511 reperissent,
1572 3436 1719 3509 poterant
1741 3428 1896 3491 cadavera
1917 3429 1965 3491 sic

418 3527 515 3585 ittam
531 3526 623 3587 mitti.
641 3526 680 3588 Et
694 3545 833 3608 congrue
848 3528 903 3603 ait,
921 3528 1044 3591 Reddas
1062 3545 1068 3590 :
1086 3546 1164 3610 quo
1218 3527 1322 3591 occisa
1344 3527 1499 3609 projicere
1520 3526 1665 3589 canibus.
1683 3526 1837 3607 Loquitur
1855 3534 1963 3590 autem

418 3624 504 3686 niam
516 3624 672 3706 quidquid
682 3626 746 3689 Deo
757 3623 982 3702 olierimus,ab
994 3624 1065 3708 ipso
1075 3626 1164 3708 prius
1219 3628 1269 3689 lex
1291 3627 1352 3689 ista
1375 3627 1415 3689 de
1437 3624 1598 3702 carnibus,
1622 3624 1741 3706 quibus
1761 3625 1862 3689 iudai
1884 3625 1966 3689 alias

417 3723 611 3806 accepimus,
625 3734 719 3807 prout
735 3724 838 3806 primo
855 3724 937 3788 libro
952 3724 1164 3806 Paralipome-
1219 3726 1307 3789 licite
1323 3725 1546 3789 vescebantur.

955 4153 1279 4241 ARTICULUS
1318 4154 1427 4239 XLV

662 4428 701 4473 DE
723 4428 892 4474 SPllllTUALl
913 4429 1142 4474 intentionum
1163 4429 1255 4474 nutus
1278 4429 1409 4475 vtcusttss
1431 4429 1557 4476 SECUNDl
1578 4429 1727 4475 castrum.

480 4714 502 4771 I
517 4710 590 4789 qais
605 4711 738 4788 saratas
757 4709 861 4784 fuerit
877 4710 983 4769 bovam
999 4712 1047 4769 oet
1062 4730 1164 4778 ovem,
1179 4710 1203 4771 ll
1220 4707 1344 4770 iuratus
1360 4707 1458 4771 luerit
1472 4708 1585 4772 bovem
1604 4728 1714 4786 unum,
1724 4709 1757 4773 id
1773 4718 1832 4786 est,
1842 4709 1968 4775 Christo

488 4816 548 4871 etc.
571 4806 628 4869 Per
652 4806 767 4870 bovem
792 4806 1013 4888 multipliciter
1037 4806 1162 4882 utilem,
1219 4826 1255 4869 ac
1278 4807 1397 4889 populo
1419 4808 1490 4888 ejus
1512 4808 1704 4871 subtraxerit
1726 4828 1827 4871 unum
1850 4808 1970 4873 virtuo-

421 4906 605 4987 designatur
627 4903 807 4968 fructuosus
824 4904 983 4986 praelatuS,
1001 4904 1057 4987 qui
1073 4922 1166 4985 agros
1220 4925 1290 4967 sum
1306 4913 1476 4988 pastorem,
1491 4926 1564 4969 eum
1581 4906 1717 4969 latenter
1732 4907 1886 4986 fallendo,
1905 4909 1971 4991 spi·

422 5004 566 5069 cordium
588 5003 692 5082 gregis
713 5002 774 5064 sibi
794 5002 959 5065 commissi
981 5004 1166 5066 acutissimo
1221 5004 1441 5085 ritualiterque
1458 5005 1613 5081 necando,
1631 5023 1688 5067 seu
1702 5006 1742 5068 ad
1755 5005 1833 5069 vitia
1848 5016 1970 5089 pertra-

423 5104 478 5166 Dei
501 5102 599 5167 verbo
621 5111 699 5179 arat,
717 5109 873 5183 penetrat,
898 5100 1046 5179 seminat,
1069 5109 1101 5165 et
1124 5102 1168 5165 le
1221 5102 1345 5177 bendo;
1373 5102 1521 5165 restituat
1542 5104 1685 5185 quinque
1708 5104 1806 5167 boves
1826 5123 1884 5187 pro
1904 5124 1970 5170 uno

423 5202 552 5267 cundat.
568 5202 626 5263 Par
645 5219 737 5265 ovem
752 5218 827 5263 vero
846 5198 1036 5281 exprimitur
1050 5201 1166 5278 bonus,
1222 5200 1289 5278 illo,
1312 5201 1343 5263 id
1369 5209 1427 5277 est,
1456 5208 1521 5263 tam
1546 5200 1730 5265 cordialiter
1754 5211 1787 5266 ct
1811 5204 1972 5285 condigne

425 5301 571 5387 simplex,
597 5320 635 5364 ac
657 5299 810 5363 innocens
835 5297 992 5362 subditus.
1013 5298 1071 5373 Qui
1094 5316 1168 5379 ergo
1224 5298 1387 5382 poeniteat,
1404 5307 1441 5361 ut
1455 5308 1611 5381 quantum
1634 5300 1668 5363 in
1685 5320 1719 5364 se
1738 5309 1798 5379 est,
1815 5302 1926 5385 cupiat
1939 5310 1972 5366 et
