4309 6259
512 471 686 521 nnxnnxrro
707 469 738 515 m
760 469 828 516 ear.
851 469 903 515 xxv
926 467 1122 516 numanum«.
1145 488 1185 498 —
1205 468 1276 514 xnr.
1300 468 1373 514 xxrr
1654 453 1713 518 399

166 653 252 707 satos
275 651 408 726 propter
431 643 533 706 aetatis
553 643 745 726 pueritiam3
763 642 814 705 vel
839 640 954 723 quiarl
1009 644 1210 722 Locutusque
1233 649 1277 701 est
1297 645 1421 719 Moyses
1441 645 1595 704 universa
1620 646 1714 704 uerba

165 741 289 804 inducti
300 750 391 804 erant
401 743 441 804 ab
457 741 530 804 aliis
544 762 550 806 :
564 750 596 804 et
612 741 696 805 ultra
710 741 770 804 boc
787 739 915 822 punivit
969 741 1035 800 tuo
1049 743 1094 800 ad
1108 760 1215 800 omncs
1228 742 1314 817 filios
1331 744 1433 800 Israel
1447 761 1459 800 .·
1475 740 1612 820 qualiter
1627 741 1713 804 scili-

164 859 219 902 eos
236 860 293 922 per
310 841 381 917 boc,
398 842 484 921 quod
500 840 557 902 diu
572 848 643 922 post
659 841 726 903 baec
741 839 773 901 in
791 839 915 902 deserto
970 836 1069 899 cethi
1088 836 1144 918 qui
1164 838 1323 900 numerati
1345 847 1446 915 erant,
1464 849 1664 902 morerentur
1679 839 1713 901 in

164 938 286 1002 detenti
298 947 384 1000 suut.
397 940 529 1020 Insuper
545 939 645 1020 quaeri
656 947 771 1020 potest,
783 937 860 1018 quid
876 938 915 999 de
970 934 1155 1012 solitudine,
1172 944 1204 999 et
1219 935 1281 997 lilii
1301 955 1411 999 eorum
1432 956 1488 1018 per
1503 938 1715 1019 quadraginta

165 1035 298 1098 leminis
322 1043 355 1100 et
379 1037 496 1118 puellis
521 1036 702 1116 contigerit.
720 1033 915 1118 Responderi
970 1052 1070 1096 annos
1086 1044 1276 1114 vagarentur
1296 1035 1329 1096 in
1350 1052 1406 1110 ea;
1428 1046 1458 1096 et
1474 1038 1561 1097 lucit
1571 1041 1714 1114 populus

165 1143 282 1214 potest,
300 1135 386 1216 quod
402 1134 532 1215 quidam
548 1154 586 1197 ex
602 1143 769 1212 vetustate,
787 1133 837 1196 vel
853 1133 916 1196 alia
970 1134 1084 1203 nimis,
1100 1132 1212 1196 videns
1228 1152 1262 1195 se
1277 1133 1419 1214 undique
1433 1143 1648 1215 angustatum.
1665 1136 1716 1197 At·

166 1251 261 1294 causa
284 1232 421 1294 naturali
438 1233 587 1296 obierunt
604 1234 636 1295 in
652 1251 770 1309 eremo,
783 1231 914 1315 quidam
972 1239 1077 1292 tamen
1094 1230 1323 1310 benignitatem
1339 1231 1394 1294 Dei
1412 1231 1594 1315 frequenter
1608 1252 1717 1316 exper-

166 1349 204 1393 ex
230 1349 290 1394 suo
315 1331 470 1394 demerito
497 1349 504 1394 :
532 1333 557 1393 si
584 1327 689 1395 tamen
716 1331 916 1414 responsioni
973 1329 1287 1411 ti,praesumpserunt
1297 1330 1337 1392 de
1347 1331 1451 1408 venia,
1461 1339 1608 1412 putantes
1618 1333 1716 1395 rerba

80 1461 114 1494 cn.
134 1450 154 1488 τ.
168 1429 245 1492 boio
263 1448 327 1493 non
343 1429 452 1492 obviat
468 1428 546 1492 illud
562 1431 596 1492 in
611 1431 747 1507 Psalmo,
761 1430 829 1492 Non
850 1438 918 1492 erat
972 1427 1028 1491 Dei
1044 1427 1147 1492 solum
1160 1428 1403 1492 comminatoria
1418 1435 1718 1511 esseliteccaqua-

167 1527 201 1590 in
219 1527 369 1592 tribubus
384 1547 494 1592 eorum
510 1527 671 1591 infirmus.
972 1526 998 1588 si
1020 1527 1116 1602 dicat,
1132 1527 1209 1589 Mira
1229 1535 1261 1589 et
1279 1545 1394 1606 magna
1418 1529 1585 1592 excecatio
1605 1529 1715 1612 populi

207 1629 295 1690 Fuit
310 1630 409 1691 nestri
424 1631 500 1706 capi
509 1639 606 1690 eruut
621 1631 657 1688 in
672 1631 804 1698 deserto,
822 1625 854 1689 id
870 1634 919 1688 est
973 1625 1068 1706 hujus
1085 1625 1304 1706 subjungitur3
1318 1631 1527 1705 maneprimo
1540 1638 1716 1707 serpentes,

167 1725 246 1789 bine
263 1725 338 1788 inde
349 1745 406 1807 per
422 1726 491 1790 loca
506 1735 630 1804 euntes,
644 1745 708 1790 non
724 1733 830 1788 tamen
846 1724 918 1805 vagi
972 1722 1095 1787 scilicet
1116 1723 1168 1786 die
1188 1743 1260 1786 mox
1283 1725 1440 1805 sequenti,
1451 1726 1529 1789 bora
1554 1726 1688 1789 diluculi
1706 1751 1715 1802 ;

166 1825 302 1888 omnino
318 1826 387 1887 sive
403 1825 562 1902 indomiti,
575 1828 797 1904 quartrapinta
808 1825 919 1894 annis·
936 1823 959 1884 B
973 1821 1029 1898 vel,
1040 1841 1134 1885 mane
1149 1822 1264 1904 primo,
1275 1822 1307 1884 id
1322 1831 1371 1886 est
1385 1824 1478 1887 valde
1493 1844 1597 1902 mane,
1611 1847 1716 1887 ascen·

166 1934 195 1983 et
213 1925 395 2000 portabunt
419 1925 670 2001 fornicationem
690 1933 839 1995 vestram,
857 1921 918 1984 hoc
971 1925 1091 1981 derunt
1106 1924 1255 1982 uerticem
1270 1927 1388 1984 montis
1409 1923 1582 2005 propinqui
1601 1923 1682 2000 loce,
1698 1943 1717 1985 a

167 2030 228 2097 est,
247 2030 379 2104 propter
398 2022 519 2084 scelera
537 2031 654 2098 vestra,
678 2020 795 2103 quibus
818 2039 919 2084 reces-
972 2037 1035 2100 quo
1059 2019 1148 2082 missi
1170 2027 1246 2082 sunt
1266 2021 1491 2102 exploratores,
1509 2033 1605 2102 atque
1627 2026 1717 2084 diee-

168 2120 258 2182 sistis
283 2141 302 2182 a
323 2121 387 2183 Deo
412 2120 590 2182 animarum
617 2119 765 2182 fidelium
787 2136 915 2201 sponso,
972 2129 1051 2180 runt
1067 2140 1077 2179 :
1094 2121 1215 2181 Parati
1228 2141 1340 2182 summ
1355 2125 1523 2181 ascendere
1542 2125 1586 2182 ad
1600 2126 1716 2195 locum,

167 2217 366 2282 differentur
383 2239 439 2282 seu
458 2219 701 2282 retardabantur
715 2219 756 2281 ab
772 2218 918 2297 ingressu
971 2221 1010 2278 de
1025 2238 1087 2298 quo
1102 2221 1262 2280 Dominus
1277 2223 1400 2280 locutus
1414 2230 1470 2292 est,
1488 2223 1568 2300 quia
1575 2223 1718 2297 peccaui-

169 2325 263 2380 torrre
288 2317 454 2399 promisse
482 2335 488 2378 :
513 2319 598 2398 quod
625 2317 762 2399 qualiter
788 2335 852 2380 non
877 2315 921 2378 sit
972 2337 1044 2376 mus
1059 2337 1070 2376 .·
1086 2316 1178 2397 quasi
1199 2317 1316 2394 dicant,
1332 2317 1526 2381 Poenitemus
1549 2319 1589 2381 de
1611 2328 1719 2382 nostra

168 2415 341 2497 injustum,
357 2417 423 2496 jam
450 2423 568 2479 tactum
593 2424 651 2478 est.
675 2415 763 2478 Unde
785 2423 817 2477 et
835 2414 918 2477 lere·
972 2415 1190 2495 perversitate,
1199 2415 1270 2478 idco
1286 2435 1372 2479 nunc
1386 2417 1528 2499 prompti
1543 2436 1654 2479 sumus
1671 2417 1719 2480 ire

70 2547 79 2572 r
103 2537 153 2583 aa.
169 2514 252 2576 inias
277 2513 323 2576 ait
348 2514 381 2575 in
402 2514 537 2576 Threnis
559 2531 566 2576 :
587 2514 693 2577 Patres
719 2513 819 2576 nostri
845 2531 917 2594 pec·
972 2512 1012 2574 ad
1029 2520 1145 2576 terram
1161 2513 1395 2595 promissionis.
1412 2514 1513 2588 Queri
1530 2523 1647 2598 potest,
1660 2536 1719 2578 un-

168 2620 335 2689 caverunt,
355 2620 387 2678 et
409 2631 473 2675 non
499 2621 584 2688 sunt,
603 2622 634 2675 et
655 2632 712 2676 nos
734 2611 919 2693 iniquitates
972 2613 1012 2674 de
1028 2612 1116 2675 venit
1130 2612 1177 2674 eis
1193 2620 1256 2674 tam
1277 2631 1392 2693 magna
1411 2621 1442 2676 et
1465 2614 1632 2696 repentina
1648 2635 1720 2678 mu·

168 2729 282 2774 eorum
305 2710 514 2792 portavimus.
531 2711 608 2773 Nam
627 2719 659 2773 et
679 2711 856 2774 seeundum
877 2709 919 2771 le
973 2709 1462 2791 tatio.liespondendum,cxboc
1476 2713 1553 2792 quia
1569 2713 1718 2777 viderunt

166 2828 223 2890 ges
247 2810 416 2885 bumanaS,
434 2829 491 2892 pro
509 2810 646 2874 crimine
667 2811 749 2874 leste
769 2812 918 2892 mejesta—
972 2807 1046 2872 illos
1067 2808 1280 2890 exploratores
1302 2808 1419 2888 quibus
1438 2811 1651 2892 crediderant,
1670 2831 1720 2874 su-

168 2910 209 2971 tis
235 2909 408 2972 commisso
428 2927 447 2970 a
472 2917 560 2990 patre
584 2910 716 2986 carnali,
741 2909 919 2991 puniuntur
972 2906 1040 2969 bito
1055 2925 1125 2969 esse
1140 2925 1318 2988 percussos,
1331 2915 1363 2969 et
1377 2907 1457 2970 alios
1473 2909 1552 2972 duos
1567 2929 1586 2972 a
1600 2911 1719 2991 quibus

169 3007 233 3070 lilii
258 3007 342 3088 ejus.
368 3010 475 3068 Donec
498 3018 732 3070 consumantur
756 3011 915 3068 cadauera
934 2998 956 3063 C
973 3005 1055 3068 benc
1065 3005 1212 3068 instructi
1223 3014 1404 3083 crant,essc
1419 3009 1717 3088 superstitesllein-

163 3116 303 3182 patrum
323 3107 360 3165 in
379 3106 620 3183 desertajucta
645 3126 819 3167 numerum
838 3126 917 3186 qua·
973 3106 1012 3167 de
1042 3104 1074 3165 in
1105 3111 1191 3167 textu
1223 3104 1424 3183 describitur,
1450 3105 1589 3189 qualiter
1611 3109 1717 3190 ldoyse

166 3205 325 3280 drapiuta
340 3204 481 3274 dierum,
492 3205 607 3281 quibus
622 3206 848 3266 considerastis
859 3213 916 3265 ter·
973 3202 1164 3284 probibente
1182 3212 1349 3284 coeperunt
1368 3205 1541 3286 procedere
1558 3226 1565 3270 ε
1582 3206 1720 3289 ideoque

166 3325 253 3364 ram.
264 3305 383 3364 Annus
394 3321 455 3377 pro
471 3304 525 3360 die
539 3303 770 3379 imputabitur,
780 3303 840 3365 boc
856 3310 915 3380 cst,
974 3301 1014 3364 ab
1035 3301 1224 3364 adversariis
1248 3311 1323 3365 sunt
1344 3303 1488 3384 percussi
1501 3312 1534 3366 et
1555 3304 1655 3386 lugati
1670 3325 1721 3368 us-

167 3401 252 3464 sicut
273 3398 485 3481 quadraginta
500 3399 613 3462 diebus
629 3400 759 3463 luerunt
778 3402 920 3483 exploro·
974 3418 1037 3480 que
1052 3400 1177 3476 Horma,
1196 3399 1227 3462 id
1243 3408 1292 3462 est
1307 3402 1461 3481 usquead
1479 3403 1584 3465 locum
1604 3403 1650 3466 sic
1665 3423 1719 3486 ap

168 3507 253 3561 tores
265 3497 301 3558 in
317 3495 665 3577 undequadraginta
681 3498 774 3560 annis
791 3497 918 3562 durabit
974 3497 1127 3579 pellatum
1144 3516 1182 3560 ex
1197 3498 1331 3560 adverso
1347 3508 1463 3561 eventu
1481 3501 1653 3582 :quoniam
1669 3502 1716 3565 ibi

168 3597 237 3660 brec
262 3612 359 3678 poena
385 3615 393 3658 ε
422 3613 486 3657 non
510 3595 597 3675 quod
621 3595 836 3676 exploratores
861 3615 918 3679 per
974 3596 1047 3658 cassi
1068 3604 1100 3659 et
1121 3595 1273 3658 destructi
1296 3605 1369 3658 sunt
1394 3597 1524 3678 quidam
1545 3618 1583 3662 ex
1607 3599 1714 3678 lsrael,

167 3693 382 3777 quadraginta
404 3692 472 3755 dies
494 3701 687 3771 averterunt,
706 3702 918 3758 antevertere
975 3694 1056 3757 sieut
1081 3703 1113 3757 et
1137 3695 1171 3755 in
1191 3695 1436 3758 Deuteronomio
1462 3695 1608 3775 babetur,
1632 3699 1719 3780 quod
1733 3725 1798 3768 neor,
1806 3739 1820 3776 1,
1828 3727 1863 3769 u,

168 3800 408 3876 proposuerunt
428 3791 583 3873 populum
603 3791 644 3853 ab
663 3791 808 3871 ingressu
829 3801 919 3856 terre
975 3792 1077 3875 fugati
1102 3801 1188 3870 sunt,
1216 3793 1299 3856 sicut
1323 3793 1427 3856 solent
1454 3815 1531 3877 apes
1558 3799 1716 3878 persequi.

169 3890 407 3974 promissionis,
420 3890 572 3971 quoniam
588 3889 712 3971 aliquos
723 3891 790 3953 dies
806 3910 920 3973 expen-
974 3893 1090 3955 Horma
1104 3900 1210 3954 autem
1226 3911 1290 3954 uno
1309 3894 1403 3956 modo
1424 3893 1651 3977 interpretatur
1665 3898 1719 3960 de·
1733 3923 1793 3966 mm
1795 3939 1845 3975 ,,,,,
1847 3927 1865 3968 a

151 3992 289 4076 derunt
311 3989 389 4051 illuc
409 3990 590 4070 pergend03
608 3991 663 4052 sed
685 3998 850 4070 peccatum
873 3998 919 4054 tot
975 3991 1120 4069 structio,
1133 3999 1168 4052 ut
1183 3989 1268 4052 inira
1283 3990 1428 4054 babetur.

170 4091 240 4153 dies
256 4097 414 4164 secutum,
433 4087 465 4149 in
482 4087 602 4169 populo
620 4087 706 4168 juste
722 4089 838 4152 meruit
854 4107 919 4171 poe-
987 4129 991 4136 -
1014 4091 1175 4153 Postremo
1189 4088 1289 4151 llabbi
1303 4089 1452 4154 Salomon
1468 4091 1660 4176 dicitquod
1682 4095 1718 4157 li-

171 4208 246 4252 nam
274 4195 320 4250 tot
344 4205 513 4260 annorum,
538 4186 602 4249 imo
628 4187 920 4269 incomparabiliter
935 4180 959 4240 l)
976 4189 1010 4250 lii
1033 4189 1143 4251 decem
1167 4188 1401 4269 exploratorum
1424 4190 1555 4254 luerunt
1577 4192 1609 4256 in
1634 4203 1718 4258 terra

171 4287 329 4369 maiorem
345 4294 377 4349 et
392 4284 580 4364 longiorem,
598 4286 653 4347 sed
673 4286 921 4349 misericorditer
975 4286 1198 4371 promissionis
1209 4286 1383 4350 hereditate
1393 4290 1518 4371 privati,
1526 4311 1564 4354 eo
1575 4295 1659 4373 quod
1671 4314 1720 4377 pa-

171 4386 313 4449 relaxata
328 4391 377 4446 est
399 4383 485 4464 justa
507 4382 633 4464 punitio
649 4384 772 4447 meritis
794 4404 830 4446 ac
853 4404 921 4466 pre·
976 4395 1039 4448 tres
1054 4404 1165 4449 eorum
1180 4386 1334 4466 populum
1345 4405 1364 4447 a
1374 4394 1466 4451 terrra
1481 4389 1569 4452 illius
1584 4391 1717 4455 introitu

170 4485 265 4548 cibus
281 4483 407 4564 lloysis.
975 4491 1175 4548 averterunt:
1188 4483 1272 4564 quod
1283 4503 1394 4546 verum
1411 4505 1474 4549 non
1489 4488 1633 4567 arbitror,
1643 4509 1719 4571 prce-

212 4586 327 4661 Ipitar
345 4601 453 4642 omnes
468 4583 536 4640 ciri
554 4601 632 4661 qaas
652 4584 783 4642 miserat
799 4587 921 4661 Moyses
943 4587 945 4592 '
976 4583 1085 4646 sertim
1100 4599 1199 4662 quum
1215 4581 1358 4644 adoratio
1372 4582 1465 4645 vituli
1482 4584 1579 4648 luerit
1591 4588 1718 4667 gravior

172 4688 217 4744 art
242 4683 526 4756 contemplandam
547 4690 677 4750 terram,
702 4684 822 4741 mortui
845 4692 921 4743 sunt
976 4679 1215 4755 scelerantem
1228 4687 1335 4742 tamen
1350 4679 1412 4742 lilii
1429 4682 1666 4748 idololatrarum
1684 4686 1719 4747 il-

172 4795 271 4862 atquc
282 4779 440 4857 percussi.
456 4781 551 4838 Josue
570 4789 678 4838 autem
692 4781 784 4856 fitius
799 4782 877 4842 Nun
892 4791 922 4842 et
977 4783 1080 4844 lorum
1099 4776 1306 4841 hereditatem
1321 4778 1355 4839 in
1371 4787 1454 4842 terra
1470 4783 1625 4862 promissa
1645 4793 1719 4846 sunt

175 4883 270 4942 (tiled
279 4880 372 4957 fitius
386 4877 538 4954 lepino-nc,
550 4879 704 4938 ciumunt
719 4898 759 4936 ca·
775 4881 921 4939 omnibus
976 4877 1150 4943 consecuti.

173 4984 234 5062 qui
260 4985 474 5055 perreueraut
499 4979 543 5035 ad
566 4977 834 5037 considerandam
862 4987 922 5037 ter-
1023 4973 1238 5057 spiritualiter
1264 4975 1414 5038 docemur
1441 4977 1569 5059 copiose
1593 4998 1631 5042 ex
1657 4980 1719 5044 isto
1741 5000 1869 5056 εοιιειιειρὶ-

174 5101 262 5142 ram.
285 5075 404 5138 Sensus
427 5082 486 5149 est,
507 5074 593 5154 quod
616 5074 725 5136 decem
745 5075 924 5156 explorato·
977 5074 1129 5156 capitulo,
1142 5082 1261 5154 quanta
1277 5073 1318 5135 sit
1332 5074 1463 5136 humani
1479 5077 1584 5138 cordis
1599 5077 1721 5161 fragili·
1735 5062 1827 5106 *ml*

175 5198 231 5242 res
243 5182 376 5258 propter
400 5170 565 5253 praelatam
591 5191 680 5234 suam
706 5172 920 5253 iniquitatem,
979 5183 1037 5248 tas
1054 5179 1174 5252 quanta
1193 5170 1308 5233 deinde
1329 5172 1530 5252 perversitas,
1548 5182 1580 5237 et
1601 5186 1722 5257 quanta

174 5276 285 5341 subito
300 5283 376 5336 sunt
393 5271 511 5355 plagati
526 5291 545 5334 a
560 5271 622 5334 lico
638 5290 674 5335 ac
690 5271 817 5334 mortui.
978 5271 1129 5350 deinceps
1152 5267 1421 5348 incorrigibilitas,
1438 5279 1558 5352 quanta
1579 5273 1656 5336 item
1680 5274 1724 5335 sit
