4309 6259
550 500 725 548 meamne
745 501 777 548 m
798 501 866 547 car.
889 500 942 546 xri
962 501 1100 548 carmel.
1122 521 1162 532 -
1182 504 1253 548 aar.
1277 503 1375 551 xxxin
1673 486 1732 550 tte

181 671 387 752 expiationis,
405 673 481 756 quia
501 683 578 736 tnnc
598 672 815 754 purificabant
829 680 930 735 totum
946 672 972 734 Α
987 675 1179 756 quandoque
1199 675 1320 738 vitulus
1340 676 1534 752 nominatur,
1550 675 1626 757 quia
1642 675 1674 736 in
1692 673 1734 738 fe

181 770 426 834 tabernaculum
442 781 539 854 atque
553 771 677 834 altaria.
987 773 1094 835 mineo
1113 791 1230 853 genere
1254 783 1377 836 tantum
1403 774 1647 853 intelligendum
1672 781 1730 850 est,

220 869 381 943 Quaeritur
403 871 488 934 circa
511 871 677 953 praedicta,
702 890 758 933 cur
788 868 933 952 pontifex
987 872 1139 952 quoniam
1166 891 1222 954 pro
1248 874 1386 955 peccatis
1412 871 1593 953 fragilitatis
1618 870 1734 934 offere

181 969 334 1051 expiabat
359 979 528 1052 utramque
553 969 748 1033 tabernaculi
764 978 885 1051 partem
902 977 933 1031 et
987 969 1105 1047 batur,
1129 971 1238 1052 sieque
1264 990 1326 1034 non
1354 990 1478 1048 sexum,
1506 971 1560 1032 sed
1587 977 1732 1032 naturam

181 1067 307 1144 altaria,
326 1076 358 1130 et
374 1087 432 1150 pro
448 1068 588 1149 peccatis
608 1067 726 1130 ohtulit
746 1068 882 1130 vitulum
901 1075 933 1130 et
987 1068 1144 1148 designat.
1162 1070 1277 1132 lterum
1292 1070 1381 1132 addit
1398 1090 1405 1134 :
1425 1069 1575 1132 Sacerdos
1598 1068 1653 1150 qui
1670 1068 1734 1130 col-

180 1166 308 1229 hireum
331 1185 445 1243 unum,
471 1167 636 1249 aliumque
658 1167 775 1242 emisit,
801 1167 833 1228 in
858 1186 933 1248 qua·
987 1167 1107 1248 ligebat
1127 1167 1249 1231 cineres
1273 1169 1478 1232 reservandos
1501 1167 1541 1230 ad
1563 1186 1662 1249 aquas
1683 1167 1734 1228 ad-

180 1273 254 1328 tuor
276 1265 423 1327 vestibus
446 1265 553 1343 lineis,
571 1265 795 1328 communibus
817 1265 879 1327 sibi
902 1274 933 1328 ct
987 1265 1174 1346 spersionis,
1191 1286 1254 1348 qua
1275 1287 1332 1348 per
1353 1275 1453 1329 totum
1475 1284 1594 1328 annum
1618 1263 1733 1346 purifi-

180 1363 404 1425 sacerdotibus
424 1361 654 1436 inferioribus;
671 1362 837 1425 oblaturus
857 1381 933 1425 vero
986 1364 1141 1426 cabantur
1172 1365 1339 1440 immundi,
1373 1364 1434 1426 fuit
1463 1363 1659 1424 immundus.
1688 1361 1732 1424 Ex

180 1461 379 1532 holocausta,
397 1460 485 1522 exuit
507 1461 591 1538 illua,
609 1470 640 1522 61
662 1459 862 1542 pontificalia
887 1461 932 1522 in·
986 1463 1104 1544 quibus
1120 1464 1226 1528 verbis
1242 1463 1411 1526 manifeste
1427 1462 1572 1538 habetur,
1584 1461 1669 1542 quod
1686 1478 1733 1522 se-

179 1559 261 1620 duit.
279 1559 513 1639 despondetur,
530 1559 616 1641 quod
633 1559 715 1634 ideo,
733 1558 808 1639 quia
828 1557 932 1639 expia·
985 1562 1127 1625 cundum
1148 1562 1244 1624 istum
1265 1562 1437 1638 doctorem,
1456 1559 1508 1622 hic
1531 1559 1650 1624 vitulus
1672 1557 1732 1619 fuit

181 1657 226 1720 tio
252 1657 311 1718 illa
334 1665 366 1719 et
390 1656 511 1719 oblatio
534 1676 592 1739 pro
615 1657 765 1739 peccatis,
785 1655 857 1718 fieri
880 1657 931 1718 de·
986 1679 1093 1738 vacca,
1111 1659 1282 1723 scuritula
1298 1660 1381 1736 rufa,
1398 1679 1436 1722 ex
1455 1659 1548 1740 cujus
1568 1657 1730 1720 cineribus
1745 1680 1878 1732 uanam.

180 1755 323 1819 buerunt
338 1775 410 1818 curn
429 1755 623 1818 contritione
638 1764 670 1817 ct
685 1755 908 1817 humiliatione
922 1779 928 1828 ;
987 1757 1049 1820 fuit
1063 1777 1234 1840 conspersa
1249 1778 1331 1839 aqua
1341 1757 1541 1840 expiationis,
1551 1775 1606 1819 seu
1622 1757 1732 1818 lustra-

179 1855 405 1917 holocaustum
440 1864 546 1916 autem
582 1861 613 1916 et
646 1853 823 1929 incensum,
857 1856 1095 1934 cumlltioniS,
1113 1857 1162 1922 rel
1179 1855 1406 1939 adspersionis,
1425 1863 1519 1937 prout
1536 1857 1568 1917 in
1584 1855 1732 1918 Numero·

180 1953 376 2017 solennitate
397 1961 429 2015 et
449 1953 660 2033 iucunditate.
677 1952 765 2014 Unde
787 1959 818 2014 et
841 1970 930 2014 novae
985 1977 1056 2018 rum
1073 1956 1155 2019 libro
1177 1955 1303 2034 legitur.
1321 1955 1359 2016 Et
1374 1955 1459 2016 istud
1475 1954 1570 2017 etiam
1594 1954 1649 2015 alii
1664 1953 1732 2035 qui-

180 2053 261 2132 lcgis
284 2051 440 2134 episcopi,
466 2051 562 2113 lineis
583 2059 615 2113 et
637 2051 816 2114 minoribus
838 2050 931 2113 vesti·
985 2055 1058 2117 darn
1084 2061 1159 2116 sunt
1184 2053 1317 2135 opinati,
1334 2051 1453 2135 quibus
1478 2051 1606 2114 obviare
1632 2051 1732 2114 multa

179 2151 240 2213 hus
256 2150 357 2213 sacris
373 2158 507 2212 utuntur
523 2151 555 2211 in
572 2149 930 2232 adspersioneecclcsiae
984 2161 1170 2215 cernuntur.
1196 2153 1273 2214 Nam
1298 2170 1371 2214 earo
1396 2149 1489 2212 vituli
1514 2150 1610 2231 hujus
1635 2150 1730 2212 simul

179 2269 277 2331 qrram
293 2249 515 2312 dedicantaut
535 2248 676 2330 expiant,
693 2258 725 2310 ct
744 2249 777 2309 in
798 2247 930 2309 sabbato
984 2271 1057 2314 cum
1088 2269 1183 2313 carne
1212 2249 1304 2325 hirci,
1332 2268 1432 2330 usque
1461 2249 1500 2310 ad
1529 2247 1654 2311 cineres
1684 2255 1732 2310 est

179 2347 377 2430 baptismali,
404 2348 708 2428 consecrationeque
733 2346 872 2409 fontium
898 2355 930 2408 et
984 2349 1150 2413 combusta
1168 2367 1175 2410 :
1193 2348 1303 2429 sicque
1318 2367 1427 2411 eorum
1443 2347 1567 2409 cineres
1581 2346 1732 2409 ridentur

180 2447 389 2510 immersione
411 2447 724 2522 catechumenorum,
742 2446 818 2507 dum
845 2445 930 2524 igno
986 2448 1086 2510 fuisse
1101 2447 1272 2523 commixti,
1281 2446 1343 2508 nisi
1361 2445 1443 2509 forte
1458 2445 1530 2526 quis
1546 2445 1732 2527 dicat,qu0d

179 2554 315 2610 scantur
340 2564 451 2609 eorum
476 2552 616 2626 peccata.
640 2544 745 2619 Porro,
776 2545 852 2605 dum
878 2543 929 2605 his
985 2546 1114 2609 divisim
1134 2552 1165 2608 et
1188 2544 1321 2608 diversis
1341 2544 1469 2623 ignibus
1489 2543 1553 2606 sint
1573 2541 1730 2607 combusti

180 2645 319 2728 peractis
335 2644 512 2727 procedunt
533 2644 573 2706 ad
596 2642 864 2705 ministrationem
887 2642 929 2704 al·
984 2644 1104 2706 vitulus
1129 2644 1188 2706 iste
1213 2651 1243 2706 et
1269 2642 1388 2704 hircus.
1416 2641 1475 2705 Sed
1500 2641 1631 2705 obviant
1656 2640 1728 2703 alia.

178 2743 427 2826 taris,prctiosis
441 2750 473 2805 ct
484 2741 727 2823 pontificalibus
738 2741 926 2818 induuntur,
984 2744 1061 2805 Nam
1072 2742 1208 2805 vitulum
1225 2742 1321 2804 istum
1333 2741 1450 2803 obtulit
1464 2739 1609 2822 pontifex
1624 2759 1682 2822 pro
1698 2758 1731 2803 se

178 2851 275 2925 prout
304 2842 339 2903 in
365 2840 559 2903 Scholastica
589 2838 690 2902 fertur
719 2839 863 2903 historia.
889 2840 929 2902 at
984 2861 1105 2923 suaque
1120 2842 1226 2916 domo,
1251 2858 1308 2902 nec
1324 2857 1362 2902 eo
1384 2839 1490 2901 oblato
1512 2837 1574 2900 fuit
1593 2838 1731 2900 immun-

178 2958 255 3003 vero
270 2939 352 3020 Lyra
373 2938 490 3016 allegat
511 2936 612 2999 Rabbi
635 2935 847 3013 Salomonem,
872 2937 927 3018 qui
984 2941 1054 3016 dus,
1073 2939 1148 3020 quia
1173 2957 1246 3001 mox
1268 2957 1357 3000 sacra
1382 2937 1505 2999 introiit
1530 2937 1610 2999 loca.
1628 2937 1730 3000 Vacca

178 3037 357 3119 assignavit
379 3036 474 3098 aliam
496 3035 665 3112 rationem,
682 3035 757 3117 quia
779 3035 965 3104 videlicetfl
983 3047 1089 3102 autem
1111 3056 1166 3100 seu
1191 3035 1292 3098 vitula
1317 3036 1398 3112 rufa,
1416 3053 1473 3116 pro
1496 3034 1593 3097 totius
1618 3035 1728 3117 populi

178 3137 329 3198 minister
346 3153 409 3198 non
426 3134 520 3196 debet
535 3152 605 3197 esse
625 3153 682 3196 seu
702 3134 808 3196 ornari
825 3142 859 3196 ut
874 3135 929 3196 do-
983 3136 1180 3200 offerebatur
1204 3134 1363 3217 peccatis;
1380 3141 1411 3197 et
1433 3134 1488 3215 qui
1509 3132 1625 3196 obtulit
1644 3153 1725 3210 eam,

178 3235 299 3297 minus.
326 3233 429 3307 Ouum
459 3250 535 3313 crgo
565 3231 716 3295 Sanctum
746 3241 927 3295 sanctorum
984 3229 1729 3298 fuitimmundusltursushicvitulusoffereha-

178 3334 278 3396 fuerit
293 3331 444 3414 specialis
459 3332 549 3394 locus
569 3329 776 3393 habitationis
796 3350 832 3393 ac
851 3332 929 3393 resi·
983 3343 1034 3396 tur
1049 3335 1084 3396 in
1099 3333 1254 3410 atrio,sed
1270 3351 1365 3395 vacca
1381 3331 1435 3394 illa
1451 3339 1538 3394 extra
1553 3332 1728 3394 castrabo

177 3433 295 3496 dentiae
310 3431 377 3503 Dei,
395 3449 491 3493 aurea
506 3449 617 3493 mensa
631 3437 663 3493 ct
678 3429 741 3491 alia
761 3449 856 3491 aurea
871 3449 927 3491 scu
983 3450 1047 3495 nno
1062 3451 1190 3495 vaccam
1201 3431 1288 3493 illam
1300 3431 1417 3493 obtulit
1432 3430 1535 3512 primo
1550 3429 1726 3506 Eleazarus,

178 3533 331 3594 deaurata
345 3529 390 3592 ihi
407 3537 567 3604 contenta,
586 3527 717 3590 fuerunt
733 3528 823 3608 qnasi
839 3546 929 3590 orna·
983 3538 1072 3613 patre
1097 3549 1154 3592 sno
1177 3528 1332 3611 pontifice
1353 3529 1455 3591 adhuc
1475 3528 1619 3602 vivente3
1642 3527 1728 3590 hunc

178 3637 286 3693 menta
310 3628 414 3710 ipsius
438 3648 445 3691 :
472 3627 544 3690 ideo
566 3625 711 3708 pontifex
731 3645 795 3688 non
818 3626 929 3688 debuit
983 3630 1120 3692 vitulum
1133 3627 1249 3691 obtulit
1259 3646 1316 3709 pro
1332 3646 1365 3690 se
1375 3627 1478 3690 Aaron
1490 3625 1644 3708 pontifex.
1655 3625 1728 3700 Qua)

178 3728 270 3790 illum
287 3726 413 3806 ingredi
430 3726 535 3789 locum
551 3745 625 3788 eum
642 3723 747 3787 aurcis
763 3743 928 3786 ornamen-
983 3728 1091 3792 omnia
1106 3746 1144 3790 ex
1159 3744 1245 3788 nunc
1266 3725 1360 3788 dictis
1384 3733 1479 3807 atque
1501 3743 1540 3787 ex
1562 3731 1647 3788 textu
1667 3724 1728 3786 Nu-

177 3829 244 3901 tis;
271 3827 329 3889 sed
355 3845 429 3888 cum
455 3823 519 3886 illis
543 3830 666 3905 poterat
690 3823 873 3886 ministrare
896 3831 928 3886 et
984 3844 1143 3889 merorum
1159 3832 1234 3886 sunt
1248 3833 1343 3886 certa.

178 3925 303 4006 ingredi
324 3932 413 3986 extra
434 3923 584 3986 Sanctum
604 3929 798 3985 sanctorum.
810 3922 927 3984 Verum
1024 3926 1066 3987 lle
1083 3924 1142 3986 hac
1162 3923 1295 3984 materia
1317 3921 1427 3983 scribit
1447 3929 1575 3983 sanctus
1591 3921 1727 3984 Thomas

179 4025 246 4087 haec
269 4023 352 4086 ratio
375 4021 494 4084 modici
520 4021 646 4082 videtur
668 4019 833 4093 momenti,
850 4040 929 4101 quo·
984 4024 1017 4084 in
1043 4022 1146 4104 prima
1172 4021 1330 4096 secunde,
1356 4019 1532 4101 quastione
1558 4019 1615 4081 102
1638 4036 1644 4080 :
1670 4020 1728 4081 lm-

179 4123 264 4184 niam
283 4119 452 4203 prefatam
468 4119 680 4200 expiationem
699 4118 731 4179 in
748 4119 927 4195 lineis,non
984 4119 1142 4184 munditia
1162 4137 1233 4200 qua
1254 4137 1291 4180 ex
1312 4117 1516 4198 corruptione
1538 4117 1654 4180 mentis
1673 4126 1729 4180 aut

179 4221 283 4284 solum
300 4219 380 4282 fecit
397 4219 480 4280 intra
496 4217 647 4280 Sanctum
663 4226 856 4294 sanctorum,
873 4219 928 4280 scd
944 4224 969 4286 1)
984 4218 1127 4300 corporis
1143 4216 1361 4299 proveniebat,
1370 4216 1557 4297 expiabatur
1567 4235 1624 4297 per
1634 4217 1728 4279 sacri-

178 4321 212 4383 in
229 4320 301 4382 loco
313 4335 444 4400 quoque
458 4315 654 4378 tabernaculi
667 4315 842 4392 exterioriS,
853 4325 884 4379 et
895 4317 928 4378 in
986 4318 1061 4380 ficia
1077 4334 1134 4398 pro
1151 4323 1291 4396 peccato.
1302 4313 1526 4377 Offerebantur
1537 4323 1643 4378 autem
1660 4333 1727 4397 spe

177 4428 316 4498 utroque
331 4415 436 4490 altari,
450 4432 587 4495 quorum
603 4433 703 4474 unum
716 4412 779 4474 fuit
790 4414 823 4475 in
835 4415 928 4478 atrio.
984 4415 1077 4479 cielia
1094 4433 1150 4496 pro
1168 4411 1305 4494 peccatis
1322 4410 1481 4474 sacrificia
1501 4412 1699 4492 singulorum
1718 4437 1725 4488 ;

218 4513 367 4596 Amplius
384 4511 468 4574 circa
489 4511 574 4573 istud
595 4510 769 4592 capitulum
786 4511 930 4592 Magister
985 4513 1202 4594 sedquoniam
1214 4510 1313 4591 aliqui
1331 4510 1527 4590 negligentes
1543 4519 1632 4573 erant
1643 4511 1727 4574 circa

179 4615 212 4675 in
226 4609 373 4674 historiis
385 4608 601 4690 scribit,quod
616 4607 683 4670 dics
699 4608 760 4670 ista
775 4609 928 4685 solennis,
984 4611 1196 4694 expiationem
1215 4608 1397 4690 hujusmodi
1414 4616 1615 4689 peccatorum
1630 4618 1662 4671 et
1672 4610 1728 4670 im-

178 4711 276 4774 etiam
292 4707 468 4771 vocabatur
484 4704 721 4787 propitiationis
734 4725 741 4768 ε
753 4705 830 4786 quia
844 4707 877 4768 in
893 4726 931 4769 ea
984 4708 1226 4783 munditiarum,
1239 4705 1289 4768 vel
1306 4725 1344 4768 ex
1359 4705 1537 4784 ignorantia
1553 4725 1589 4768 ea
1604 4705 1727 4770 omitte

178 4808 335 4890 agebatur
350 4804 435 4868 cinis
451 4802 653 4885 expiationis,
665 4802 747 4865 sicut
763 4804 831 4866 dies
844 4805 930 4867 lovis
984 4810 1073 4885 bant,
1097 4805 1278 4868 institutum
1306 4801 1377 4880 fuit,
1395 4811 1430 4864 ut
1452 4804 1549 4866 semel
1576 4803 1608 4865 in
1629 4823 1724 4884 anno,

178 4907 298 4969 dicitur
308 4912 432 4978 sancta,
444 4901 521 4984 quia
536 4901 569 4961 in
585 4919 622 4963 ea
637 4909 781 4963 sanctum
792 4903 931 4967 chrisma
985 4907 1108 4971 decimo
1123 4905 1175 4966 die
1191 4903 1310 4964 mensis
1332 4901 1470 4982 septimi,
1490 4901 1583 4965 fieret
1605 4903 1728 4966 sacrifi-

178 5003 364 5068 confieitur.
377 5000 498 5063 Deinde
512 4998 676 5080 subjungit
693 5017 700 5060 :
718 4999 762 5062 Ea
776 5001 828 5063 die
844 5003 931 5066 tolle·
984 5006 1068 5070 cium
1081 5001 1270 5085 expiationis
1281 5018 1339 5082 pro
1355 5008 1421 5064 toto
1437 5001 1566 5082 populo.
1576 5002 1614 5064 Et
1624 5002 1727 5084 primo

179 5104 233 5165 bat
249 5119 397 5164 summus
418 5098 565 5160 sacerdos
587 5097 720 5160 vitulam
740 5099 780 5160 dc
801 5101 931 5182 proprio
982 5106 1091 5187 jussus
1106 5109 1154 5162 651
1169 5100 1272 5161 Aaron
1289 5097 1434 5179 pontifex
1453 5097 1572 5161 offerre
1591 5100 1727 5162 vitulum

180 5199 283 5263 rufam
301 5207 335 5263 et
349 5197 492 5272 trimam,
509 5196 569 5258 hoc
585 5203 633 5258 cst
649 5195 743 5257 trium
760 5216 928 5278 annorum,
985 5221 1044 5285 pro
1058 5219 1092 5262 se
1108 5199 1189 5280 ipso,
1208 5197 1240 5258 in
1256 5197 1590 5261 commemorationem
1607 5200 1728 5279 precati

179 5319 250 5381 qua
266 5317 332 5362 non
350 5302 488 5358 traxerat
503 5294 627 5374 jugum.
638 5293 700 5356 Nec
717 5295 891 5374 turbemur,
904 5301 930 5362 si
984 5300 1072 5384 quod
1088 5296 1164 5359 lecit
1185 5295 1217 5356 in
1241 5293 1436 5358 conflatione
1457 5293 1550 5356 vituli
1572 5295 1680 5369 aurei,
1697 5303 1729 5359 ct
