<?xml version="1.0" encoding="UTF-8"?>
<!DOCTYPE html PUBLIC "-//W3C//DTD XHTML 1.0 Transitional//EN"
    "http://www.w3.org/TR/xhtml1/DTD/xhtml1-transitional.dtd">
<html xmlns="http://www.w3.org/1999/xhtml" xml:lang="en" lang="en">
 <head>
  <title>
</title>
<meta http-equiv="Content-Type" content="text/html;charset=utf-8" />
  <meta name='ocr-system' content='tesseract 3.04.00' />
  <meta name='ocr-capabilities' content='ocr_page ocr_carea ocr_par ocr_line ocrx_word'/>
</head>
<body>
  <div class='ocr_page' id='page_1' title='image "./doctorisecstati00unkngoog_0756.png"; bbox 0 0 4309 6259; ppageno 0'>
   <div class='ocr_carea' id='block_1_1' title="bbox 439 477 1689 546">
    <p class='ocr_par' dir='ltr' id='par_1_1' title="bbox 439 477 1689 546">
     <span class='ocr_line' id='line_1_1' title="bbox 439 477 1689 546; baseline 0.002 -5"><span class='ocrx_word' id='word_1_1' title='bbox 439 477 499 541; x_wconf 79' lang='grc'><strong>668</strong></span> <span class='ocrx_word' id='word_1_2' title='bbox 739 498 912 546; x_wconf 75' lang='lat' dir='ltr'><strong>mansino</strong></span> <span class='ocrx_word' id='word_1_3' title='bbox 933 498 964 545; x_wconf 85' lang='lat' dir='ltr'><strong>ru</strong></span> <span class='ocrx_word' id='word_1_4' title='bbox 984 499 1052 544; x_wconf 80' lang='lat' dir='ltr'><strong>aar.</strong></span> <span class='ocrx_word' id='word_1_5' title='bbox 1075 496 1164 544; x_wconf 81' lang='lat' dir='ltr'><strong>mn</strong></span> <span class='ocrx_word' id='word_1_6' title='bbox 1183 497 1418 546; x_wconf 81' lang='lat' dir='ltr'><strong>ncursaonoun.</strong></span> <span class='ocrx_word' id='word_1_7' title='bbox 1439 518 1480 530; x_wconf 88' lang='lat'><em>-</em></span> <span class='ocrx_word' id='word_1_8' title='bbox 1500 499 1570 544; x_wconf 73' lang='lat' dir='ltr'><strong>nar.</strong></span> <span class='ocrx_word' id='word_1_9' title='bbox 1594 498 1689 546; x_wconf 82' lang='lat' dir='ltr'><strong>xxxvi</strong></span> 
     </span>
    </p>
   </div>
   <div class='ocr_carea' id='block_1_2' title="bbox 292 665 2109 3903">
    <p class='ocr_par' dir='ltr' id='par_1_2' title="bbox 294 665 2109 949">
     <span class='ocr_line' id='line_1_2' title="bbox 442 665 1985 751; baseline 0.004 -25"><span class='ocrx_word' id='word_1_10' title='bbox 442 665 606 731; x_wconf 78' lang='lat' dir='ltr'><strong>fructuose</strong></span> <span class='ocrx_word' id='word_1_11' title='bbox 620 677 842 751; x_wconf 77' lang='lat' dir='ltr'><strong>pertranseant</strong></span> <span class='ocrx_word' id='word_1_12' title='bbox 851 669 947 733; x_wconf 88' lang='lat' dir='ltr'><strong>verba</strong></span> <span class='ocrx_word' id='word_1_13' title='bbox 962 669 1017 732; x_wconf 88' lang='lat' dir='ltr'><strong>Dei</strong></span> <span class='ocrx_word' id='word_1_14' title='bbox 1032 688 1124 733; x_wconf 87' lang='lat' dir='ltr'><strong>aures</strong></span> <span class='ocrx_word' id='word_1_15' title='bbox 1139 669 1185 751; x_wconf 86' lang='lat' dir='ltr'><strong>ip</strong></span> <span class='ocrx_word' id='word_1_16' title='bbox 1199 668 1225 731; x_wconf 93' lang='lat' dir='ltr'><strong>A</strong></span> <span class='ocrx_word' id='word_1_17' title='bbox 1240 677 1358 745; x_wconf 90' lang='lat' dir='ltr'><strong>nostra,</strong></span> <span class='ocrx_word' id='word_1_18' title='bbox 1366 678 1487 750; x_wconf 90' lang='lat' dir='ltr'><strong>quanto</strong></span> <span class='ocrx_word' id='word_1_19' title='bbox 1502 670 1604 750; x_wconf 87' lang='lat' dir='ltr'><strong>major</strong></span> <span class='ocrx_word' id='word_1_20' title='bbox 1618 678 1666 732; x_wconf 89' lang='lat' dir='ltr'><strong>est</strong></span> <span class='ocrx_word' id='word_1_21' title='bbox 1678 669 1730 732; x_wconf 85' lang='lat' dir='ltr'><strong>Dei</strong></span> <span class='ocrx_word' id='word_1_22' title='bbox 1739 669 1863 746; x_wconf 87' lang='lat' dir='ltr'><strong>caritas,</strong></span> <span class='ocrx_word' id='word_1_23' title='bbox 1872 669 1985 732; x_wconf 89' lang='lat' dir='ltr'><strong>libera-</strong></span> 
     </span>
     <span class='ocr_line' id='line_1_3' title="bbox 294 767 1983 878; baseline 0.001 -53"><span class='ocrx_word' id='word_1_24' title='bbox 294 773 423 878; x_wconf 64' lang='grc' dir='ltr'><strong>81Ιῑεσῑιῖιιι.</strong></span> <span class='ocrx_word' id='word_1_25' title='bbox 441 783 559 844; x_wconf 91' lang='lat' dir='ltr'><strong>sorum,</strong></span> <span class='ocrx_word' id='word_1_26' title='bbox 586 787 685 849; x_wconf 90' lang='lat' dir='ltr'><strong>quum</strong></span> <span class='ocrx_word' id='word_1_27' title='bbox 712 768 864 850; x_wconf 87' lang='lat' dir='ltr'><strong>scripturn</strong></span> <span class='ocrx_word' id='word_1_28' title='bbox 891 769 933 831; x_wconf 91' lang='lat' dir='ltr'><strong>sit</strong></span> <span class='ocrx_word' id='word_1_29' title='bbox 955 788 961 832; x_wconf 95' lang='lat'>:</span> <span class='ocrx_word' id='word_1_30' title='bbox 984 767 1076 830; x_wconf 92' lang='lat' dir='ltr'><strong>Auris</strong></span> <span class='ocrx_word' id='word_1_31' title='bbox 1101 768 1185 831; x_wconf 92' lang='lat' dir='ltr'><strong>bona</strong></span> <span class='ocrx_word' id='word_1_32' title='bbox 1241 767 1323 843; x_wconf 90' lang='lat' dir='ltr'><strong>litas,</strong></span> <span class='ocrx_word' id='word_1_33' title='bbox 1336 767 1437 849; x_wconf 90' lang='lat' dir='ltr'><strong>pietas</strong></span> <span class='ocrx_word' id='word_1_34' title='bbox 1452 768 1536 831; x_wconf 90' lang='lat' dir='ltr'><strong>circa</strong></span> <span class='ocrx_word' id='word_1_35' title='bbox 1552 771 1632 831; x_wconf 90' lang='lat' dir='ltr'><strong>nosl</strong></span> <span class='ocrx_word' id='word_1_36' title='bbox 1648 770 1819 848; x_wconf 77' lang='lat' dir='ltr'><em>Numquid</em></span> <span class='ocrx_word' id='word_1_37' title='bbox 1837 789 1902 828; x_wconf 79' lang='lat' dir='ltr'><strong>non</strong></span> <span class='ocrx_word' id='word_1_38' title='bbox 1916 771 1983 845; x_wconf 81' lang='lat' dir='ltr'><strong>ipse</strong></span> 
     </span>
     <span class='ocr_line' id='line_1_4' title="bbox 322 866 2109 949; baseline 0.001 -24"><span class='ocrx_word' id='word_1_39' title='bbox 322 868 327 879; x_wconf 93' lang='lat'>&#39;</span> <span class='ocrx_word' id='word_1_40' title='bbox 441 882 513 926; x_wconf 91' lang='lat' dir='ltr'><strong>cum</strong></span> <span class='ocrx_word' id='word_1_41' title='bbox 538 866 624 927; x_wconf 91' lang='lat' dir='ltr'><strong>omni</strong></span> <span class='ocrx_word' id='word_1_42' title='bbox 651 867 911 949; x_wconf 89' lang='lat' dir='ltr'><strong>concupiscentia</strong></span> <span class='ocrx_word' id='word_1_43' title='bbox 930 867 1038 929; x_wconf 89' lang='lat' dir='ltr'><strong>audiet</strong></span> <span class='ocrx_word' id='word_1_44' title='bbox 1062 867 1185 948; x_wconf 87' lang='lat' dir='ltr'><strong>sapien·</strong></span> <span class='ocrx_word' id='word_1_45' title='bbox 1238 876 1283 926; x_wconf 84' lang='lat' dir='ltr'><strong>est</strong></span> <span class='ocrx_word' id='word_1_46' title='bbox 1303 877 1398 944; x_wconf 82' lang='lat' dir='ltr'><strong>poter</strong></span> <span class='ocrx_word' id='word_1_47' title='bbox 1424 877 1510 938; x_wconf 81' lang='lat' dir='ltr'><strong>tuus,</strong></span> <span class='ocrx_word' id='word_1_48' title='bbox 1531 867 1583 929; x_wconf 91' lang='lat' dir='ltr'><strong>cui</strong></span> <span class='ocrx_word' id='word_1_49' title='bbox 1608 867 1751 948; x_wconf 79' lang='lat' dir='ltr'><strong>quotidie</strong></span> <span class='ocrx_word' id='word_1_50' title='bbox 1774 866 1866 942; x_wconf 88' lang='lat' dir='ltr'><strong>dicis,</strong></span> <span class='ocrx_word' id='word_1_51' title='bbox 1892 867 1982 928; x_wconf 83' lang='lat' dir='ltr'><strong>Pater</strong></span> <span class='ocrx_word' id='word_1_52' title='bbox 1996 888 2109 930; x_wconf 54' lang='lat' dir='ltr'><strong>aratore.</strong></span> 
     </span>
    </p>

    <p class='ocr_par' dir='ltr' id='par_1_3' title="bbox 292 962 1984 1344">
     <span class='ocr_line' id='line_1_5' title="bbox 292 962 1983 1048; baseline 0.004 -28"><span class='ocrx_word' id='word_1_53' title='bbox 292 977 425 1028; x_wconf 60' lang='lat' dir='ltr'><strong>tautam.</strong></span> <span class='ocrx_word' id='word_1_54' title='bbox 442 962 529 1025; x_wconf 89' lang='lat' dir='ltr'><strong>tiam.</strong></span> <span class='ocrx_word' id='word_1_55' title='bbox 546 965 679 1028; x_wconf 91' lang='lat' dir='ltr'><strong>lacobus</strong></span> <span class='ocrx_word' id='word_1_56' title='bbox 694 985 823 1048; x_wconf 91' lang='lat' dir='ltr'><strong>quoque</strong></span> <span class='ocrx_word' id='word_1_57' title='bbox 835 967 976 1029; x_wconf 76' lang='lat' dir='ltr'><strong>hortatur</strong></span> <span class='ocrx_word' id='word_1_58' title='bbox 994 988 1000 1031; x_wconf 94' lang='lat'><strong>:</strong></span> <span class='ocrx_word' id='word_1_59' title='bbox 1019 966 1064 1028; x_wconf 89' lang='lat' dir='ltr'><strong>Sit</strong></span> <span class='ocrx_word' id='word_1_60' title='bbox 1081 966 1185 1029; x_wconf 88' lang='lat' dir='ltr'><strong>omnis</strong></span> <span class='ocrx_word' id='word_1_61' title='bbox 1240 973 1347 1028; x_wconf 89' lang='lat' dir='ltr'><strong>noster</strong></span> <span class='ocrx_word' id='word_1_62' title='bbox 1362 965 1417 1046; x_wconf 90' lang='lat' dir='ltr'><strong>qui</strong></span> <span class='ocrx_word' id='word_1_63' title='bbox 1436 984 1470 1026; x_wconf 91' lang='lat' dir='ltr'><strong>es</strong></span> <span class='ocrx_word' id='word_1_64' title='bbox 1487 965 1519 1026; x_wconf 93' lang='lat' dir='ltr'><strong>in</strong></span> <span class='ocrx_word' id='word_1_65' title='bbox 1537 965 1627 1028; x_wconf 85' lang='lat' dir='ltr'><strong>eoelis</strong></span> <span class='ocrx_word' id='word_1_66' title='bbox 1642 970 1655 1027; x_wconf 84' lang='lat' dir='ltr'><strong>l</strong></span> <span class='ocrx_word' id='word_1_67' title='bbox 1669 966 1731 1028; x_wconf 85' lang='lat' dir='ltr'><strong>Cur</strong></span> <span class='ocrx_word' id='word_1_68' title='bbox 1748 965 1846 1046; x_wconf 86' lang='lat' dir='ltr'><strong>igitur</strong></span> <span class='ocrx_word' id='word_1_69' title='bbox 1860 966 1922 1028; x_wconf 88' lang='lat' dir='ltr'><strong>hoe</strong></span> <span class='ocrx_word' id='word_1_70' title='bbox 1936 965 1983 1027; x_wconf 92' lang='lat' dir='ltr'><strong>di·</strong></span> 
     </span>
     <span class='ocr_line' id='line_1_6' title="bbox 311 1062 1982 1146; baseline 0.004 -28"><span class='ocrx_word' id='word_1_71' title='bbox 311 1075 415 1120; x_wconf 74' lang='lat' dir='ltr'><strong>mmm.</strong></span> <span class='ocrx_word' id='word_1_72' title='bbox 441 1062 537 1124; x_wconf 91' lang='lat' dir='ltr'><strong>homo</strong></span> <span class='ocrx_word' id='word_1_73' title='bbox 555 1065 646 1127; x_wconf 85' lang='lat' dir='ltr'><strong>velox</strong></span> <span class='ocrx_word' id='word_1_74' title='bbox 660 1066 699 1128; x_wconf 94' lang='lat' dir='ltr'><strong>ad</strong></span> <span class='ocrx_word' id='word_1_75' title='bbox 719 1065 926 1142; x_wconf 85' lang='lat' dir='ltr'><strong>audiendum.</strong></span> <span class='ocrx_word' id='word_1_76' title='bbox 944 1065 982 1126; x_wconf 85' lang='lat' dir='ltr'><strong>Et</strong></span> <span class='ocrx_word' id='word_1_77' title='bbox 997 1085 1107 1127; x_wconf 89' lang='lat' dir='ltr'><strong>rursus</strong></span> <span class='ocrx_word' id='word_1_78' title='bbox 1126 1085 1132 1129; x_wconf 94' lang='lat'><strong>:</strong></span> <span class='ocrx_word' id='word_1_79' title='bbox 1152 1065 1184 1127; x_wconf 94' lang='lat' dir='ltr'><strong>ln</strong></span> <span class='ocrx_word' id='word_1_80' title='bbox 1239 1066 1351 1142; x_wconf 86' lang='lat' dir='ltr'><strong>cende,</strong></span> <span class='ocrx_word' id='word_1_81' title='bbox 1375 1085 1439 1128; x_wconf 93' lang='lat' dir='ltr'><strong>non</strong></span> <span class='ocrx_word' id='word_1_82' title='bbox 1461 1065 1674 1128; x_wconf 84' lang='lat' dir='ltr'><strong>inflammaris</strong></span> <span class='ocrx_word' id='word_1_83' title='bbox 1696 1066 1766 1146; x_wconf 82' lang='lat' dir='ltr'><strong>ejus</strong></span> <span class='ocrx_word' id='word_1_84' title='bbox 1788 1084 1908 1139; x_wconf 87' lang='lat' dir='ltr'><strong>amore,</strong></span> <span class='ocrx_word' id='word_1_85' title='bbox 1926 1084 1982 1126; x_wconf 84' lang='lat' dir='ltr'><strong>nec</strong></span> 
     </span>
     <span class='ocr_line' id='line_1_7' title="bbox 441 1162 1984 1245; baseline 0.001 -23"><span class='ocrx_word' id='word_1_86' title='bbox 441 1162 685 1226; x_wconf 81' lang='lat' dir='ltr'><strong>mansuetudine</strong></span> <span class='ocrx_word' id='word_1_87' title='bbox 709 1163 861 1245; x_wconf 81' lang='lat' dir='ltr'><strong>suscipite</strong></span> <span class='ocrx_word' id='word_1_88' title='bbox 883 1163 1015 1225; x_wconf 88' lang='lat' dir='ltr'><strong>insitum</strong></span> <span class='ocrx_word' id='word_1_89' title='bbox 1039 1163 1182 1226; x_wconf 90' lang='lat' dir='ltr'><strong>verbum.</strong></span> <span class='ocrx_word' id='word_1_90' title='bbox 1240 1164 1348 1228; x_wconf 89' lang='lat' dir='ltr'><strong>debito</strong></span> <span class='ocrx_word' id='word_1_91' title='bbox 1362 1183 1435 1226; x_wconf 88' lang='lat' dir='ltr'><strong>cum</strong></span> <span class='ocrx_word' id='word_1_92' title='bbox 1447 1165 1608 1228; x_wconf 86' lang='lat' dir='ltr'><strong>veneraris</strong></span> <span class='ocrx_word' id='word_1_93' title='bbox 1624 1165 1870 1245; x_wconf 68' lang='lat' dir='ltr'><strong>honoremque</strong></span> <span class='ocrx_word' id='word_1_94' title='bbox 1885 1172 1984 1225; x_wconf 90' lang='lat' dir='ltr'><strong>atten-</strong></span> 
     </span>
     <span class='ocr_line' id='line_1_8' title="bbox 442 1261 1984 1344; baseline 0.002 -25"><span class='ocrx_word' id='word_1_95' title='bbox 442 1261 526 1327; x_wconf 79' lang='lat' dir='ltr'><strong>Quia</strong></span> <span class='ocrx_word' id='word_1_96' title='bbox 541 1281 657 1322; x_wconf 81' lang='lat' dir='ltr'><strong>nomen</strong></span> <span class='ocrx_word' id='word_1_97' title='bbox 677 1264 811 1323; x_wconf 81' lang='lat' dir='ltr'><strong>Domini</strong></span> <span class='ocrx_word' id='word_1_98' title='bbox 833 1264 996 1334; x_wconf 79' lang='lat' dir='ltr'><strong>iococobo,</strong></span> <span class='ocrx_word' id='word_1_99' title='bbox 1013 1261 1046 1323; x_wconf 93' lang='lat' dir='ltr'><strong>id</strong></span> <span class='ocrx_word' id='word_1_100' title='bbox 1067 1269 1126 1338; x_wconf 89' lang='lat' dir='ltr'><strong>est,</strong></span> <span class='ocrx_word' id='word_1_101' title='bbox 1147 1280 1185 1323; x_wconf 80' lang='lat' dir='ltr'><strong>ex</strong></span> <span class='ocrx_word' id='word_1_102' title='bbox 1240 1263 1290 1324; x_wconf 88' lang='lat' dir='ltr'><strong>dis</strong></span> <span class='ocrx_word' id='word_1_103' title='bbox 1300 1271 1419 1344; x_wconf 88' lang='lat' dir='ltr'><strong>quanta</strong></span> <span class='ocrx_word' id='word_1_104' title='bbox 1434 1263 1575 1342; x_wconf 78' lang='lat' dir='ltr'><strong>dignatio</strong></span> <span class='ocrx_word' id='word_1_105' title='bbox 1591 1263 1645 1325; x_wconf 88' lang='lat' dir='ltr'><strong>Dei</strong></span> <span class='ocrx_word' id='word_1_106' title='bbox 1660 1262 1834 1343; x_wconf 90' lang='lat' dir='ltr'><strong>sit‚quoda</strong></span> <span class='ocrx_word' id='word_1_107' title='bbox 1850 1271 1882 1325; x_wconf 84' lang='lat' dir='ltr'><strong>te</strong></span> <span class='ocrx_word' id='word_1_108' title='bbox 1896 1263 1984 1324; x_wconf 83' lang='lat' dir='ltr'><strong>Pater</strong></span> 
     </span>
    </p>

    <p class='ocr_par' dir='ltr' id='par_1_4' title="bbox 292 1356 1989 3903">
     <span class='ocr_line' id='line_1_9' title="bbox 310 1356 1539 1443; baseline 0.007 -30"><span class='ocrx_word' id='word_1_109' title='bbox 310 1371 391 1414; x_wconf 70' lang='lat' dir='ltr'><strong>raon.</strong></span> <span class='ocrx_word' id='word_1_110' title='bbox 399 1386 425 1424; x_wconf 76' lang='lat' dir='ltr'><strong>o,</strong></span> <span class='ocrx_word' id='word_1_111' title='bbox 441 1356 554 1421; x_wconf 91' lang='lat' dir='ltr'><strong>intimo</strong></span> <span class='ocrx_word' id='word_1_112' title='bbox 565 1359 669 1423; x_wconf 89' lang='lat' dir='ltr'><strong>cordis</strong></span> <span class='ocrx_word' id='word_1_113' title='bbox 680 1359 802 1424; x_wconf 81' lang='lat' dir='ltr'><strong>aflectu</strong></span> <span class='ocrx_word' id='word_1_114' title='bbox 812 1361 940 1442; x_wconf 87' lang='lat' dir='ltr'><strong>rogabo.</strong></span> <span class='ocrx_word' id='word_1_115' title='bbox 951 1360 1088 1442; x_wconf 88' lang='lat' dir='ltr'><strong>Spiritus</strong></span> <span class='ocrx_word' id='word_1_116' title='bbox 1098 1360 1183 1422; x_wconf 89' lang='lat' dir='ltr'><strong>enim</strong></span> <span class='ocrx_word' id='word_1_117' title='bbox 1241 1362 1347 1424; x_wconf 86' lang='lat' dir='ltr'><strong>vocari</strong></span> <span class='ocrx_word' id='word_1_118' title='bbox 1364 1362 1539 1443; x_wconf 66' lang='lat' dir='ltr'><strong>dignatur?</strong></span> 
     </span>
     <span class='ocr_line' id='line_1_10' title="bbox 442 1457 1982 1540; baseline 0.001 -22"><span class='ocrx_word' id='word_1_119' title='bbox 442 1457 597 1534; x_wconf 90' lang='lat' dir='ltr'><strong>estDous,</strong></span> <span class='ocrx_word' id='word_1_120' title='bbox 615 1465 648 1520; x_wconf 91' lang='lat' dir='ltr'><strong>et</strong></span> <span class='ocrx_word' id='word_1_121' title='bbox 666 1459 792 1540; x_wconf 87' lang='lat' dir='ltr'><strong>eosqui</strong></span> <span class='ocrx_word' id='word_1_122' title='bbox 814 1459 947 1522; x_wconf 90' lang='lat' dir='ltr'><strong>adorant</strong></span> <span class='ocrx_word' id='word_1_123' title='bbox 966 1477 1050 1534; x_wconf 90' lang='lat' dir='ltr'><strong>eum,</strong></span> <span class='ocrx_word' id='word_1_124' title='bbox 1067 1457 1101 1519; x_wconf 91' lang='lat' dir='ltr'><strong>in</strong></span> <span class='ocrx_word' id='word_1_125' title='bbox 1123 1458 1185 1540; x_wconf 90' lang='lat' dir='ltr'><strong>spi·</strong></span> <span class='ocrx_word' id='word_1_126' title='bbox 1291 1464 1449 1522; x_wconf 82' lang='lat' dir='ltr'><strong>Memento</strong></span> <span class='ocrx_word' id='word_1_127' title='bbox 1473 1463 1604 1521; x_wconf 82' lang='lat' dir='ltr'><strong>dierum</strong></span> <span class='ocrx_word' id='word_1_128' title='bbox 1629 1463 1854 1539; x_wconf 80' lang='lat' dir='ltr'><strong>antiquorum,</strong></span> <span class='ocrx_word' id='word_1_129' title='bbox 1880 1459 1913 1520; x_wconf 92' lang='lat' dir='ltr'><strong>id</strong></span> <span class='ocrx_word' id='word_1_130' title='bbox 1937 1469 1982 1520; x_wconf 89' lang='lat' dir='ltr'><strong>est</strong></span> 
     </span>
     <span class='ocr_line' id='line_1_11' title="bbox 442 1555 1983 1640; baseline 0.002 -25"><span class='ocrx_word' id='word_1_131' title='bbox 442 1555 504 1616; x_wconf 91' lang='lat' dir='ltr'><strong>ritu</strong></span> <span class='ocrx_word' id='word_1_132' title='bbox 521 1563 553 1618; x_wconf 90' lang='lat' dir='ltr'><strong>et</strong></span> <span class='ocrx_word' id='word_1_133' title='bbox 568 1557 700 1620; x_wconf 88' lang='lat' dir='ltr'><strong>veritate</strong></span> <span class='ocrx_word' id='word_1_134' title='bbox 722 1558 852 1621; x_wconf 88' lang='lat' dir='ltr'><strong>adorare</strong></span> <span class='ocrx_word' id='word_1_135' title='bbox 871 1565 1015 1640; x_wconf 82' lang='lat' dir='ltr'><strong>oportct3</strong></span> <span class='ocrx_word' id='word_1_136' title='bbox 1041 1564 1136 1638; x_wconf 88' lang='lat' dir='ltr'><strong>atque</strong></span> <span class='ocrx_word' id='word_1_137' title='bbox 1151 1565 1186 1618; x_wconf 91' lang='lat' dir='ltr'><strong>ut</strong></span> <span class='ocrx_word' id='word_1_138' title='bbox 1242 1559 1395 1640; x_wconf 90' lang='lat' dir='ltr'><strong>temporis</strong></span> <span class='ocrx_word' id='word_1_139' title='bbox 1411 1558 1582 1640; x_wconf 78' lang='lat' dir='ltr'><strong>primitivae</strong></span> <span class='ocrx_word' id='word_1_140' title='bbox 1597 1557 1756 1633; x_wconf 74' lang='lat' dir='ltr'><strong>Ecclesia,</strong></span> <span class='ocrx_word' id='word_1_141' title='bbox 1773 1565 1896 1638; x_wconf 88' lang='lat' dir='ltr'><strong>quanta</strong></span> <span class='ocrx_word' id='word_1_142' title='bbox 1911 1566 1983 1618; x_wconf 91' lang='lat' dir='ltr'><strong>tunc</strong></span> 
     </span>
     <span class='ocr_line' id='line_1_12' title="bbox 292 1652 1983 1739; baseline 0.004 -29"><span class='ocrx_word' id='word_1_143' title='bbox 292 1666 424 1716; x_wconf 69' lang='lat' dir='ltr'><strong>cucuron.</strong></span> <span class='ocrx_word' id='word_1_144' title='bbox 440 1652 486 1714; x_wconf 92' lang='lat' dir='ltr'><strong>ait</strong></span> <span class='ocrx_word' id='word_1_145' title='bbox 501 1653 654 1734; x_wconf 88' lang='lat' dir='ltr'><strong>Salvator,</strong></span> <span class='ocrx_word' id='word_1_146' title='bbox 667 1657 794 1738; x_wconf 75' lang='lat' dir='ltr'><strong>Oportet</strong></span> <span class='ocrx_word' id='word_1_147' title='bbox 813 1675 937 1738; x_wconf 90' lang='lat' dir='ltr'><strong>semper</strong></span> <span class='ocrx_word' id='word_1_148' title='bbox 951 1674 1051 1732; x_wconf 84' lang='lat' dir='ltr'><strong>orare,</strong></span> <span class='ocrx_word' id='word_1_149' title='bbox 1069 1663 1102 1717; x_wconf 89' lang='lat' dir='ltr'><strong>et</strong></span> <span class='ocrx_word' id='word_1_150' title='bbox 1120 1673 1184 1718; x_wconf 93' lang='lat' dir='ltr'><strong>non</strong></span> <span class='ocrx_word' id='word_1_151' title='bbox 1243 1655 1340 1718; x_wconf 88' lang='lat' dir='ltr'><strong>luerit</strong></span> <span class='ocrx_word' id='word_1_152' title='bbox 1351 1655 1865 1739; x_wconf 77' lang='lat' dir='ltr'><strong>devotiqcaritas,perlectioimo</strong></span> <span class='ocrx_word' id='word_1_153' title='bbox 1876 1664 1909 1717; x_wconf 88' lang='lat' dir='ltr'><strong>et</strong></span> <span class='ocrx_word' id='word_1_154' title='bbox 1919 1675 1983 1736; x_wconf 87' lang='lat' dir='ltr'><strong>per-</strong></span> 
     </span>
     <span class='ocr_line' id='line_1_13' title="bbox 440 1751 1984 1837; baseline 0.001 -23"><span class='ocrx_word' id='word_1_155' title='bbox 440 1751 591 1816; x_wconf 87' lang='lat' dir='ltr'><strong>delioere.</strong></span> <span class='ocrx_word' id='word_1_156' title='bbox 1241 1755 1364 1818; x_wconf 87' lang='lat' dir='ltr'><strong>secutio</strong></span> <span class='ocrx_word' id='word_1_157' title='bbox 1379 1763 1474 1836; x_wconf 86' lang='lat' dir='ltr'><strong>atque</strong></span> <span class='ocrx_word' id='word_1_158' title='bbox 1489 1755 1668 1819; x_wconf 87' lang='lat' dir='ltr'><strong>constantia</strong></span> <span class='ocrx_word' id='word_1_159' title='bbox 1682 1762 1714 1818; x_wconf 92' lang='lat' dir='ltr'><strong>ct</strong></span> <span class='ocrx_word' id='word_1_160' title='bbox 1729 1754 1884 1837; x_wconf 87' lang='lat' dir='ltr'><strong>patientia</strong></span> <span class='ocrx_word' id='word_1_161' title='bbox 1898 1754 1984 1816; x_wconf 84' lang='lat' dir='ltr'><strong>Chri-</strong></span> 
     </span>
     <span class='ocr_line' id='line_1_14' title="bbox 480 1851 1985 1936; baseline 0.001 -23"><span class='ocrx_word' id='word_1_162' title='bbox 480 1855 562 1913; x_wconf 86' lang='lat' dir='ltr'><strong>Dote</strong></span> <span class='ocrx_word' id='word_1_163' title='bbox 577 1855 855 1931; x_wconf 67' lang='lat' dir='ltr'><strong>magnificentiam</strong></span> <span class='ocrx_word' id='word_1_164' title='bbox 871 1857 934 1914; x_wconf 86' lang='lat' dir='ltr'><strong>Deo</strong></span> <span class='ocrx_word' id='word_1_165' title='bbox 951 1852 1108 1924; x_wconf 81' lang='lat' dir='ltr'><strong>nostro,id</strong></span> <span class='ocrx_word' id='word_1_166' title='bbox 1125 1861 1183 1927; x_wconf 88' lang='lat' dir='ltr'><strong>cst,</strong></span> <span class='ocrx_word' id='word_1_167' title='bbox 1202 1851 1225 1912; x_wconf 85' lang='lat' dir='ltr'><strong>B</strong></span> <span class='ocrx_word' id='word_1_168' title='bbox 1242 1853 1430 1930; x_wconf 87' lang='lat' dir='ltr'><strong>stianorum,</strong></span> <span class='ocrx_word' id='word_1_169' title='bbox 1448 1863 1482 1916; x_wconf 90' lang='lat' dir='ltr'><strong>ut</strong></span> <span class='ocrx_word' id='word_1_170' title='bbox 1497 1863 1623 1936; x_wconf 89' lang='lat' dir='ltr'><strong>patrum</strong></span> <span class='ocrx_word' id='word_1_171' title='bbox 1638 1853 1772 1932; x_wconf 88' lang='lat' dir='ltr'><strong>vestigia</strong></span> <span class='ocrx_word' id='word_1_172' title='bbox 1786 1854 1878 1934; x_wconf 88' lang='lat' dir='ltr'><strong>sequi</strong></span> <span class='ocrx_word' id='word_1_173' title='bbox 1894 1871 1985 1916; x_wconf 79' lang='lat' dir='ltr'><strong>cone</strong></span> 
     </span>
     <span class='ocr_line' id='line_1_15' title="bbox 442 1949 1985 2034; baseline 0.003 -24"><span class='ocrx_word' id='word_1_174' title='bbox 442 1949 515 2012; x_wconf 90' lang='lat' dir='ltr'><strong>totis</strong></span> <span class='ocrx_word' id='word_1_175' title='bbox 532 1950 655 2013; x_wconf 89' lang='lat' dir='ltr'><strong>viribus</strong></span> <span class='ocrx_word' id='word_1_176' title='bbox 670 1950 775 2032; x_wconf 90' lang='lat' dir='ltr'><strong>ipsum</strong></span> <span class='ocrx_word' id='word_1_177' title='bbox 798 1952 962 2028; x_wconf 88' lang='lat' dir='ltr'><strong>honorate,</strong></span> <span class='ocrx_word' id='word_1_178' title='bbox 980 1961 1011 2014; x_wconf 88' lang='lat' dir='ltr'><strong>ct</strong></span> <span class='ocrx_word' id='word_1_179' title='bbox 1027 1951 1185 2032; x_wconf 89' lang='lat' dir='ltr'><strong>quidquid</strong></span> <span class='ocrx_word' id='word_1_180' title='bbox 1241 1953 1296 2030; x_wconf 90' lang='lat' dir='ltr'><strong>ris,</strong></span> <span class='ocrx_word' id='word_1_181' title='bbox 1314 1961 1346 2015; x_wconf 88' lang='lat' dir='ltr'><strong>ct</strong></span> <span class='ocrx_word' id='word_1_182' title='bbox 1362 1953 1490 2016; x_wconf 91' lang='lat' dir='ltr'><strong>illorum</strong></span> <span class='ocrx_word' id='word_1_183' title='bbox 1506 1953 1744 2034; x_wconf 86' lang='lat' dir='ltr'><strong>comparatione</strong></span> <span class='ocrx_word' id='word_1_184' title='bbox 1759 1961 1791 2015; x_wconf 91' lang='lat' dir='ltr'><strong>te</strong></span> <span class='ocrx_word' id='word_1_185' title='bbox 1809 1972 1936 2014; x_wconf 89' lang='lat' dir='ltr'><strong>summe</strong></span> <span class='ocrx_word' id='word_1_186' title='bbox 1950 1971 1985 2014; x_wconf 89' lang='lat' dir='ltr'><strong>ac</strong></span> 
     </span>
     <span class='ocr_line' id='line_1_16' title="bbox 442 2048 1986 2133; baseline -0.001 -22"><span class='ocrx_word' id='word_1_187' title='bbox 442 2048 650 2129; x_wconf 87' lang='lat' dir='ltr'><strong>magnificum</strong></span> <span class='ocrx_word' id='word_1_188' title='bbox 667 2059 725 2127; x_wconf 89' lang='lat' dir='ltr'><strong>cst,</strong></span> <span class='ocrx_word' id='word_1_189' title='bbox 743 2051 772 2113; x_wconf 91' lang='lat' dir='ltr'><strong>ci</strong></span> <span class='ocrx_word' id='word_1_190' title='bbox 793 2052 905 2114; x_wconf 86' lang='lat' dir='ltr'><strong>devota</strong></span> <span class='ocrx_word' id='word_1_191' title='bbox 925 2069 961 2113; x_wconf 87' lang='lat' dir='ltr'><strong>ac</strong></span> <span class='ocrx_word' id='word_1_192' title='bbox 976 2059 1064 2130; x_wconf 85' lang='lat' dir='ltr'><strong>grata</strong></span> <span class='ocrx_word' id='word_1_193' title='bbox 1080 2059 1186 2112; x_wconf 89' lang='lat' dir='ltr'><strong>mente</strong></span> <span class='ocrx_word' id='word_1_194' title='bbox 1241 2070 1367 2133; x_wconf 86' lang='lat' dir='ltr'><strong>semper</strong></span> <span class='ocrx_word' id='word_1_195' title='bbox 1382 2051 1544 2113; x_wconf 85' lang='lat' dir='ltr'><strong>humilies.</strong></span> <span class='ocrx_word' id='word_1_196' title='bbox 1563 2053 1674 2128; x_wconf 68' lang='lat' dir='ltr'><strong>Cogito</strong></span> <span class='ocrx_word' id='word_1_197' title='bbox 1686 2054 1911 2128; x_wconf 62' lang='lat' dir='ltr'><strong>concretiones</strong></span> <span class='ocrx_word' id='word_1_198' title='bbox 1923 2053 1986 2110; x_wconf 83' lang='lat' dir='ltr'><strong>ain-</strong></span> 
     </span>
     <span class='ocr_line' id='line_1_17' title="bbox 441 2148 1987 2232; baseline -0.001 -20"><span class='ocrx_word' id='word_1_199' title='bbox 441 2149 624 2226; x_wconf 88' lang='lat' dir='ltr'><strong>adscribite,</strong></span> <span class='ocrx_word' id='word_1_200' title='bbox 638 2168 677 2212; x_wconf 92' lang='lat' dir='ltr'><strong>ne</strong></span> <span class='ocrx_word' id='word_1_201' title='bbox 692 2149 766 2231; x_wconf 92' lang='lat' dir='ltr'><strong>quis</strong></span> <span class='ocrx_word' id='word_1_202' title='bbox 778 2150 811 2211; x_wconf 89' lang='lat' dir='ltr'><strong>in</strong></span> <span class='ocrx_word' id='word_1_203' title='bbox 828 2169 861 2212; x_wconf 90' lang='lat' dir='ltr'><strong>sc</strong></span> <span class='ocrx_word' id='word_1_204' title='bbox 879 2149 948 2231; x_wconf 91' lang='lat' dir='ltr'><strong>ipso</strong></span> <span class='ocrx_word' id='word_1_205' title='bbox 964 2149 1059 2211; x_wconf 89' lang='lat' dir='ltr'><strong>stulte</strong></span> <span class='ocrx_word' id='word_1_206' title='bbox 1075 2157 1107 2212; x_wconf 90' lang='lat' dir='ltr'><strong>et</strong></span> <span class='ocrx_word' id='word_1_207' title='bbox 1122 2148 1187 2210; x_wconf 89' lang='lat' dir='ltr'><strong>ina·</strong></span> <span class='ocrx_word' id='word_1_208' title='bbox 1238 2154 1346 2227; x_wconf 73' lang='lat' dir='ltr'><strong>polos,</strong></span> <span class='ocrx_word' id='word_1_209' title='bbox 1361 2158 1437 2232; x_wconf 86' lang='lat' dir='ltr'><strong>puta</strong></span> <span class='ocrx_word' id='word_1_210' title='bbox 1452 2150 1610 2230; x_wconf 86' lang='lat' dir='ltr'><strong>justorum</strong></span> <span class='ocrx_word' id='word_1_211' title='bbox 1621 2168 1657 2211; x_wconf 91' lang='lat' dir='ltr'><strong>ac</strong></span> <span class='ocrx_word' id='word_1_212' title='bbox 1673 2149 1899 2231; x_wconf 88' lang='lat' dir='ltr'><strong>impiorum‚ct</strong></span> <span class='ocrx_word' id='word_1_213' title='bbox 1914 2167 1987 2230; x_wconf 91' lang='lat' dir='ltr'><strong>qua-</strong></span> 
     </span>
     <span class='ocr_line' id='line_1_18' title="bbox 443 2247 1986 2331; baseline 0.001 -23"><span class='ocrx_word' id='word_1_214' title='bbox 443 2247 525 2310; x_wconf 89' lang='lat' dir='ltr'><strong>niter</strong></span> <span class='ocrx_word' id='word_1_215' title='bbox 546 2248 709 2328; x_wconf 80' lang='lat' dir='ltr'><strong>glorietur.</strong></span> <span class='ocrx_word' id='word_1_216' title='bbox 728 2250 788 2309; x_wconf 84' lang='lat' dir='ltr'><strong>Dei</strong></span> <span class='ocrx_word' id='word_1_217' title='bbox 806 2250 951 2326; x_wconf 85' lang='lat' dir='ltr'><strong>perfecto</strong></span> <span class='ocrx_word' id='word_1_218' title='bbox 972 2258 1048 2308; x_wconf 79' lang='lat' dir='ltr'><strong>sunt</strong></span> <span class='ocrx_word' id='word_1_219' title='bbox 1063 2267 1158 2325; x_wconf 83' lang='lat' dir='ltr'><strong>opero</strong></span> <span class='ocrx_word' id='word_1_220' title='bbox 1174 2269 1186 2307; x_wconf 91' lang='lat'><strong>.·</strong></span> <span class='ocrx_word' id='word_1_221' title='bbox 1243 2249 1315 2312; x_wconf 89' lang='lat' dir='ltr'><strong>liter</strong></span> <span class='ocrx_word' id='word_1_222' title='bbox 1330 2248 1421 2331; x_wconf 89' lang='lat' dir='ltr'><strong>impii</strong></span> <span class='ocrx_word' id='word_1_223' title='bbox 1432 2248 1623 2312; x_wconf 71' lang='lat' dir='ltr'><strong>eternaliter</strong></span> <span class='ocrx_word' id='word_1_224' title='bbox 1639 2249 1811 2330; x_wconf 87' lang='lat' dir='ltr'><strong>perierunt,</strong></span> <span class='ocrx_word' id='word_1_225' title='bbox 1821 2247 1901 2329; x_wconf 85' lang='lat' dir='ltr'><strong>justi</strong></span> <span class='ocrx_word' id='word_1_226' title='bbox 1913 2265 1986 2310; x_wconf 82' lang='lat' dir='ltr'><strong>vero</strong></span> 
     </span>
     <span class='ocr_line' id='line_1_19' title="bbox 443 2345 1986 2429; baseline -0.001 -22"><span class='ocrx_word' id='word_1_227' title='bbox 443 2345 562 2408; x_wconf 89' lang='lat' dir='ltr'><strong>idcirco</strong></span> <span class='ocrx_word' id='word_1_228' title='bbox 579 2354 610 2408; x_wconf 91' lang='lat' dir='ltr'><strong>et</strong></span> <span class='ocrx_word' id='word_1_229' title='bbox 630 2364 684 2409; x_wconf 90' lang='lat' dir='ltr'><strong>nos</strong></span> <span class='ocrx_word' id='word_1_230' title='bbox 700 2346 808 2408; x_wconf 87' lang='lat' dir='ltr'><strong>conari</strong></span> <span class='ocrx_word' id='word_1_231' title='bbox 829 2346 992 2422; x_wconf 85' lang='lat' dir='ltr'><strong>dehemus,</strong></span> <span class='ocrx_word' id='word_1_232' title='bbox 1009 2353 1044 2407; x_wconf 88' lang='lat' dir='ltr'><strong>ut</strong></span> <span class='ocrx_word' id='word_1_233' title='bbox 1064 2365 1102 2408; x_wconf 91' lang='lat' dir='ltr'><strong>ca</strong></span> <span class='ocrx_word' id='word_1_234' title='bbox 1116 2364 1187 2426; x_wconf 81' lang='lat' dir='ltr'><strong>quae</strong></span> <span class='ocrx_word' id='word_1_235' title='bbox 1243 2347 1405 2429; x_wconf 77' lang='lat' dir='ltr'><strong>probrosi</strong></span> <span class='ocrx_word' id='word_1_236' title='bbox 1422 2347 1529 2410; x_wconf 90' lang='lat' dir='ltr'><strong>labore</strong></span> <span class='ocrx_word' id='word_1_237' title='bbox 1544 2356 1730 2429; x_wconf 88' lang='lat' dir='ltr'><strong>perpetuam</strong></span> <span class='ocrx_word' id='word_1_238' title='bbox 1746 2346 1810 2408; x_wconf 89' lang='lat' dir='ltr'><strong>sint</strong></span> <span class='ocrx_word' id='word_1_239' title='bbox 1823 2345 1986 2408; x_wconf 81' lang='lat' dir='ltr'><strong>consecuti</strong></span> 
     </span>
     <span class='ocr_line' id='line_1_20' title="bbox 442 2443 1986 2527; baseline -0.001 -20"><span class='ocrx_word' id='word_1_240' title='bbox 442 2445 481 2507; x_wconf 91' lang='lat' dir='ltr'><strong>ad</strong></span> <span class='ocrx_word' id='word_1_241' title='bbox 503 2443 604 2526; x_wconf 91' lang='lat' dir='ltr'><strong>ipsius</strong></span> <span class='ocrx_word' id='word_1_242' title='bbox 620 2445 773 2508; x_wconf 88' lang='lat' dir='ltr'><strong>honorem</strong></span> <span class='ocrx_word' id='word_1_243' title='bbox 791 2445 937 2520; x_wconf 80' lang='lat' dir='ltr'><strong>tacimus,</strong></span> <span class='ocrx_word' id='word_1_244' title='bbox 961 2444 1103 2526; x_wconf 85' lang='lat' dir='ltr'><strong>perlecto</strong></span> <span class='ocrx_word' id='word_1_245' title='bbox 1116 2462 1188 2524; x_wconf 89' lang='lat' dir='ltr'><strong>aga·</strong></span> <span class='ocrx_word' id='word_1_246' title='bbox 1242 2445 1459 2509; x_wconf 86' lang='lat' dir='ltr'><strong>beatissimam</strong></span> <span class='ocrx_word' id='word_1_247' title='bbox 1477 2445 1631 2527; x_wconf 87' lang='lat' dir='ltr'><strong>requiem.</strong></span> <span class='ocrx_word' id='word_1_248' title='bbox 1650 2445 1768 2508; x_wconf 90' lang='lat' dir='ltr'><strong>ldcirco</strong></span> <span class='ocrx_word' id='word_1_249' title='bbox 1784 2463 1849 2507; x_wconf 91' lang='lat' dir='ltr'><strong>non</strong></span> <span class='ocrx_word' id='word_1_250' title='bbox 1865 2443 1986 2506; x_wconf 78' lang='lat' dir='ltr'><strong>allicia—</strong></span> 
     </span>
     <span class='ocr_line' id='line_1_21' title="bbox 443 2541 1988 2620; baseline 0 -16"><span class='ocrx_word' id='word_1_251' title='bbox 443 2562 525 2619; x_wconf 82' lang='lat' dir='ltr'><strong>mus,</strong></span> <span class='ocrx_word' id='word_1_252' title='bbox 542 2543 601 2606; x_wconf 89' lang='lat' dir='ltr'><strong>hoc</strong></span> <span class='ocrx_word' id='word_1_253' title='bbox 624 2552 672 2606; x_wconf 86' lang='lat' dir='ltr'><strong>est</strong></span> <span class='ocrx_word' id='word_1_254' title='bbox 687 2543 851 2606; x_wconf 89' lang='lat' dir='ltr'><strong>humiliter</strong></span> <span class='ocrx_word' id='word_1_255' title='bbox 875 2553 905 2606; x_wconf 91' lang='lat' dir='ltr'><strong>ct</strong></span> <span class='ocrx_word' id='word_1_256' title='bbox 929 2543 1100 2618; x_wconf 82' lang='lat' dir='ltr'><strong>ferventer,</strong></span> <span class='ocrx_word' id='word_1_257' title='bbox 1118 2541 1188 2605; x_wconf 88' lang='lat' dir='ltr'><strong>sine</strong></span> <span class='ocrx_word' id='word_1_258' title='bbox 1243 2545 1286 2606; x_wconf 92' lang='lat' dir='ltr'><strong>ris</strong></span> <span class='ocrx_word' id='word_1_259' title='bbox 1302 2545 1341 2607; x_wconf 92' lang='lat' dir='ltr'><strong>ad</strong></span> <span class='ocrx_word' id='word_1_260' title='bbox 1361 2564 1442 2607; x_wconf 86' lang='lat' dir='ltr'><strong>vana</strong></span> <span class='ocrx_word' id='word_1_261' title='bbox 1464 2564 1501 2607; x_wconf 89' lang='lat' dir='ltr'><strong>ac</strong></span> <span class='ocrx_word' id='word_1_262' title='bbox 1523 2545 1617 2620; x_wconf 82' lang='lat' dir='ltr'><strong>mala,</strong></span> <span class='ocrx_word' id='word_1_263' title='bbox 1635 2544 1690 2606; x_wconf 88' lang='lat' dir='ltr'><strong>sed</strong></span> <span class='ocrx_word' id='word_1_264' title='bbox 1707 2551 1772 2605; x_wconf 91' lang='lat' dir='ltr'><strong>toto</strong></span> <span class='ocrx_word' id='word_1_265' title='bbox 1786 2543 1894 2605; x_wconf 91' lang='lat' dir='ltr'><strong>cordis</strong></span> <span class='ocrx_word' id='word_1_266' title='bbox 1910 2541 1988 2604; x_wconf 83' lang='lat' dir='ltr'><strong>alic·</strong></span> 
     </span>
     <span class='ocr_line' id='line_1_22' title="bbox 443 2640 1986 2723; baseline -0.001 -21"><span class='ocrx_word' id='word_1_267' title='bbox 443 2641 637 2705; x_wconf 81' lang='lat' dir='ltr'><strong>admixtione</strong></span> <span class='ocrx_word' id='word_1_268' title='bbox 653 2642 785 2723; x_wconf 87' lang='lat' dir='ltr'><strong>pcccati.</strong></span> <span class='ocrx_word' id='word_1_269' title='bbox 798 2646 883 2703; x_wconf 85' lang='lat' dir='ltr'><strong>Deos</strong></span> <span class='ocrx_word' id='word_1_270' title='bbox 902 2644 1010 2720; x_wconf 76' lang='lat' dir='ltr'><strong>fidelis</strong></span> <span class='ocrx_word' id='word_1_271' title='bbox 1026 2663 1037 2701; x_wconf 96' lang='lat'><em>:</em></span> <span class='ocrx_word' id='word_1_272' title='bbox 1055 2640 1127 2704; x_wconf 90' lang='lat' dir='ltr'><strong>ideo</strong></span> <span class='ocrx_word' id='word_1_273' title='bbox 1142 2649 1189 2702; x_wconf 93' lang='lat' dir='ltr'><strong>tu·</strong></span> <span class='ocrx_word' id='word_1_274' title='bbox 1242 2652 1295 2706; x_wconf 93' lang='lat' dir='ltr'><strong>ctu</strong></span> <span class='ocrx_word' id='word_1_275' title='bbox 1310 2643 1433 2706; x_wconf 82' lang='lat' dir='ltr'><strong>cohaerc</strong></span> <span class='ocrx_word' id='word_1_276' title='bbox 1448 2651 1480 2706; x_wconf 88' lang='lat' dir='ltr'><strong>et</strong></span> <span class='ocrx_word' id='word_1_277' title='bbox 1496 2642 1608 2705; x_wconf 89' lang='lat' dir='ltr'><strong>insiste</strong></span> <span class='ocrx_word' id='word_1_278' title='bbox 1618 2642 1800 2706; x_wconf 89' lang='lat' dir='ltr'><strong>virtutibus.</strong></span> <span class='ocrx_word' id='word_1_279' title='bbox 1818 2645 1986 2718; x_wconf 73' lang='lat' dir='ltr'><strong>Interropo</strong></span> 
     </span>
     <span class='ocr_line' id='line_1_23' title="bbox 444 2738 1987 2823; baseline -0.001 -21"><span class='ocrx_word' id='word_1_280' title='bbox 444 2749 511 2802; x_wconf 89' lang='lat' dir='ltr'><strong>tum</strong></span> <span class='ocrx_word' id='word_1_281' title='bbox 528 2749 576 2802; x_wconf 90' lang='lat' dir='ltr'><strong>cst</strong></span> <span class='ocrx_word' id='word_1_282' title='bbox 597 2739 626 2803; x_wconf 89' lang='lat' dir='ltr'><strong>ei</strong></span> <span class='ocrx_word' id='word_1_283' title='bbox 649 2740 779 2818; x_wconf 87' lang='lat' dir='ltr'><strong>serviro,</strong></span> <span class='ocrx_word' id='word_1_284' title='bbox 797 2759 835 2804; x_wconf 91' lang='lat' dir='ltr'><strong>co</strong></span> <span class='ocrx_word' id='word_1_285' title='bbox 850 2741 935 2823; x_wconf 93' lang='lat' dir='ltr'><strong>quod</strong></span> <span class='ocrx_word' id='word_1_286' title='bbox 952 2740 1112 2803; x_wconf 84' lang='lat' dir='ltr'><strong>neminem</strong></span> <span class='ocrx_word' id='word_1_287' title='bbox 1134 2738 1189 2800; x_wconf 86' lang='lat' dir='ltr'><strong>lal—</strong></span> <span class='ocrx_word' id='word_1_288' title='bbox 1238 2752 1366 2819; x_wconf 84' lang='lat' dir='ltr'><strong>potrem</strong></span> <span class='ocrx_word' id='word_1_289' title='bbox 1387 2751 1492 2812; x_wconf 73' lang='lat' dir='ltr'><strong>titum,</strong></span> <span class='ocrx_word' id='word_1_290' title='bbox 1509 2740 1542 2803; x_wconf 93' lang='lat' dir='ltr'><strong>id</strong></span> <span class='ocrx_word' id='word_1_291' title='bbox 1558 2740 1659 2816; x_wconf 63' lang='lat' dir='ltr'><strong>estin</strong></span> <span class='ocrx_word' id='word_1_292' title='bbox 1676 2739 1764 2803; x_wconf 89' lang='lat' dir='ltr'><strong>omni</strong></span> <span class='ocrx_word' id='word_1_293' title='bbox 1779 2739 1987 2820; x_wconf 81' lang='lat' dir='ltr'><strong>ambiguitate</strong></span> 
     </span>
     <span class='ocr_line' id='line_1_24' title="bbox 443 2837 1988 2922; baseline -0.002 -22"><span class='ocrx_word' id='word_1_294' title='bbox 443 2837 498 2914; x_wconf 88' lang='lat' dir='ltr'><strong>lat,</strong></span> <span class='ocrx_word' id='word_1_295' title='bbox 521 2838 586 2902; x_wconf 89' lang='lat' dir='ltr'><strong>imo</strong></span> <span class='ocrx_word' id='word_1_296' title='bbox 608 2839 692 2902; x_wconf 89' lang='lat' dir='ltr'><strong>ultra</strong></span> <span class='ocrx_word' id='word_1_297' title='bbox 716 2839 911 2920; x_wconf 84' lang='lat' dir='ltr'><strong>condignum</strong></span> <span class='ocrx_word' id='word_1_298' title='bbox 937 2845 1137 2912; x_wconf 83' lang='lat' dir='ltr'><strong>remunerct3</strong></span> <span class='ocrx_word' id='word_1_299' title='bbox 1158 2848 1189 2898; x_wconf 87' lang='lat' dir='ltr'><strong>ct</strong></span> <span class='ocrx_word' id='word_1_300' title='bbox 1242 2840 1282 2901; x_wconf 87' lang='lat' dir='ltr'><strong>ad</strong></span> <span class='ocrx_word' id='word_1_301' title='bbox 1297 2838 1507 2922; x_wconf 86' lang='lat' dir='ltr'><strong>sapientiores</strong></span> <span class='ocrx_word' id='word_1_302' title='bbox 1529 2848 1561 2902; x_wconf 91' lang='lat' dir='ltr'><strong>et</strong></span> <span class='ocrx_word' id='word_1_303' title='bbox 1583 2838 1764 2922; x_wconf 88' lang='lat' dir='ltr'><strong>superiores</strong></span> <span class='ocrx_word' id='word_1_304' title='bbox 1779 2837 1863 2900; x_wconf 89' lang='lat' dir='ltr'><strong>habe</strong></span> <span class='ocrx_word' id='word_1_305' title='bbox 1884 2856 1988 2900; x_wconf 91' lang='lat' dir='ltr'><strong>recur-</strong></span> 
     </span>
     <span class='ocr_line' id='line_1_25' title="bbox 443 2936 1988 3020; baseline 0.001 -24"><span class='ocrx_word' id='word_1_306' title='bbox 443 2939 559 3016; x_wconf 81' lang='lat' dir='ltr'><strong>absqoe</strong></span> <span class='ocrx_word' id='word_1_307' title='bbox 583 2941 651 2997; x_wconf 85' lang='lat' dir='ltr'><strong>utta</strong></span> <span class='ocrx_word' id='word_1_308' title='bbox 671 2939 859 3017; x_wconf 80' lang='lat' dir='ltr'><strong>iniquitate,</strong></span> <span class='ocrx_word' id='word_1_309' title='bbox 872 2941 985 3014; x_wconf 81' lang='lat' dir='ltr'><strong>justus</strong></span> <span class='ocrx_word' id='word_1_310' title='bbox 1006 2947 1035 2998; x_wconf 85' lang='lat' dir='ltr'><strong>ct</strong></span> <span class='ocrx_word' id='word_1_311' title='bbox 1056 2947 1162 2997; x_wconf 71' lang='lat' dir='ltr'><strong>rectora</strong></span> <span class='ocrx_word' id='word_1_312' title='bbox 1176 2958 1188 2996; x_wconf 86' lang='lat'><strong>.·</strong></span> <span class='ocrx_word' id='word_1_313' title='bbox 1243 2958 1325 3015; x_wconf 87' lang='lat' dir='ltr'><strong>sum,</strong></span> <span class='ocrx_word' id='word_1_314' title='bbox 1338 2957 1445 3020; x_wconf 76' lang='lat' dir='ltr'><strong>quere</strong></span> <span class='ocrx_word' id='word_1_315' title='bbox 1460 2936 1988 3013; x_wconf 88' lang='lat' dir='ltr'><strong>consilium,inlormationemarn-</strong></span> 
     </span>
     <span class='ocr_line' id='line_1_26' title="bbox 444 3034 1989 3119; baseline -0.001 -23"><span class='ocrx_word' id='word_1_316' title='bbox 444 3034 516 3098; x_wconf 87' lang='lat' dir='ltr'><strong>ideo</strong></span> <span class='ocrx_word' id='word_1_317' title='bbox 537 3034 691 3097; x_wconf 87' lang='lat' dir='ltr'><strong>debemus</strong></span> <span class='ocrx_word' id='word_1_318' title='bbox 713 3034 741 3098; x_wconf 91' lang='lat' dir='ltr'><strong>ei</strong></span> <span class='ocrx_word' id='word_1_319' title='bbox 764 3035 797 3096; x_wconf 91' lang='lat' dir='ltr'><strong>in</strong></span> <span class='ocrx_word' id='word_1_320' title='bbox 822 3035 988 3098; x_wconf 86' lang='lat' dir='ltr'><strong>sanctitate</strong></span> <span class='ocrx_word' id='word_1_321' title='bbox 1009 3043 1041 3097; x_wconf 88' lang='lat' dir='ltr'><strong>ct</strong></span> <span class='ocrx_word' id='word_1_322' title='bbox 1065 3034 1189 3115; x_wconf 85' lang='lat' dir='ltr'><strong>justitia</strong></span> <span class='ocrx_word' id='word_1_323' title='bbox 1205 3039 1228 3102; x_wconf 85' lang='lat' dir='ltr'>C</span> <span class='ocrx_word' id='word_1_324' title='bbox 1243 3037 1989 3119; x_wconf 66' lang='lat' dir='ltr'><strong>plectcro.Qoondodividebotrttttrsimosqen-</strong></span> 
     </span>
     <span class='ocr_line' id='line_1_27' title="bbox 442 3131 1987 3216; baseline 0 -22"><span class='ocrx_word' id='word_1_325' title='bbox 442 3133 561 3214; x_wconf 84' lang='lat' dir='ltr'><strong>jugiter</strong></span> <span class='ocrx_word' id='word_1_326' title='bbox 584 3132 754 3209; x_wconf 87' lang='lat' dir='ltr'><strong>deservire,</strong></span> <span class='ocrx_word' id='word_1_327' title='bbox 772 3142 803 3196; x_wconf 91' lang='lat' dir='ltr'><strong>et</strong></span> <span class='ocrx_word' id='word_1_328' title='bbox 827 3151 954 3196; x_wconf 88' lang='lat' dir='ltr'><strong>omnem</strong></span> <span class='ocrx_word' id='word_1_329' title='bbox 977 3153 1066 3196; x_wconf 71' lang='lat' dir='ltr'><strong>vanae</strong></span> <span class='ocrx_word' id='word_1_330' title='bbox 1089 3133 1189 3196; x_wconf 87' lang='lat' dir='ltr'><strong>intcn-</strong></span> <span class='ocrx_word' id='word_1_331' title='bbox 1245 3146 1297 3196; x_wconf 77' lang='lat' dir='ltr'><strong>tes.</strong></span> <span class='ocrx_word' id='word_1_332' title='bbox 1325 3135 1479 3216; x_wconf 88' lang='lat' dir='ltr'><strong>Tempore</strong></span> <span class='ocrx_word' id='word_1_333' title='bbox 1503 3132 1739 3216; x_wconf 75' lang='lat' dir='ltr'><strong>praedicationis</strong></span> <span class='ocrx_word' id='word_1_334' title='bbox 1763 3131 1987 3214; x_wconf 76' lang='lat' dir='ltr'><strong>Apostolorum</strong></span> 
     </span>
     <span class='ocr_line' id='line_1_28' title="bbox 444 3230 1987 3315; baseline -0.001 -22"><span class='ocrx_word' id='word_1_335' title='bbox 444 3231 542 3294; x_wconf 88' lang='lat' dir='ltr'><strong>tionis</strong></span> <span class='ocrx_word' id='word_1_336' title='bbox 556 3251 591 3294; x_wconf 87' lang='lat' dir='ltr'><strong>ao</strong></span> <span class='ocrx_word' id='word_1_337' title='bbox 606 3231 677 3294; x_wconf 86' lang='lat' dir='ltr'><strong>vitii</strong></span> <span class='ocrx_word' id='word_1_338' title='bbox 694 3231 915 3313; x_wconf 87' lang='lat' dir='ltr'><strong>obliquitatem</strong></span> <span class='ocrx_word' id='word_1_339' title='bbox 931 3231 1041 3296; x_wconf 91' lang='lat' dir='ltr'><strong>vitare.</strong></span> <span class='ocrx_word' id='word_1_340' title='bbox 1054 3235 1190 3292; x_wconf 83' lang='lat' dir='ltr'><strong>Genera-</strong></span> <span class='ocrx_word' id='word_1_341' title='bbox 1243 3252 1300 3315; x_wconf 87' lang='lat' dir='ltr'><strong>por</strong></span> <span class='ocrx_word' id='word_1_342' title='bbox 1316 3241 1417 3294; x_wconf 89' lang='lat' dir='ltr'><strong>totum</strong></span> <span class='ocrx_word' id='word_1_343' title='bbox 1428 3231 1549 3308; x_wconf 89' lang='lat' dir='ltr'><strong>orbern,</strong></span> <span class='ocrx_word' id='word_1_344' title='bbox 1567 3232 1648 3293; x_wconf 87' lang='lat' dir='ltr'><strong>Deus</strong></span> <span class='ocrx_word' id='word_1_345' title='bbox 1665 3230 1866 3312; x_wconf 87' lang='lat' dir='ltr'><strong>potissimum</strong></span> <span class='ocrx_word' id='word_1_346' title='bbox 1877 3239 1987 3311; x_wconf 85' lang='lat' dir='ltr'><strong>gentes</strong></span> 
     </span>
     <span class='ocr_line' id='line_1_29' title="bbox 446 3328 1988 3411; baseline 0 -21"><span class='ocrx_word' id='word_1_347' title='bbox 446 3332 489 3390; x_wconf 82' lang='lat' dir='ltr'><strong>tio</strong></span> <span class='ocrx_word' id='word_1_348' title='bbox 508 3351 613 3408; x_wconf 65' lang='lat' dir='ltr'><strong>proruo</strong></span> <span class='ocrx_word' id='word_1_349' title='bbox 633 3341 728 3410; x_wconf 79' lang='lat' dir='ltr'><strong>atque</strong></span> <span class='ocrx_word' id='word_1_350' title='bbox 739 3351 902 3408; x_wconf 82' lang='lat' dir='ltr'><strong>perverso,</strong></span> <span class='ocrx_word' id='word_1_351' title='bbox 925 3333 1061 3392; x_wconf 76' lang='lat' dir='ltr'><strong>hoccine</strong></span> <span class='ocrx_word' id='word_1_352' title='bbox 1080 3332 1190 3390; x_wconf 84' lang='lat' dir='ltr'><strong>reddis</strong></span> <span class='ocrx_word' id='word_1_353' title='bbox 1244 3331 1365 3407; x_wconf 84' lang='lat' dir='ltr'><strong>divisit,</strong></span> <span class='ocrx_word' id='word_1_354' title='bbox 1388 3329 1420 3392; x_wconf 89' lang='lat' dir='ltr'><strong>id</strong></span> <span class='ocrx_word' id='word_1_355' title='bbox 1446 3338 1504 3405; x_wconf 86' lang='lat' dir='ltr'><strong>ost,</strong></span> <span class='ocrx_word' id='word_1_356' title='bbox 1532 3330 1616 3391; x_wconf 89' lang='lat' dir='ltr'><strong>inlcr</strong></span> <span class='ocrx_word' id='word_1_357' title='bbox 1639 3328 1757 3392; x_wconf 85' lang='lat' dir='ltr'><strong>eleetos</strong></span> <span class='ocrx_word' id='word_1_358' title='bbox 1780 3336 1812 3391; x_wconf 85' lang='lat' dir='ltr'><strong>el</strong></span> <span class='ocrx_word' id='word_1_359' title='bbox 1836 3328 1988 3411; x_wconf 78' lang='lat' dir='ltr'><strong>reprobos</strong></span> 
     </span>
     <span class='ocr_line' id='line_1_30' title="bbox 444 3427 1988 3511; baseline -0.001 -20"><span class='ocrx_word' id='word_1_360' title='bbox 444 3430 594 3501; x_wconf 83' lang='lat' dir='ltr'><strong>Domino,</strong></span> <span class='ocrx_word' id='word_1_361' title='bbox 608 3433 728 3506; x_wconf 80' lang='lat' dir='ltr'><strong>popule</strong></span> <span class='ocrx_word' id='word_1_362' title='bbox 742 3434 837 3490; x_wconf 84' lang='lat' dir='ltr'><strong>stulte</strong></span> <span class='ocrx_word' id='word_1_363' title='bbox 852 3439 881 3490; x_wconf 84' lang='lat' dir='ltr'><strong>ct</strong></span> <span class='ocrx_word' id='word_1_364' title='bbox 899 3431 1057 3507; x_wconf 82' lang='lat' dir='ltr'><strong>insipiens</strong></span> <span class='ocrx_word' id='word_1_365' title='bbox 1073 3431 1088 3489; x_wconf 82' lang='lat'><em>?</em></span> <span class='ocrx_word' id='word_1_366' title='bbox 1104 3429 1189 3490; x_wconf 90' lang='lat' dir='ltr'><strong>lstud</strong></span> <span class='ocrx_word' id='word_1_367' title='bbox 1243 3428 1399 3511; x_wconf 86' lang='lat' dir='ltr'><strong>judicium</strong></span> <span class='ocrx_word' id='word_1_368' title='bbox 1414 3427 1616 3491; x_wconf 85' lang='lat' dir='ltr'><strong>discretionis</strong></span> <span class='ocrx_word' id='word_1_369' title='bbox 1630 3427 1908 3503; x_wconf 74' lang='lat' dir='ltr'><strong>exhibuitelectos</strong></span> <span class='ocrx_word' id='word_1_370' title='bbox 1923 3445 1988 3506; x_wconf 87' lang='lat' dir='ltr'><strong>gra·</strong></span> 
     </span>
     <span class='ocr_line' id='line_1_31' title="bbox 444 3525 1988 3609; baseline -0.001 -21"><span class='ocrx_word' id='word_1_371' title='bbox 444 3525 667 3603; x_wconf 89' lang='lat' dir='ltr'><strong>dicendum,ct</strong></span> <span class='ocrx_word' id='word_1_372' title='bbox 681 3526 747 3589; x_wconf 90' lang='lat' dir='ltr'><strong>zelo</strong></span> <span class='ocrx_word' id='word_1_373' title='bbox 762 3527 893 3607; x_wconf 75' lang='lat' dir='ltr'><strong>justitie</strong></span> <span class='ocrx_word' id='word_1_374' title='bbox 910 3527 1189 3609; x_wconf 87' lang='lat' dir='ltr'><strong>improperandum</strong></span> <span class='ocrx_word' id='word_1_375' title='bbox 1245 3529 1324 3591; x_wconf 90' lang='lat' dir='ltr'><strong>tiose</strong></span> <span class='ocrx_word' id='word_1_376' title='bbox 1346 3528 1500 3603; x_wconf 87' lang='lat' dir='ltr'><strong>vocando,</strong></span> <span class='ocrx_word' id='word_1_377' title='bbox 1518 3535 1550 3589; x_wconf 89' lang='lat' dir='ltr'><strong>et</strong></span> <span class='ocrx_word' id='word_1_378' title='bbox 1573 3526 1725 3608; x_wconf 89' lang='lat' dir='ltr'><strong>reprobos</strong></span> <span class='ocrx_word' id='word_1_379' title='bbox 1748 3527 1833 3608; x_wconf 87' lang='lat' dir='ltr'><strong>juste</strong></span> <span class='ocrx_word' id='word_1_380' title='bbox 1852 3526 1988 3588; x_wconf 87' lang='lat' dir='ltr'><strong>derclin-</strong></span> 
     </span>
     <span class='ocr_line' id='line_1_32' title="bbox 445 3623 1987 3708; baseline -0.002 -22"><span class='ocrx_word' id='word_1_381' title='bbox 445 3633 492 3686; x_wconf 90' lang='lat' dir='ltr'><strong>ost</strong></span> <span class='ocrx_word' id='word_1_382' title='bbox 516 3624 603 3687; x_wconf 91' lang='lat' dir='ltr'><strong>omni</strong></span> <span class='ocrx_word' id='word_1_383' title='bbox 627 3643 724 3707; x_wconf 91' lang='lat' dir='ltr'><strong>pravo</strong></span> <span class='ocrx_word' id='word_1_384' title='bbox 745 3626 915 3702; x_wconf 87' lang='lat' dir='ltr'><strong>consortio,</strong></span> <span class='ocrx_word' id='word_1_385' title='bbox 938 3623 1190 3705; x_wconf 88' lang='lat' dir='ltr'><strong>congregationi·</strong></span> <span class='ocrx_word' id='word_1_386' title='bbox 1244 3626 1987 3708; x_wconf 71' lang='lat' dir='ltr'><strong>quondo.Tuncqueconstttot[tterminoapopo</strong></span> 
     </span>
     <span class='ocr_line' id='line_1_33' title="bbox 446 3721 1986 3804; baseline 0 -20"><span class='ocrx_word' id='word_1_387' title='bbox 446 3721 570 3804; x_wconf 88' lang='lat' dir='ltr'><strong>busque</strong></span> <span class='ocrx_word' id='word_1_388' title='bbox 582 3721 701 3804; x_wconf 86' lang='lat' dir='ltr'><strong>iniquis</strong></span> <span class='ocrx_word' id='word_1_389' title='bbox 717 3732 747 3785; x_wconf 91' lang='lat' dir='ltr'><strong>et</strong></span> <span class='ocrx_word' id='word_1_390' title='bbox 763 3722 921 3786; x_wconf 86' lang='lat' dir='ltr'><strong>univorsis</strong></span> <span class='ocrx_word' id='word_1_391' title='bbox 937 3721 1127 3786; x_wconf 85' lang='lat' dir='ltr'><strong>Christianis</strong></span> <span class='ocrx_word' id='word_1_392' title='bbox 1143 3722 1190 3783; x_wconf 93' lang='lat' dir='ltr'><strong>in·</strong></span> <span class='ocrx_word' id='word_1_393' title='bbox 1245 3730 1350 3786; x_wconf 81' lang='lat' dir='ltr'><strong>lorum</strong></span> <span class='ocrx_word' id='word_1_394' title='bbox 1359 3726 1463 3802; x_wconf 67' lang='lat' dir='ltr'><strong>juxta</strong></span> <span class='ocrx_word' id='word_1_395' title='bbox 1478 3745 1651 3785; x_wconf 69' lang='lat' dir='ltr'><strong>neumarum</strong></span> <span class='ocrx_word' id='word_1_396' title='bbox 1666 3725 1812 3801; x_wconf 78' lang='lat' dir='ltr'><strong>filiorum</strong></span> <span class='ocrx_word' id='word_1_397' title='bbox 1826 3727 1942 3794; x_wconf 80' lang='lat' dir='ltr'><strong>Israel,</strong></span> <span class='ocrx_word' id='word_1_398' title='bbox 1956 3723 1986 3784; x_wconf 84' lang='lat' dir='ltr'><strong>id</strong></span> 
     </span>
     <span class='ocr_line' id='line_1_34' title="bbox 446 3819 1987 3903; baseline 0 -21"><span class='ocrx_word' id='word_1_399' title='bbox 446 3821 555 3902; x_wconf 83' lang='lat' dir='ltr'><strong>gratis,</strong></span> <span class='ocrx_word' id='word_1_400' title='bbox 573 3821 628 3902; x_wconf 90' lang='lat' dir='ltr'><strong>qui</strong></span> <span class='ocrx_word' id='word_1_401' title='bbox 647 3822 734 3884; x_wconf 91' lang='lat' dir='ltr'><strong>omni</strong></span> <span class='ocrx_word' id='word_1_402' title='bbox 750 3821 828 3884; x_wconf 92' lang='lat' dir='ltr'><strong>hora</strong></span> <span class='ocrx_word' id='word_1_403' title='bbox 848 3840 978 3903; x_wconf 87' lang='lat' dir='ltr'><strong>peccare</strong></span> <span class='ocrx_word' id='word_1_404' title='bbox 1001 3839 1065 3884; x_wconf 93' lang='lat' dir='ltr'><strong>non</strong></span> <span class='ocrx_word' id='word_1_405' title='bbox 1081 3819 1191 3883; x_wconf 87' lang='lat' dir='ltr'><strong>erube·</strong></span> <span class='ocrx_word' id='word_1_406' title='bbox 1245 3823 1487 3900; x_wconf 88' lang='lat' dir='ltr'><strong>est,secundum</strong></span> <span class='ocrx_word' id='word_1_407' title='bbox 1506 3840 1674 3884; x_wconf 87' lang='lat' dir='ltr'><strong>numerum</strong></span> <span class='ocrx_word' id='word_1_408' title='bbox 1684 3821 1908 3903; x_wconf 83' lang='lat' dir='ltr'><strong>Apostolorum</strong></span> <span class='ocrx_word' id='word_1_409' title='bbox 1923 3821 1987 3902; x_wconf 91' lang='lat' dir='ltr'><strong>qui-</strong></span> 
     </span>
    </p>
   </div>
   <div class='ocr_carea' id='block_1_3' title="bbox 297 3919 2104 5380">
    <p class='ocr_par' dir='ltr' id='par_1_5' title="bbox 297 3919 2104 5380">
     <span class='ocr_line' id='line_1_35' title="bbox 446 3919 1987 4002; baseline -0.001 -21"><span class='ocrx_word' id='word_1_410' title='bbox 446 3929 539 3982; x_wconf 90' lang='lat' dir='ltr'><strong>sount</strong></span> <span class='ocrx_word' id='word_1_411' title='bbox 563 3940 648 3983; x_wconf 90' lang='lat' dir='ltr'><strong>nunc</strong></span> <span class='ocrx_word' id='word_1_412' title='bbox 674 3919 733 3984; x_wconf 92' lang='lat' dir='ltr'><strong>sub</strong></span> <span class='ocrx_word' id='word_1_413' title='bbox 756 3921 939 4000; x_wconf 84' lang='lat' dir='ltr'><strong>evangelica</strong></span> <span class='ocrx_word' id='word_1_414' title='bbox 964 3920 1044 4000; x_wconf 85' lang='lat' dir='ltr'><strong>lege,</strong></span> <span class='ocrx_word' id='word_1_415' title='bbox 1063 3920 1190 4002; x_wconf 88' lang='lat' dir='ltr'><strong>quando</strong></span> <span class='ocrx_word' id='word_1_416' title='bbox 1244 3922 1305 3984; x_wconf 92' lang='lat' dir='ltr'><strong>bus</strong></span> <span class='ocrx_word' id='word_1_417' title='bbox 1319 3921 1430 3984; x_wconf 84' lang='lat' dir='ltr'><strong>orbern</strong></span> <span class='ocrx_word' id='word_1_418' title='bbox 1454 3929 1609 3984; x_wconf 84' lang='lat' dir='ltr'><strong>terrarum</strong></span> <span class='ocrx_word' id='word_1_419' title='bbox 1630 3919 1739 3982; x_wconf 87' lang='lat' dir='ltr'><strong>divisit</strong></span> <span class='ocrx_word' id='word_1_420' title='bbox 1759 3919 1799 3981; x_wconf 90' lang='lat' dir='ltr'><strong>ad</strong></span> <span class='ocrx_word' id='word_1_421' title='bbox 1815 3919 1987 4001; x_wconf 80' lang='lat' dir='ltr'><strong>pradican-</strong></span> 
     </span>
     <span class='ocr_line' id='line_1_36' title="bbox 307 4017 2104 4100; baseline -0.004 -19"><span class='ocrx_word' id='word_1_422' title='bbox 307 4030 430 4080; x_wconf 72' lang='lat' dir='ltr'><strong>ttoarnrv.</strong></span> <span class='ocrx_word' id='word_1_423' title='bbox 447 4019 527 4081; x_wconf 81' lang='lat' dir='ltr'><strong>Deris</strong></span> <span class='ocrx_word' id='word_1_424' title='bbox 542 4020 632 4083; x_wconf 87' lang='lat' dir='ltr'><strong>Pater</strong></span> <span class='ocrx_word' id='word_1_425' title='bbox 648 4019 847 4098; x_wconf 85' lang='lat' dir='ltr'><strong>unigenitum</strong></span> <span class='ocrx_word' id='word_1_426' title='bbox 864 4019 977 4081; x_wconf 83' lang='lat' dir='ltr'><strong>Filium</strong></span> <span class='ocrx_word' id='word_1_427' title='bbox 994 4039 1087 4081; x_wconf 92' lang='lat' dir='ltr'><strong>suurn</strong></span> <span class='ocrx_word' id='word_1_428' title='bbox 1103 4019 1191 4080; x_wconf 89' lang='lat' dir='ltr'><strong>misit</strong></span> <span class='ocrx_word' id='word_1_429' title='bbox 1245 4021 1339 4096; x_wconf 91' lang='lat' dir='ltr'><strong>dum,</strong></span> <span class='ocrx_word' id='word_1_430' title='bbox 1364 4017 1594 4100; x_wconf 87' lang='lat' dir='ltr'><strong>constituitque</strong></span> <span class='ocrx_word' id='word_1_431' title='bbox 1618 4036 1673 4081; x_wconf 90' lang='lat' dir='ltr'><strong>eos</strong></span> <span class='ocrx_word' id='word_1_432' title='bbox 1703 4017 1865 4099; x_wconf 87' lang='lat' dir='ltr'><strong>principes</strong></span> <span class='ocrx_word' id='word_1_433' title='bbox 1893 4035 1987 4098; x_wconf 86' lang='lat' dir='ltr'><strong>super</strong></span> <span class='ocrx_word' id='word_1_434' title='bbox 1999 4031 2104 4075; x_wconf 65' lang='lat' dir='ltr'><strong>runo.</strong></span> 
     </span>
     <span class='ocr_line' id='line_1_37' title="bbox 297 4097 1986 4206; baseline -0.004 -27"><span class='ocrx_word' id='word_1_435' title='bbox 297 4097 431 4206; x_wconf 49' lang='lat' dir='ltr'><strong>lam„</strong></span> <span class='ocrx_word' id='word_1_436' title='bbox 447 4117 481 4179; x_wconf 91' lang='lat' dir='ltr'><strong>in</strong></span> <span class='ocrx_word' id='word_1_437' title='bbox 498 4119 704 4196; x_wconf 90' lang='lat' dir='ltr'><strong>mundum,ct</strong></span> <span class='ocrx_word' id='word_1_438' title='bbox 719 4136 777 4200; x_wconf 95' lang='lat' dir='ltr'><strong>pro</strong></span> <span class='ocrx_word' id='word_1_439' title='bbox 788 4118 937 4181; x_wconf 88' lang='lat' dir='ltr'><strong>omnibus</strong></span> <span class='ocrx_word' id='word_1_440' title='bbox 954 4117 1045 4182; x_wconf 88' lang='lat' dir='ltr'><strong>nobis</strong></span> <span class='ocrx_word' id='word_1_441' title='bbox 1062 4117 1192 4180; x_wconf 87' lang='lat' dir='ltr'><strong>tradidit</strong></span> <span class='ocrx_word' id='word_1_442' title='bbox 1246 4132 1374 4177; x_wconf 87' lang='lat' dir='ltr'><strong>omncrn</strong></span> <span class='ocrx_word' id='word_1_443' title='bbox 1396 4121 1524 4189; x_wconf 89' lang='lat' dir='ltr'><strong>terram,</strong></span> <span class='ocrx_word' id='word_1_444' title='bbox 1541 4121 1573 4175; x_wconf 87' lang='lat' dir='ltr'><strong>et</strong></span> <span class='ocrx_word' id='word_1_445' title='bbox 1592 4111 1766 4192; x_wconf 89' lang='lat' dir='ltr'><strong>unicuique</strong></span> <span class='ocrx_word' id='word_1_446' title='bbox 1786 4130 1877 4172; x_wconf 89' lang='lat' dir='ltr'><strong>suam</strong></span> <span class='ocrx_word' id='word_1_447' title='bbox 1891 4131 1986 4192; x_wconf 90' lang='lat' dir='ltr'><strong>quam</strong></span> 
     </span>
     <span class='ocr_line' id='line_1_38' title="bbox 298 4209 1984 4299; baseline -0.005 -21"><span class='ocrx_word' id='word_1_448' title='bbox 298 4221 331 4260; x_wconf 81' lang='lat'><strong>³²·</strong></span> <span class='ocrx_word' id='word_1_449' title='bbox 449 4215 551 4292; x_wconf 88' lang='lat' dir='ltr'><strong>illum,</strong></span> <span class='ocrx_word' id='word_1_450' title='bbox 564 4225 595 4278; x_wconf 90' lang='lat' dir='ltr'><strong>et</strong></span> <span class='ocrx_word' id='word_1_451' title='bbox 611 4217 679 4299; x_wconf 91' lang='lat' dir='ltr'><strong>ipse</strong></span> <span class='ocrx_word' id='word_1_452' title='bbox 695 4217 808 4280; x_wconf 89' lang='lat' dir='ltr'><strong>unicus</strong></span> <span class='ocrx_word' id='word_1_453' title='bbox 825 4218 879 4280; x_wconf 88' lang='lat' dir='ltr'><strong>Dei</strong></span> <span class='ocrx_word' id='word_1_454' title='bbox 896 4216 1005 4293; x_wconf 86' lang='lat' dir='ltr'><strong>Filius,</strong></span> <span class='ocrx_word' id='word_1_455' title='bbox 1020 4223 1065 4279; x_wconf 89' lang='lat' dir='ltr'><strong>tot</strong></span> <span class='ocrx_word' id='word_1_456' title='bbox 1080 4225 1111 4280; x_wconf 90' lang='lat' dir='ltr'><strong>et</strong></span> <span class='ocrx_word' id='word_1_457' title='bbox 1126 4225 1192 4278; x_wconf 91' lang='lat' dir='ltr'><strong>tan·</strong></span> <span class='ocrx_word' id='word_1_458' title='bbox 1207 4220 1232 4281; x_wconf 88' lang='lat' dir='ltr'>D</span> <span class='ocrx_word' id='word_1_459' title='bbox 1245 4211 1404 4277; x_wconf 87' lang='lat' dir='ltr'><strong>convertit</strong></span> <span class='ocrx_word' id='word_1_460' title='bbox 1427 4231 1464 4273; x_wconf 91' lang='lat' dir='ltr'><strong>ac</strong></span> <span class='ocrx_word' id='word_1_461' title='bbox 1491 4210 1585 4286; x_wconf 85' lang='lat' dir='ltr'><strong>rexit,</strong></span> <span class='ocrx_word' id='word_1_462' title='bbox 1612 4210 1776 4292; x_wconf 87' lang='lat' dir='ltr'><strong>deputavit</strong></span> <span class='ocrx_word' id='word_1_463' title='bbox 1800 4209 1984 4272; x_wconf 84' lang='lat' dir='ltr'><strong>Ecclesiam.</strong></span> 
     </span>
     <span class='ocr_line' id='line_1_39' title="bbox 448 4308 1988 4396; baseline -0.005 -21"><span class='ocrx_word' id='word_1_464' title='bbox 448 4323 478 4376; x_wconf 91' lang='lat' dir='ltr'><strong>ta</strong></span> <span class='ocrx_word' id='word_1_465' title='bbox 495 4333 552 4396; x_wconf 92' lang='lat' dir='ltr'><strong>pro</strong></span> <span class='ocrx_word' id='word_1_466' title='bbox 573 4323 681 4378; x_wconf 91' lang='lat' dir='ltr'><strong>nostra</strong></span> <span class='ocrx_word' id='word_1_467' title='bbox 702 4315 778 4378; x_wconf 87' lang='lat' dir='ltr'><strong>lecit</strong></span> <span class='ocrx_word' id='word_1_468' title='bbox 800 4335 837 4379; x_wconf 91' lang='lat' dir='ltr'><strong>ac</strong></span> <span class='ocrx_word' id='word_1_469' title='bbox 859 4315 1006 4378; x_wconf 88' lang='lat' dir='ltr'><strong>toleravit</strong></span> <span class='ocrx_word' id='word_1_470' title='bbox 1031 4315 1142 4392; x_wconf 89' lang='lat' dir='ltr'><strong>salute,</strong></span> <span class='ocrx_word' id='word_1_471' title='bbox 1160 4323 1192 4378; x_wconf 87' lang='lat' dir='ltr'><strong>et</strong></span> <span class='ocrx_word' id='word_1_472' title='bbox 1246 4312 1344 4373; x_wconf 88' lang='lat' dir='ltr'><strong>Erant</strong></span> <span class='ocrx_word' id='word_1_473' title='bbox 1367 4319 1473 4372; x_wconf 86' lang='lat' dir='ltr'><strong>autem</strong></span> <span class='ocrx_word' id='word_1_474' title='bbox 1494 4309 1635 4390; x_wconf 79' lang='lat' dir='ltr'><strong>Apostoli</strong></span> <span class='ocrx_word' id='word_1_475' title='bbox 1662 4308 1725 4370; x_wconf 85' lang='lat' dir='ltr'><strong>filii</strong></span> <span class='ocrx_word' id='word_1_476' title='bbox 1751 4308 1856 4383; x_wconf 83' lang='lat' dir='ltr'><strong>lsrael,</strong></span> <span class='ocrx_word' id='word_1_477' title='bbox 1883 4308 1917 4370; x_wconf 92' lang='lat' dir='ltr'><strong>id</strong></span> <span class='ocrx_word' id='word_1_478' title='bbox 1942 4317 1988 4371; x_wconf 82' lang='lat' dir='ltr'><strong>est</strong></span> 
     </span>
     <span class='ocr_line' id='line_1_40' title="bbox 300 4405 1988 4494; baseline -0.005 -18"><span class='ocrx_word' id='word_1_479' title='bbox 300 4432 430 4484; x_wconf 67' lang='lat' dir='ltr'><strong>eeteros.</strong></span> <span class='ocrx_word' id='word_1_480' title='bbox 447 4413 601 4494; x_wconf 89' lang='lat' dir='ltr'><strong>Spiritum</strong></span> <span class='ocrx_word' id='word_1_481' title='bbox 616 4413 766 4476; x_wconf 87' lang='lat' dir='ltr'><strong>Sanctum</strong></span> <span class='ocrx_word' id='word_1_482' title='bbox 782 4414 1191 4491; x_wconf 87' lang='lat' dir='ltr'><strong>misitincordanostra,se</strong></span> <span class='ocrx_word' id='word_1_483' title='bbox 1246 4409 1378 4485; x_wconf 90' lang='lat' dir='ltr'><strong>Christi,</strong></span> <span class='ocrx_word' id='word_1_484' title='bbox 1406 4408 1461 4490; x_wconf 90' lang='lat' dir='ltr'><strong>qui</strong></span> <span class='ocrx_word' id='word_1_485' title='bbox 1487 4418 1536 4470; x_wconf 90' lang='lat' dir='ltr'><strong>est</strong></span> <span class='ocrx_word' id='word_1_486' title='bbox 1560 4427 1654 4470; x_wconf 87' lang='lat' dir='ltr'><strong>verus</strong></span> <span class='ocrx_word' id='word_1_487' title='bbox 1679 4416 1711 4470; x_wconf 91' lang='lat' dir='ltr'><strong>et</strong></span> <span class='ocrx_word' id='word_1_488' title='bbox 1737 4405 1988 4488; x_wconf 78' lang='lat' dir='ltr'><strong>perfectissimus</strong></span> 
     </span>
     <span class='ocr_line' id='line_1_41' title="bbox 447 4505 1988 4593; baseline -0.005 -20"><span class='ocrx_word' id='word_1_489' title='bbox 447 4511 552 4593; x_wconf 90' lang='lat' dir='ltr'><strong>ipsum</strong></span> <span class='ocrx_word' id='word_1_490' title='bbox 575 4530 702 4593; x_wconf 92' lang='lat' dir='ltr'><strong>quoquo</strong></span> <span class='ocrx_word' id='word_1_491' title='bbox 724 4511 867 4592; x_wconf 89' lang='lat' dir='ltr'><strong>quotidie</strong></span> <span class='ocrx_word' id='word_1_492' title='bbox 890 4511 982 4574; x_wconf 88' lang='lat' dir='ltr'><strong>nobis</strong></span> <span class='ocrx_word' id='word_1_493' title='bbox 1005 4519 1133 4593; x_wconf 77' lang='lat' dir='ltr'><strong>prestat</strong></span> <span class='ocrx_word' id='word_1_494' title='bbox 1159 4511 1191 4573; x_wconf 90' lang='lat' dir='ltr'><strong>in</strong></span> <span class='ocrx_word' id='word_1_495' title='bbox 1247 4508 1352 4583; x_wconf 87' lang='lat' dir='ltr'><strong>lsrael,</strong></span> <span class='ocrx_word' id='word_1_496' title='bbox 1371 4507 1402 4569; x_wconf 89' lang='lat' dir='ltr'><strong>id</strong></span> <span class='ocrx_word' id='word_1_497' title='bbox 1423 4515 1471 4570; x_wconf 88' lang='lat' dir='ltr'><strong>est</strong></span> <span class='ocrx_word' id='word_1_498' title='bbox 1490 4507 1540 4569; x_wconf 88' lang='lat' dir='ltr'><strong>vir</strong></span> <span class='ocrx_word' id='word_1_499' title='bbox 1560 4505 1672 4570; x_wconf 88' lang='lat' dir='ltr'><strong>videns</strong></span> <span class='ocrx_word' id='word_1_500' title='bbox 1693 4506 1815 4569; x_wconf 89' lang='lat' dir='ltr'><strong>Deum:</strong></span> <span class='ocrx_word' id='word_1_501' title='bbox 1837 4505 1988 4586; x_wconf 91' lang='lat' dir='ltr'><strong>quoniam</strong></span> 
     </span>
     <span class='ocr_line' id='line_1_42' title="bbox 447 4602 1988 4690; baseline -0.005 -18"><span class='ocrx_word' id='word_1_502' title='bbox 447 4609 659 4686; x_wconf 79' lang='lat' dir='ltr'><strong>Sacramenta,</strong></span> <span class='ocrx_word' id='word_1_503' title='bbox 684 4618 715 4672; x_wconf 89' lang='lat' dir='ltr'><strong>ct</strong></span> <span class='ocrx_word' id='word_1_504' title='bbox 740 4609 904 4690; x_wconf 90' lang='lat' dir='ltr'><strong>hucusque</strong></span> <span class='ocrx_word' id='word_1_505' title='bbox 931 4617 994 4671; x_wconf 87' lang='lat' dir='ltr'><strong>tam</strong></span> <span class='ocrx_word' id='word_1_506' title='bbox 1019 4609 1193 4674; x_wconf 86' lang='lat' dir='ltr'><strong>elementer</strong></span> <span class='ocrx_word' id='word_1_507' title='bbox 1247 4607 1287 4670; x_wconf 92' lang='lat' dir='ltr'><strong>ab</strong></span> <span class='ocrx_word' id='word_1_508' title='bbox 1306 4605 1534 4670; x_wconf 87' lang='lat' dir='ltr'><strong>incarnationis</strong></span> <span class='ocrx_word' id='word_1_509' title='bbox 1554 4625 1619 4668; x_wconf 77' lang='lat' dir='ltr'><strong>suae</strong></span> <span class='ocrx_word' id='word_1_510' title='bbox 1638 4604 1767 4668; x_wconf 84' lang='lat' dir='ltr'><strong>exordio</strong></span> <span class='ocrx_word' id='word_1_511' title='bbox 1789 4602 1870 4666; x_wconf 88' lang='lat' dir='ltr'><strong>vidit</strong></span> <span class='ocrx_word' id='word_1_512' title='bbox 1892 4605 1988 4667; x_wconf 82' lang='lat' dir='ltr'><strong>Deum</strong></span> 
     </span>
     <span class='ocr_line' id='line_1_43' title="bbox 446 4705 1990 4791; baseline -0.005 -21"><span class='ocrx_word' id='word_1_513' title='bbox 446 4717 477 4770; x_wconf 91' lang='lat' dir='ltr'><strong>et</strong></span> <span class='ocrx_word' id='word_1_514' title='bbox 491 4709 629 4788; x_wconf 90' lang='lat' dir='ltr'><strong>gratiose</strong></span> <span class='ocrx_word' id='word_1_515' title='bbox 639 4709 704 4787; x_wconf 89' lang='lat' dir='ltr'><strong>egit</strong></span> <span class='ocrx_word' id='word_1_516' title='bbox 719 4707 997 4788; x_wconf 89' lang='lat' dir='ltr'><strong>nobiscom‚cujus</strong></span> <span class='ocrx_word' id='word_1_517' title='bbox 1013 4708 1192 4790; x_wconf 85' lang='lat' dir='ltr'><strong>spiritualia</strong></span> <span class='ocrx_word' id='word_1_518' title='bbox 1247 4727 1304 4791; x_wconf 91' lang='lat' dir='ltr'><strong>per</strong></span> <span class='ocrx_word' id='word_1_519' title='bbox 1319 4705 1469 4789; x_wconf 86' lang='lat' dir='ltr'><strong>speciem.</strong></span> <span class='ocrx_word' id='word_1_520' title='bbox 1482 4709 1567 4768; x_wconf 81' lang='lat' dir='ltr'><strong>Poro</strong></span> <span class='ocrx_word' id='word_1_521' title='bbox 1581 4715 1690 4766; x_wconf 85' lang='lat' dir='ltr'><strong>autem</strong></span> <span class='ocrx_word' id='word_1_522' title='bbox 1705 4705 1838 4765; x_wconf 67' lang='lat' dir='ltr'><strong>Domim</strong></span> <span class='ocrx_word' id='word_1_523' title='bbox 1848 4707 1990 4780; x_wconf 76' lang='lat' dir='ltr'><strong>popolus</strong></span> 
     </span>
     <span class='ocr_line' id='line_1_44' title="bbox 445 4801 1989 4884; baseline -0.005 -14"><span class='ocrx_word' id='word_1_524' title='bbox 445 4805 605 4870; x_wconf 80' lang='lat' dir='ltr'><strong>beneficia</strong></span> <span class='ocrx_word' id='word_1_525' title='bbox 623 4825 809 4869; x_wconf 89' lang='lat' dir='ltr'><strong>enumerare</strong></span> <span class='ocrx_word' id='word_1_526' title='bbox 828 4825 891 4869; x_wconf 93' lang='lat' dir='ltr'><strong>non</strong></span> <span class='ocrx_word' id='word_1_527' title='bbox 911 4807 1059 4869; x_wconf 88' lang='lat' dir='ltr'><strong>valemus.</strong></span> <span class='ocrx_word' id='word_1_528' title='bbox 1072 4806 1192 4880; x_wconf 86' lang='lat' dir='ltr'><strong>Quanta</strong></span> <span class='ocrx_word' id='word_1_529' title='bbox 1245 4809 1326 4884; x_wconf 82' lang='lat' dir='ltr'><strong>ejus.</strong></span> <span class='ocrx_word' id='word_1_530' title='bbox 1344 4806 1411 4868; x_wconf 90' lang='lat' dir='ltr'><strong>lam</strong></span> <span class='ocrx_word' id='word_1_531' title='bbox 1427 4805 1513 4868; x_wconf 84' lang='lat' dir='ltr'><strong>enirn</strong></span> <span class='ocrx_word' id='word_1_532' title='bbox 1530 4804 1613 4866; x_wconf 90' lang='lat' dir='ltr'><strong>inter</strong></span> <span class='ocrx_word' id='word_1_533' title='bbox 1629 4802 1792 4866; x_wconf 89' lang='lat' dir='ltr'><strong>universas</strong></span> <span class='ocrx_word' id='word_1_534' title='bbox 1808 4801 1921 4864; x_wconf 89' lang='lat' dir='ltr'><strong>mundi</strong></span> <span class='ocrx_word' id='word_1_535' title='bbox 1938 4820 1989 4863; x_wconf 93' lang='lat' dir='ltr'><strong>na-</strong></span> 
     </span>
     <span class='ocr_line' id='line_1_45' title="bbox 446 4899 1988 4987; baseline -0.005 -19"><span class='ocrx_word' id='word_1_536' title='bbox 446 4922 521 4984; x_wconf 88' lang='lat' dir='ltr'><strong>orgo</strong></span> <span class='ocrx_word' id='word_1_537' title='bbox 538 4905 695 4987; x_wconf 87' lang='lat' dir='ltr'><strong>impietas,</strong></span> <span class='ocrx_word' id='word_1_538' title='bbox 713 4913 832 4986; x_wconf 87' lang='lat' dir='ltr'><strong>quanta</strong></span> <span class='ocrx_word' id='word_1_539' title='bbox 853 4904 1056 4984; x_wconf 80' lang='lat' dir='ltr'><strong>ingratitudo,</strong></span> <span class='ocrx_word' id='word_1_540' title='bbox 1073 4914 1193 4986; x_wconf 86' lang='lat' dir='ltr'><strong>quanta</strong></span> <span class='ocrx_word' id='word_1_541' title='bbox 1249 4905 1351 4966; x_wconf 88' lang='lat' dir='ltr'><strong>tiones</strong></span> <span class='ocrx_word' id='word_1_542' title='bbox 1366 4901 1426 4965; x_wconf 93' lang='lat' dir='ltr'><strong>soli</strong></span> <span class='ocrx_word' id='word_1_543' title='bbox 1442 4901 1612 4965; x_wconf 88' lang='lat' dir='ltr'><strong>Christiani</strong></span> <span class='ocrx_word' id='word_1_544' title='bbox 1629 4907 1704 4962; x_wconf 89' lang='lat' dir='ltr'><strong>sunt</strong></span> <span class='ocrx_word' id='word_1_545' title='bbox 1719 4899 1856 4982; x_wconf 91' lang='lat' dir='ltr'><strong>populus</strong></span> <span class='ocrx_word' id='word_1_546' title='bbox 1875 4899 1942 4975; x_wconf 82' lang='lat' dir='ltr'><strong>lle-i,</strong></span> <span class='ocrx_word' id='word_1_547' title='bbox 1959 4908 1988 4960; x_wconf 87' lang='lat' dir='ltr'><strong>ot</strong></span> 
     </span>
     <span class='ocr_line' id='line_1_46' title="bbox 447 4997 1987 5086; baseline -0.005 -20"><span class='ocrx_word' id='word_1_548' title='bbox 447 5003 645 5086; x_wconf 89' lang='lat' dir='ltr'><strong>improbitas,</strong></span> <span class='ocrx_word' id='word_1_549' title='bbox 655 5003 797 5066; x_wconf 91' lang='lat' dir='ltr'><strong>omniurn</strong></span> <span class='ocrx_word' id='word_1_550' title='bbox 814 5003 929 5065; x_wconf 91' lang='lat' dir='ltr'><strong>horum</strong></span> <span class='ocrx_word' id='word_1_551' title='bbox 945 5021 1014 5065; x_wconf 87' lang='lat' dir='ltr'><strong>esso</strong></span> <span class='ocrx_word' id='word_1_552' title='bbox 1031 5003 1193 5066; x_wconf 90' lang='lat' dir='ltr'><strong>immemo-</strong></span> <span class='ocrx_word' id='word_1_553' title='bbox 1248 5020 1311 5064; x_wconf 91' lang='lat' dir='ltr'><strong>non</strong></span> <span class='ocrx_word' id='word_1_554' title='bbox 1328 5000 1389 5062; x_wconf 92' lang='lat' dir='ltr'><strong>nisi</strong></span> <span class='ocrx_word' id='word_1_555' title='bbox 1407 5000 1501 5083; x_wconf 90' lang='lat' dir='ltr'><strong>pauci</strong></span> <span class='ocrx_word' id='word_1_556' title='bbox 1516 5018 1639 5075; x_wconf 88' lang='lat' dir='ltr'><strong>eorum,</strong></span> <span class='ocrx_word' id='word_1_557' title='bbox 1652 5007 1760 5080; x_wconf 86' lang='lat' dir='ltr'><strong>utpote</strong></span> <span class='ocrx_word' id='word_1_558' title='bbox 1771 4997 1830 5060; x_wconf 89' lang='lat' dir='ltr'><strong>soli</strong></span> <span class='ocrx_word' id='word_1_559' title='bbox 1845 4998 1923 5079; x_wconf 86' lang='lat' dir='ltr'><strong>justi</strong></span> <span class='ocrx_word' id='word_1_560' title='bbox 1934 5017 1987 5059; x_wconf 90' lang='lat' dir='ltr'><strong>seu</strong></span> 
     </span>
     <span class='ocr_line' id='line_1_47' title="bbox 447 5098 1988 5183; baseline -0.006 -21"><span class='ocrx_word' id='word_1_561' title='bbox 447 5121 524 5178; x_wconf 85' lang='lat' dir='ltr'><strong>rem,</strong></span> <span class='ocrx_word' id='word_1_562' title='bbox 547 5110 578 5164; x_wconf 91' lang='lat' dir='ltr'><strong>et</strong></span> <span class='ocrx_word' id='word_1_563' title='bbox 594 5120 651 5183; x_wconf 94' lang='lat' dir='ltr'><strong>pro</strong></span> <span class='ocrx_word' id='word_1_564' title='bbox 674 5109 718 5164; x_wconf 88' lang='lat' dir='ltr'><strong>tot</strong></span> <span class='ocrx_word' id='word_1_565' title='bbox 741 5101 834 5164; x_wconf 92' lang='lat' dir='ltr'><strong>bonis</strong></span> <span class='ocrx_word' id='word_1_566' title='bbox 856 5101 1003 5182; x_wconf 87' lang='lat' dir='ltr'><strong>injurias,</strong></span> <span class='ocrx_word' id='word_1_567' title='bbox 1021 5109 1194 5182; x_wconf 88' lang='lat' dir='ltr'><strong>transgrcs·</strong></span> <span class='ocrx_word' id='word_1_568' title='bbox 1247 5098 1476 5183; x_wconf 74' lang='lat' dir='ltr'><strong>predestinati.</strong></span> <span class='ocrx_word' id='word_1_569' title='bbox 1496 5101 1592 5160; x_wconf 80' lang='lat' dir='ltr'><strong>Jacob</strong></span> <span class='ocrx_word' id='word_1_570' title='bbox 1612 5098 1783 5174; x_wconf 79' lang='lat' dir='ltr'><strong>funiculus</strong></span> <span class='ocrx_word' id='word_1_571' title='bbox 1803 5099 1988 5156; x_wconf 69' lang='lat' dir='ltr'><strong>hereditate</strong></span> 
     </span>
     <span class='ocr_line' id='line_1_48' title="bbox 446 5194 1987 5282; baseline -0.005 -20"><span class='ocrx_word' id='word_1_572' title='bbox 446 5201 564 5278; x_wconf 78' lang='lat' dir='ltr'><strong>sioneS,</strong></span> <span class='ocrx_word' id='word_1_573' title='bbox 577 5199 776 5264; x_wconf 79' lang='lat' dir='ltr'><strong>offensiones</strong></span> <span class='ocrx_word' id='word_1_574' title='bbox 791 5201 988 5282; x_wconf 76' lang='lat' dir='ltr'><strong>rependeret</strong></span> <span class='ocrx_word' id='word_1_575' title='bbox 1004 5200 1114 5263; x_wconf 88' lang='lat' dir='ltr'><strong>Nonne</strong></span> <span class='ocrx_word' id='word_1_576' title='bbox 1128 5208 1193 5262; x_wconf 91' lang='lat' dir='ltr'><strong>tan·</strong></span> <span class='ocrx_word' id='word_1_577' title='bbox 1246 5200 1326 5276; x_wconf 80' lang='lat' dir='ltr'><strong>ejus,</strong></span> <span class='ocrx_word' id='word_1_578' title='bbox 1337 5197 1370 5259; x_wconf 92' lang='lat' dir='ltr'><strong>id</strong></span> <span class='ocrx_word' id='word_1_579' title='bbox 1382 5205 1441 5272; x_wconf 91' lang='lat' dir='ltr'><strong>cst,</strong></span> <span class='ocrx_word' id='word_1_580' title='bbox 1451 5196 1484 5258; x_wconf 92' lang='lat' dir='ltr'><strong>hi</strong></span> <span class='ocrx_word' id='word_1_581' title='bbox 1497 5196 1553 5277; x_wconf 88' lang='lat' dir='ltr'><strong>qui</strong></span> <span class='ocrx_word' id='word_1_582' title='bbox 1566 5195 1774 5277; x_wconf 90' lang='lat' dir='ltr'><strong>supplantant</strong></span> <span class='ocrx_word' id='word_1_583' title='bbox 1788 5201 1928 5273; x_wconf 85' lang='lat' dir='ltr'><strong>peccata,</strong></span> <span class='ocrx_word' id='word_1_584' title='bbox 1940 5194 1987 5254; x_wconf 93' lang='lat' dir='ltr'><strong>ha-</strong></span> 
     </span>
     <span class='ocr_line' id='line_1_49' title="bbox 446 5292 2101 5380; baseline -0.009 -20"><span class='ocrx_word' id='word_1_585' title='bbox 446 5308 479 5362; x_wconf 87' lang='lat' dir='ltr'><strong>to</strong></span> <span class='ocrx_word' id='word_1_586' title='bbox 490 5299 651 5362; x_wconf 88' lang='lat' dir='ltr'><strong>enormior</strong></span> <span class='ocrx_word' id='word_1_587' title='bbox 661 5307 710 5361; x_wconf 89' lang='lat' dir='ltr'><strong>ost</strong></span> <span class='ocrx_word' id='word_1_588' title='bbox 726 5298 919 5377; x_wconf 84' lang='lat' dir='ltr'><strong>ingratitudo</strong></span> <span class='ocrx_word' id='word_1_589' title='bbox 930 5306 959 5361; x_wconf 91' lang='lat' dir='ltr'><strong>et</strong></span> <span class='ocrx_word' id='word_1_590' title='bbox 975 5296 1193 5380; x_wconf 76' lang='lat' dir='ltr'><strong>prevaricatio</strong></span> <span class='ocrx_word' id='word_1_591' title='bbox 1248 5297 1360 5360; x_wconf 87' lang='lat' dir='ltr'><strong>bentes</strong></span> <span class='ocrx_word' id='word_1_592' title='bbox 1381 5295 1479 5358; x_wconf 82' lang='lat' dir='ltr'><strong>iidem</strong></span> <span class='ocrx_word' id='word_1_593' title='bbox 1497 5314 1569 5376; x_wconf 79' lang='lat' dir='ltr'><strong>que</strong></span> <span class='ocrx_word' id='word_1_594' title='bbox 1587 5313 1644 5375; x_wconf 89' lang='lat' dir='ltr'><strong>per</strong></span> <span class='ocrx_word' id='word_1_595' title='bbox 1660 5292 1864 5355; x_wconf 89' lang='lat' dir='ltr'><strong>dilectionem</strong></span> <span class='ocrx_word' id='word_1_596' title='bbox 1880 5309 1987 5374; x_wconf 81' lang='lat' dir='ltr'><strong>opora-</strong></span> <span class='ocrx_word' id='word_1_597' title='bbox 1999 5305 2101 5348; x_wconf 68' lang='lat' dir='ltr'><strong>cocto</strong></span> 
     </span>
    </p>
   </div>
   <div class='ocr_carea' id='block_1_4' title="bbox 0 0 2173 6259">
    <p class='ocr_par' dir='ltr' id='par_1_6' title="bbox 0 0 2173 6259">
     <span class='ocr_line' id='line_1_50' title="bbox 0 0 2173 6259; baseline 0 0"><span class='ocrx_word' id='word_1_598' title='bbox 0 0 2173 6259; x_wconf 95' lang='lat' dir='ltr'><strong> </strong></span> 
     </span>
    </p>
   </div>
  </div>
 </body>
</html>
