4309 6259
357 548 359 553 ,
409 480 468 545 l{60
717 498 891 545 eutheario
912 499 943 545 ut
964 500 1032 545 CAP.
1057 500 1133 545 xxm
1153 498 1349 547 Nuutuoumt.
1371 518 1413 529 -·
1432 500 1504 546 aar.
1526 500 1645 548 xxxvur

408 670 655 751 apostolicorum
667 688 795 751 quoqm
806 670 947 734 virorum
963 678 1088 751 oportet
1102 670 1154 732 ad·
1169 668 1194 731 Α
1211 669 1357 746 tationes,
1374 678 1469 751 atquc
1486 669 1526 732 ab
1544 670 1631 733 omni
1651 670 1829 734 inordinata
1844 672 1953 735 adbae-

409 768 695 832 vertere.Christus
706 768 827 851 quippe
842 788 898 851 per
912 768 1067 849 gloriosos
1078 768 1155 851 bpo
1210 768 1311 845 sione,
1328 787 1391 849 qua
1410 770 1564 832 creaturis
1584 770 1685 850 magis
1701 789 1797 852 quam
1812 770 1952 833 Creatori

409 868 507 931 stolos
525 866 692 949 insignivit
702 868 876 931 Ecclesiam
893 868 1154 945 suam,cxaltavit
1211 867 1309 949 impie
1333 867 1521 944 cohaeretur,
1544 887 1602 931 nos
1625 867 1786 931 abstinere
1807 878 1952 951 oportet:

409 977 440 1031 et
463 966 669 1049 locupletavit
691 968 834 1031 camdem
859 966 1083 1030 ecclesiasticis
1106 987 1154 1029 sa·
1209 967 1321 1048 sicque
1344 966 1481 1029 stabiliri
1506 967 1539 1028 in
1564 967 1708 1041 Domino,
1725 974 1757 1030 et
1781 967 1815 1029 in
1838 968 1955 1033 verita·

409 1065 905 1147 oramentis,auctoritatibusque
916 1065 1045 1139 divinis,
1055 1066 1153 1129 sacris
1210 1063 1251 1127 tis
1272 1082 1309 1127 ac
1331 1064 1486 1127 virtutum
1510 1064 1663 1129 affectum
1686 1074 1750 1129 tam
1772 1074 1955 1130 constanter

410 1164 593 1247 Scripturis,
620 1165 707 1228 omni
733 1165 861 1242 virtute,
888 1166 972 1229 dono
997 1173 1029 1227 et
1053 1164 1154 1245 gratia
1209 1182 1246 1225 ac
1262 1162 1467 1225 immobiliter
1488 1163 1719 1241 transformari,
1737 1173 1772 1227 ut
1790 1166 1829 1228 ad
1849 1165 1955 1227 imita-

410 1264 547 1345 Spiritus
563 1264 680 1328 Sancti.
698 1264 761 1327 Nec
777 1264 880 1327 solum
897 1264 930 1325 in
947 1282 1011 1327 uno
1026 1263 1153 1326 climate
1210 1260 1330 1324 tionem
1355 1260 1554 1325 invariabilis
1577 1263 1643 1340 uei,
1666 1282 1724 1326 nec
1748 1264 1952 1340 mentiamur,

409 1371 500 1425 terrae
516 1370 547 1425 et
561 1362 678 1442 angulo
699 1362 820 1438 mundi,
839 1362 894 1425 sed
916 1362 1035 1443 ubique
1057 1370 1154 1423 terra·
1210 1377 1269 1421 nec
1284 1377 1303 1421 a
1319 1358 1460 1440 praefatis
1480 1359 1573 1423 bouis
1595 1370 1764 1437 mutemur,
1783 1361 1826 1425 ita
1841 1371 1876 1423 ut
1891 1382 1954 1425 nec

409 1480 480 1523 rum
496 1460 641 1523 dilatavit
651 1461 835 1537 Ecclesiam,
846 1460 959 1524 merito
974 1468 1006 1523 et
1020 1479 1153 1524 numero
1211 1465 1322 1533 terror,
1340 1476 1444 1538 neque
1468 1458 1596 1541 cupido,
1614 1478 1672 1523 nec
1690 1478 1789 1537 amor,
1807 1479 1866 1524 nec
1887 1479 1954 1542 poe·

412 1558 499 1623 auxit
514 1559 648 1632 eam,ita
664 1568 698 1621 ut
713 1560 819 1641 pulvis
834 1558 940 1635 Jacob,
950 1559 1011 1623 boc
1026 1567 1074 1622 est
1090 1558 1155 1641 spi·
1210 1573 1261 1631 aa,
1289 1573 1393 1636 neque
1416 1556 1562 1639 voluptas
1586 1578 1604 1619 a
1627 1558 1758 1621 veritate
1782 1567 1813 1621 et
1833 1558 1954 1621 virtuo-

411 1658 535 1721 ritualis
556 1657 680 1722 soboles
695 1658 823 1734 Christi,
840 1658 982 1721 omnium
1003 1657 1152 1721 vitiorum
1210 1653 1302 1717 sitate
1324 1673 1382 1717 nos
1404 1674 1544 1736 unquam
1564 1664 1694 1719 avertat.
1710 1657 1817 1719 fustus
1831 1659 1951 1721 etenim
1967 1675 2108 1717 emsa).

410 1757 667 1820 excellentissimi
684 1755 943 1839 supplantatoris,
954 1764 1152 1838 nequaquam
1209 1752 1301 1833 quasi
1322 1751 1564 1816 fundamentum
1582 1763 1747 1818 aeternum.
1764 1756 1843 1819 llino
1863 1776 1954 1819 nam·

410 1856 514 1918 valeat
528 1854 701 1919 numerari.
1174 1849 1196 1910 Β
1210 1869 1273 1932 qne
1289 1849 1433 1914 hortatur
1446 1852 1637 1935 Apostolus:
1656 1854 1791 1917 Stabiles
1806 1863 1904 1919 estote
1920 1866 1956 1919 et
1987 1870 2065 1914 root.
2074 1884 2109 1916 n.

452 1954 598 2016 Dicamus
613 1954 742 2016 demum
757 1961 788 2016 et
810 1972 887 2017 nos:
906 1955 1070 2015 Moriatur
1085 1956 1156 2013 ani·
1212 1949 1403 2027 immobiles,
1425 1951 1623 2015 abundantes
1648 1953 1681 2014 iu
1706 1971 1802 2035 opere
1826 1954 1954 2018 [lomini
1969 1936 2006 1976 ⁵⁸·

263 2065 397 2118 recena
413 2074 467 2112 ma
482 2073 551 2112 raca
570 2061 669 2113 morte
676 2053 855 2128 justorum.
866 2051 1004 2114 Pretiosa
1019 2052 1106 2113 enim
1121 2049 1155 2113 in
1211 2068 1342 2131 semper.
1352 2049 1384 2111 Si
1401 2049 1444 2111 ita
1458 2050 1627 2129 egerimus,
1638 2050 1699 2113 erit
1708 2050 1860 2113 Dominus
1870 2053 1954 2115 Deus

412 2158 584 2231 conspectu
600 2148 726 2212 Domini
742 2168 828 2212 mors
841 2149 1011 2230 justorum.
1029 2149 1089 2211 Sed
1109 2149 1156 2211 sic
1212 2156 1319 2211 noster
1338 2148 1516 2225 nobiscum,
1534 2168 1638 2230 neque
1659 2149 1877 2231 prevalebunt
1897 2170 1956 2215 no

413 2246 557 2309 dieamus
581 2248 653 2324 hoc,
680 2256 715 2309 ut
740 2247 837 2309 vitam
866 2247 994 2311 illorum
1019 2247 1156 2312 viriliter
1211 2246 1261 2309 bis
1276 2247 1449 2310 adversarii
1466 2256 1582 2312 nostra
1598 2248 1957 2324 salutis,imosuccum-

412 2344 644 2427 aggrediamur,
662 2354 693 2409 et
714 2344 891 2409 efficaciter
913 2364 1153 2427 prosequamur.
1211 2345 1298 2408 bent.
1311 2346 1387 2408 Nam
1403 2356 1433 2407 ct
1447 2350 1580 2423 cloopor
1596 2349 1737 2409 victorie
1753 2351 1836 2425 repta
1852 2350 1954 2412 nostri

412 2444 470 2517 Oui
483 2451 588 2505 autom
602 2444 679 2505 tanti
692 2442 827 2507 fervoris
839 2451 1024 2519 est,utcum
1037 2444 1155 2507 sanctis
1211 2443 1338 2506 sonabit
1362 2443 1395 2505 in
1420 2443 1570 2508 cordibus
1596 2444 1723 2521 nostris,
1745 2446 1950 2509 exclamans:

413 2541 605 2623 martyribus
629 2561 685 2623 pro
709 2541 785 2604 fidei
809 2541 952 2617 veritate,
970 2550 1024 2604 aut
1045 2541 1156 2605 defen·
1211 2542 1292 2604 Deus
1308 2550 1451 2605 conteret
1461 2541 1608 2604 Satanam
1620 2542 1679 2605 sub
1690 2544 1825 2624 pedibus
1837 2546 1953 2607 vestris
1991 2569 2115 2613 aemi.

412 2638 502 2702 sione
522 2638 653 2720 justitia
676 2649 762 2721 optet
781 2638 981 2717 occumbere,
997 2640 1156 2720 condigne
1210 2639 1373 2702 velociter.
1390 2640 1430 2701 Et
1453 2640 1550 2703 item:
1568 2640 1652 2702 Beati
1673 2659 1784 2704 omnes
1804 2642 1860 2723 qui
1883 2663 1953 2725 spe
1967 2632 2023 2737 Ἲς.

412 2746 516 2820 potest
535 2756 645 2801 oraro:
664 2738 810 2802 lloriatur
834 2738 941 2802 anima
963 2758 1033 2803 mea
1055 2749 1156 2804 morta
1211 2746 1283 2800 rant
1297 2738 1331 2799 in
1347 2738 1491 2801 Domino.
1501 2738 1630 2820 Proprie
1639 2739 1790 2802 Dominus
1805 2759 1862 2804 uos
1877 2742 1954 2805 edu·
1967 2757 1993 2803 ⁹.
2006 2726 2046 2803 aa.

412 2836 583 2917 justorum,
599 2847 629 2899 et
645 2844 729 2916 fiant
750 2842 926 2899 novissima
949 2861 1019 2899 raca
1041 2842 1156 2901 horum
1211 2836 1256 2898 xit
1271 2838 1311 2899 de
1325 2837 1470 2918 AEgypto,
1488 2836 1521 2899 id
1540 2845 1589 2899 est
1606 2837 1754 2902 vitiorum
1771 2838 1906 2919 caligine
1920 2851 1953 2903 et

411 2937 548 2997 similla.
567 2935 626 2999 Sed
646 2954 794 2999 curemus
813 2945 848 2998 ut
867 2936 970 3018 prima
992 2946 1100 3001 nostra
1119 2958 1156 3002 ac
1212 2942 1368 3017 potestate
1386 2935 1591 2998 tenebrarum
1613 2935 1825 2999 invisibilium
1849 2938 1954 3001 inimi-

414 3034 529 3110 media,
540 3034 604 3097 sint
621 3034 733 3117 primis
749 3034 876 3099 illoru'm
892 3055 929 3098 ac
945 3036 1069 3114 mediis,
1081 3046 1158 3119 puta
1174 3033 1196 3096 C
1211 3052 1332 3098 corum.
1350 3033 1417 3096 Non
1441 3033 1483 3095 sit
1504 3052 1579 3115 ergo
1601 3034 1634 3095 in
1657 3034 1750 3097 nobis
1770 3036 1951 3117 augurium,

414 3132 650 3196 conversationi
671 3141 702 3196 et
722 3132 879 3214 profectui
895 3133 1064 3216 spirituali,
1082 3154 1157 3198 con·
1212 3151 1270 3195 nec
1293 3132 1359 3195 ulla
1380 3133 1504 3214 species
1524 3130 1655 3213 magica
1676 3133 1765 3195 artis.
1781 3134 1953 3199 Curiositas

416 3230 541 3293 formia.
568 3231 630 3294 Nec
656 3231 743 3294 aliud
773 3232 953 3313 loquamur,
980 3236 1047 3294 atsi
1072 3238 1157 3313 quod
1213 3230 1420 3312 praescientiae
1436 3230 1626 3307 futurorum,
1644 3240 1739 3313 atque
1753 3231 1887 3296 aviditas
1901 3254 1954 3297 co-

406 3330 544 3407 jurserit
560 3332 729 3401 Dominam,
747 3330 806 3394 boc
823 3340 881 3408 est,
894 3330 939 3393 nil
956 3331 1157 3413 proferamus
1210 3328 1385 3408 gnoscendi
1402 3337 1534 3405 secreta,
1547 3348 1682 3411 quorum
1698 3331 1811 3393 notitia
1826 3351 1890 3395 non
1905 3342 1954 3395 est

413 3436 522 3491 contra
543 3438 735 3510 praeceptum
756 3429 922 3492 altissimi.
939 3430 1007 3495 Non
1028 3432 1158 3494 menda·
1210 3428 1250 3490 ad
1266 3426 1401 3490 salutem
1416 3427 1867 3511 proficua,abjiciautur;sed
1883 3451 1954 3514 quas
1986 3456 2074 3499 aetra.
2090 3470 2119 3500 a.

413 3525 510 3603 cium,
529 3544 586 3589 nec
603 3527 842 3605 detractionem,
856 3547 959 3609 nequo
974 3529 1157 3592 seminatie
1213 3527 1294 3589 Deus
1310 3526 1471 3609 precepit,
1488 3535 1521 3590 et
1535 3546 1607 3609 qua
1623 3527 1716 3591 nobis
1732 3527 1765 3589 in
1781 3528 1954 3611 Scripturis
1969 3520 2012 3560 ²·

415 3643 489 3687 nem
520 3625 696 3703 discordia,
724 3635 779 3688 aut
803 3626 899 3689 verba
927 3627 1158 3691 contumeliosa
1213 3624 1373 3707 patefecit,
1401 3626 1520 3707 jugiter
1549 3625 1734 3706 cogitemus.
1760 3627 1818 3701 Qui
1848 3637 1952 3691 autem
2001 3654 2120 3698 amat

362 3762 367 3767 -
417 3742 473 3785 seu
487 3722 686 3804 jactantiose,
700 3725 754 3787 sed
771 3743 808 3787 ca
822 3743 893 3805 quae
908 3726 1002 3806 iussit
1017 3726 1156 3802 Creator,
1212 3722 1334 3805 indiget
1349 3724 1516 3806 sapientia,
1529 3724 1669 3807 postulet
1683 3744 1702 3787 a
1716 3724 1789 3802 lieo,
1803 3725 1883 3789 nibil
1899 3727 1955 3788 du·
1969 3719 1994 3766 ⁵⁹
2006 3720 2034 3759 ⁶·

415 3822 544 3885 assidue
566 3840 761 3898 resonemus,
780 3822 949 3904 implentes
970 3826 1055 3905 quod
1082 3824 1158 3887 scri·
1212 3820 1329 3899 bitans,
1346 3822 1461 3904 plenus
1478 3820 1555 3885 fide.

268 3928 505 4004 r=.u1111,r.ptum
529 3929 596 3983 est:
615 3921 800 3985 benedicam
824 3921 991 3985 Dominum
1016 3923 1048 3985 in
1070 3924 1157 3986 omni
1252 3921 1412 3984 Postremo
1429 3920 1566 4002 populus
1582 3920 1775 3985 christianus
1794 3922 1957 3986 multoties

417 4028 569 4099 tempore,
587 4038 713 4101 semper
728 4019 797 4081 laus
812 4020 882 4101 ejus
898 4019 931 4081 in
948 4039 1002 4084 ore
1018 4040 1099 4086 meo.
1213 4024 1249 4079 ut
1264 4018 1364 4081 leena
1379 4018 1526 4095 surrexit,
1545 4027 1641 4100 atque
1657 4028 1692 4081 ut
1706 4020 1756 4083 leo
1771 4029 1894 4083 erectus
1907 4029 1959 4083 est

456 4120 530 4179 Non
554 4128 599 4178 est
624 4120 748 4179 idolum
774 4121 810 4179 in
833 4122 939 4180 Jacob.
967 4119 1159 4182 israeliticus
1214 4124 1325 4178 contra
1349 4115 1493 4179 visibiles
1517 4124 1548 4178 et
1573 4116 1753 4180 invisibiles
1779 4118 1896 4195 hostes,
1922 4118 1959 4180 in

416 4215 471 4279 ille·
488 4215 624 4298 populus
640 4215 673 4277 in
690 4215 904 4281 idololatriam
921 4216 1160 4299 frequentcrdi·
1175 4219 1199 4279 b
1215 4220 1339 4275 tantum
1362 4213 1448 4294 quod
1469 4212 1525 4294 qui
1548 4213 1578 4275 ei
1604 4213 1794 4277 maledicere
1819 4223 1961 4279 tentave—

416 4313 524 4395 lapsus
550 4322 607 4391 est,
631 4332 694 4377 non
719 4324 824 4378 autem
850 4315 988 4397 populus
1013 4316 1160 4380 christia·
1216 4319 1301 4387 runt,
1318 4311 1419 4375 coacti
1441 4319 1516 4373 sunt
1539 4310 1689 4375 virtutem
1709 4312 1825 4375 Christi
1851 4312 1957 4389 fateri,

417 4430 487 4473 nus.
512 4412 735 4475 Verumtamen
760 4433 778 4475 a
800 4413 1021 4495 spiritualibus
1052 4414 1158 4493 idolis,
1215 4410 1349 4492 ejusque
1374 4410 1527 4493 populum
1550 4409 1708 4474 exaltare:
1726 4410 1789 4474 imo
1815 4412 1961 4476 innume

416 4512 476 4575 boc
496 4519 545 4573 est
563 4530 582 4574 a
598 4511 871 4593 phantasmatibus
896 4513 987 4575 vanis
1008 4522 1038 4577 et
1057 4514 1160 4596 turpi·
1216 4509 1333 4573 rabiles
1352 4508 1430 4572 tales
1445 4508 1484 4571 ad
1502 4507 1600 4571 fidem
1616 4509 1865 4573 Christianorum
1883 4530 1961 4574 con-

280 4632 401 4679 cauam,
417 4611 489 4686 bus,
510 4610 550 4672 ab
571 4628 679 4673 amore
699 4628 846 4688 venereo,
864 4611 904 4674 ab
926 4612 1161 4694 avaritiaque
1216 4607 1301 4671 versi
1330 4616 1415 4685 sunt,
1443 4607 1538 4670 etiam
1569 4618 1787 4692 persecutores
1812 4617 1844 4672 et
1873 4609 1961 4690 magi

270 4696 290 4736 ⁵·
418 4708 659 4772 simulacrorum
675 4717 724 4771 est
739 4708 936 4787 servitus,ab
952 4710 1039 4774 omni
1055 4710 1162 4775 elatio
1216 4714 1313 4787 atque
1329 4705 1511 4788 philosophi
1527 4705 1694 4787 multi,qni
1710 4705 1837 4788 spiritui
1850 4716 1883 4770 et
1892 4726 1962 4789 gra-

418 4825 458 4868 ne
473 4814 504 4869 et
519 4805 703 4885 ambitione,
721 4827 791 4889 quaa
812 4816 885 4871 sunt
907 4808 1073 4873 diabolica
1091 4809 1163 4872 imi·
1217 4805 1268 4868 tia
1283 4804 1399 4868 Christi
1416 4823 1480 4869 non
1496 4813 1643 4887 poterant
1657 4803 1817 4868 reluctari.
