4309 6259
454 500 514 564 590
776 516 949 564 annonario
971 517 1001 561 ΙΝ
1023 516 1091 561 CAP.
1116 516 1191 561 xvln
1212 516 1445 563 DEUTEDONOHD.
1468 536 1509 547 -··
1529 518 1600 563 nur.
1623 518 1676 565 xlx

452 687 668 752 oblationibus
682 707 719 751 ac
735 688 866 751 decimis
887 706 959 751 cnm
978 687 1093 749 ceteris
1109 685 1199 750 Levi·
1213 686 1238 748 h
1253 688 1553 765 nuntiationem,aut
1564 689 1639 751 talia
1648 707 1683 752 se
1692 688 1842 771 praescire
1851 698 1998 751 asserunt

451 787 492 849 tis
508 786 763 850 ministrantibus
778 785 970 864 ibi,e.neepto
981 786 1069 855 eo,id
1085 794 1134 847 est
1153 784 1198 846 ul·
1252 805 1290 848 ex
1306 786 1499 850 revelatione
1514 787 1634 864 divina,
1646 808 1745 868 quum
1762 796 1868 850 tamen
1884 808 1923 850 er
1938 788 2000 849 dm

450 895 497 948 tra
520 895 552 949 et
573 895 686 968 praeter
709 886 780 963 hoc,
803 890 888 965 quod
909 887 946 945 in
969 888 1045 945 urbe
1066 906 1138 957 sun,
1163 884 1196 946 in
1252 904 1382 947 monum
1416 886 1609 949 revelatione
1639 886 1821 968 loquantur.
1853 886 1951 949 Porro
1979 906 1999 947 a

449 1003 513 1066 qua
537 993 631 1047 antea
656 984 785 1061 mansit,
809 1005 849 1043 en
866 995 1006 1061 paterne
1027 986 1059 1043 ei
1079 1004 1197 1044 sucees—
1252 984 1386 1048 mortuis
1407 1003 1551 1067 quarere
1573 985 1750 1062 veritatem,
1775 993 1824 1048 est
1847 984 1999 1047 carmini-

446 1087 535 1145 sionc
548 1087 683 1145 debetur.
696 1082 878 1146 Sacerdotes
894 1083 1012 1145 etenim
1028 1101 1065 1145 ac
1080 1082 1196 1145 Levita
1250 1082 1310 1145 bus
1334 1093 1389 1146 aut
1419 1082 1588 1146 sacrificiis
1612 1092 1773 1148 mortuum
1799 1102 1935 1147 cvoeare
1958 1084 1997 1146 ad

448 1182 480 1245 in
496 1182 635 1265 propriis
650 1182 785 1244 urbibus
806 1189 838 1243 et
859 1181 944 1245 circa
964 1181 1125 1244 habebant
1142 1181 1197 1244 do
1250 1181 1476 1263 inquirendum
1503 1182 1676 1263 incognita,
1704 1202 1802 1265 quum
1832 1190 1939 1245 lamen
1963 1182 1997 1244 in

448 1301 516 1345 mos
532 1290 563 1344 et
578 1300 692 1364 pecora
707 1300 743 1344 ac
758 1299 877 1363 pasena
891 1299 949 1363 pro
966 1280 1107 1343 eisdem:
1125 1298 1195 1361 quaa
1251 1281 1366 1343 talibus
1389 1300 1452 1345 non
1476 1290 1630 1359 mortuus,
1657 1283 1712 1344 sed
1737 1283 1844 1364 potius
1870 1284 1996 1345 daemon

449 1379 671 1462 relinquebant
699 1378 834 1461 posteris
866 1379 943 1441 suis.
972 1378 1058 1441 Talia
1089 1386 1194 1441 autem
1251 1378 1282 1441 in
1309 1380 1415 1462 specie
1440 1379 1556 1443 mortui
1581 1380 1727 1443 videatur
1746 1388 1843 1462 atque
1867 1400 1998 1463 respon·

448 1486 682 1543 consueverunt
704 1477 822 1541 Levitae
843 1478 991 1553 vendere,
1016 1476 1072 1559 qui
1095 1476 1194 1539 sicin
1251 1479 1333 1541 deat.
1359 1478 1499 1553 Qualiter
1529 1479 1590 1541 ista
1618 1479 1839 1561 superstitiosa
1871 1480 1996 1561 possint

447 1577 620 1641 ierusalem
636 1577 779 1639 habitare
795 1576 957 1659 optabant.
967 1575 1055 1637 Unde
1069 1576 1121 1655 (ut
1136 1575 1195 1637 ier·
1249 1578 1484 1658 contingerem
1498 1578 1636 1660 qualiter
1650 1578 1849 1641 observanda
1863 1577 1914 1641 vel
1931 1597 1995 1641 non

449 1678 515 1757 tur)
530 1676 563 1737 in
579 1676 708 1739 Hebraeo
725 1674 1024 1757 habetur,Exceptis
1040 1674 1195 1737 venditio
1248 1676 1447 1740 observanda
1467 1676 1532 1739 sint
1551 1676 1686 1752 somnia,
1700 1677 1766 1757 jam
1791 1686 1866 1740 ante
1889 1676 1924 1739 in
1948 1678 1996 1739 di·

450 1776 545 1839 nibus
562 1776 638 1839 suis.
1249 1776 1350 1838 versis
1365 1784 1533 1838 tractatum
1553 1784 1602 1839 est
1621 1774 1712 1851 loeis,
1728 1775 1877 1839 videlicet
1898 1794 1995 1857 super

489 1876 607 1939 Deinde
622 1874 756 1937 diversae
773 1871 1014 1954 superstitiones
1026 1872 1195 1954 prohibcn-
1209 1874 1232 1935 D
1248 1872 1406 1951 Genesim,
1420 1874 1476 1937 ubi
1492 1880 1642 1936 tractatur
1658 1874 1697 1936 de
1712 1872 1845 1936 somniis
1859 1874 1994 1937 Pharao
2009 1892 2128 1935 neuma

449 1983 500 2036 tur
521 1973 697 2037 cultoribus
720 1971 785 2035 veri
809 1970 863 2033 Dei
886 1970 1047 2047 israelitis,
1069 1990 1142 2052 quae
1163 1980 1195 2033 et
1249 1972 1309 2049 nis,
1332 1973 1614 2054 eunuchorumque
1638 1972 1719 2053 ejuS,
1743 1980 1775 2034 et
1796 1992 1893 2054 super
1915 1974 1994 2036 Ero
2021 1982 2130 2023 Emi-⁸¹¹·

449 2093 533 2136 nunc
558 2071 680 2135 cunctis
705 2070 895 2132 Christianis
921 2078 1068 2131 vetantur
1091 2069 1195 2131 distri·
1247 2071 1334 2146 dnm,
1351 2071 1406 2134 ubi
1423 2072 1462 2134 de
1476 2070 1634 2134 maleficis
1649 2072 1753 2151 agitur
1768 2071 1941 2134 Pharaonis
1960 2083 1991 2135 et
2007 2058 2049 2085 '¹¹¹'

446 2183 506 2239 cte.
526 2174 661 2241 Quando
678 2174 839 2247 inpressos
858 2171 963 2246 fueris
985 2179 1105 2230 terrum
1125 2189 1194 2251 pro
1247 2170 1347 2251 signis
1364 2170 1517 2252 ipsorum,
1535 2179 1567 2233 et
1581 2188 1677 2252 super
1692 2170 1878 2233 Leviticum.
2036 2180 2087 2222 Le·
2099 2180 2131 2219 ει·

445 2269 617 2346 missionis,
634 2289 711 2329 caue
725 2289 764 2329 ne
782 2269 911 2327 imitari
932 2269 1010 2327 vetis
1031 2269 1194 2329 abomine·
1287 2269 1405 2333 Deinde
1419 2269 1573 2332 Dominus
1586 2268 1797 2343 ostenditcur
1813 2288 1876 2332 non
1894 2269 1992 2332 luerit
2007 2256 2078 2297 ’Ψ

447 2371 545 2430 tiones
570 2372 707 2430 illarum
729 2368 901 2444 peruium,¹
922 2388 978 2427 nec
1003 2368 1194 2428 invertuntur
1247 2368 1365 2450 populo
1380 2386 1437 2431 suo
1454 2366 1667 2430 necessarium
1684 2366 1824 2449 praeiatis
1840 2369 1992 2450 supersti-

445 2469 481 2527 in
500 2478 527 2528 te.
546 2469 605 2547 qui
624 2470 737 2526 lustret
755 2467 865 2543 filiunt
884 2484 981 2525 suum
1003 2474 1062 2525 aut
1083 2467 1191 2543 fitium
1245 2466 1387 2530 tionibus
1402 2466 1461 2544 uti,
1478 2466 1517 2528 ad
1533 2466 1789 2547 cognoscendum
1810 2465 1919 2529 lutura
1934 2487 1991 2530 seu

446 2569 566 2625 ducem
577 2586 637 2644 per
657 2566 775 2641 ipnem.
797 2562 903 2644 Aliqui
927 2562 1103 2625 idololatra
1121 2581 1193 2645 pro·
1246 2565 1354 2628 abdita
1368 2573 1422 2627 aut
1437 2564 1700 2647 supernaturalia,
1718 2565 1891 2646 dequibus
1912 2566 1995 2629 lide-

449 2663 512 2726 lem
533 2682 620 2725 suam
645 2661 812 2723 trahebant
834 2680 889 2743 per
910 2661 1027 2741 ignem,
1045 2669 1193 2742 putantes
1247 2664 1292 2727 les
1309 2664 1454 2745 indigent
1470 2663 1650 2741 informari,
1667 2664 1723 2745 qui
1743 2665 1782 2726 ad
1802 2676 1995 2747 supernatu-

450 2782 518 2825 eam
541 2782 599 2845 per
623 2762 682 2824 hoc
703 2760 844 2843 purgari,
862 2760 943 2842 piari
966 2768 997 2822 et
1013 2760 1193 2823 consecrari
1248 2764 1345 2826 ralem
1361 2762 1590 2825 beatitudinem
1611 2771 1687 2824 sunt
1705 2763 1814 2839 creati,
1831 2772 1863 2826 et
1881 2775 1996 2827 contra

451 2862 513 2925 diis
528 2880 608 2943 quos
624 2860 810 2923 coluerunt:
824 2859 909 2940 quod
920 2859 1063 2921 cthchaz
1080 2858 1193 2921 iecisse
1247 2862 1426 2926 invisibiles
1447 2862 1554 2923 hostes
1576 2861 1766 2941 confligunt.
1794 2865 1911 2925 Ornrzia
1927 2868 1997 2926 iuer

304 2973 435 3030 lineum,
452 2960 566 3041 legitur
588 2977 645 3022 suo
669 2957 748 3034 lilio,
770 2965 883 3038 quarto
908 2958 1052 3036 Regum:
1077 2966 1109 3020 et
1133 2959 1193 3021 hoc
1248 2962 1454 3022 abominatur
1478 2961 1650 3029 Dominus,
1674 2970 1704 3020 et
1725 2970 1857 3037 propter
1884 2963 1996 3021 istius-

304 3040 324 3083 ³'
451 3058 637 3141 prohibetur
652 3057 704 3119 hic
720 3056 839 3138 populo
854 3055 959 3119 lsrael.
974 3058 1041 3119 Aut
1056 3059 1115 3137 qui
1129 3059 1229 3125 ari-C
1249 3060 1336 3121 enodi
1356 3063 1473 3119 seelera
1490 3060 1607 3118 delebit
1621 3078 1681 3118 eos.
1699 3062 1866 3139 Perfectus
1879 3070 1909 3121 et
1924 3065 1997 3121 abs-

450 3162 514 3218 otos
533 3159 721 3227 sciscitetur,
739 3165 768 3215 ct
793 3158 931 3215 observet
951 3158 1081 3215 somnio
1099 3166 1194 3236 atque
1248 3179 1308 3238 quc
1331 3161 1459 3218 inuenta
1484 3159 1548 3217 eris
1572 3178 1646 3217 eum
1671 3160 1809 3219 Domino
1832 3161 1898 3219 Deo
1926 3170 1993 3223 luo.

449 3258 603 3333 cupatrio.
622 3256 687 3318 Nec
705 3255 748 3313 sit
768 3258 945 3330 maleficus,
965 3274 1066 3333 neque
1085 3257 1195 3316 incuu·
1248 3260 1443 3334 Prophetnm
1457 3259 1497 3316 de
1508 3265 1602 3333 pente
1618 3266 1683 3326 tua,
1700 3254 1732 3316 id
1748 3264 1796 3318 est
1811 3257 1851 3318 de
1870 3257 1997 3320 israeli-

451 3366 545 3426 tntor,
572 3374 628 3415 nee
651 3356 710 3433 qui
729 3354 886 3430 pythones
910 3356 1067 3424 consulut,
1093 3374 1194 3433 neque
1249 3356 1311 3418 tica
1327 3355 1470 3437 stirpe,et
1484 3358 1523 3415 cle
1537 3357 1996 3434 fratribusluis,sicutme,id

449 3456 589 3525 divinos,
611 3463 640 3513 et
662 3461 787 3533 quaerat
811 3472 831 3511 α
856 3453 992 3511 mortuis
1014 3454 1192 3517 ven-itatem.
1248 3462 1296 3516 est
1312 3452 1449 3515 similem
1464 3452 1528 3515 mei
1539 3452 1572 3514 in
1584 3459 1707 3530 natura,
1720 3452 1784 3516 imo
1799 3461 1831 3516 et
1846 3452 1879 3515 in
1890 3455 1997 3535 gratia

323 3556 376 3600 Μ·
391 3569 433 3608 ¹¹¹¹·
449 3555 492 3615 Dc
513 3551 601 3615 vitiis
625 3559 656 3614 et
677 3549 957 3631 superstitionibus
981 3548 1050 3611 istis
1072 3549 1192 3614 dictum
1248 3552 1439 3635 prophetali,
1456 3551 1499 3613 ita
1513 3551 1599 3632 quod
1614 3570 1687 3613 vero
1703 3550 1763 3614 erit
1779 3551 1955 3634 inspiratus
1976 3574 1997 3616 a

302 3620 336 3733 ἓξ
346 3621 380 3725 {⁸
394 3622 432 3670 ³¹³
448 3661 497 3714 εει
511 3649 632 3713 dilluse
647 3668 743 3731 super
757 3648 931 3711 textricum
949 3656 980 3709 et
995 3648 1085 3711 alibi.
1103 3648 1194 3713 hiala·
1249 3652 1321 3727 Deo,
1339 3648 1485 3731 quamvis
1501 3667 1565 3711 non
1581 3649 1615 3710 in
1631 3656 1718 3711 tanta
1732 3648 1930 3727 excellentia,
1942 3674 1997 3711 su-

450 3751 533 3812 licus
553 3756 660 3811 autem
682 3746 819 3827 intelligi
841 3754 953 3828 potest,
971 3746 1027 3828 qui
1050 3747 1192 3811 sobolem
1247 3752 1375 3810 seitebit
1401 3750 1460 3809 tibi
1482 3749 1672 3809 Dominus:
1695 3768 1789 3827 quem
1809 3752 1934 3819 audies,
1961 3750 1995 3812 id

448 3848 547 3913 ollert
570 3846 783 3921 damonibus,
810 3854 863 3908 aut
894 3864 950 3926 per
975 3845 1192 3909 invocationes
1247 3856 1306 3924 est,
1323 3847 1364 3909 ab
1379 3846 1449 3929 ipso
1465 3846 1608 3927 inquires
1623 3854 1718 3927 atque
1734 3846 1996 3929 percipies,quid

449 3947 526 4010 lacit
541 3947 701 4008 daemones
723 3943 757 4004 in
778 3943 885 4025 aliqua
902 3942 1023 4005 visibili
1038 3963 1192 4025 apparere
1247 3962 1351 4026 ogere,
1369 3944 1460 4020 scire,
1478 3952 1532 4006 aut
1547 3944 1675 4007 credere
1688 3944 1815 4021 debeas,
1832 3955 1868 4005 ut
1877 3948 1997 4022 menti

448 4046 571 4127 elligie.
590 4045 767 4106 incantator
797 4060 882 4118 vero,
904 4041 960 4123 qui
986 4042 1192 4123 praestigiosis
1248 4067 1267 4105 n
1292 4047 1429 4106 Domino
1448 4047 1513 4105 Deo
1534 4054 1587 4105 tuo
1611 4046 1649 4103 iu
1669 4045 1773 4105 Horeb
1792 4064 1803 4103 .·
1823 4043 1899 4124 quia
1912 4045 1995 4107 dum

447 4142 700 4228 apparitionibus
730 4139 850 4223 decipit
880 4140 1038 4217 homines,
1071 4140 1191 4205 iaciens
1248 4144 1328 4206 Deus
1353 4141 1440 4205 dedit
1465 4141 1544 4203 liliis
1565 4142 1659 4205 lsrael
1685 4141 1793 4204 decem
1819 4152 1994 4225 praecepta,

447 4262 600 4327 apparere
621 4241 705 4323 quod
726 4258 789 4302 non
810 4248 868 4302 est.
886 4238 1042 4321 Pythones
1062 4249 1117 4302 aut
1137 4248 1231 4323 py-IJ
1247 4242 1407 4323 loquendo
1426 4258 1483 4323 per
1502 4240 1662 4321 angelum,
1680 4248 1711 4302 et
1730 4242 1913 4322 apparendo
1934 4260 1995 4323 per

448 4345 597 4407 thonissae
612 4342 771 4417 dicuntur,
789 4360 846 4423 per
866 4359 1002 4422 quorum
1023 4359 1058 4403 os
1078 4341 1192 4404 daemo-
1247 4340 1365 4422 ignem,
1383 4339 1445 4401 iilii
1461 4338 1554 4401 lsrael
1570 4337 1672 4401 territi
1689 4338 1836 4401 dixerunt
1849 4340 1890 4401 ad
1905 4339 1994 4422 bloy-

447 4462 504 4507 nes
520 4444 552 4505 in
568 4460 678 4505 eorum
690 4440 854 4505 ventribus
870 4458 925 4502 seu
940 4439 1090 4502 cordibus
1105 4440 1192 4502 habi·
1246 4458 1302 4501 sen
1330 4456 1338 4500 τ
1366 4438 1434 4501 Non
1459 4437 1606 4518 loquatur
1636 4437 1729 4501 nobis
1753 4437 1919 4511 Dominus,
1950 4458 1994 4502 ne
2021 4466 2125 4508 mu,

369 4606 372 4609 .
446 4539 983 4623 tantos,loquuntur,propterquod
999 4537 1190 4618 ventriloqui
1246 4538 1441 4613 moriamur3
1463 4536 1517 4599 sed
1542 4536 1672 4616 loquere
1699 4544 1732 4598 tu
1756 4535 1859 4613 nobis,
1883 4545 1915 4600 et
1936 4558 1994 4600 au·
2010 4532 2042 4570 ¹⁹·

446 4648 696 4722 nuncupantur;
724 4638 773 4703 vel
800 4637 855 4718 qui
880 4645 1039 4699 mortuum
1069 4636 1191 4698 iaciunt
1246 4636 1380 4699 diemus.
1398 4635 1454 4697 Per
1475 4635 1560 4696 hunc
1581 4634 1768 4715 Prophetam
1790 4634 1919 4716 quidam
1942 4636 1995 4698 in-

298 4748 430 4805 iturum
446 4757 609 4821 apparere,
627 4747 662 4801 ut
682 4736 798 4817 legitur
817 4734 920 4817 primo
936 4735 1054 4813 Regum
1075 4735 1115 4797 de
1136 4754 1191 4816 py-
1245 4734 1393 4813 telligunt
1414 4734 1518 4809 iosue,
1535 4732 1589 4813 qui
1613 4733 1715 4814 Moyse
1737 4732 1897 4808 defuncto,
1915 4753 1995 4816 pro

299 4815 344 4855 ⁷⁰²
357 4824 403 4868 '⁶⁹'
446 4837 598 4913 thonissa,
615 4856 686 4919 quae
707 4835 884 4898 Samuelem
906 4832 1022 4895 dicitur
1042 4833 1191 4895 suscitas·
1246 4832 1373 4915 phetico
1395 4832 1510 4914 spiritu
1533 4830 1652 4905 lloruit,
1675 4830 1823 4910 angelum
1844 4830 1936 4909 vidit,
1960 4843 1993 4895 et

445 4955 479 4999 se
501 4935 624 4999 :etita
648 4934 752 4999 vocati
775 4941 849 4995 sunt
869 4951 888 4994 a
910 4931 1062 5013 Pythone,
1090 4931 1191 4994 idest
1247 4950 1302 5013 per
1317 4950 1351 4994 se
1364 4939 1459 5012 atque
1480 4948 1536 5010 per
1550 4928 1734 4991 Eleazarum
1755 4930 1951 4992 sacerdotem
1973 4951 1994 4993 a

444 5033 602 5117 Apolline,
629 5053 724 5116 quem
756 5032 849 5095 deum
880 5029 1089 5094 divinationis
1120 5050 1190 5093 esse
1245 5028 1379 5092 Domino
1409 5027 1693 5110 supernaturaliter
1722 5034 1770 5089 cst
1799 5026 1989 5101 instructus,

443 5133 623 5196 credebant.
641 5131 748 5196 Divini
763 5149 891 5212 quoque
906 5128 1066 5206 dicuntur,
1080 5129 1136 5209 qui
1152 5129 1191 5191 si·
1245 5127 1464 5212 populumque
1488 5126 1613 5190 direxit.
1637 5125 1700 5187 Alii
1720 5145 1777 5208 per
1798 5126 1991 5207 Prophetam

443 5231 476 5294 bi
492 5240 647 5313 usurpant
660 5230 745 5312 quod
762 5228 817 5291 Dei
834 5236 892 5303 est,
902 5227 1054 5290 videlicet
1070 5227 1189 5290 loturo
1245 5228 1341 5290 istum
1352 5226 1595 5288 indeterminate
1605 5224 1992 5307 intelliguntquemcum-

441 5348 514 5393 rum
524 5329 774 5409 contingentium
786 5326 1067 5410 praecognitionem
1082 5345 1120 5390 ac
1136 5326 1185 5388 de
1244 5344 1306 5408 que
1320 5325 1507 5408 Prophetam
1527 5331 1683 5400 sanctum,
1700 5342 1796 5405 quem
1811 5324 1892 5385 Deus
1912 5332 1990 5405 post
