4309 6259
430 477 490 543 ddd
754 494 927 542 manuario
948 495 979 540 m
1000 493 1068 540 cnr.
1092 493 1158 539 xxu
1177 493 1412 542 uammonoun.
1433 513 1474 526 -
1494 497 1565 543 aar.
1589 496 1665 544 xxm

427 669 619 750 virginitatis
644 687 719 743 suae,
742 666 768 728 si
785 665 835 728 vir
854 684 924 728 eam
947 672 1057 746 postea
1078 663 1174 726 modo
1189 664 1215 724 A
1229 665 1380 747 pellicula
1388 685 1460 748 quaa
1471 666 1505 727 iu
1520 665 1732 730 delloratieue
1742 665 1970 746 corrumpitur:

426 767 557 849 praelato
579 773 750 830 accusaret.
768 763 827 825 Sed
853 763 912 825 hcc
934 761 1060 826 videtur
1079 761 1175 824 valde
1228 765 1321 844 cujus
1342 765 1481 828 laesionis
1501 765 1629 845 signum
1653 773 1686 828 et
1701 764 1790 826 testis
1805 771 1855 825 est
1877 781 1974 826 cruor

426 875 528 948 turpe,
547 866 630 947 quod
647 882 771 946 pannus
792 861 865 924 talis
887 861 1111 923 extenderetur
1125 877 1176 922 ca
1228 863 1379 940 effluens,
1397 865 1490 946 cujus
1512 864 1545 926 in
1567 864 1666 927 lintea
1688 873 1818 926 manent
1840 863 1971 925 iudicia.

425 983 492 1026 ram
507 963 680 1045 judicibus.
697 962 849 1024 Praeterea
868 979 931 1021 non
954 967 1002 1020 cst
1018 957 1175 1021 verisimi-
1268 966 1578 1043 Apprehendentpne
1604 965 1742 1023 seniores
1766 964 1856 1023 urbis
1880 965 1974 1021 illinc

426 1062 465 1140 le,
483 1063 568 1144 quod
585 1061 717 1124 maritus
733 1060 863 1122 auderet
878 1057 1047 1139 conjugem
1069 1056 1174 1118 taliter
1229 1062 1349 1131 vinnm,
1365 1071 1395 1120 et
1417 1063 1628 1121 emanabant
1648 1063 1758 1130 ittam,
1774 1061 1807 1122 id
1828 1068 1887 1136 est,
1904 1077 1974 1141 per-

425 1179 585 1236 accusare‚
603 1179 701 1240 quum
718 1158 813 1220 sciret
835 1164 981 1239 parentes
1002 1154 1110 1217 uxoris
1130 1163 1175 1216 te
1228 1159 1293 1219 cuti
1310 1157 1427 1221 facient
1443 1159 1607 1239 injudicio
1622 1159 1814 1235 convictum,
1826 1159 1872 1220 sic
1886 1159 1972 1239 quad

427 1259 613 1322 stimonium
644 1257 706 1320 tale
730 1256 847 1319 hahere
871 1253 1065 1334 virginitatis
1096 1252 1173 1314 lilia
1228 1257 1390 1338 percussio
1410 1257 1492 1320 ultra
1513 1257 1897 1340 quadragintaictusuou
1920 1275 1974 1318 ex-

428 1376 493 1420 suae
504 1375 509 1419 :
520 1357 671 1438 quoniam
688 1355 883 1418 consuetudo
899 1360 966 1416 erat
980 1351 1170 1427 communis,
1229 1357 1385 1432 tendatur,
1403 1364 1439 1417 ut
1460 1354 1546 1419 iulra
1568 1356 1709 1439 patebit;
1725 1359 1971 1416 condemnantes

428 1455 474 1519 sic
485 1474 611 1518 servare
622 1452 805 1534 hujusmodi
817 1471 958 1534 pannum
970 1470 1026 1513 seu
1038 1449 1172 1511 linteum
1227 1456 1362 1532 insuper
1376 1455 1480 1516 virum
1502 1454 1594 1517 illum
1614 1454 1809 1517 mendaciter
1822 1473 1972 1516 accusau-

428 1554 602 1616 secundum
634 1553 725 1614 istam
757 1550 952 1632 opinionem.
980 1549 1051 1611 ldcc
1080 1546 1173 1608 aliter
1229 1560 1291 1613 tem
1307 1553 1488 1632 conjugem,
1500 1555 1726 1614 centnmsictis
1741 1555 1970 1632 anacamptos

428 1660 591 1734 exponunt
615 1649 748 1722 Hebraei,
766 1648 907 1710 dicentes
928 1648 1014 1728 quod
1038 1647 1106 1708 hac
1132 1645 1172 1707 sit
1227 1653 1318 1711 dabit
1328 1653 1667 1732 patrtpneltae,qucm
1682 1649 1898 1713 confundebat
1916 1649 1970 1711 tali

427 1750 546 1814 locutio
562 1749 752 1832 parabolica,
773 1755 807 1810 ut
823 1747 865 1808 sit
887 1765 999 1810 sensus
1022 1763 1029 1808 :
1047 1745 1172 1826 Expau-
1223 1748 1448 1811 accusatione:
1462 1749 1579 1812 idcirco
1596 1749 1629 1810 iu
1645 1747 1972 1830 recompensationem

427 1851 504 1912 dent
520 1848 756 1922 vestimentum,
776 1854 849 1920 etc,
873 1845 978 1920 idest,
1004 1863 1060 1925 per
1075 1843 1210 1910 verbaB
1229 1853 1323 1909 tantm
1352 1847 1623 1924 dehonorationis,
1646 1848 1734 1911 dedit
1759 1847 1789 1909 ei
1813 1865 1970 1910 summam

428 1948 555 2010 testium
572 1945 779 2008 declarabunt
799 1952 831 2006 et
851 1943 1055 2024 explicabunt
1079 1941 1173 2020 virgi·
1228 1945 1317 2007 illam
1343 1947 1496 2028 pecuniae.
1523 1950 1614 2015 Quod
1636 1949 1666 2006 si
1685 1968 1795 2007 oerum
1818 1956 1863 2006 rat
1886 1949 1973 2025 quod

427 2048 558 2110 nitatem
576 2045 739 2119 filiasue,
752 2043 833 2106 sicut
844 2042 1020 2124 explicatur
1031 2060 1170 2123 pannus.
1227 2046 1348 2121 objicit,
1365 2056 1395 2106 et
1410 2055 1534 2106 nonest
1549 2047 1682 2106 inventa
1696 2047 1733 2104 in
1744 2048 1857 2122 puello
1871 2046 1975 2120 cirpi-

426 2147 497 2210 Haec
513 2147 602 2227 Lyra.
1226 2146 1325 2210 nitas,
1343 2143 1448 2220 idest,
1467 2143 1495 2204 si
1517 2143 1625 2225 puella
1640 2142 1737 2205 luerit
1751 2142 1882 2205 iuventa
1906 2160 1972 2212 rea,

465 2245 554 2308 Circa
568 2244 727 2320 benedico,
742 2261 805 2304 non
821 2239 1027 2322 sicpraelerri
1043 2238 1173 2302 debuis-

425 2340 459 2406 se
479 2344 539 2407 hcc
562 2344 630 2410 leco
650 2340 880 2424 expositionem
896 2337 1100 2401 Hebraorum
1123 2356 1173 2399 ex·

425 2442 576 2524 positioni
591 2439 845 2503 Catholieorum:
863 2446 894 2500 et
909 2437 1055 2518 quamvis
1070 2435 1171 2516 aliqui

424 2540 578 2606 Catholici
592 2540 699 2602 dicant
715 2538 806 2614 illud,
825 2555 887 2600 non
905 2543 1089 2598 tumentem
1109 2554 1172 2596 ma·

425 2640 480 2722 gni
506 2649 561 2702 aut
590 2637 693 2714 multi,
719 2637 806 2719 quod
830 2635 974 2698 absolute
998 2634 1169 2696 dicendum

425 2738 477 2814 sit,
494 2735 695 2819 Expositores
718 2731 866 2797 catholici
888 2732 999 2794 dicunt
1015 2731 1085 2808 hoc,
1108 2738 1169 2793 etc.

424 2837 555 2917 lnsuper
574 2831 764 2916 expositioni
788 2830 862 2893 huic
882 2830 1094 2911 quorumdam
1118 2829 1172 2890 Ca·

423 2934 613 2998 tholicorum
630 2931 735 2994 littera
749 2929 913 2993 evidenter
928 2945 1105 2990 consonare
1126 2927 1171 2988 vi-

1225 2243 1355 2318 eja'cient
1369 2263 1441 2302 eam
1455 2252 1547 2303 entre
1557 2243 1642 2319 soree
1656 2245 1770 2301 domne
1783 2243 1892 2318 patria
1905 2242 1974 2308 sul,

1224 2351 1254 2401 et
1280 2342 1443 2417 lapidibus
1464 2343 1608 2411 obruent,
1632 2350 1662 2400 et
1684 2342 1839 2401 ntor-tetur
1858 2361 1871 2398 :
1893 2337 1974 2419 quia

1224 2439 1290 2519 jam
1306 2437 1411 2501 luerat
1425 2438 1494 2501 vira
1514 2437 1648 2500 allidata
1670 2446 1743 2500 ante
1759 2456 1848 2500 suam
1869 2436 1973 2499 viola·

1227 2537 1345 2600 tionem
1357 2535 1524 2612 nefariam,
1533 2537 1643 2618 sicque
1654 2535 1893 2598 matrimonium
1905 2534 1974 2596 lue·

1226 2643 1274 2697 rat
1290 2635 1484 2698 inchoatum.
1497 2634 1530 2697 Si
1544 2644 1651 2697 autem
1667 2644 1809 2716 tempore
1825 2653 1891 2696 sum
1905 2634 1974 2696 vic

1225 2733 1354 2797 lationis
1370 2733 1512 2796 nondum
1529 2732 1643 2795 luisset
1658 2733 1728 2796 viro
1742 2731 1887 2809 allidam,
1905 2752 1974 2796 nou

1226 2830 1340 2894 luisset
1364 2831 1544 2914 lapidanda,
1567 2839 1603 2893 ut
1627 2830 1713 2893 inira
1737 2831 1883 2908 habetur,
1907 2831 1973 2894 uisi

1226 2928 1339 2993 luisset
1354 2929 1423 2993 iilia
1438 2929 1621 2993 sacerdotis.
1638 2930 1790 2993 Pratarea
1804 2929 1904 3010 objici
1920 2948 1976 3011 pe

423 3033 526 3096 detur.
539 3031 643 3093 Primo
659 3030 692 3091 in
708 3048 745 3092 eo
761 3028 845 3109 quod
856 3026 911 3102 ait,
928 3025 1041 3088 Ferant
1057 3044 1166 3088 secum
1182 3036 1207 3102 c
1224 3037 1286 3092 test
1296 3037 1406 3094 contra
1417 3028 1449 3090 id
1460 3029 1545 3110 quod
1556 3027 1678 3092 dictum
1693 3037 1752 3105 est,
1765 3029 1870 3090 virum
1880 3047 1974 3091 suam

424 3131 516 3213 signa
540 3128 732 3209 virginitatis
757 3143 846 3189 suae:
872 3145 910 3188 ex
935 3143 999 3207 quo
1020 3132 1168 3206 apparet,
1224 3128 1393 3210 conjugem
1424 3127 1620 3190 mendaciter
1652 3135 1870 3203 accusantem,
1902 3147 1977 3190 esse

424 3230 509 3310 quod
531 3227 695 3291 sensibilia
724 3226 832 3308 aliqua
861 3242 956 3306 super
985 3223 1047 3285 hoc
1079 3223 1171 3303 signa
1225 3226 1462 3306 flagellandum,
1476 3226 1708 3308 pecuniamque
1718 3228 1977 3299 daturum3uxe

424 3347 532 3391 secum
550 3326 695 3389 ferebant
710 3333 854 3408 parentes
871 3322 995 3406 puellae.
1014 3321 1168 3398 Secundo,
1225 3345 1292 3389 rem
1312 3333 1418 3388 autem
1439 3325 1628 3401 convictam,
1647 3325 1853 3406 lapidandam
1869 3342 1877 3386 :
1893 3343 1978 3406 quo-

425 3427 459 3488 in
474 3444 513 3489 eo
537 3425 623 3506 quod
645 3423 772 3501 dicitur,
790 3422 976 3504 Expendent
999 3420 1172 3484 vestimen·
1227 3425 1312 3487 niam
1333 3426 1423 3506 juxta
1447 3423 1633 3506 praehabita,
1651 3441 1746 3505 poena
1770 3423 1900 3487 talionis
1926 3433 1977 3486 est

426 3533 505 3601 tum,
521 3532 583 3586 etc.
600 3522 756 3604 Amplius,
774 3520 849 3603 quia
869 3519 969 3583 ludaei
993 3527 1055 3582 tam
1077 3518 1171 3600 proni
1227 3523 1403 3603 infligenda
1425 3521 1506 3586 salso
1531 3521 1707 3586 accusatori
1730 3522 1978 3604 inprobatione

425 3630 515 3686 erant
530 3623 569 3684 ad
586 3620 704 3697 edium,
716 3619 925 3701 suspiciones,
938 3616 1169 3691 accusationes,
1226 3621 1401 3698 deficienti,
1418 3639 1493 3701 ergo
1507 3630 1540 3684 et
1554 3621 1604 3684 vir
1623 3619 1735 3683 debuit
1760 3620 1908 3702 lapidari,
1927 3622 1977 3684 Ad

388 3753 391 3760 ·
424 3729 521 3804 atque
537 3719 706 3802 repudium
723 3735 851 3779 suarum
863 3714 1173 3792 uxorum‚verisimi-
1227 3721 1287 3783 hoc
1304 3719 1497 3800 Augustinus
1513 3720 1693 3801 respondet,
1705 3720 1790 3800 quod
1806 3720 1856 3782 lex
1871 3721 1978 3782 voluit

427 3821 456 3882 le
473 3829 576 3902 potest
592 3817 705 3895 videri,
723 3817 808 3897 qued
824 3815 863 3878 ad
879 3814 1073 3877 obviandum
1090 3812 1173 3894 peri·
1228 3817 1363 3880 leminas
1388 3817 1509 3880 maritis
1533 3835 1603 3880 esse
1628 3816 1799 3898 subjectas,
1817 3817 1862 3879 ita
1886 3819 1978 3899 quod

427 3918 508 3980 culis
527 3917 640 3980 talibus
657 3923 803 3998 parentes
816 3913 929 3996 puella
941 3911 1174 3976 reservaverint
1229 3935 1292 3978 non
1307 3916 1490 3997 judicantur
1510 3933 1634 3996 semper
1648 3915 1689 3978 ad
1704 3915 1803 3998 paria,
1820 3914 1920 3978 etiam
1943 3917 1978 3978 in

427 4016 489 4078 sibi
505 4017 567 4079 tale
582 4013 734 4077 sensibile
750 4013 875 4093 signum
887 4010 1079 4089 virginitatis
1096 4009 1173 4072 liliae
1228 4013 1289 4077 tori
1306 4013 1488 4076 violatione.
1505 4011 1561 4074 Vir
1576 4031 1704 4094 quoque
1727 4022 1850 4095 poterat
1865 4016 1979 4096 plures

427 4107 1170 4194 suae.0bjcctaquoquefaciliterpossuntsclvi.
1228 4114 1344 4176 ducere
1368 4111 1533 4192 conjuges,
1560 4119 1592 4174 et
1616 4130 1747 4175 uxorem
1772 4112 1944 4194 repudiare
1968 4133 1976 4176 :

425 4211 573 4287 Quamvis
594 4211 680 4273 enim
703 4209 772 4272 sine
793 4207 973 4271 rationabili
990 4214 1022 4269 et
1042 4214 1173 4284 urgente
1191 4216 1364 4292 liquorum
1380 4211 1504 4272 nullum
1520 4209 1711 4292 permissum
1727 4219 1775 4273 est
1788 4212 1933 4291 conjugi.

426 4331 521 4375 eausa
547 4311 749 4374 inhonestum
776 4309 866 4385 loret,
893 4306 986 4369 talem
1011 4303 1173 4385 judicibus
1278 4312 1316 4370 St
1340 4311 1522 4379 dormierit,
1547 4308 1580 4370 id
1605 4317 1653 4370 est
1676 4308 1799 4384 coierit,
1823 4313 1876 4368 cir
1899 4330 1978 4370 cuin

426 4411 593 4474 ostendere
608 4415 872 4490 pannum,tamen
888 4405 927 4467 ad
944 4403 1173 4486 prolercudum
1228 4427 1328 4468 neore
1352 4409 1645 4484 ulterioremque
1669 4410 1825 4467 naortetar
1851 4426 1909 4489 per
1935 4408 1980 4471 la-

426 4518 547 4572 rectum
562 4505 731 4589 judicium,
748 4505 787 4567 ad
804 4503 1004 4567 liberandum
1021 4501 1175 4567 innocen·
1229 4505 1435 4591 pidationem,
1452 4524 1551 4585 quum
1567 4503 1687 4567 luerint
1710 4505 1770 4568 rite
1791 4506 1975 4588 dijudicati.

428 4617 501 4686 tem,
519 4608 559 4670 ad
575 4606 751 4670 tollendum
767 4603 886 4667 malum
910 4604 950 4666 de
965 4602 1071 4678 lsrael,
1089 4609 1175 4683 pote
1229 4603 1426 4666 Adulterium
1449 4621 1586 4683 namque
1606 4602 1831 4682 gravissimum
1850 4605 1979 4670 crimcn

428 4717 476 4771 rat
492 4708 563 4770 talis
585 4705 727 4769 ostensio
750 4701 1072 4787 irreprehensibiliter
1089 4700 1172 4776 lieri,
1229 4710 1288 4778 est,
1301 4710 1332 4764 et
1348 4708 1419 4782 post
1435 4700 1642 4764 homicidium
1658 4709 1707 4763 est
1722 4720 1820 4763 unum
1836 4703 1980 4768 deenor·

426 4809 510 4872 sicut
531 4816 563 4870 et
587 4805 719 4869 medicis
742 4803 865 4884 magnis
888 4802 1101 4865 ostenduntur
1119 4797 1173 4861 ali·
1230 4799 1385 4863 mioribus
1400 4818 1471 4881 quae
1492 4798 1650 4861 committi
1666 4809 1800 4881 possunt
1817 4799 1849 4862 in
1871 4804 1981 4882 proxi-

426 4908 556 4992 quando
571 4907 640 4969 loca
661 4905 745 4968 loeda
765 4903 806 4966 ob
825 4901 969 4983 corporis
992 4899 1172 4961 sanitatem.
1230 4917 1338 4960 mum:
1352 4899 1385 4960 in
1401 4915 1465 4980 quo
1480 4897 1614 4959 crimine
1630 4895 1876 4962 inactioestvoti
1893 4899 1978 4963 iidei

427 5009 550 5072 Poterat
563 5023 691 5087 quoque
702 5001 841 5067 ostensio
858 5001 913 5062 illa
924 4999 1087 5063 curialiter
1103 4997 1176 5060 lieri
1229 4997 1416 5080 conjugalis,
1434 4995 1642 5077 transgressio
1662 4997 1812 5078 precepti
1833 4997 1979 5062 fornica-

427 5116 459 5170 et
473 5107 512 5169 ad
528 5112 661 5188 partem.
680 5103 775 5181 Signa
790 5109 895 5163 autem
911 5099 1104 5179 virginitatis
1124 5099 1176 5160 de·
1231 5095 1350 5159 tionem
1366 5095 1513 5172 vetantis,
1531 5094 1652 5156 lurtum
1674 5115 1730 5157 seu
1753 5095 1876 5177 rapina,
1892 5099 1974 5160 dum

427 5205 638 5270 terminantur
659 5222 677 5264 a
699 5199 841 5264 medicis.
866 5198 983 5280 Estque
1000 5199 1033 5260 in
1058 5195 1174 5279 puellis
1231 5195 1327 5258 alicui
1343 5214 1399 5257 sua
1409 5193 1606 5256 subtrahitur
1615 5194 1787 5256 contoralis
1802 5194 1907 5277 palam
1919 5207 1977 5259 aut

428 5304 607 5387 uirginibus
623 5297 822 5381 signaculum
843 5298 947 5380 ipsum
967 5296 1172 5377 virginitatis,
1232 5295 1335 5357 clam:
1353 5313 1391 5357 ex
1415 5311 1475 5374 quo
1499 5291 1596 5356 etiam
1620 5291 1756 5355 crimine
1782 5293 1980 5362 incertitudo
