4309 6259
413 478 451 545 36
791 499 965 547 armanno
986 499 1017 545 ιιι
1038 498 1106 545 ιιι.
1130 497 1207 544 xxm
1227 497 1329 544 nxonr.
1351 517 1394 527 -
1412 498 1483 544 ιιι.
1506 497 1577 544 xnv1

410 669 689 752 animaliumque
704 669 785 732 lacte
800 669 995 747 nutriuntur,
1003 668 1154 731 carnibus
1167 666 1194 729 A
1208 687 1274 729 cem
1288 670 1371 746 ejus,
1388 667 1420 730 id
1435 674 1494 745 est,
1511 673 1558 744 tu,
1574 664 1693 749 popule
1707 663 1813 740 lsrael,
1824 662 1956 725 attende

409 786 479 832 esso
502 768 765 849 intelligendnm;
788 786 852 831 non
870 776 975 831 autem
996 768 1036 830 de
1052 766 1155 831 cami-
1208 774 1240 827 et
1255 784 1387 848 sequere
1407 766 1513 848 ipsum
1528 766 1633 842 losue,
1649 771 1682 827 ιι
1700 764 1730 827 ei
1746 764 1953 843 obtempera;

410 867 470 930 bus
494 867 614 945 avium,
640 868 791 949 quoniam
817 885 882 929 non
906 866 1035 929 aluntur
1059 865 1152 941 lacte,
1208 886 1265 925 nec
1285 867 1553 926 contemnendum
1570 874 1676 941 putes,
1699 862 1776 945 quia
1800 878 1865 923 non
1891 858 1956 921 luit

410 968 466 1029 sed
481 966 519 1030 de
535 966 667 1030 materia
686 966 750 1030 ovi.
770 964 884 1047 Sicque
902 966 988 1048 quod
1009 964 1155 1047 prohibe·
1207 964 1247 1026 de
1264 963 1348 1026 tribu
1364 962 1474 1026 Ruben
1491 961 1697 1045 primogeniti
1711 959 1818 1035 Jacob,
1837 976 1896 1021 nec
1914 957 1955 1020 de

411 1076 461 1128 tur
476 1067 515 1130 de
530 1067 612 1129 lacte
627 1065 736 1127 matris
741 1064 1000 1144 ,intelligendum
1016 1072 1101 1127 esset
1115 1064 1154 1126 de
1209 1062 1295 1125 tribu
1308 1064 1398 1139 luda,
1416 1062 1471 1125 sed
1487 1060 1549 1124 init
1563 1061 1711 1123 minister
1724 1058 1856 1141 Moysis3
1872 1060 1954 1137 quia

409 1164 572 1229 communi
588 1165 678 1227 laete.
689 1164 767 1227 Huic
782 1164 868 1227 dicto
882 1164 1014 1226 Andreae
1029 1180 1155 1226 concor·
1208 1182 1273 1222 non
1288 1165 1430 1223 divnitt
1389 1171 1430 1223 ιιι
1444 1182 1546 1241 quum
1557 1162 1751 1238 peccaveris,
1768 1158 1833 1221 Hoc
1847 1156 1953 1240 patuit

409 1266 463 1328 dat
483 1265 568 1347 quod
590 1262 765 1346 Magister
758 1282 791 1325 ru
813 1262 957 1325 historiis
979 1261 1081 1325 dici:
1098 1262 1155 1324 lle
1208 1261 1242 1322 in
1261 1259 1381 1337 Acban,
1398 1278 1493 1342 quem
1513 1278 1574 1369 pro
1595 1277 1653 1322 suo
1676 1258 1795 1321 scelere
1817 1254 2000 1374 lapidari2⁵
1989 1268 2099 1313 soum

408 1364 513 1427 braens
538 1364 644 1441 habet,
672 1363 740 1425 Non
766 1380 883 1444 coques
913 1368 1094 1443 separatum
1119 1360 1153 1421 in
1208 1359 1370 1469 precepit,
1387 1366 1420 1421 et
1434 1358 1542 1421 omnia
1561 1358 1631 1439 ejus
1650 1356 1837 1433 combussit,
1854 1363 1890 1416 ut
1909 1332 2010 1417 le-¹⁵'

409 1462 490 1526 lacte
511 1462 622 1525 matris
645 1480 721 1525 suae.
744 1462 782 1522 Mt
771 1469 852 1524 test
873 1480 997 1537 sensus,
1016 1460 1082 1524 Non
1104 1478 1155 1523 co·
1208 1458 1293 1537 gitur
1314 1458 1347 1519 in
1367 1457 1450 1520 libro
1468 1458 1572 1520 losue.
1591 1460 1696 1519 Ειι
1651 1466 1696 1517 est
1715 1475 1830 1516 nomen
1845 1474 1954 1515 meum

409 1581 487 1643 ques
500 1570 680 1644 separatum
695 1580 714 1623 a
729 1578 823 1624 carne
839 1568 1018 1642 parentum,
1037 1560 1070 1621 id
1092 1566 1152 1635 est,
1209 1559 1289 1617 init
1291 1562 1331 1618 ιο.
1278 1556 1409 1619 ιιΡιι
1431 1574 1546 1620 nomen
1567 1555 1666 1633 Dei‚'
1659 1575 1692 1617 vn
1714 1551 1915 1635 scripturis
1907 1571 1955 1613 rn-

409 1661 495 1742 qnod
517 1679 574 1743 per
594 1659 755 1723 carnalem
777 1658 1016 1740 generationem
1042 1675 1155 1721 conco-
1209 1655 1365 1737 telligitur
1390 1656 1524 1737 ipsemet
1547 1655 1640 1731 Deus,
1662 1653 1752 1734 juxta
1771 1652 1851 1714 illud
1874 1668 1882 1713 t
1907 1649 1956 1712 Sit
1983 1666 2109 1714 Paene.

409 1768 499 1841 ptum
519 1766 550 1822 et
569 1766 678 1821 natum
699 1765 758 1834 est,
775 1776 839 1820 non
860 1756 1006 1819 comedes
1027 1764 1152 1819 coctum
1210 1773 1326 1818 nomen
1338 1753 1464 1818 Domini
1474 1752 1752 1817 benedictum.Est
1767 1752 1874 1832 itaque
1884 1767 1956 1812 sen-

409 1877 479 1920 cum
503 1858 594 1935 lacte,
612 1857 662 1922 vel
683 1876 755 1919 cum
777 1856 885 1937 aliquo
906 1856 1017 1933 lacteo,
1042 1855 1191 1937 utpoteB
1211 1873 1264 1915 sus
1286 1871 1293 1915 :
1319 1854 1385 1934 Ego
1408 1853 1532 1934 ipsein
1554 1852 1625 1935 ipso
1642 1870 1713 1913 sum
1734 1850 1817 1913 sicut
1832 1850 1864 1911 in
1881 1866 1955 1911 meo

408 1975 500 2019 caseo
515 1964 569 2019 aut
583 1955 708 2038 butyro.
721 1954 807 2029 Quod
824 1954 944 2017 dictum
960 1962 1009 2017 est
1024 1963 1154 2035 propter
1208 1952 1341 2029 vicario,
1368 1960 1400 2014 et
1425 1951 1507 2014 siout
1531 1950 1681 2013 dominus
1705 1958 1737 2013 et
1761 1968 1816 2011 rex
1841 1956 1891 2011 est
1919 1947 1954 2009 in

408 2074 494 2132 aves,
511 2074 582 2136 quae
598 2073 662 2118 non
677 2054 717 2117 de
730 2072 836 2129 carne,
854 2054 909 2116 sed
929 2053 968 2115 de
990 2052 1059 2116 ovis
1079 2052 1155 2115 edu·
1208 2070 1266 2114 suo
1288 2069 1434 2133 precone
1452 2070 1489 2113 ac
1508 2050 1633 2112 nuntio.
1649 2049 1777 2126 lterum,
1799 2046 1953 2130 qnoniam

409 2161 535 2229 cuntur,
552 2152 680 2234 quasin
696 2152 777 2215 lacte
792 2160 897 2215 coctas
913 2151 964 2216 vel
979 2170 1052 2213 cum
1073 2150 1155 2213 lacte
1207 2150 1300 2212 Josue
1323 2150 1549 2232 interpretatur
1565 2149 1714 2225 salvator,
1732 2157 1764 2211 et
1784 2148 1888 2209 dictus
1904 2155 1956 2208 est

409 2253 508 2315 edunt
530 2250 664 2315 Hebraei.
690 2251 751 2314 Nee
776 2250 849 2313 ideo
869 2250 910 2313 de
935 2249 1016 2313 lacte
1042 2250 1154 2311 matris
1206 2249 1326 2312 lesus:
1350 2249 1436 2330 qnod
1459 2266 1576 2312 nomen
1596 2246 1750 2330 competit
1765 2247 1894 2328 proprie
1913 2264 1953 2307 oc

409 2350 606 2433 prohibitum
621 2350 733 2412 dicunt
737 2347 875 2461 ,qupd'
868 2338 901 2411 rii
921 2348 985 2412 alio
1004 2348 1086 2411 lactc
1102 2367 1154 2411 eas
1209 2348 1395 2410 naturaliter
1409 2348 1484 2423 Deo
1498 2348 1538 2410 de
1553 2366 1617 2429 quo
1633 2346 1789 2428 scriptum
1804 2353 1877 2407 est:
1895 2344 1955 2405 Ex·
1983 2360 2102 2403 namu

411 2450 504 2514 licoat
491 2458 675 2531 tcoquere3
692 2450 747 2512 sed
763 2448 838 2529 quia
853 2448 902 2511 lac
917 2448 997 2509 illud
1012 2448 1155 2530 paratius
1209 2446 1362 2510 saltabo
1354 2466 1388 2508 in
1405 2447 1468 2509 Deo
1489 2446 1563 2508 lesu
1584 2464 1666 2508 meo.
1684 2443 1742 2518 Qui
1764 2452 1796 2507 et
1817 2444 1852 2506 in
1873 2427 2008 2506 Dsee¹⁸'

410 2557 518 2631 posset
533 2548 671 2612 inveniri
691 2566 764 2609 cum
784 2546 926 2624 animali,
945 2554 1074 2629 propter
1094 2547 1154 2610 hoo
1209 2553 1425 2627 protestatur:
1445 2545 1588 2607 Salvator
1603 2563 1668 2607 non
1684 2552 1733 2607 est
1754 2551 1868 2626 praeter
1887 2562 1950 2607 me.
1971 2562 2053 2605 nm

410 2646 575 2729 prohibuit
589 2647 630 2709 de
643 2664 731 2709 omni
747 2644 1007 2709 laote.Postremo
1023 2644 1155 2726 quidam
1208 2646 1288 2707 Hinc
1311 2663 1427 2707 nomen
1447 2643 1502 2706 Dei
1529 2643 1623 2705 init
1615 2662 1650 2705 m
1673 2643 1779 2707 Josue.
1809 2645 1900 2711 Quod
1921 2646 1955 2704 si

410 2746 595 2827 intelligunt
609 2745 694 2807 istud
715 2744 836 2807 dictum
859 2762 929 2807 esse
950 2745 990 2808 de
1012 2744 1061 2805 bis
1083 2763 1155 2825 qum
1208 2745 1354 2804 audieris
1369 2765 1475 2804 nocem
1489 2744 1572 2819 rp‘us,
1588 2751 1628 2814 et,
1642 2760 1700 2824 pro
1717 2741 1749 2804 id
1767 2750 1827 2820 est,
1837 2744 1953 2819 feceris

409 2845 543 2908 Domino
567 2842 759 2920 offeruntur,
786 2842 878 2924 qnasi
904 2842 1028 2905 dicatur
1052 2860 1059 2904 :
1087 2843 1154 2906 Non
1208 2845 1406 2922 omniaque
1422 2841 1589 2921 loquore,
1609 2841 1641 2903 id
1656 2849 1712 2917 est,
1729 2860 1801 2923 qnae
1817 2840 1875 2903 tibi
1893 2860 1955 2922 per

410 2942 529 3009 olleras
544 2944 673 3007 boednm
690 2942 740 3005 vel
760 2960 878 3023 agnum
899 2940 986 3004 inira
1006 2948 1156 3006 octavum
1209 2959 1282 3003 enm
1305 2960 1341 3003 ac
1358 2940 1482 3022 Moysen
1497 2939 1617 3020 jube03
1640 2940 1798 3000 inimicus
1816 2959 1869 3000 ero
1891 2941 1956 2999 iai-

409 3043 506 3121 diem‚
530 3042 681 3124 qnoniam
707 3042 850 3104 nondum
875 3040 1085 3104 comestibilis
1104 3060 1157 3103 ex·
1174 3041 1304 3104 Geticis
1319 3041 1395 3111 tais,
1405 3037 1555 3103 videlicet
1569 3037 1767 3115 Ghananaeis,
1775 3037 1955 3119 ceterisque

411 3150 483 3219 stat,
501 3160 677 3224 parumque
691 3138 804 3204 diflert
817 3159 837 3201 a
852 3139 933 3202 lacte
951 3140 1073 3202 matris.
1210 3137 1401 3202 adversariis
1423 3137 1486 3199 tuis
1509 3136 1650 3218 injustis,
1665 3147 1695 3198 et
1715 3140 1860 3215 affligam
1872 3140 1956 3215 affli-

454 3241 692 3321 (lonsequenter
715 3245 788 3320 post
811 3238 891 3318 legis
918 3238 1156 3319 expressionem
1207 3247 1316 3315 gentes
1332 3248 1370 3309 te,
1388 3236 1421 3299 id
1436 3244 1485 3299 ιιι
1499 3254 1553 3299 ιιι
1568 3235 1624 3316 qui
1641 3235 1700 3297 tibi
1716 3235 1864 3299 resistere
1878 3255 1957 3319 pra}

413 3341 557 3404 hortatur
571 3336 724 3400 Dominus
739 3336 895 3417 populum
910 3337 950 3399 ad
966 3338 1035 3418 ejus
1051 3337 1158 3401 obser·
1212 3336 1416 3417 sumpserint.
1429 3335 1516 3397 Hanc
1530 3333 1761 3416 expositionem
1777 3343 1956 3416 sequuntur

413 3437 575 3503 vationem
595 3454 654 3517 per
673 3433 782 3496 divina
802 3433 969 3515 promissa,
986 3444 1018 3498 ιι
1035 3435 1069 3496 in
1086 3455 1157 3516 per·
1210 3434 1321 3497 Glossa
1334 3453 1371 3496 ac
1386 3433 1543 3509 Dabanas,
1562 3432 1735 3515 pluresque
1750 3433 1816 3496 alii.

413 3555 492 3600 sona
506 3534 619 3617 Moysis
634 3532 808 3614 alloquitur
824 3532 990 3613 populum,
1000 3542 1157 3615 quatenns
1252 3533 1396 3596 Secundo
1411 3540 1613 3614 exponuntur
1629 3531 1689 3594 ista
1703 3532 1743 3595 de
1759 3532 1881 3612 angelo,
1897 3532 1955 3613 qni

413 3634 532 3717 Moyses
549 3632 645 3696 verba
665 3630 720 3693 illa
740 3630 785 3692 sic
806 3637 927 3711 repetat
946 3630 1032 3713 plebi
1051 3649 1058 3693 ε
1076 3635 1158 3694 Ecce
1211 3651 1268 3714 per
1282 3631 1463 3694 columnam
1485 3630 1580 3693 uubis
1600 3637 1632 3693 et
1651 3631 1735 3710 ignis
1751 3630 1838 3695 lilios
1857 3631 1952 3693 lsrael

413 3754 468 3811 epo
483 3735 612 3794 mittam
627 3733 779 3807 angelum
799 3749 905 3789 oneum
924 3732 982 3809 qui
995 3736 1157 3809 praecedat
1211 3731 1390 3807 antecessit,
1408 3730 1492 3792 viam
1513 3729 1714 3807 monstravit,
1732 3730 1879 3811 protexit,
1896 3729 1953 3812 qui

415 3840 454 3903 te,
477 3841 506 3891 et
530 3830 688 3891 custodiat
711 3829 748 3887 in
771 3828 838 3898 via,
859 3836 889 3887 et
914 3829 1100 3891 introducat
1120 3833 1157 3891 in
1212 3848 1268 3910 per
1277 3829 1404 3911 Moysen
1416 3818 1610 3910 loquebatur
1619 3828 1657 3890 ad
1673 3827 1885 3910 populum.Et
1894 3828 1956 3889 luit

416 3934 520 3991 Deum
534 3949 628 4009 quem
640 3928 830 4006 praeparavi
850 3927 908 3986 tibi
923 3944 935 3986 .·
950 3927 1101 3990 videlicet
1122 3929 1156 3991 in
1212 3945 1329 3991 nomen
1348 3927 1403 3990 Dei
1428 3926 1462 3988 in
1488 3927 1600 4005 angelo
1622 3926 1689 4004 illo,
1711 3927 1801 4008 juxta
1824 3946 1952 3990 sensnm

414 4037 530 4091 terram
546 4024 778 4107 promissionis,
788 4042 885 4104 quam
901 4024 991 4087 vobis
1002 4026 1077 4089 dare
1093 4027 1177 4101 dis-¹
1212 4034 1408 4107 praetactum,
1426 4024 1614 4106 induxitque
1630 4025 1717 4087 lilios
1732 4026 1827 4089 lsrael
1843 4026 1877 4087 in
1893 4034 1956 4088 tor-

416 4125 518 4207 posui.
535 4124 640 4187 Potest
658 4130 764 4185 autem
785 4121 839 4185 bic
859 4141 970 4204 passus
986 4124 1157 4205 dupliciter
1212 4144 1279 4186 ram
1301 4123 1534 4206 promissionis,
1557 4124 1647 4204 juxta
1671 4124 1752 4187 illud
1771 4124 1917 4187 iudicum
1942 4142 1951 4186 ι

415 4222 590 4305 explanari.
606 4220 722 4297 Primo,
739 4239 796 4303 per
811 4221 958 4302 angelum
977 4222 1157 4305 intelligen-
1171 4224 1196 4285 D
1212 4223 1361 4286 Ascendit
1385 4222 1516 4301 angelus
1539 4222 1665 4285 Domini
1688 4223 1728 4285 de
1752 4222 1889 4303 Galgalis
1913 4224 1954 4286 ad
1968 4242 2119 4294 raasson.

415 4323 457 4385 do
486 4321 591 4403 ipsum
618 4320 712 4384 Josuo
741 4319 923 4383 ministrum
952 4321 1075 4403 Moysis,
1101 4324 1157 4406 qui
1212 4322 1317 4386 locum
1327 4321 1538 4397 Flentium‚et
1551 4320 1729 4383 aitzbduxi
1746 4340 1802 4385 vos
1818 4323 1857 4384 do
1867 4322 1955 4404 dlgv

268 4438 400 4509 rauenat.
415 4421 519 4503 Moyse
533 4417 686 4482 defuncto
701 4417 803 4482 lactus
824 4427 872 4483 est
891 4420 953 4482 dux
968 4421 1091 4503 populi,
1110 4422 1159 4485 in·
1212 4430 1316 4504 pto,et
1331 4420 1491 4484 introduxi
1509 4439 1564 4485 vos
1580 4422 1613 4483 in
1628 4429 1822 4503 terram,pro
1834 4440 1895 4503 qua
1908 4423 1956 4503 y'n-

415 4519 618 4600 troduxitque
646 4536 719 4581 eum
744 4517 778 4580 in
807 4526 923 4581 terram
953 4519 1155 4601 promissam.
1212 4519 1279 4581 ravi
1289 4520 1433 4601 patribus
1444 4519 1615 4582 vestrisllt
1630 4537 1694 4581 non
1704 4519 1844 4582 dimittet
1853 4538 1952 4600 quum

414 4617 471 4692 Qui
484 4618 579 4681 losue
593 4617 725 4703 angelus
746 4616 925 4699 appellatur
945 4618 1067 4682 ratione
1083 4618 1158 4681 olli·
1211 4617 1417 4699 peccaveris:
1438 4616 1515 4699 quia
1534 4615 1751 4680 conformatus
1770 4626 1818 4680 est
1837 4618 1955 4680 divinae

413 4716 466 4793 eii,
484 4715 634 4798 qnoniam
651 4716 746 4780 aDeo
761 4715 877 4779 missus
897 4724 945 4778 ιιι
965 4714 1042 4778 liliis
1062 4717 1157 4781 lsrael
1210 4716 1353 4797 justitia,
1377 4735 1435 4778 nec
1458 4717 1499 4778 ab
1523 4735 1561 4778 ea
1585 4735 1725 4797 unquam
1750 4716 1954 4793 exorbitabit,

413 4816 453 4878 ad
468 4815 721 4878 annuntiandum
741 4814 787 4877 eis
807 4812 862 4877 Dei
882 4814 1009 4895 eloquia
1028 4823 1060 4878 et
1076 4835 1157 4897 prae-
1211 4834 1247 4878 ac
1256 4804 1350 4896 'juxta
1363 4815 1419 4878 Dei
1436 4814 1606 4897 imperium
1621 4815 1782 4878 exercebit
1797 4815 1953 4879 ultionem

412 4922 528 4996 cepta;
555 4914 608 4996 qui
634 4922 666 4977 ιι
690 4914 790 4975 instar
817 4913 1002 4993 angelorum
1027 4914 1092 4976 Deo
1121 4914 1156 4976 in
1211 4914 1245 4975 in
1261 4913 1666 4993 transgressores.Nuntius
1681 4932 1809 4995 quoque
1825 4933 1887 4978 non
1903 4913 1957 4975 ba-

412 5012 562 5077 omnibus
577 5011 730 5088 obedivit,
749 5019 783 5073 ut
804 5012 838 5074 in
858 5012 953 5075 losue
977 5011 1059 5075 libro
1080 5012 1158 5095 legi-
1212 5014 1265 5075 bet
1278 5012 1439 5075 dimittere
1455 5012 1607 5093 injuriam
1622 5011 1744 5074 domini
1761 5012 1822 5091 sni,
1840 5012 1902 5075 nisi
1918 5012 1953 5074 in

272 5128 398 5182 ιιιιιιιι.
413 5120 465 5175 tur
482 5129 488 5173 :
506 5112 574 5175 Non
589 5111 743 5194 preteriit
763 5112 802 5173 de
822 5110 981 5175 universis
998 5112 1156 5174 mandatis
1211 5120 1366 5193 quantum
1387 5111 1449 5174 sibi
1470 5130 1488 5173 a
1508 5111 1638 5174 domino
1659 5129 1717 5174 sno
1731 5111 1953 5175 committitur.

413 5230 454 5275 ne
470 5230 568 5273 unum
587 5210 718 5292 quidem
738 5210 881 5287 verbum,
898 5211 983 5291 quod
1004 5209 1156 5273 Dominus
1211 5212 1272 5273 lsta
1286 5210 1442 5291 expositio
1457 5209 1624 5273 litteralior
1639 5228 1709 5272 esse
1725 5209 1861 5287 videtur,
1877 5229 1956 5292 quo-

411 5312 548 5392 jusserat
562 5308 669 5391 Moysi.
689 5311 824 5372 Observa
845 5329 932 5379 eum,
951 5318 980 5370 et
1001 5312 1086 5370 audi
1105 5330 1157 5369 vo-
1212 5309 1298 5371 niam
1319 5307 1439 5391 Moyses
1463 5308 1622 5371 audiendo
1646 5308 1713 5371 baec
1736 5310 1836 5372 verba
1859 5328 1878 5372 a
1898 5308 1956 5373 Do·
