4309 6259
444 499 503 562 714
852 520 1030 567 armooarro
1054 522 1085 567 m
1106 522 1358 569 remarcuerunt.
1380 542 1420 553 —-
1441 524 1511 570 aar.
1536 524 1577 571 ru

442 686 551 749 cibum
573 688 666 769 aquis
689 688 822 769 intingit
838 707 846 752 ι
868 688 917 752 illi
939 690 1106 772 signantur
1130 692 1187 773 qui
1203 690 1229 755 Α
1244 690 1393 769 David,et
1408 693 1717 774 transmigrationem
1733 695 1910 777 Babylonis,
1921 702 1985 759 erat

442 786 618 848 secuudum
642 787 778 851 aliorum
803 790 999 853 voluntatem
1024 790 1070 853 nil
1095 809 1188 871 agere
1243 789 1386 853 Christus
1407 792 1469 854 Deo
1483 790 1680 868 offerendus,
1698 810 1736 853 ex
1751 794 1844 874 cujus
1861 812 1919 857 nos
1934 794 1987 856 dc-

443 884 567 962 volunt,
584 887 640 948 sed
657 887 761 949 solum
778 890 953 951 secundum
970 889 1092 971 proprii
1108 889 1188 953 alle-
1243 889 1353 971 inceps
1384 891 1589 952 sacramentis
1620 889 1795 953 reficimur.
1822 892 1985 954 Probibuit
2126 956 2127 961 ,

443 990 512 1044 ctus
534 983 786 1049 inclinationem.
808 987 865 1049 Per
889 988 1107 1065 herodionem,
1131 989 1186 1071 qui
1243 988 1338 1050 etiam
1366 987 1533 1065 Dominae,
1562 1006 1602 1049 ne
1629 996 1793 1049 uterentur
1817 990 1986 1051 vestimen·
2008 1007 2104 1055 earm,

310 1087 348 1130 1²⁸·
357 1100 400 1135 ¹¹¹¹·
408 1089 427 1128 ³-
444 1079 527 1144 lalco
542 1092 683 1161 vocatur,
693 1084 929 1165 significantur,
939 1106 1075 1167 quorum
1092 1089 1187 1169 pedes
1244 1086 1284 1147 tis
1305 1106 1343 1148 ex
1363 1086 1436 1147 lana
1454 1105 1491 1149 ac
1513 1086 1579 1149 lino
1594 1088 1760 1165 contextis,
1778 1088 1855 1169 quia
1877 1088 1985 1169 hujus·
2000 1072 2028 1111 ¹¹·

297 1150 427 1201 ⁸⁰⁸¹''''''5'
443 1179 568 1243 voloces
583 1191 658 1244 sunt
676 1183 716 1245 ad
732 1184 897 1263 sanguinis
913 1184 1188 1249 ollusionem.Per
1243 1185 1329 1249 modi
1351 1184 1523 1247 utebantur
1545 1185 1735 1261 idololatram
1757 1196 1788 1249 et
1810 1206 1850 1249 ne
1868 1187 1918 1248 rir
1940 1187 1985 1248 ln·
2015 1201 2090 1242 uua

443 1276 643 1358 charadrion,
662 1300 733 1363 quae
747 1284 816 1345 avis
831 1293 879 1346 θεῖ
893 1285 1031 1363 garrula,
1050 1284 1189 1364 liguran-
1243 1285 1394 1347 dueretur
1411 1293 1499 1347 veste
1522 1283 1670 1362 leminea,
1688 1286 1738 1348 vel
1754 1294 1895 1361 econtra,
1912 1286 1985 1367 quia

444 1384 495 1437 tur
511 1377 671 1458 loquaces.
688 1380 746 1443 Per
767 1401 919 1463 upupam,
938 1382 971 1444 in
994 1383 1188 1446 stercoribus
1244 1383 1277 1445 in
1294 1382 1393 1445 saeris
1408 1382 1524 1459 Martis,
1543 1382 1692 1446 mulieres
1708 1383 1880 1447 utebantur
1893 1386 1987 1448 vesti-

444 1474 1008 1561 nidilicantem,quaepasciturlimo,
1022 1490 1054 1544 θῖ
1069 1482 1101 1544 in
1118 1502 1189 1545 can·
1244 1481 1361 1543 mentis
1385 1481 1537 1558 virorum,
1559 1488 1591 1545 et
1612 1480 1646 1543 in
1669 1482 1766 1543 sacris
1786 1481 1920 1545 Veneris
1941 1483 1988 1544 ri-

445 1582 478 1635 tu
503 1576 657 1655 gemitum
683 1578 823 1655 simulat,
850 1580 1057 1659 designantur
1083 1581 1189 1644 tristes
1245 1580 1270 1640 ri
1288 1579 1503 1642 induebantur
1520 1579 1661 1643 vestibus
1677 1579 1881 1642 feminarum.
1900 1582 1986 1644 Ratio

310 1684 428 1734 teor-uu.
445 1672 574 1735 tristitia
589 1675 795 1758 saculi,quae
810 1686 945 1740 mortem
961 1679 1189 1760 operatur.Per
1244 1687 1349 1741 autem
1377 1679 1657 1761 spiritualisest:
1685 1699 1759 1742 nam
1786 1699 1842 1761 per
1868 1688 1986 1744 vestem

297 1750 330 1790 ¹⁰·
444 1771 702 1851 vespertilionem
720 1774 753 1835 in
769 1774 1046 1853 bassovolantem,
1064 1776 1190 1855 signan-
1244 1778 1424 1859 simplicem
1448 1777 1631 1841 innocentia
1656 1778 1850 1860 designatur.
1879 1779 1987 1841 llulier

444 1875 496 1929 tur
510 1869 565 1950 qui
582 1870 649 1933 sola
669 1879 795 1934 terrena
814 1873 1045 1955 appretiantur.
1208 1876 1371 1957 Bquoque
1401 1876 1535 1939 docendi
1566 1876 1713 1939 ollieium
1744 1896 1899 1959 usurpare
1924 1896 1985 1941 non
2009 1890 2104 1940 rom.

484 1967 573 2031 Circa
584 1969 727 2032 volatilia
743 1990 818 2034 vero
840 1972 1059 2053 quadrupedia
1079 1991 1189 2036 conce·
1244 1977 1347 2041 debet.
1997 1957 2028 1997 ‘⁸'

443 2066 601 2128 dabantur
615 2068 730 2131 ludaeis
746 2087 784 2131 ea
803 2071 975 2147 dumtaxat,
993 2090 1065 2151 quaa
1085 2081 1189 2153 postc-
1283 2070 1431 2145 Quamvis
1456 2089 1543 2146 vero,
1567 2077 1645 2133 teste
1668 2070 1830 2151 Apostolo,
1856 2089 1922 2134 non
1946 2071 1986 2133 sit
2008 2092 2103 2140 ranna.

301 2175 429 2227 rann.
444 2164 530 2226 riora
553 2184 647 2228 crura
675 2166 793 2230 babent
823 2168 984 2249 longiora,
1011 2178 1046 2231 ut
1070 2178 1190 2251 queant
1244 2171 1307 2233 Dco
1322 2188 1398 2231 cure
1414 2170 1454 2231 de
1469 2168 1582 2245 bobus,
1600 2168 1749 2232 videlicet
1762 2168 1839 2249 quia
1854 2188 1919 2231 non
1936 2189 1986 2232 cu-

443 2260 550 2326 salire.
568 2264 638 2327 ntia
652 2275 757 2328 autem
772 2285 844 2347 quae
861 2275 951 2329 terrae
965 2268 1067 2351 magis
1089 2270 1190 2332 adbae
1245 2276 1293 2330 rat
1308 2286 1366 2330 nec
1381 2266 1489 2349 exigit,
1509 2267 1586 2347 quid
1603 2266 1698 2330 homo
1713 2266 1797 2330 circa
1812 2286 1849 2329 ea
1863 2276 1936 2349 agat
1949 2287 1984 2329 ex

445 2370 525 2439 rant,
553 2362 805 2444 prohibebantur
832 2384 839 2429 ε
866 2365 943 2446 quia
967 2367 1022 2447 qui
1052 2376 1189 2448 quatuor
1243 2366 1363 2429 ellectu
1381 2366 1533 2429 rationis:
1551 2364 1663 2429 Dmnia
1678 2366 1763 2428 enim
1775 2365 1913 2448 subjecit
1928 2366 1984 2428 sub
2014 2386 2104 2427 exne.

444 2459 688 2540 Evangeliorum
705 2463 849 2525 doctrina
858 2463 1045 2541 abutuntur,
1054 2465 1190 2527 immun·
1244 2465 1378 2548 pedibus
1394 2466 1484 2546 ejus;
1508 2474 1598 2527 curat
1614 2473 1720 2527 tamen
1733 2465 1814 2528 Deus
1827 2466 1985 2546 quomodo

443 2557 475 2619 di
492 2566 688 2639 reputantur.
706 2560 790 2623 lnter
812 2562 937 2643 plantas
957 2581 1032 2626 vero
1054 2582 1117 2626 uon
1142 2572 1189 2627 est
1244 2565 1339 2627 homo
1355 2584 1389 2626 se
1405 2564 1500 2627 babet
1521 2565 1561 2627 ad
1583 2564 1687 2641 bruta,
1704 2572 1860 2645 quantum
1883 2565 1922 2626 ad
1942 2564 1985 2627 al-

443 2654 526 2717 lacta
541 2656 704 2720 distinctio
722 2676 729 2720 :
747 2659 898 2740 quoniam
916 2680 991 2722 usus
1008 2661 1187 2742 plantarum
1245 2662 1363 2725 lectum
1384 2662 1553 2744 passionis.
1575 2661 1683 2724 Voluit
1705 2662 1802 2743 igitur
1822 2662 1983 2740 Dominus,

442 2762 517 2817 ante
541 2754 699 2819 diluvium
725 2757 797 2818 luit.
814 2758 895 2820 Usus
916 2768 1022 2821 autem
1043 2760 1187 2823 carnium
1244 2770 1279 2823 ut
1300 2761 1386 2824 circa
1407 2761 1572 2824 brutorum
1598 2780 1710 2843 poenas
1735 2770 1842 2824 essent
1861 2780 1986 2844 compa-

443 2861 553 2935 postea
568 2854 694 2917 videtur
717 2856 876 2933 inductus,
895 2858 1061 2940 magisque
1082 2860 1122 2922 ad
1137 2879 1189 2923 cu·
1245 2860 1535 2941 tientes‚quatcnus
1552 2860 1595 2921 ita
1610 2868 1828 2923 assuescerent
1843 2859 1985 2923 misereri

444 2952 618 3015 riositatem
634 2962 731 3035 atque
747 2955 889 3032 delicias,
908 2975 1004 3037 quam
1018 2958 1059 3020 ad
1082 2978 1190 3021 neces·
1243 2968 1339 3039 atque
1354 2976 1540 3021 succurrere
1556 2958 1719 3039 proximis.
1733 2958 1868 3039 Ideoque
1884 2955 1986 3040 probi·
1998 2976 2105 3081 {3¹¹¹}

2047 3051 2104 3085 xxx„
2126 3066 2127 3085 ,

2010 3100 2060 3143 1Μά.
2069 3113 2104 3141 xm.
2126 3113 2127 3143 1

444 3051 568 3115 citatem
589 3052 730 3133 pertinet
740 3054 824 3116 vitae.
837 3055 875 3115 Et
890 3074 966 3136 ergo
981 3056 1092 3121 volens
1107 3057 1189 3120 Deus
1206 3058 1227 3121 C
1244 3056 1314 3119 buit
1329 3054 1454 3136 alligari
1469 3073 1505 3118 os
1521 3055 1596 3118 bovi
1612 3055 1784 3131 trituranti,
1803 3065 1835 3118 θῖ
1854 3064 1985 3119 matrem

444 3151 599 3231 populum
616 3171 708 3214 suum
729 3154 767 3214 ad
790 3153 1020 3236 simpliciorem
1037 3157 1189 3219 reducere
1244 3172 1316 3217 cum
1343 3152 1442 3235 pullis
1466 3154 1583 3217 occidi.
1603 3153 1660 3216 Vel
1686 3153 1719 3215 in
1746 3154 1985 3217 detestationem
1998 3168 2017 3211 ⁶.
2026 3166 2043 3205 t

444 3249 575 3325 victum,
592 3250 742 3312 animalia
756 3251 857 3313 multa
873 3252 1047 3333 probibuit.
1245 3252 1448 3316 idololatriae.
1461 3252 1661 3334 Reputabant
1676 3252 1763 3314 enim
1783 3252 1922 3333 AEgyptii
1938 3272 1987 3315 ne

489 3347 587 3409 lussit
610 3367 738 3429 quoque
761 3350 925 3424 Dominus,
953 3370 992 3413 ne
1016 3360 1191 3433 coquerent
1246 3351 1303 3427 las,
1328 3351 1442 3415 bovem
1468 3352 1633 3414 comedere
1656 3370 1694 3413 ex
1716 3349 1862 3431 lrugibus
1885 3359 1984 3413 terrae.

445 3445 575 3507 hoedum
592 3445 717 3509 inlacte
732 3447 870 3528 propriae
885 3448 995 3510 matris
1014 3450 1190 3531 :quiahoc
1245 3449 1349 3513 Simili
1371 3449 1494 3512 ratione
1514 3448 1679 3530 probibuit
1701 3449 1899 3511 diversorum
1924 3448 2104 3511 ani-campa

326 3578 333 3592 ·
446 3542 561 3618 lacere,
584 3543 622 3605 ad
645 3544 866 3607 crudelitatem
888 3546 1026 3627 pertinet
1041 3548 1113 3628 ejus
1133 3548 1189 3629 qui
1244 3549 1376 3612 melium
1401 3548 1644 3612 commixtiones
1671 3567 1678 3611 :
1705 3548 1822 3611 talibus
1852 3568 1988 3630 namque

445 3640 633 3722 coquit.Lac
649 3661 787 3723 namque
803 3643 924 3720 matris,
935 3646 974 3706 ad
989 3645 1188 3723 alimentum,
1245 3648 1415 3711 utebantur
1430 3646 1566 3730 AEgyptii
1589 3647 1622 3708 in
1638 3646 1826 3729 obsequium
1850 3647 1988 3729 planeta-

445 3758 509 3802 non
524 3740 563 3801 ad
579 3740 855 3821 consumptionem
877 3742 998 3804 sobolis
1012 3744 1188 3806 ordinatur.
1246 3764 1328 3822 rum,
1352 3747 1407 3826 qul
1431 3746 1605 3808 secundum
1626 3745 1870 3826 conjunctiones
1891 3747 1989 3809 diver·

444 3838 512 3915 Vel,
530 3838 606 3919 quia
623 3838 759 3918 gentiles
777 3838 908 3902 boedum
930 3840 963 3901 in
984 3841 1064 3904 lacte
1081 3842 1190 3905 matris
1246 3864 1307 3920 sas,
1330 3844 1434 3907 varios
1458 3844 1636 3907 sortiuntur
1656 3842 1813 3919 ellectus;
1835 3844 1989 3907 etiamad

444 3955 582 4017 coquere
605 3944 850 4000 consueverunt.
871 3936 1060 4017 Figuralitcr
1084 3948 1189 4002 eutem
1246 3942 1418 4005 tollendam
1449 3942 1651 4004 occasionem
1683 3941 1827 4004 libidinis
1857 3943 1990 4025 vitiique

444 4054 500 4116 por
524 4035 584 4098 boc
610 4034 824 4113 significatur,
853 4038 939 4117 quod
964 4038 1108 4100 Christus
1133 4038 1189 4120 qui
1245 4048 1356 4103 contra
1372 4039 1735 4102 naturamUndellabbi
1752 4039 1871 4121 Moyses
1887 4049 1991 4103 narrat

444 4132 587 4211 signatur
613 4152 670 4214 per
694 4134 824 4195 boedum
850 4144 979 4216 propter
1005 4136 1190 4199 similitudi·
1247 4138 1347 4201 luisse
1358 4138 1507 4200 traditum
1520 4136 1553 4198 in
1565 4137 1789 4201 traditionibus
1799 4138 1989 4213 ludaeorum,

444 4250 517 4293 nem
539 4231 644 4294 carnis
666 4230 800 4312 peccati,
817 4252 881 4295 non
905 4242 972 4295 erat
991 4236 1188 4316 coquendus,
1206 4241 1231 4302 D
1246 4247 1403 4320 quatenus
1415 4236 1524 4300 oculos
1536 4254 1611 4299 suos
1626 4244 1805 4299 averterent
1821 4235 1861 4298 ab
1876 4237 1991 4299 anima-

444 4330 505 4392 boc
520 4338 568 4392 est
583 4329 787 4405 occidendus,
802 4330 834 4391 in
851 4330 931 4394 lacte
947 4333 1144 4410 matrissuae,
1158 4334 1191 4395 id
1247 4336 1330 4398 libus
1345 4343 1489 4417 tempore
1510 4333 1756 4397 commixtionis.
1780 4333 1991 4415 spiritualiter

444 4437 493 4491 θεῖ
520 4436 663 4510 tempore
688 4448 753 4491 suaa
779 4429 934 4492 inlantiae.
957 4431 1089 4506 Rursus,
1116 4433 1191 4514 quia
1247 4441 1439 4496 autemnon
1464 4432 1616 4495 debemus
1638 4440 1745 4495 tenere
1766 4441 1899 4494 matrem
1922 4451 1989 4495 curn

445 4526 581 4607 gentiles
604 4527 784 4610 primitivos
807 4528 929 4591 fructos
953 4528 1142 4608 lortunatoS,
1161 4539 1192 4594 et
1248 4531 1338 4607 liliis,
1356 4532 1416 4594 boo
1432 4540 1480 4594 est
1502 4531 1672 4593 litteralem
1694 4550 1822 4593 sensum
1838 4548 1914 4593 cum
1931 4530 1991 4613 spi·

446 4625 508 4687 diis
519 4625 585 4687 suis
600 4624 785 4689 oilercndos
801 4627 1126 4711 putabant,praeccpit
1137 4631 1193 4692 Do
1248 4629 1354 4691 rituali
1368 4654 1375 4703 ;
1400 4630 1455 4691 sed
1471 4636 1502 4691 ct
1518 4628 1591 4691 bovi
1615 4627 1787 4703 trituranti,
1805 4627 1838 4689 id
1854 4636 1903 4690 est
1919 4648 1991 4711 prae

446 4723 553 4785 minus
582 4723 701 4805 populo
726 4742 800 4799 suo,
828 4732 864 4785 ut
892 4724 988 4786 trium
1015 4726 1192 4807 primorum
1247 4726 1381 4789 dicatori
1404 4725 1492 4789 verbi
1514 4724 1626 4799 divini,
1646 4742 1710 4787 non
1732 4732 1781 4787 θεῖ
1802 4743 1837 4787 οε
1861 4725 1991 4805 alligau-

390 4851 431 4888 ιιι,
446 4840 541 4903 poma
555 4840 712 4884 annorum
729 4830 913 4903 reputarent
924 4822 1193 4906 immunde,*quar-
1248 4826 1341 4900 dum,
1368 4824 1428 4887 boc
1457 4832 1505 4885 θεῖ
1535 4822 1713 4885 neccssaria
1738 4822 1811 4884 vita
1839 4823 1987 4887 tollenda.

447 4920 470 4981 ti
487 4939 561 4983 vero
576 4920 652 4982 anni
670 4938 763 5000 poma
779 4921 842 4983 Deo
857 4919 1023 4998 ollerrent,
1042 4932 1193 5005 tanquam
1248 4921 1413 4985 Probibuit
1443 4923 1575 5003 insuper
1599 4920 1753 4983 Dominus
1782 4922 1904 5003 populo
1931 4920 1987 4983 sibi
2012 4939 2102 4981 narni.
2126 4932 2127 4935 ¹

446 5018 606 5100 primitias
632 5017 810 5094 fructuum,
837 5019 953 5100 quinto
977 5029 1083 5083 autem
1110 5041 1193 5085 anno
1249 5018 1414 5104 peculiari,
1433 5038 1472 5081 ne
1490 5018 1584 5080 simul
1600 5026 1727 5080 ararent
1743 5018 1873 5082 in-bovc
1888 5028 1920 5082 et
1934 5018 1990 5081 asi·
2003 5006 2030 5045 ¹⁰·
2126 5098 2127 5101 Ἴ

448 5117 509 5198 ipsi
526 5125 730 5179 vescerentur
745 5136 783 5179 ex
799 5117 855 5192 cia,
873 5126 905 5179 et
920 5118 1081 5201 deinceps.
1097 5121 1194 5203 Spiri-
1251 5139 1308 5182 no:
1321 5118 1366 5180 sic
1387 5118 1471 5181 enim
1493 5116 1629 5199 lllgyptii
1646 5116 1680 5177 in
1696 5117 1932 5181 venerationem
1949 5116 1991 5179 ui·
2126 5114 2127 5195 l

448 5214 696 5278 tualitcrautem
713 5234 769 5296 per
785 5215 1107 5299 istasignatur,quod
1124 5228 1196 5301 post
1250 5236 1350 5280 versae
1365 5214 1598 5296 conjunctionis
1614 5214 1777 5277 steDarum
1794 5215 1991 5277 arabantlla-

451 5323 514 5376 tres
529 5321 630 5376 status
645 5313 705 5375 sub
720 5313 932 5393 legc,scilieet
947 5325 1017 5397 post
1028 5317 1193 5393 Abrabam,
1251 5316 1408 5379 tioautem
1420 5313 1564 5394 figuralis
1575 5320 1714 5377 est2nam
1726 5314 1758 5375 in
1771 5314 1991 5393 praedicatione

2126 5514 2127 5569 l

2126 5572 2127 5623 l

2126 5726 2127 5785 l
