4309 6259
442 488 502 551 ill
807 507 1032 553 mannariora
1054 505 1122 552 aar.
1145 505 1198 550 xvi
1218 505 1355 552 navrrrer.
1378 525 1418 536 —
1438 507 1508 553 aar.
1532 507 1630 553 xxxur

444 696 517 740 nem
533 677 698 760 culparum
714 699 787 742 cum
801 677 1050 742 circumstantiis
1066 677 1132 739 suis
1143 685 1188 738 at·
1205 675 1230 737 Α
1245 685 1306 753 tur,
1325 677 1496 740 Sabbatum
1512 677 1719 760 requietionis
1734 685 1783 739 est
1798 679 1809 736 l
1826 675 1887 736 nisi
1904 673 1988 738 forte

443 796 506 858 que
520 777 701 840 effectibus.
720 783 762 840 Et
776 781 970 858 quicumque
984 779 1188 838 combusserit
1243 777 1327 855 quod
1343 776 1398 852 ait,
1412 777 1582 840 Sabbatum
1599 773 1806 858 requietionis
1821 782 1879 848 est,
1896 772 1989 836 iutel-

442 895 490 947 cn,
505 876 563 938 hoe
579 885 636 952 est,
650 876 797 939 sacerdos
813 875 869 958 qui
885 894 1018 957 corpora
1033 874 1090 936 illa
1105 873 1188 936 obla·
1243 873 1358 954 ligatur
1374 875 1585 952 intransitive,
1599 868 1680 938 sicut
1695 874 1739 936 ait
1753 872 1936 954 Apostolus,
1952 871 1985 932 ln
2020 888 2129 932 cumr,

444 983 475 1036 ta
501 974 578 1038 fecit
601 975 748 1039 consumi
774 976 814 1038 ab
840 975 925 1055 igne,
949 977 1072 1036 iuuabit
1098 975 1188 1034 vesti·
1243 972 1472 1054 exspoliatione
1490 974 1631 1054 corporis
1647 973 1771 1046 carnis3
1791 971 1840 1035 vel
1856 989 1894 1034 ex
1909 969 1987 1032 alte-
2003 951 2035 990 ¹¹·

442 1085 798 1155 mentnsueetcurnem
808 1097 903 1155 aque,
914 1074 996 1136 sicut
1007 1073 1186 1154 expositum
1242 1071 1308 1132 rius
1334 1071 1419 1134 modi
1444 1071 1681 1154 computatione
1706 1071 1739 1133 id
1763 1070 1910 1143 accidat.;
1934 1067 1985 1130 vel

441 1181 500 1248 est,
518 1181 667 1254 tanquam
684 1173 869 1235 immundus
884 1191 922 1235 ex
937 1180 1085 1235 contactu
1107 1188 1188 1233 mer·
1242 1179 1371 1251 propter
1401 1170 1644 1233 similitudinem
1670 1170 1794 1232 dicatur
1818 1167 1984 1230 sabbatum

443 1280 503 1334 tuae
534 1272 651 1349 earnis,
679 1281 711 1334 et
735 1291 773 1334 ex
797 1271 1046 1334 contrectatione
1075 1288 1183 1332 eorum
1243 1268 1460 1349 requietionis,
1478 1269 1538 1331 hec
1553 1277 1612 1346 est,
1630 1267 1748 1330 festum
1765 1267 1798 1328 in
1816 1284 1881 1348 quo
1898 1265 1986 1329 velut

441 1389 512 1451 quaa
528 1390 586 1452 pro
601 1369 840 1451 peccatiserant
855 1371 981 1433 oblata:
999 1370 1033 1430 in
1048 1387 1185 1451 quorum
1242 1367 1274 1428 in
1305 1367 1436 1430 sabbato
1461 1367 1502 1430 sit
1532 1367 1806 1449 requiescendum.
1825 1367 1985 1442 Afflipctis

441 1468 691 1530 contrectatione
707 1467 813 1531 forsan
830 1467 966 1529 incurrit
983 1467 1106 1549 aliquas
1122 1465 1186 1527 cul·
1241 1470 1370 1527 unimus
1385 1477 1504 1527 oestrus
1518 1468 1674 1544 reiigione
1686 1475 1853 1544 perpetua.

441 1584 508 1646 pas,
534 1565 567 1626 in
594 1584 651 1628 suo
676 1560 788 1628 officio
814 1564 978 1628 nonsatis
1004 1571 1185 1627 reverenter
1284 1563 1984 1644 licpinbitcnteinsucemtcsquiunctussuc-

441 1672 473 1726 et
496 1665 610 1726 devote
634 1684 668 1727 se
689 1663 820 1726 habens.
840 1664 929 1726 Unde
952 1672 983 1726 et
1006 1662 1185 1725 sacerdotes
1240 1666 1296 1736 rit,
1309 1672 1418 1745 utpote
1429 1663 1581 1745 pontifex,
1595 1663 1651 1744 qui
1663 1662 1791 1744 proprie
1802 1660 1981 1741 ungebatur

442 1762 500 1824 sub
519 1772 659 1844 tempore
675 1762 785 1840 gratiae
802 1770 874 1843 post
888 1761 1135 1824 celebrationem
1151 1779 1185 1822 se
1241 1761 1312 1824 fuso
1329 1780 1423 1843 super
1438 1769 1532 1843 caput
1552 1760 1653 1842 ipsius
1675 1761 1745 1824 oleo
1760 1767 1881 1833 sancte,
1898 1758 1983 1839 quod

441 1860 559 1922 lavant.
587 1863 629 1921 m
652 1862 699 1920 sic
723 1862 926 1937 ingredietur
950 1869 1067 1919 cestre.
1094 1859 1185 1918 Erit·
1203 1859 1311 1922 Baliis
1327 1861 1544 1923 sacerdotibus
1560 1879 1624 1922 non
1641 1858 1749 1936 fiebat,
1766 1870 1795 1920 ct
1810 1860 1906 1935 cujus
1921 1860 1986 1918 ini-

440 1979 500 2037 que
516 1960 602 2018 uobis
617 1960 674 2017 laec
693 1959 875 2034 legitimum
889 1959 1134 2034 sempiternum,
1152 1953 1184 2016 id
1241 1962 1341 2029 lintre,
1357 1959 1390 2020 id
1415 1967 1463 2021 est
1485 1967 1687 2036 consecratae,
1703 1969 1778 2019 sunt
1800 1977 1929 2028 munus,
1947 1967 1983 2016 ut

440 2062 488 2116 est
509 2063 702 2136 preceptum
735 2054 843 2116 divina
868 2052 937 2132 lege
965 2052 1135 2128 sancitum,
1154 2059 1185 2113 et
1239 2059 1424 2129 sacredotic,
1438 2056 1470 2118 id
1481 2055 1742 2137 estpontificatu,
1754 2057 1917 2134 sunpatur
1925 2075 1984 2130 pro

440 2171 496 2234 per
512 2172 606 2216 omne
628 2162 753 2234 tempus
774 2151 893 2216 veteris
906 2151 1099 2215 Testamenti
1121 2167 1185 2212 ser·
1236 2166 1330 2232 putre
1349 2177 1417 2226 suo,
1435 2156 1495 2219 hoc
1520 2163 1568 2218 est
1589 2154 1658 2218 leco
1684 2153 1897 2236 progenitoris
1922 2151 1981 2228 sui,

438 2252 589 2313 vandum.
1239 2254 1291 2316 eui
1307 2253 1340 2314 in
1356 2254 1547 2336 pontificatu
1563 2253 1715 2316 successit
1730 2251 1931 2316 successione
1944 2251 1986 2312 le

478 2349 714 2430 Consequenter
730 2348 865 2411 traditur
876 2349 955 2411 ritus
973 2347 1181 2424 solennitatis
1239 2352 1362 2434 gitima,
1380 2353 1407 2414 si
1424 2361 1528 2416 tamen
1545 2352 1692 2434 prosapia
1707 2360 1738 2413 et
1754 2350 1913 2414 successio
1929 2350 1984 2410 illa

439 2447 472 2509 in
490 2467 553 2529 qua
567 2449 724 2530 praedicta,
737 2448 844 2528 aliqua
865 2465 993 2528 quoque
1008 2447 1184 2527 sequentia,
1238 2451 1432 2513 duraverint.
1450 2455 1673 2530 Inducturquc
1689 2453 1770 2510 stola
1786 2451 1874 2509 linea
1889 2459 1919 2510 ct
1937 2469 1984 2508 vc-

438 2554 513 2608 sunt
528 2547 692 2609 servanda.
706 2550 814 2607 diense
828 2549 973 2623 septime,
989 2548 1113 2606 deciana
1129 2549 1184 2605 dfe
1237 2553 1338 2609 stibus
1351 2549 1641 2619 satzcttsmidclicct
1658 2548 1765 2610 tunica
1776 2547 1871 2624 lineo,
1890 2545 1983 2608 femi-

438 2647 555 2704 mensis
571 2645 725 2725 ejusdem,
742 2647 891 2722 affligetis
906 2647 1035 2704 animus
1051 2654 1182 2714 vestras,
1239 2647 1364 2708 nalibus
1390 2647 1495 2723 lineis,
1514 2655 1545 2708 et
1568 2644 1667 2709 cidari
1694 2645 1778 2708 linea
1804 2645 1838 2704 in
1865 2644 1980 2726 capite,

439 2743 470 2805 id
482 2751 530 2806 est
540 2761 596 2807 vos
613 2742 698 2824 ipsos
710 2752 741 2805 et
752 2744 849 2806 vitam
863 2752 998 2805 vestram
1010 2743 1180 2804 animalem
1238 2744 1319 2808 sicut
1334 2745 1398 2826 jam
1415 2745 1544 2819 claruit3
1557 2755 1586 2806 ct
1601 2747 1756 2822 expiabit,
1769 2743 1830 2806 boe
1846 2751 1895 2806 est
1911 2762 1983 2824 pur·

438 2860 474 2904 ae
504 2840 752 2904 intellectualem
782 2841 962 2903 afflictione
993 2849 1180 2923 spontanea,
1237 2843 1335 2922 gabit,
1351 2847 1591 2913 sanctuarium,
1608 2843 1639 2904 id
1665 2851 1713 2905 est
1738 2841 1924 2904 interiorem
1951 2849 1982 2902 et

437 2959 570 3022 corpora
584 2940 760 3020 affligendo
783 2959 839 3022 per
854 2939 1024 3020 jejunium,
1043 2947 1075 3001 et
1096 2957 1183 3001 men·
1238 2942 1440 3004 sacratiorem
1463 2940 1657 3003 tabernaculi
1680 2947 1813 3020 partem,
1829 2949 1859 2999 et
1884 2941 1983 3000 taber-

436 3049 501 3102 tem
524 3058 580 3121 per
601 3039 773 3102 cordialem
795 3038 1032 3115 contritionem,
1050 3037 1125 3120 quia
1148 3038 1180 3099 in
1201 3042 1393 3105 Canentem
1416 3042 1605 3108 testimonii,
1620 3038 1680 3101 hoc
1701 3046 1749 3100 est
1765 3047 1888 3119 partem
1911 3037 1981 3118 ejus

436 3138 496 3200 hoe
513 3136 594 3201 festo
612 3136 745 3214 fiebant,
763 3146 798 3198 ut
813 3136 934 3199 dictum
950 3145 1009 3213 est,
1022 3134 1182 3199 sacrificia
1237 3139 1436 3213 exteriorem,
1458 3149 1552 3218 atquc
1573 3141 1676 3198 altere
1697 3145 1880 3216 utrumque,
1902 3135 1977 3216 quia

426 3255 494 3317 pro
511 3236 608 3299 totius
632 3236 742 3317 populi
768 3235 872 3316 eulpa,
891 3243 922 3297 et
937 3235 1018 3298 fleus
1042 3234 1182 3317 repropi·
1235 3237 1334 3300 altare
1357 3235 1569 3320 thymiamatis
1594 3245 1626 3298 et
1645 3235 1913 3310 holocaustorum,
1934 3256 1983 3294 sn-

436 3334 575 3396 tiabalur
589 3333 828 3407 communitati3
847 3338 1038 3414 nullumque
1052 3335 1181 3412 facietis
1236 3339 1373 3397 cerdotes
1396 3357 1519 3416 quoquc
1543 3346 1572 3396 et
1598 3337 1786 3395 universum
1808 3336 1981 3410 populum..

435 3453 528 3511 opus,
539 3432 758 3495 mechanicum
774 3440 828 3493 aut
839 3432 954 3496 servile
966 3432 1000 3494 in
1015 3431 1098 3495 festo
1108 3433 1177 3508 hee,
1235 3435 1311 3516 quia
1325 3453 1382 3516 pro
1398 3434 1541 3498 omnium
1564 3433 1678 3496 horum
1699 3432 1837 3514 peccatis
1858 3429 1982 3494 sacrifi-

435 3534 503 3591 st'ue
517 3533 685 3609 indigene,
696 3534 763 3592 sive
778 3535 905 3591 advene
921 3534 980 3611 qui
991 3533 1180 3608 peregrina·
1234 3533 1329 3596 cavit.
1344 3536 1479 3612 Eritque
1495 3535 1580 3594 vobis
1595 3536 1652 3593 boc
1667 3533 1848 3609 legitimum
1863 3533 1981 3607 sempi-

437 3641 491 3691 ίαν
507 3633 592 3690 inter
607 3649 670 3700 voa,
689 3630 795 3706 idest,
813 3628 967 3690 sivesitis
984 3629 1178 3693 nationelu-
1236 3641 1374 3704 cornuin,
1392 3641 1427 3691 ut
1449 3634 1545 3691 oretis
1562 3651 1623 3708 pro
1643 3632 1725 3707 filiis
1749 3632 1852 3690 Israel
1871 3639 1900 3689 et
1916 3649 1979 3706 pro

436 3728 506 3804 daci,
529 3728 596 3790 sive
621 3727 784 3810 proselyti.
809 3732 851 3788 Iu
876 3729 937 3788 leuc
957 3728 1010 3787 die
1034 3729 1177 3804 captatio
1233 3731 1356 3790 cunctis
1372 3732 1510 3806 peccatis
1527 3749 1639 3789 eorum
1653 3732 1747 3789 seruet
1763 3730 1799 3788 iu
1819 3747 1916 3788 anno.
1934 3725 1973 3787 Et

433 3829 507 3897 erit,
529 3826 560 3888 id
583 3834 631 3888 est
652 3824 798 3906 purgatio
820 3827 917 3885 uestri
939 3824 1109 3900 inanima,
1132 3835 1180 3884 nt·
1235 3824 1319 3887 istud
1346 3834 1444 3887 totum
1475 3823 1684 3906 praehabitum
1710 3832 1768 3887 est.
1786 3826 1875 3886 Fecit
1903 3846 1978 3901 erpo

434 3946 495 4004 que
507 3925 676 3985 mundatio
689 3926 728 3984 ab
740 3926 888 3983 omnibus
898 3925 1038 3999 peccatis
1053 3926 1176 3994 cestris,
1235 3923 1302 4004 ipse
1317 3923 1433 3998 Aaron,
1450 3930 1481 3985 et
1503 3932 1573 4004 post
1593 3940 1665 3984 eum
1689 3939 1886 3984 successores
1905 3923 1977 4003 ejus

435 4024 466 4085 id
484 4031 532 4085 est
547 4022 586 4084 ab
608 4021 818 4084 exterioribus
839 4020 1103 4101 inquinamentis,
1122 4041 1178 4102 per
1234 4023 1267 4084 in
1292 4020 1472 4102 pontificio,
1496 4023 1580 4081 sicut
1600 4031 1794 4098 preceperat
1816 4021 1978 4081 Dominus

434 4120 593 4183 sacrificia
616 4120 682 4200 jam
710 4120 859 4200 praedicta
886 4128 917 4183 ot
944 4120 1103 4182 orationes
1130 4140 1178 4181 sa·
1232 4122 1340 4198 Moysi
1355 4141 1366 4179 :
1382 4138 1446 4182 non
1462 4120 1547 4200 quod
1563 4119 1681 4201 Moyses
1698 4118 1816 4182 faceret
1831 4118 1902 4194 ista,
1920 4117 1977 4180 sed

433 4219 596 4281 cerdotum
615 4236 622 4279 ε
648 4219 733 4298 quod
759 4227 865 4280 tamen
892 4219 961 4280 sine
985 4218 1176 4281 contritione
1195 4222 1268 4283 Dut
1283 4238 1321 4282 ex
1337 4226 1426 4300 parte
1441 4218 1495 4280 Dei
1512 4217 1699 4300 praeciperet
1713 4236 1750 4280 ea
1766 4216 1848 4280 fieri.

434 4317 563 4398 propria
578 4317 610 4377 in
634 4315 722 4378 nullo
742 4315 924 4397 specialiter
941 4317 1173 4398 complebatur.
1272 4317 1414 4398 Denique
1439 4318 1478 4379 de
1503 4317 1562 4379 hac
1588 4315 1777 4380 solennitate
1801 4315 1846 4378 ait
1867 4315 1977 4378 Petrus

432 4414 593 4496 Praecipue
613 4433 740 4496 quoque
762 4414 951 4494 intelligitur
973 4417 1012 4477 de
1038 4416 1175 4496 peccatis
1232 4416 1418 4479 Comestor:
1443 4414 1514 4479 Haec
1538 4416 1605 4478 dies
1631 4415 1782 4490 solennis,
1807 4415 1977 4478 dicebatur

432 4513 667 4589 communibus,
690 4522 755 4577 toto
779 4532 863 4576 anno
889 4532 945 4594 per
970 4513 1175 4594 fragilitatem
1232 4513 1478 4597 propitiationis
1496 4514 1572 4596 quia
1594 4515 1627 4576 in
1649 4533 1686 4577 ea
1707 4512 1875 4576 certificati
1899 4519 1975 4574 sunt

433 4612 708 4695 ignorantiamque
730 4613 912 4676 contractis.
933 4616 1047 4673 Coram
1068 4617 1176 4674 Demi-
1233 4612 1294 4675 filii
1309 4612 1404 4675 lsrael
1426 4630 1482 4693 per
1497 4612 1633 4694 Moysen,
1652 4612 1735 4693 quod
1752 4610 1905 4674 Dominus
1929 4610 1975 4672 eis

431 4733 472 4772 no
498 4714 752 4772 mundabimini.
776 4714 952 4773 Sabbatum
967 4713 1175 4789 repedationis
1232 4710 1294 4772 fuit
1311 4710 1466 4793 propitius
1481 4720 1511 4772 ct
1528 4710 1695 4790 ignoscens
1706 4711 1746 4772 dc
1758 4717 1888 4792 peccato
1902 4709 1973 4771 ado·

431 4819 487 4871 cst.
509 4809 675 4872 Festivitas
699 4809 769 4885 ista,
787 4817 823 4870 ut
845 4807 958 4889 patuit,
976 4808 1028 4870 die
1051 4809 1176 4871 decima
1231 4809 1363 4872 rationis
1374 4808 1548 4872 conflatilis
1560 4808 1664 4885 vituli,
1676 4818 1707 4870 et
1722 4808 1797 4888 quia
1808 4826 1865 4889 pro
1878 4807 1972 4870 totius

430 4907 550 4969 mensis
571 4906 697 4988 septimi
718 4907 914 4969 occurrebat..
934 4906 1105 4970 Sabbatum
1121 4927 1175 4969 au-
1230 4908 1306 4970 anni
1330 4907 1467 4988 peccatis
1494 4906 1718 4978 communibus
1742 4905 1842 4969 fiebat
1863 4926 1902 4969 ea
1923 4906 1972 4966 die

429 5014 493 5068 tem
510 5005 664 5086 septimus
681 5005 748 5067 dies
763 5015 811 5067 est
826 5005 1023 5085 septimane,
1037 5005 1173 5068 etetiam
1230 5006 1359 5069 oblatio.
1378 5005 1556 5069 Vocabatur
1579 5005 1654 5068 item
1677 5003 1878 5082 afflictionis,
1896 5004 1969 5085 quia

429 5104 560 5180 mensis,
578 5103 690 5165 saltem
707 5104 776 5185 ejus
796 5104 853 5185 qui
875 5103 988 5183 incipit
1004 5104 1106 5184 prima
1122 5105 1174 5166 die
1230 5105 1289 5167 hoe
1312 5105 1363 5166 die
1384 5105 1572 5186 jejunabant
1594 5103 1750 5180 homines,
1767 5111 1799 5165 et
1818 5101 1969 5183 jumenta,

426 5202 644 5265 hebdomada.
662 5201 824 5275 Quomodo
840 5220 915 5280 ergo
936 5203 975 5264 de
990 5202 1174 5265 celebritate
1230 5204 1385 5285 puerique
1400 5211 1580 5284 septennes,
1592 5210 1624 5264 et
1638 5201 1790 5280 agebatur
1805 5200 1838 5262 in
1859 5219 1897 5263 eo
1912 5218 1971 5262 me

407 5321 409 5325 ·
426 5301 549 5364 decima
568 5300 620 5362 die
637 5300 832 5382 Septembris
847 5309 1044 5376 occurrente,
1062 5302 1173 5364 asscri—
1230 5301 1330 5364 meria
1345 5301 1574 5364 defunctorum.
1582 5299 1748 5364 Dicebatur
1764 5299 1968 5381 insuperdies
