4309 6259
441 474 501 541 482
769 494 942 543 quassatio
964 497 994 541 ht
1016 496 1084 543 GAP.
1108 495 1193 541 xxvu
1213 494 1409 543 deuehuntur.
1432 516 1472 527 -
1492 496 1564 543 altr.
1587 497 1656 543 xciv

439 667 507 747 puli
528 668 688 751 princeps,
712 668 788 751 quia
804 668 849 731 sic
864 669 927 731 dun
944 666 1081 729 fuissent
1097 666 1184 749 prin:
1199 664 1224 726 A
1281 670 1374 729 Dteit
1388 689 1511 749 quoque
1525 670 1684 731 Dominus
1698 671 1742 728 ad
1757 670 1892 744 Moysen
1904 686 1916 725 .·
1927 668 1985 726 As-

438 764 526 845 cipes
549 766 653 847 plebis
679 765 775 841 illius,
805 784 867 829 non
893 764 1104 840 subordinati,
1123 783 1181 827 nec
1237 768 1984 834 condeiomontomistemAbertm,etcontem-

438 863 579 941 regimen
598 864 708 945 populi
726 863 838 927 fuisset
853 864 1103 927 monarchicum.
1123 862 1182 924 Un·
1234 868 1329 942 plere
1340 867 1414 925 inde
1425 875 1660 943 terram,quem
1669 868 1808 925 daturus
1818 884 1891 924 sum
1901 864 1986 940 filiis

437 962 477 1023 de
499 962 558 1025 etsi
581 970 813 1044 potestasque
835 971 883 1026 θεῖ
906 963 945 1024 (1θ
966 980 1082 1042 genere
1107 980 1183 1042 qua·
1237 967 1349 1024 lsrael.
1374 963 1431 1026 Per
1452 972 1593 1027 montem
1618 962 1803 1043 designatur
1826 960 1983 1023 virtutum

439 1060 546 1137 litatis,
565 1062 704 1142 prestita
727 1060 787 1124 fuit
810 1062 871 1144 ipsi
891 1062 995 1136 losue,
1012 1060 1117 1122 adbuc
1137 1059 1183 1123 vi·
1238 1060 1427 1138 sublimitas,
1445 1062 1620 1143 presertim
1637 1059 1792 1144 perfectio
1805 1059 1883 1123 doni
1901 1058 1986 1140 sapi·

438 1168 531 1222 vente
555 1160 677 1241 Mopso;
703 1159 884 1241 jurisdictio
910 1168 1015 1222 mmeu
1038 1178 1109 1239 que
1134 1166 1183 1221 est
1237 1159 1523 1242 entiae,fervorque
1538 1160 1679 1223 caritatis
1689 1158 1870 1223 diviuae:in
1885 1176 1983 1240 quem

438 1258 556 1334 relatio,
570 1260 642 1321 data
657 1267 704 1321 est
720 1258 748 1321 ei
766 1276 838 1320 mox
849 1267 881 1319 ut
896 1258 1008 1339 lloysis
1024 1258 1183 1339 principa·
1238 1267 1377 1321 montem
1393 1260 1546 1321 debemus
1556 1258 1773 1321 indesinenter
1782 1256 1984 1339 proficiendo

300 1370 421 1423 neuram,
439 1364 488 1421 tus
503 1357 649 1419 cessavit.
662 1357 740 1419 ilino
757 1357 790 1418 iu
808 1357 1051 1419 Deuteronomio
1068 1355 1182 1419 descri—
1236 1358 1418 1434 ascendere,
1431 1367 1465 1419 ut
1482 1367 1600 1421 tantam
1617 1357 1847 1420 sublimitatem
1861 1356 1982 1437 adepti,

291 1436 311 1487 ⁷’
323 1438 342 1478 ⁸·
437 1455 534 1533 bitur,
546 1456 683 1537 qualiter
698 1456 816 1537 hloysos
833 1455 977 1537 protinus
994 1454 1178 1531 moriturus,
1236 1455 1336 1518 simus
1352 1456 1457 1519 idonei
1476 1457 1508 1519 in
1525 1455 1690 1519 earuoista
1700 1455 1827 1519 mortali
1842 1462 1983 1518 coutem-

436 1554 596 1617 commisit
609 1553 702 1617 losue
718 1554 950 1616 exsecutionem
968 1553 1016 1615 sui
1032 1553 1147 1616 officii.
1236 1554 1316 1636 plari
1333 1556 1448 1635 Regem
1462 1556 1571 1635 glorie
1593 1556 1627 1616 in
1648 1573 1706 1618 suo
1727 1556 1851 1632 decore,
1869 1554 1984 1616 trium·
1998 1572 2119 1614 emme.

297 1667 426 1741 memmo-
476 1652 633 1715 bloraliter
648 1671 704 1733 per
720 1652 805 1715 filias
822 1651 1181 1733 Salphaad‚intclligun-
1236 1653 1386 1733 phantom
1402 1654 1587 1731 Ecclesiam,
1605 1663 1636 1717 et
1651 1673 1688 1717 ea
1703 1653 1900 1735 quaeoculus
1916 1671 1981 1715 riou
1997 1635 2119 1677 ¹⁶⁰⁸¹¹

290 1730 348 1773 ‘⁸¹¹⁵'
437 1760 487 1813 tur
497 1752 611 1815 auimae
623 1750 907 1834 imperfectaeque
917 1752 1082 1814 audientes
1093 1753 1178 1833 quod
1236 1751 1323 1828 vidit,
1342 1772 1400 1816 nce
1416 1753 1502 1815 auris
1517 1753 1651 1816 audivit.
1668 1754 1702 1814 ln
1717 1753 1827 1815 eodem
1850 1770 1982 1833 quoque

435 1870 569 1931 reguum
584 1852 738 1914 coelorum
753 1850 946 1932 promissum
963 1850 1004 1912 sit
1019 1850 1096 1913 viris
1119 1851 1217 1915 vir-B
1235 1861 1343 1913 monte
1362 1851 1562 1914 moriendum
1584 1860 1632 1915 est
1655 1851 1758 1927 nobis,
1775 1851 1819 1912 ita
1842 1859 1878 1912 ut
1900 1870 1982 1911 riun-

434 1957 652 2031 tutum‚atque
668 1948 824 2012 militibus
840 1948 968 2025 Christi,
979 1967 1178 2030 nequaquam
1235 1970 1329 2031 quam
1345 1970 1531 2013 cancrorum
1549 1969 1635 2014 more
1657 1950 1901 2024 retrocedamus,
1922 1967 1980 2011 nec

433 2047 545 2109 volunt
569 2048 704 2125 excludi,
722 2048 777 2111 sed
799 2046 968 2110 interillos
989 2055 1103 2129 petunt
1124 2047 1181 2110 ali·
1234 2049 1349 2110 caritas
1380 2057 1517 2129 tepescat
1549 2047 1582 2108 in
1608 2048 1712 2124 nobis,
1731 2066 1788 2110 uec
1813 2047 1982 2110 redeamus

432 2165 528 2226 quam
544 2146 576 2208 iu
601 2146 784 2209 ooelestibus
806 2146 997 2229 portionem,
1015 2154 1046 2208 et
1067 2146 1179 2209 saltem
1235 2155 1419 2222 retrorsum,
1437 2147 1491 2208 sed
1506 2164 1577 2227 que
1593 2154 1676 2208 retro
1699 2154 1773 2207 sunt
1787 2145 1981 2208 obliviscen·
1994 2165 2121 2221 anesseim.

432 2244 472 2307 ad
488 2243 676 2309 inferiorum
692 2245 841 2309 ordinum
853 2243 1035 2308 sociotatem
1045 2246 1176 2321 assumi,
1235 2254 1292 2320 tcs,
1307 2245 1339 2306 in
1354 2244 1624 2327 contemplatione
1639 2252 1671 2307 et
1686 2245 1843 2308 desiderio
1858 2245 1983 2307 dis-ino
1997 2232 2032 2270 ¹³·

432 2342 578 2424 quamvis
594 2352 682 2425 pater
697 2361 819 2419 earum,
831 2344 890 2406 hoc
907 2351 955 2405 est
971 2343 1179 2425 imperfectus
1235 2364 1305 2406 rum
1321 2343 1490 2405 salubriter
1505 2344 1753 2407 obdormiamus.
1771 2343 1829 2418 Qui
1845 2345 1892 2406 sio
1914 2363 1982 2407 mo-

433 2440 592 2522 prelatus,
602 2458 664 2503 nou
681 2440 820 2523 potuerit
835 2460 888 2503 eas
898 2440 937 2502 ad
955 2440 1095 2502 virorum
1112 2460 1180 2522 per·
1234 2442 1325 2519 ritur,
1343 2442 1458 2518 evolat,
1475 2462 1612 2523 moxque
1634 2443 1737 2525 pergit
1761 2442 1798 2504 ad
1824 2443 1981 2525 populum

435 2536 601 2601 foetiouem
626 2539 792 2601 deducere.
820 2539 898 2601 Huic
924 2538 1070 2620 petitioni
1097 2540 1179 2601 Deus
1235 2560 1327 2603 suum
1357 2540 1495 2615 beatum,
1526 2542 1618 2622 cujus
1646 2550 1693 2603 est
1721 2540 1874 2603 Dominus
1898 2542 1982 2603 Deus
2012 2554 2113 2595 recum

433 2636 522 2699 Pater
546 2636 794 2699 misericorditer
818 2637 1036 2719 acquiescens,
1054 2636 1178 2699 Christo
1234 2640 1303 2721 rjus
1319 2658 1376 2721 per
1391 2639 1574 2702 beatificam
1591 2638 1788 2717 fruitionem,
1806 2648 1841 2701 ut
1857 2640 1890 2701 iu
1906 2640 1981 2702 siuu
1998 2620 2033 2657 ¹⁵·

433 2734 555 2797 bomini
568 2735 711 2798 omnium
726 2736 835 2816 judici,
847 2735 950 2817 quoad
969 2735 1179 2817 prolationem
1234 2738 1289 2801 llei
1305 2738 1404 2800 Patris
1418 2737 1648 2819 omnipotentis
1663 2738 1855 2801 eternaliter
1870 2759 1908 2802 ac
1932 2758 1982 2801 sc·

432 2834 598 2897 sententie
621 2834 722 2916 jubet,
740 2841 774 2895 ut
801 2833 879 2895 tales
904 2852 1030 2915 quoquc
1056 2834 1179 2896 animas
1234 2835 1747 2899 eurissimcetdesiderantissime
1762 2837 1979 2918 conquiescat.

432 2942 549 2995 ‘telerna
564 2932 739 2995 hereditate
756 2931 900 2995 solicitet.
1277 2938 1338 2995 (lei
1352 2936 1515 3011 respondit
1541 2938 1663 3011 Moyses
1684 2956 1695 2993 .·
1721 2938 1897 2997 Prooideat
1920 2940 1984 2997 Do-

466 3034 568 3093 Homo
582 3052 683 3111 quum
701 3041 844 3091 mortuus
856 3032 958 3109 fuerit
970 3034 1084 3111 adspice
1098 3034 1178 3109 filio,
1195 3036 1218 3100 C
1236 3035 1345 3094 ocinus
1356 3037 1441 3093 Deus
1456 3035 1618 3093 lcominrm
1639 3036 1698 3113 qui
1711 3035 1754 3093 sit
1762 3054 1859 3111 supro·
1870 3036 1983 3095 oculti-

434 3133 477 3191 ad
490 3132 597 3207 sitiam
612 3131 682 3207 rjus
699 3131 848 3190 transibit
864 3132 1033 3191 heredites.
1052 3130 1181 3192 Moritur
1237 3133 1383 3191 tectiorem
1399 3134 1493 3191 berec.
1511 3131 1544 3193 lu
1560 3131 1709 3193 omnibus
1724 3131 1774 3193 bis
1790 3135 1982 3214 proponitur

435 3228 679 3309 bomo,quando
690 3227 864 3290 mortaliter
876 3238 995 3309 peceat,
1005 3229 1180 3309 presertim
1237 3239 1365 3292 sauctus
1376 3230 1494 3311 Moyses
1509 3229 1647 3311 prelatis
1663 3230 1811 3293 omnibus
1828 3230 1862 3293 in
1877 3250 1983 3294 exem-

437 3326 464 3388 si
481 3326 513 3388 in
530 3326 655 3389 mortali
671 3327 800 3389 decedat
818 3335 946 3407 peccato
964 3345 970 3388 :
989 3328 1079 3408 eujus
1101 3346 1180 3409 prae·
1237 3328 1337 3410 plum,
1355 3336 1391 3390 ut
1404 3328 1525 3391 scilicet
1542 3328 1706 3408 migraturi
1721 3329 1761 3391 de
1776 3330 1903 3405 seculo,
1914 3349 1982 3393 non

437 3424 582 3489 cedentia
610 3424 722 3487 merita
756 3443 819 3487 non
850 3434 1015 3487 remanent
1046 3425 1180 3488 irremu·
1237 3427 1395 3491 sintcirca
1412 3425 1981 3503 terrenasolliciti,sedsummedesi-

437 3532 556 3601 neree,
580 3522 725 3605 quamvis
742 3524 810 3604 ipse
833 3542 896 3585 uon
919 3524 1104 3605 praemietur
1123 3544 1181 3607 pro
1236 3527 1461 3602 derentorent,
1471 3534 1689 3606 procurentut
1699 3526 1831 3589 idoneos
1841 3526 1982 3589 babeant

437 3623 512 3700 illis,
540 3623 595 3685 sed
625 3623 664 3685 ad
695 3622 863 3704 mysticum
888 3640 1003 3703 eorpus
1033 3622 1182 3687 Ecclesia
1236 3642 1444 3699 successores,
1461 3631 1493 3685 et
1508 3640 1583 3685 oves
1594 3623 1708 3685 Christi
1724 3623 1771 3685 eis
1786 3624 1977 3701 commisse,

436 3730 675 3785 convertuntur.
692 3720 855 3801 Relinquit
869 3730 973 3783 autem
991 3720 1108 3798 filium,
1126 3722 1181 3804 qui
1236 3731 1308 3805 post
1322 3740 1377 3785 eos
1395 3720 1565 3784 salubriter
1579 3720 1816 3800 gubernentur;
1836 3742 1895 3785 nec
1916 3732 1981 3785 stu-

437 3822 626 3884 imitatorem
643 3822 739 3884 habet
752 3820 985 3902 discipulumve
996 3821 1179 3904 perfeetum,
1236 3823 1331 3884 deant
1345 3829 1505 3900 cognatos,
1515 3820 1548 3882 in
1564 3830 1718 3901 quantum
1733 3820 1822 3898 tales,
1835 3822 1889 3884 sed
1905 3841 1982 3884 vere

435 3922 475 3983 ad
491 3940 586 4002 quom
602 3920 671 4002 ejus
687 3920 844 3983 hereditas
860 3920 999 3982 coelestis
1009 3922 1118 4001 (quam
1129 3922 1183 3983 ob·
1237 3922 1411 4002 condignos
1427 3928 1458 3984 et
1472 3920 1631 3984 virtuosos
1647 3939 1834 4003 promovere
1844 3922 1884 3983 ad
1899 3922 1982 4001 regi·

436 4020 595 4097 tinuisset,
612 4019 675 4082 nisi
689 4019 812 4082 obicem
835 4019 993 4101 posuisset
1008 4021 1183 4102 peccando)
1237 4039 1321 4082 meu.
1339 4020 1418 4083 lline
1434 4020 1573 4101 loquitur
1596 4018 1747 4100 Origenes
1764 4040 1771 4084 :
1788 4021 1981 4083 llecessurus

436 4120 627 4197 devolvitur,
645 4120 722 4183 dum
746 4119 830 4201 apud
846 4118 943 4180 lleum
969 4126 1015 4181 est
1037 4120 1128 4196 ratio,
1147 4128 1182 4181 ut
1236 4120 1357 4201 Moyses
1369 4121 1409 4181 de
1424 4119 1551 4195 saeculo,
1567 4127 1637 4182 orat
1651 4120 1748 4181 ὓθιιιῖῖ
1764 4127 1799 4181 ut
1813 4119 1982 4201 provideat

437 4218 466 4281 ei
482 4218 733 4281 communicetur
751 4234 758 4278 :
775 4225 805 4280 et
832 4216 858 4277 si
885 4216 979 4278 talem
996 4235 1058 4279 nou
1085 4218 1181 4281 habet
1197 4218 1222 4280 D
1237 4216 1350 4277 ducem
1373 4215 1501 4297 populo.
1519 4214 1635 4277 Habuit
1651 4213 1769 4297 lloyses
1795 4214 1864 4295 ipse
1890 4215 1981 4278 filios

437 4316 553 4394 filium,
571 4317 626 4380 sed
648 4316 763 4394 filiam,
782 4317 812 4378 id
836 4324 884 4378 est
900 4315 1103 4379 imitatricem
1125 4326 1181 4380 aut
1234 4314 1362 4377 Gersam
1378 4323 1409 4377 et
1423 4313 1553 4390 Eliczer,
1571 4322 1603 4377 et
1618 4322 1749 4396 nepotes
1766 4312 1852 4377 filios
1869 4313 1981 4377 fratris

435 4414 626 4497 discipulam
650 4414 789 4478 animam
806 4414 1035 4497 imperfectam,
1053 4434 1129 4495 quas
1145 4416 1179 4478 in
1235 4413 1284 4475 sui
1310 4431 1441 4494 magnos
1460 4420 1492 4474 ct
1513 4412 1657 4493 egregios
1673 4412 1777 4486 viros3
1795 4414 1980 4478 bonoravit

434 4522 518 4577 statu
532 4514 657 4578 decedit
672 4514 792 4589 salutis,
805 4520 910 4595 potest
920 4514 1046 4575 tandem
1058 4513 1099 4575 ad
1109 4532 1180 4576 eam
1234 4511 1332 4574 Deum
1344 4529 1402 4593 pro
1416 4510 1506 4593 ipsis,
1519 4518 1553 4572 ut
1567 4510 1800 4573 constituantur
1811 4511 1908 4575 duces
1924 4504 1980 4593 po

434 4612 560 4675 devolvi
586 4612 743 4675 hereditas
766 4620 948 4674 memorata.
966 4610 1054 4684 Quod
1076 4611 1103 4673 si
1120 4631 1179 4675 uec
1234 4610 1301 4691 puli
1326 4628 1333 4673 τ
1361 4619 1395 4671 ut
1416 4609 1541 4671 discant
1563 4608 1776 4672 Ecclesiarum
1802 4609 1976 4693 principes,

434 4710 540 4772 filium
556 4710 695 4792 reliquit,
712 4728 768 4772 nec
791 4708 902 4785 filiam,
921 4710 1069 4772 transibit
1090 4711 1180 4773 here·
1234 4725 1432 4770 successores
1448 4706 1509 4769 sibi
1525 4724 1589 4769 uon
1611 4706 1851 4789 propinquitate
1872 4710 1978 4771 caruis

433 4808 515 4870 ditas
531 4828 588 4871 sua
597 4809 637 4871 ad
649 4808 773 4885 fratres,
784 4807 814 4869 id
831 4816 880 4869 θεῖ
894 4808 973 4871 alios
983 4809 1179 4871 Christianos
1235 4814 1423 4869 testamento
1445 4805 1581 4885 signare,
1600 4824 1658 4867 uec
1682 4805 1896 4887 principatum
1922 4808 1978 4870 Ec-

433 4908 561 4984 clectos,
579 4909 752 4970 secundum
777 4909 861 4987 quod
888 4909 989 4990 major
1003 4918 1059 4971 aut
1073 4908 1178 4971 minor
1233 4904 1338 4967 clasiae
1362 4904 1588 4967 hereditarium
1614 4904 1747 4980 tradere,
1774 4922 1831 4966 nec
1854 4905 1972 4985 eligere

434 5005 513 5068 ratio
530 5005 627 5069 fuerit
642 5023 747 5068 coram
764 5006 837 5080 Deo,
856 5016 889 5067 ut
906 5006 984 5087 ipsis
999 5008 1179 5071 eommuni-
1234 5022 1306 5065 eum
1322 5022 1416 5084 quem
1432 5004 1590 5065 humanus
1605 5002 1806 5065 commendat
1825 5001 1973 5077 affectus,

433 5114 522 5168 cetur
542 5104 679 5167 felicitas
699 5123 794 5184 quam
818 5103 871 5165 ille
887 5103 964 5166 olim
987 5108 1174 5186 promeruit,
1233 5102 1358 5167 sedbel
1378 5101 1500 5183 judicio
1516 5101 1707 5164 successoris
1723 5100 1910 5165 electionem
1927 5103 1976 5164 di-

432 5204 487 5265 sod
513 5202 596 5265 male
620 5222 748 5265 cursum
779 5221 872 5264 suum
904 5200 1060 5277 finiendo,
1088 5210 1176 5267 tauto
1233 5204 1370 5265 mittere.
1397 5202 1521 5266 Poterat
1549 5201 1668 5283 lloyscs
1697 5201 1811 5263 ducem
1842 5201 1971 5281 eligere,

431 5301 562 5385 praemio
578 5318 611 5362 se
627 5299 775 5382 privavit.
1233 5302 1285 5364 cui
1309 5302 1431 5365 dixerat
1455 5300 1608 5363 Dominus
1635 5316 1642 5360 :
1668 5298 1755 5379 Elige
1775 5300 1976 5382 presbyteros
