4309 6259
436 480 476 544 bll
825 496 998 544 manuario
1019 495 1050 540 rn
1071 494 1140 540 aar.
1162 492 1226 539 xxv
1247 491 1349 538 axoni.
1371 510 1412 521 —
1431 492 1503 538 aar.
1525 492 1599 538 mm

438 665 676 748 videtur‚·quod
691 666 846 749 losephus
861 666 985 744 asserit,
1003 668 1090 749 quod
1110 684 1184 729 ean·
1198 666 1224 727 A
1238 668 1278 727 de
1292 668 1416 738 hastili,
1434 665 1465 727 id
1486 674 1545 743 est,
1562 662 1688 748 prefati
1708 681 1762 725 sex
1781 660 1907 737 calami,
1925 657 1980 739 qui

438 762 603 825 dolabrum
634 763 731 826 fusile
762 762 833 825 luit.
860 762 917 838 Qui
943 763 1039 827 etiam
1064 763 1184 827 sentire
1238 784 1277 827 cx
1287 772 1422 847 utroque
1432 763 1665 828 laterehastilis
1675 761 1884 843 egredientur,
1894 757 1982 831 fient,

438 860 665 943 videtur,quod
676 861 902 924 candelabrum
918 861 1016 925 luerit
1032 862 1181 925 lerreum:
1238 872 1334 945 atque
1348 862 1496 946 dispositi
1511 882 1548 925 ac
1563 861 1666 925 ornati
1686 868 1791 933 erunt,
1809 866 1844 920 ut
1862 857 1983 920 dictum

438 960 522 1041 quod
545 968 576 1022 ot
595 959 739 1039 Magister
759 959 792 1021 in
814 960 956 1024 historiis
976 960 1132 1042 sequitur,
1149 967 1185 1021 ut
1239 972 1298 1025 est.
1315 966 1357 1024 Ia
1372 965 1441 1039 ipso
1456 973 1564 1023 autem
1584 962 1775 1022 candelabro
1794 967 1891 1020 eant
1904 977 1986 1037 qaa-

437 1065 578 1140 apparet.
591 1059 637 1121 Ad
653 1058 720 1121 hac
736 1058 866 1139 quidam
883 1060 1087 1141 respondent,
1097 1059 1182 1140 quod
1240 1073 1313 1123 trior
1327 1063 1441 1141 scyphi
1455 1063 1492 1122 ih
1507 1064 1601 1122 cacas
1612 1064 1743 1122 modam
1753 1076 1765 1119 .·
1776 1076 1833 1141 per
1842 1054 1985 1119 candela·

437 1156 663 1220 candelabrum
680 1176 743 1221 non
759 1166 827 1220 erat
845 1156 950 1235 fusile,
969 1166 1125 1240 quantum
1144 1158 1183 1219 ad
1235 1161 1333 1224 -brum
1349 1161 1539 1242 intelligitur
1555 1179 1640 1223 nunc
1655 1160 1761 1241 ipsum
1776 1158 1846 1238 ejus
1861 1154 1984 1227 hastile,

437 1256 551 1319 hastile
566 1264 598 1319 et
612 1256 743 1320 brachia
759 1258 838 1338 ejus,
846 1258 901 1320 sed
917 1258 1022 1339 quoad
1038 1257 1182 1339 scyphos,
1239 1261 1325 1342 quod
1343 1260 1404 1322 luit
1418 1260 1627 1343 principalior
1646 1277 1720 1341 pars
1739 1254 1933 1333 candelabri,
1950 1253 1985 1316 iu

437 1354 587 1432 calamos,
605 1355 779 1437 spherulas
794 1374 831 1417 ac
847 1354 915 1417 lilia
932 1374 939 1419 :
957 1356 1043 1437 quod
1060 1374 1124 1417 uon
1140 1355 1185 1417 vi·
1238 1378 1304 1441 quo
1318 1359 1426 1422 hastili
1442 1368 1533 1421 erant
1547 1366 1683 1439 quatuor
1698 1354 1829 1438 scyphi;
1845 1357 1987 1432 sphera

437 1454 529 1515 detur
540 1472 632 1535 posse
643 1453 856 1535 salvari,quia
867 1462 903 1515 ut
914 1452 999 1516 inlra
1009 1453 1141 1537 patebit,
1150 1452 1183 1514 in
1240 1463 1341 1538 leque
1356 1466 1450 1521 erunt
1461 1478 1521 1535 per
1534 1460 1679 1535 sinpalos
1694 1454 1841 1537 scyphos,
1852 1463 1882 1513 et
1897 1454 1983 1520 lilia,

437 1551 545 1615 littera
564 1551 661 1634 hujus
681 1551 813 1635 capituli
834 1552 968 1615 habetur
987 1551 1181 1635 oppositum.
1240 1557 1322 1620 sicut
1337 1555 1516 1637 expositum
1531 1554 1848 1631 est.Spha›ralcesab
1861 1552 1986 1611 dachus

436 1650 582 1733 Magister
606 1669 733 1733 quoque
757 1651 790 1713 in
814 1651 956 1714 historiis
978 1659 1182 1734 protestatur,
1239 1658 1375 1715 calamis
1385 1674 1445 1731 per
1461 1656 1527 1715 tria
1542 1657 1622 1722 loca,
1638 1652 1670 1714 id
1686 1659 1745 1727 est,
1762 1650 1832 1712 due
1847 1648 1986 1732 sphaeru-

437 1749 524 1830 quod
539 1748 653 1812 hastile
668 1749 850 1812 candelabri
867 1750 936 1813 basi
956 1749 1105 1826 infixum,
1123 1747 1185 1812 ier·
1240 1753 1278 1815 la
1292 1753 1455 1816 eruntsub
1466 1751 1590 1815 duobus
1601 1750 1731 1813 calamis
1747 1746 1984 1829 egredientibus

437 1866 527 1911 reum
543 1846 614 1925 iuit,
632 1848 878 1931 supervestitum
894 1849 1022 1911 laminis
1037 1849 1088 1911 vel
1104 1848 1184 1911 cala-
1202 1851 1278 1914 ilde
1292 1851 1399 1914 hastili
1419 1869 1426 1915 :
1444 1859 1476 1914 et
1496 1850 1556 1913 hoc
1579 1849 1624 1911 ita
1645 1848 1777 1912 habebit
1796 1866 1830 1910 se
1850 1864 1907 1929 per
1924 1844 1985 1907 tria

436 1945 498 2007 mis
520 1945 624 2010 aureis
645 1946 846 2026 geniculatis,
869 1947 970 2010 idest
993 1946 1134 2023 nodosis,
1151 1955 1183 2008 et
1239 1950 1318 2028 loca,
1342 1970 1441 2032 quum
1464 1950 1529 2011 sint
1553 1967 1607 2011 sex
1629 1947 1754 2023 calami,
1779 1946 1834 2028 qui
1861 1942 1983 2007 iaciunt

436 2044 521 2107 idem
542 2044 620 2107 dicit
640 2046 679 2109 de
698 2045 838 2108 brachiis
860 2045 1056 2109 candelabri.
1073 2046 1183 2108 Cetera
1239 2048 1299 2111 tria
1314 2049 1403 2132 paria
1417 2048 1621 2124 calamorum,
1630 2046 1689 2109 sub
1704 2063 1841 2128 quorum
1856 2043 1983 2126 parium

437 2162 512 2207 vero
536 2164 607 2225 quae
632 2151 722 2207 erant
747 2144 780 2206 in
805 2164 854 2222 eo,
881 2144 1011 2208 fuerunt
1036 2146 1076 2207 de
1105 2162 1183 2207 auro
1238 2165 1432 2229 unoquoque
1448 2147 1517 2209 due
1533 2154 1609 2209 sunt
1624 2144 1801 2228 sphaerula,
1812 2161 1868 2204 seu
1884 2159 1985 2204 unum

438 2242 620 2324 purissimo,
648 2251 683 2305 ut
708 2242 792 2306 inira
817 2244 901 2307 clare
925 2244 1070 2306 habetur.
1097 2244 1183 2306 lstud
1238 2266 1295 2329 par
1311 2246 1553 2329 sphaerularum.
1571 2245 1643 2307 ldeo
1658 2242 1825 2307 subditur:
1841 2239 1987 2312 Qai,sci-

435 2350 554 2419 autem,
569 2342 655 2424 quod
671 2341 787 2406 hastile
801 2350 833 2405 et
848 2342 978 2406 brachia
998 2341 1181 2405 candelabri
1238 2346 1313 2409 licet
1332 2344 1457 2421 calami,
1473 2347 1574 2405 simul
1590 2363 1647 2403 sea
1667 2347 1767 2421 fiunt,
1782 2340 1844 2403 hoc
1861 2348 1921 2415 est,
1939 2346 1986 2402 tot

436 2438 557 2503 luerint
582 2438 696 2518 ferrea,
722 2459 800 2504 auro
827 2441 952 2519 vestita,
980 2440 1098 2503 dicitur
1123 2440 1184 2502 sal·
1237 2444 1405 2521 habentur,
1425 2446 1626 2523 procedentes
1649 2446 1687 2502 de
1713 2441 1828 2501 hastili
1851 2460 1929 2509 aaa,
1952 2437 1985 2499 id

435 2538 539 2601 vando
552 2538 737 2621 losephum,
754 2539 914 2602 dicentem
935 2540 1021 2620 quod
1037 2538 1184 2601 candela·
1237 2552 1286 2606 est
1304 2544 1343 2606 de
1363 2542 1433 2624 ipso
1453 2541 1562 2624 stipite
1581 2538 1765 2604 candelabri
1782 2556 1837 2620 per
1852 2537 1981 2599 modum

436 2635 529 2698 brum
551 2636 646 2699 lusile
665 2635 737 2698 init.
755 2637 815 2700 Sed
839 2638 954 2700 melius
976 2646 1072 2717 atque
1094 2655 1184 2699 secu·
1238 2640 1459 2723 prahabitum.
1476 2644 1520 2702 Et
1534 2642 1705 2719 spherulae
1724 2639 1841 2715 ipitar,
1855 2645 1886 2695 ct
1899 2639 1986 2696 cata-

437 2735 504 2797 rius
519 2742 623 2817 potest
638 2735 714 2812 dici,
730 2737 815 2817 quod
833 2744 933 2800 totum
953 2734 1183 2800 candelabrum
1239 2743 1341 2801 mica
1357 2742 1424 2819 ipso
1440 2750 1546 2810 eruat,
1565 2739 1625 2802 hoc
1644 2745 1703 2814 est,
1721 2756 1759 2799 ex
1781 2733 1889 2797 hastili
1913 2752 1986 2815 pro

438 2830 500 2894 luit
514 2851 552 2895 ex
566 2851 644 2896 auro
660 2833 831 2915 purissimo
846 2853 882 2897 ac
900 2833 1027 2896 ductile.
1042 2836 1181 2905 Hastae,
1238 2840 1372 2914 cedent3
1390 2842 1543 2899 carziocrsa
1558 2839 1698 2898 ductilia
1718 2840 1757 2896 de
1776 2855 1857 2896 azara
1872 2835 1984 2911 puris-

438 2930 470 2993 id
492 2940 540 2995 est
560 2931 700 3016 stipitem
720 2934 790 3010 ejas
806 2934 988 2996 tendentem
1010 2933 1130 2997 directo
1150 2933 1183 2993 in
1237 2941 1330 2998 simo.

437 3031 548 3109 altum,
564 3042 594 3092 et
614 3036 764 3104 calamos,
785 3034 919 3111 scyphos
941 3044 970 3093 et
991 3034 1221 3111 epher-ictam
1279 3037 1389 3097 Facies
1411 3045 1440 3095 et
1462 3039 1609 3095 lacernam
1630 3042 1761 3111 septem,
1782 3049 1854 3112 quae
1878 3048 1983 3092 aureae

437 3150 475 3191 ac
496 3131 571 3190 lilia
592 3150 633 3191 ee
654 3114 722 3208 ipso
740 3134 947 3208 procedentia
967 3149 979 3191 .·
999 3130 1118 3207 omnia,
1136 3131 1185 3192 in·
1239 3141 1340 3210 eraut,
1363 3144 1392 3193 et
1410 3153 1508 3210 pones
1529 3153 1581 3192 eas
1602 3150 1698 3208 saper
1719 3131 1984 3191 candelabrum:

436 3228 622 3308 quam,hec
633 3226 896 3292 iacies.Calamus
912 3248 970 3313 pro
985 3249 1088 3292 canna
1099 3248 1184 3292 nunc
1239 3232 1283 3294 ita
1302 3232 1388 3313 quod
1410 3232 1443 3292 in
1461 3230 1643 3293 summitate
1662 3227 1835 3310 cujuslibet
1853 3224 1980 3299 calami,

437 3326 603 3408 accipitur,
630 3326 767 3408 scyphus
797 3346 856 3410 pro
884 3328 1014 3391 vasculo
1040 3346 1047 3389 :
1076 3337 1182 3391 tamen
1239 3330 1417 3414 ponebatur
1436 3348 1501 3392 una
1522 3329 1653 3392 lucerna
1677 3346 1774 3409 supra
1798 3342 1983 3407 supremum

439 3442 525 3486 nuuc
540 3423 677 3487 sumitur
691 3425 783 3505 quasi
797 3426 991 3508 produobus
1004 3425 1101 3487 simul
1114 3426 1186 3507 jun·
1239 3430 1393 3512 scyphum
1416 3447 1471 3492 seu
1493 3436 1589 3510 caput
1613 3426 1738 3503 calami,
1761 3425 1816 3507 qui
1841 3423 1981 3510 scyphus

438 3522 509 3599 ctis,
531 3523 582 3585 vel
602 3541 660 3605 pro
681 3541 747 3587 uno
769 3542 841 3586 cum
864 3542 922 3587 suo
944 3525 1105 3607 operculo,
1127 3525 1205 3605 qui¹
1239 3536 1307 3591 erat
1328 3527 1418 3591 sedes
1440 3526 1598 3603 lucernae3
1619 3545 1684 3588 una
1704 3542 1833 3607 quoquc
1855 3523 1985 3586 lucerna

439 3620 540 3683 instar
565 3621 655 3685 nucis
680 3640 714 3685 se
738 3622 845 3685 habet.
873 3621 1037 3705 Spherula
1066 3623 1185 3685 dieitur
1239 3627 1343 3690 stabat
1358 3626 1392 3687 in
1407 3625 1590 3688 summitate
1604 3623 1730 3687 hastilis
1744 3622 1985 3686 candelabrih't

439 3737 536 3802 parve
557 3719 680 3801 sphaera
702 3739 759 3784 seu
780 3720 930 3798 circulus,
947 3720 998 3785 vel
1018 3740 1116 3804 parva
1136 3740 1185 3785 ro
1241 3729 1367 3785 taceant
1391 3746 1431 3785 ec
1452 3728 1595 3785 adverso.
1618 3722 1688 3785 Uno
1711 3722 1798 3786 euim
1822 3740 1861 3784 ex
1886 3720 1986 3784 latero

439 3818 579 3881 tunditas
594 3818 756 3896 volubilis,
774 3826 869 3902 prout
884 3818 957 3882 iieri
974 3819 1055 3883 solet
1076 3819 1111 3881 in
1134 3838 1185 3883 oa·
1239 3822 1364 3885 hastilis
1388 3822 1602 3906 procedebant
1628 3830 1690 3885 tres
1720 3820 1846 3897 calami,
1873 3832 1986 3903 proce-

439 3916 561 3979 thedris
582 3924 615 3979 ot
634 3916 668 3978 in
689 3917 782 3979 arcis.
800 3916 881 3980 Lilia
900 3936 975 3981 vero
996 3927 1071 3980 sunt
1087 3916 1184 3981 flores
1240 3922 1351 3985 dentes
1376 3921 1410 3983 in
1433 3921 1534 3985 altum
1556 3938 1621 3985 non
1643 3927 1739 3998 rocte,
1762 3919 1817 3983 sed
1838 3917 1982 3999 obliquo,

439 4014 565 4078 recurvi
579 4034 616 4077 ac
632 4015 711 4079 noti.
1239 4037 1406 4101 quousque
1421 4020 1645 4101 pertingebant
1659 4020 1698 4081 ad
1713 4016 1917 4081 altitudinem
1937 4015 1986 4098 ip-

479 4112 599 4176 Deinde
617 4113 805 4195 exprimitur
824 4114 962 4196 qualiter
981 4114 1042 4177 ista
1061 4115 1185 4197 prodie
1240 4117 1307 4180 sius
1331 4117 1466 4180 hastilis.
1494 4116 1647 4180 Similiter
1676 4114 1892 4200 procedebant
1919 4122 1984 4176 tres

439 4218 515 4273 runt
538 4229 577 4274 err
600 4210 719 4273 hastili.
743 4216 809 4275 See
833 4215 954 4274 calami
978 4217 1184 4290 epredieatar
1199 4216 1226 4280 D
1239 4216 1352 4280 calami
1365 4234 1403 4278 ex
1414 4216 1477 4278 alia
1488 4223 1578 4298 parte
1591 4214 1715 4277 hastilis
1728 4232 1784 4277 seu
1797 4213 1923 4297 stipitis,
1930 4212 1987 4275 sic·

431 4312 478 4370 de
505 4311 657 4371 lateribus
683 4310 808 4373 hastilis
832 4310 1030 4389 candelabri,
1058 4323 1120 4373 tres
1145 4333 1185 4373 ea
1240 4333 1303 4397 que
1323 4324 1386 4377 tres
1403 4313 1542 4377 flamme
1558 4314 1655 4375 trium
1671 4312 1873 4375 lucernarum
1888 4311 1986 4374 unius

440 4429 505 4470 ano
522 4412 633 4479 latere,
651 4420 681 4471 ct
704 4420 764 4471 tres
784 4430 824 4470 ea
843 4414 954 4471 attera
978 4413 1050 4471 Tres
1070 4413 1185 4489 scyphi
1240 4414 1340 4496 partis
1360 4432 1397 4474 ac
1419 4412 1538 4489 lateris,
1558 4410 1770 4493 respiciebant
1791 4429 1830 4473 ex
1849 4410 1985 4474 adverso

439 4510 534 4587 qnasi
554 4510 590 4569 ia
611 4510 704 4569 cacis
725 4512 858 4571 modam
876 4528 937 4587 per
955 4514 1096 4571 calamos
1117 4512 1186 4571 sin-
1240 4510 1388 4573 flammas
1398 4510 1533 4573 aliarum
1544 4510 1641 4572 trium
1650 4509 1857 4573 lucernarum
1865 4511 1988 4570 Emun-

435 4609 540 4683 putos,
559 4606 592 4669 id
614 4615 673 4683 est,
696 4607 728 4669 in
749 4607 894 4689 quolibet
915 4627 968 4671 sex
988 4608 1184 4671 calamorum
1239 4607 1911 4689 ctoriaqaoqae,hocestinstrumeuta,seu
1925 4605 1987 4669 lor·

439 4712 534 4767 erunt
553 4711 616 4768 tres
637 4705 768 4787 scyphi;
789 4709 1021 4787 sphaerulaeque
1034 4708 1137 4767 simut
1155 4718 1185 4767 et
1240 4707 1334 4790 cipes,
1346 4706 1428 4769 lacta
1438 4706 1477 4768 ad
1488 4706 1769 4785 emungendumet
1782 4705 1987 4786 exstinguen-

440 4806 525 4876 titia,
542 4804 602 4868 hoc
623 4813 672 4867 est
691 4805 858 4886 sphaerula
877 4804 955 4868 liliis
974 4805 1093 4886 juncte
1114 4806 1185 4869 toti·
1239 4806 1315 4867 dum
1329 4804 1439 4867 licinia
1453 4803 1655 4867 lucernarum
1672 4823 1727 4866 seu
1744 4804 1945 4885 lampadum3
1957 4812 1986 4863 ct

439 4901 523 4979 dem,
550 4902 594 4965 ita
622 4904 708 4984 quod
737 4902 821 4965 inter
844 4904 925 4967 duos
956 4904 1091 4987 scyphos
1116 4914 1184 4967 erat
1240 4907 1296 4965 ubi
1310 4926 1347 4966 ea
1363 4925 1434 4983 qtae
1448 4914 1599 4964 emuncta
1614 4914 1702 4977 sant,
1717 4904 1983 4979 eastihpuahtur,

439 5000 598 5081 sphaerula
612 5020 686 5080 una,
699 5020 863 5083 unumque
879 5001 1004 5077 lilium;
1022 5014 1051 5064 et
1069 5013 1130 5065 tres
1144 5007 1185 5064 si·
1240 5004 1388 5067 videlicet
1408 5022 1483 5067 vasa
1504 5002 1538 5064 in
1559 5001 1677 5084 quibus
1697 5000 1873 5083 ponebatur
1888 5020 1983 5083 aqua,

439 5102 562 5161 miliar
580 5103 695 5179 scyphi
713 5103 820 5161 instar
839 5103 933 5161 cacis
950 5103 986 5161 in
1001 5106 1125 5163 calamo
1141 5108 1187 5165 al·
1240 5104 1323 5165 utin
1340 5122 1377 5165 ea
1392 5102 1669 5182 exstinguerentur
1683 5110 1788 5183 partes
1800 5099 1864 5163 illa
1874 5098 1983 5182 lychni

440 5209 518 5269 tero,
532 5202 764 5280 sphaerulaque
777 5200 877 5259 simet
891 5209 921 5261 et
938 5202 1023 5262 titia.
1042 5205 1110 5262 Hoc
1124 5206 1186 5265 erit
1241 5202 1425 5279 combustae,
1443 5220 1483 5263 ne
1498 5199 1618 5263 malum
1638 5201 1767 5263 odorem
1784 5208 1839 5261 aut
1859 5198 1984 5260 lumum

439 5316 518 5377 opas
531 5318 587 5358 sca
600 5300 881 5377 eatamoram,qai
890 5302 1096 5375 producendi
1109 5313 1186 5364 sant
1242 5308 1435 5365 causareut:
1461 5318 1533 5381 quae
1555 5318 1640 5377 vasa,
1662 5297 1867 5383 exstinctoria
1888 5314 1984 5361 voca-
