4309 6259
443 474 503 536 558
807 488 980 535 muniano
1002 490 1032 535 m
1053 487 1123 535 cnr.
1146 488 1179 533 tx
1199 488 1434 535 neuranonortu.
1454 508 1496 518 —
1515 490 1587 537 aar.
1610 491 1630 536 x

442 663 535 744 cujus
555 661 705 725 notabilis
725 661 937 739 adversitatis,
955 670 1065 724 eontra
1087 662 1186 723 Mum
1203 659 1319 721 Aderit
1341 664 1437 722 cobis.
1455 662 1606 742 Tuncque
1628 660 1731 724 territi
1750 680 1788 723 ex
1804 660 1911 723 verbis
1932 661 1988 721 de

442 770 473 823 ct
498 762 621 843 Moysen
649 761 856 823 irreverenter
882 759 978 823 locuti
1005 768 1092 822 sunt.
1108 759 1186 820 Nam
1242 778 1312 821 cem
1334 760 1578 842 exploratorum,
1599 759 1725 822 dixistis
1746 759 1903 821 :Utinam'
1920 777 1990 840 per·

443 868 473 921 et
488 868 657 942 anundum
670 860 864 922 transierunt
875 877 930 941 per
943 858 1077 919 iundum
1090 856 1188 919 maris
1243 868 1380 921 eamus!
1407 859 1446 920 Et
1466 878 1602 921 rursus:
1628 858 1866 921 Constituamus
1891 858 1986 919 nobis
2017 881 2131 923 ‚rtem

443 958 551 1035 Rubri,
570 959 647 1021 visis
666 958 832 1040 AEgyptiis
850 957 1082 1021 contumaciter
1102 964 1133 1019 et
1149 955 1189 1017 ir·
1243 956 1368 1035 ducem,
1385 966 1416 1019 et
1439 967 1635 1021 revertamur
1650 958 1684 1019 in
1700 958 1885 1038 AEgyptum3
1903 965 1937 1017 ut
1949 956 1983 1017 in
2000 946 2050 991 ³³·

311 1069 427 1121 exiens,
444 1057 555 1121 risorie
570 1058 717 1120 dixerunt
737 1058 777 1119 ad
799 1058 944 1139 Moysen:
963 1056 1106 1119 Forsitan
1124 1074 1187 1117 non
1243 1054 1388 1117 Numeris
1404 1056 1565 1119 scribitur.
1581 1060 1625 1118 Et
1639 1058 1874 1133 contempsistis
1891 1058 1986 1131 impe

298 1135 330 1176 ¹¹·
442 1162 532 1217 erant
547 1154 692 1236 sepulcra
707 1156 739 1217 in
757 1156 902 1238 AEgypto‚
922 1156 993 1219 ideo
1011 1154 1113 1215 tulisti
1129 1172 1188 1215 nos
1243 1156 1333 1215 riam
1356 1158 1491 1217 Doniiai
1508 1158 1571 1217 Dei
1594 1159 1701 1225 vestri,
1719 1176 1775 1215 nec
1797 1157 1985 1215 erediiistis

444 1262 475 1315 ut
493 1272 688 1316 moreremur
704 1253 736 1317 in
753 1254 925 1317 solitudine
938 1278 945 1327 3
959 1261 1052 1334 prout
1068 1251 1188 1313 inExo
1241 1255 1294 1325 ei;
1306 1258 1362 1315 sect
1374 1275 1498 1331 semper
1506 1255 1619 1331 scistis
1633 1258 1773 1324 rebelles,
1786 1253 1818 1316 id
1828 1253 1927 1315 estad
1939 1253 1985 1313 in-

442 1352 651 1434 descriptum
668 1362 725 1414 est.
1242 1352 1456 1415 obedientiam
1474 1352 1578 1435 proni,
1594 1353 1723 1433 quando
1737 1351 1860 1432 aliquid
1871 1360 1984 1415 restrae

484 1453 569 1512 Nam
584 1461 613 1511 et
624 1453 659 1510 in
676 1453 780 1513 Horeb
792 1452 973 1529 provocasti
987 1470 1073 1519 cum,
1092 1449 1123 1510 id
1139 1457 1188 1510 est
1242 1451 1399 1514 voluntati
1414 1452 1608 1515 contrarium
1626 1451 1717 1515 vobis
1733 1450 1883 1533 praecepi.

441 1548 525 1612 circa
541 1550 653 1631 pedem
671 1550 788 1612 montis
804 1549 890 1613 Sinai
903 1548 1037 1611 vitulum
1054 1566 1185 1610 aureum
1289 1548 1332 1606 Et
1347 1548 1448 1623 jacui
1469 1568 1577 1607 coram
1602 1549 1739 1609 Domiiw
1763 1547 1984 1624 quadr-opime

436 1648 618 1723 adorando3
642 1660 672 1709 et
694 1652 808 1721 iratas,
834 1652 939 1709 delere
960 1658 987 1708 te
1008 1649 1122 1719 voluit,
1140 1647 1187 1708 di·
1240 1646 1353 1705 diebus
1370 1667 1409 1705 ae
1432 1645 1641 1727 quadraginta
1666 1646 1819 1706 noctibus.
1836 1644 1893 1706 llio
1920 1662 1982 1706 non

302 1750 426 1801 niani...
442 1764 534 1807 cens:
549 1747 676 1809 llimitte
692 1766 753 1824 mc,
771 1756 806 1809 ut
819 1748 973 1809 irascatur
990 1744 1078 1809 luror
1094 1764 1185 1809 meus
1241 1753 1385 1806 servatur
1400 1744 1542 1809 historice
1557 1745 1646 1807 ordo.
1663 1744 1724 1805 lsta
1743 1743 1830 1806 enim
1846 1751 1985 1825 prostra-

296 1818 329 1859 ’θ’
441 1852 472 1906 et
483 1845 604 1907 deleam
620 1864 689 1921 eos3
702 1850 831 1926 quando
842 1848 973 1907 ascendi
985 1847 1019 1905 in
1033 1855 1182 1915 inertem,
1204 1843 1285 1907 litio
1302 1861 1365 1906 non
1382 1842 1443 1905 luit
1459 1852 1530 1925 post
1545 1852 1675 1925 moute
1689 1842 1811 1925 populi,
1824 1862 1897 1923 qua
1911 1862 1984 1905 con·

441 1944 504 2007 imo
523 1952 597 2007 ante
615 1943 834 2008 formationem
855 1945 947 2008 rituli
965 1944 1052 2005 illius
1077 1963 1185 2005 ascen·
1241 1941 1380 2021 tigerunt
1404 1943 1437 2005 in
1469 1942 1547 2005 locis
1578 1960 1663 2005 nunc
1691 1941 1796 2016 dictis,
1825 1960 1883 2003 nec
1913 1950 1983 2023 post

311 2058 425 2101 rotem.
441 2043 529 2105 derat
558 2044 676 2127 Moyses
707 2044 795 2119 illuc,
820 2062 919 2125 eoque
948 2042 1121 2105 exsistente
1151 2042 1184 2103 in
1240 2060 1399 2105 recessum
1414 2062 1433 2104 a
1447 2050 1567 2105 monte.
1590 2041 1652 2105 Nec
1673 2040 1755 2103 lacta
1775 2049 1825 2103 est
1846 2059 1904 2121 pro
1927 2041 1985 2103 im-

440 2140 558 2205 vertice
583 2142 710 2219 montis,
737 2142 874 2225 populus
898 2141 1124 2215 idololatravit‚
1149 2147 1184 2201 ut
1239 2142 1393 2222 petranda
1406 2140 1595 2204 remissione
1609 2147 1810 2221 peccatorum
1836 2139 1982 2215 istorum,

440 2239 473 2301 in
494 2240 599 2304 Exodo
620 2242 821 2305 describitur.
840 2242 934 2304 Porro
959 2240 1101 2303 recitatio
1124 2239 1185 2301 ista
1238 2259 1310 2320 que
1325 2238 1693 2322 postrecessumaSinei
1706 2238 1983 2319 contigerunt‚scd

306 2353 424 2405 roseam.
441 2336 492 2401 liic
509 2339 619 2403 iterata
634 2342 673 2403 de
684 2340 795 2423 Moysis
810 2340 942 2421 jejunio,
955 2348 987 2403 et
1003 2337 1182 2401 tabularum
1240 2337 1301 2399 luit
1316 2338 1349 2399 in
1365 2347 1473 2401 monte
1488 2338 1544 2401 illo
1559 2345 1632 2400 ante
1656 2356 1815 2400 recessum
1841 2336 1982 2399 liliorum

294 2420 424 2469 ¹⁸³¹¹¹'·¹⁸·
440 2435 660 2520 inscriptione,
676 2458 713 2501 ac
728 2437 960 2515 consimilibus,
978 2436 1132 2499 diliusius
1147 2436 1179 2498 in
1237 2436 1332 2500 lsrael
1345 2436 1386 2499 ab
1401 2437 1512 2500 eodem
1530 2456 1537 2499 :
1557 2435 1674 2499 idcireo
1689 2435 1808 2517 lloyses
1824 2455 1911 2500 nunc
1937 2454 1984 2498 re

439 2535 545 2599 Exodo
567 2546 614 2599 est
637 2537 816 2618 conscripta
834 2545 930 2618 atque
954 2536 1107 2619 exposita.
1124 2540 1184 2597 De·
1237 2535 1284 2597 dit
1300 2536 1338 2597 ed
1363 2535 1607 2599 describendum
1632 2533 1770 2616 plenius,
1796 2535 1883 2615 quod
1907 2544 1984 2597 ante

437 2635 549 2713 diique
560 2636 643 2695 milri
656 2639 739 2695 ditas
756 2638 890 2697 tabulas.
905 2638 1073 2715 Quamque
1085 2636 1183 2694 vidis·
1237 2635 1481 2716 explicationem
1497 2642 1698 2716 peccatorum
1710 2633 1842 2696 istorum
1854 2642 1927 2715 posi
1937 2653 1985 2695 re·

436 2754 502 2793 sem
525 2754 577 2793 vos
598 2754 739 2811 peccasse
762 2736 900 2795 Domino
925 2737 989 2794 Deo
1015 2736 1183 2803 vestreae
1236 2752 1361 2795 cessum
1377 2752 1396 2795 a
1410 2742 1519 2797 monle
1534 2731 1810 2814 lectorum‚coepii
1826 2730 1984 2795 describe

439 2842 543 2893 merite
557 2834 718 2901 descendi,
733 2842 763 2892 et
781 2834 905 2909 projeci
920 2834 1044 2893 lebetas
1058 2835 1099 2892 de
1114 2852 1182 2892 nta·
1237 2850 1281 2908 re‚
1298 2839 1334 2893 ul
1350 2840 1436 2914 patet
1452 2832 1485 2893 in
1501 2840 1587 2894 textu
1607 2832 1704 2913 hujus
1723 2831 1866 2913 capituli,
1884 2850 1982 2913 quem

437 2933 532 2991 aibas
558 2935 647 3001 neeis,
669 2931 877 3010 eonsrrpiqae
900 2952 963 2991 eas.
990 2934 1031 2993 lit
1052 2932 1182 3008 procidi
1237 2939 1366 3013 propter
1382 2930 1567 2992 facilitatem
1583 2950 1648 2993 suae
1663 2929 1884 3010 intelligentia
1898 2938 1984 2991 tran-

436 3040 511 3090 crite
528 3032 700 3091 Dominum
716 3030 937 3109 quadrcpt'ata
953 3030 1064 3089 diebus
1082 3040 1112 3089 et
1127 3034 1217 3098 rio-C
1236 3029 1334 3093 silivi.
1357 3029 1477 3110 Nempe
1497 3028 1562 3108 jam
1585 3027 1688 3093 dixit:
1710 3028 1829 3110 Projecl
1855 3029 1983 3091 tabulas

434 3130 548 3189 etibas.
1235 3129 1275 3190 de
1300 3128 1448 3190 manibus
1472 3126 1561 3203 meis,
1578 3136 1620 3190 et⁴
1634 3127 1756 3209 procidi
1777 3137 1850 3190 ante
1875 3128 1984 3190 Domi-

478 3229 519 3287 In
543 3227 696 3287 inccndio
721 3246 845 3306 qaoque
868 3237 898 3287 et
925 3229 959 3287 ic
988 3228 1174 3288 Ten-tatione
1236 3245 1313 3289 num
1337 3226 1548 3309 quadraginta
1572 3226 1685 3288 diebus
1711 3234 1743 3288 et
1769 3227 1982 3307 quadraginta

433 3334 463 3384 et
488 3327 524 3385 in
548 3327 702 3402 sepulcris
729 3328 998 3401 concupiscentie
1023 3344 1175 3402 provoca·
1236 3326 1399 3401 noctibus3
1415 3326 1470 3389 sed
1487 3324 1623 3389 formam
1638 3324 1790 3388 orationis
1807 3334 1883 3389 tunc
1899 3324 1981 3389 iuste

433 3426 491 3483 stis
506 3426 695 3485 Domitium.
713 3423 768 3485 llic
785 3431 958 3503 tanguntur
976 3424 1035 3486 tria
1051 3425 1130 3499 loca,
1143 3424 1177 3486 in
1236 3443 1300 3488 non
1317 3425 1475 3507 repetivit.
1493 3425 1611 3488 ldcirco
1627 3423 1679 3486 hic
1694 3442 1764 3486 eam
1786 3424 1914 3506 repetit,
1932 3425 1982 3486 di·

434 3520 551 3602 quibus
572 3529 796 3604 peecaverunt.
814 3521 937 3583 Primus
961 3506 1032 3599 mii,
1050 3523 1179 3604 quando
1234 3544 1310 3587 cens
1329 3544 1336 3588 :
1353 3523 1440 3587 lacui
1454 3542 1559 3587 coram
1586 3522 1731 3585 Domino.
1747 3525 1791 3584 Et
1805 3544 1913 3594 mans,
1928 3527 1982 3584 ‹li-

287 3630 419 3679 llem-no·
434 3621 551 3701 egressi
576 3621 616 3683 de
641 3620 738 3697 Sinai,
757 3631 1033 3684 murmuraverunt
1049 3630 1179 3703 propter
1233 3627 1272 3684 ci
1287 3645 1298 3684 :
1313 3626 1451 3685 Domine
1464 3626 1563 3693 Deus,
1577 3645 1618 3683 ce
1631 3624 1798 3701 dispertias
1817 3627 1979 3702 poputum

434 3719 574 3783 laborem
591 3718 726 3781 itineris.
739 3718 869 3802 Propter
880 3720 964 3801 quod
982 3719 1064 3800 ignis
1076 3719 1178 3783 Domi·
1235 3733 1340 3795 taam,
1356 3733 1387 3783 et
1401 3724 1610 3783 tereeitatcm
1626 3731 1717 3783 tuam
1732 3742 1831 3800 quam
1845 3724 1981 3783 redemi-

435 3818 466 3880 ni
483 3817 646 3881 devoravit
661 3824 833 3879 extremam
851 3826 972 3899 partem
988 3826 1176 3895 castrorum,
1232 3823 1275 3881 sti
1300 3824 1336 3880 in
1353 3823 1580 3898 mapcitmiine
1600 3830 1669 3891 tac,
1682 3840 1759 3900 qaas
1780 3822 1924 3879 edacisti
1937 3824 1980 3880 cte

433 3926 469 3979 ut
494 3916 527 3977 in
549 3916 694 3979 Numeris
720 3916 879 3979 recitatur.
899 3917 1061 3980 Secundus
1088 3918 1174 3981 locus
1232 3922 1376 3997 AEpypto
1393 3922 1427 3980 ic
1443 3940 1544 3979 marta
1565 3921 1656 3997 forti.
1671 3921 1852 3980 Recordare
1874 3939 1980 3979 serco-

434 4014 556 4077 suited
581 4034 679 4097 aquas
703 4014 980 4092 contradictionis
998 4016 1053 4080 ubi
1078 4026 1176 4079 tenta·
1232 4040 1309 4080 rum
1331 4030 1472 4089 tuorum,
1498 4022 1674 4089 Abrabam,
1699 4022 1805 4087 Isaac,
1819 4027 1849 4077 et
1864 4020 1975 4078 Jacob.

287 4123 418 4202 prod-xm
432 4122 546 4177 verunt
561 4114 671 4191 Deum,
688 4114 830 4177 dieentes
842 4132 850 4177 ε
863 4116 959 4178 Estne
974 4116 1127 4179 Dominus
1144 4116 1175 4179 in
1233 4120 1283 4177 Ne
1306 4119 1469 4196 adspicias
1492 4119 1651 4177 daritiam
1671 4118 1788 4194 popuii
1809 4117 1922 4192 liujus,
1946 4126 1979 4175 et

289 4202 296 4228 ¹
434 4213 525 4276 nobis
550 4231 591 4274 an
617 4216 710 4275 nont
733 4214 855 4277 Tertius
880 4214 942 4276 luit
967 4215 999 4276 in
1021 4216 1176 4298 sepulcris
1192 4217 1217 4280 Ι)
1234 4218 1431 4294 impietatem
1444 4226 1539 4295 atque
1549 4213 1909 4292 peccatam,etc.,sicut
1922 4214 1980 4275 ba-

297 4310 714 4393 Num·x=.tConcupiscentiae,
732 4310 787 4375 ubi
811 4321 939 4395 propter
959 4312 1110 4376 vitiosum
1132 4313 1178 4377 al·
1231 4313 1324 4377 betur
1349 4315 1382 4376 in
1408 4322 1494 4375 textu
1519 4313 1574 4395 qui
1600 4312 1715 4395 planus
1739 4321 1797 4375 est.
1825 4311 1976 4393 Denique,

285 4390 364 4441 “⁸⁰‘'
433 4408 553 4473 lectum
577 4409 691 4474 edendi
715 4429 839 4488 carnes,
861 4411 979 4493 plagati
1002 4419 1033 4475 et
1057 4413 1175 4494 sepulti
1231 4413 1315 4495 quod
1331 4412 1391 4474 ista
1406 4412 1448 4473 sit
1463 4412 1519 4474 ille
1532 4411 1643 4489 oratio,
1660 4431 1755 4493 quam
1771 4409 1891 4475 obtulit
1912 4410 1978 4473 lieo

432 4515 507 4569 sunt
521 4508 624 4586 multi,
643 4509 726 4572 sicut
741 4508 774 4571 in
798 4510 881 4573 libro
896 4509 1106 4573 Numerorum
1127 4530 1177 4575 ex·
1230 4529 1289 4593 pro
1303 4510 1492 4573 remissione
1516 4509 1713 4585 idololatriae,
1731 4528 1828 4590 quam
1854 4507 1918 4570 lilii
1934 4510 1978 4571 ls-

432 4605 591 4687 primitur.
603 4606 748 4671 Attamen
766 4608 854 4670 locus
866 4607 921 4671 ille
937 4627 1048 4690 parurn
1064 4611 1177 4674 autni·
1230 4610 1295 4673 rael
1311 4608 1540 4674 commiserunt
1562 4609 1647 4672 circa
1669 4607 1804 4671 vitulum
1828 4626 1974 4685 aureum,

431 4704 475 4766 bil
487 4703 627 4768 differta
638 4706 741 4788 primo
753 4707 822 4771 loco
834 4704 977 4788 praelato.
989 4710 1173 4789 Ecquando
1229 4717 1352 4771 certum
1362 4717 1411 4773 est
1425 4708 1562 4771 intuenti
1578 4706 1745 4787 diligenter
1759 4707 1868 4769 omnia
1878 4707 1977 4769 verba

429 4805 518 4863 misit
535 4826 587 4865 vos
601 4808 640 4865 de
652 4808 868 4866 t'edesbaree:
879 4806 910 4868 id
927 4815 986 4882 est,
1005 4815 1081 4870 tunc
1097 4826 1172 4889 quo
1229 4808 1382 4872 orationis
1399 4806 1491 4869 istius
1506 4826 1578 4870 cum
1593 4805 1842 4869 circumstantiis
1857 4805 1976 4881 suis‚et

427 4918 490 4980 que
505 4902 642 4982 graviter
664 4904 833 4967 Dominum
859 4903 1055 4981 ollendistis,
1073 4925 1172 4987 quan·
1229 4904 1326 4968 etiam
1342 4906 1438 4969 verba
1452 4904 1605 4970 orationis
1621 4922 1715 4985 quam
1731 4922 1789 4985 pro
1804 4903 1915 4966 eadem
1928 4923 1975 4966 re·

427 4999 467 5062 do
486 4999 711 5063 exsistentibus
733 5002 824 5066 vobis
841 5002 999 5079 incedes,
1018 5004 1117 5082 misit,
1137 5004 1168 5067 id
1229 5005 1382 5068 missione
1397 5004 1513 5085 legitur
1527 5004 1590 5067 Deo
1611 5002 1739 5066 fudisse.
1762 5000 1863 5077 Quum
1885 5002 1973 5063 enim

426 5104 474 5159 est
491 5097 537 5159 ire
548 5117 604 5161 vos
620 5098 725 5181 jussit,
735 5100 774 5161 ad
786 5100 1032 5181 ingrediendum
1052 5110 1169 5166 terram
1230 5104 1263 5165 in
1287 5110 1396 5166 monte
1418 5102 1559 5165 audisset
1573 5120 1593 5163 a
1606 5101 1740 5165 Domino
1758 5099 1971 5163 idololatriam

427 5196 786 5279 promissionis3dieens
796 5218 853 5281 per
863 5219 914 5261 me
925 5207 957 5262 ct
966 5198 1062 5264 Celeb
1076 5203 1171 5266 acio
1229 5202 1332 5284 plebis
1353 5201 1418 5282 jam
1441 5200 1567 5278 iactam,
1584 5219 1657 5264 mox
1679 5200 1773 5262 istam
1797 5198 1882 5261 ludit
1903 5216 1973 5261 ora-
2015 5212 2084 5255 aaa.

427 5312 504 5357 sue:
520 5297 689 5366 Ascendite
703 5308 733 5358 et
747 5301 903 5377 possidete
919 5310 1049 5371 anain,
1066 5322 1166 5381 qaam
1228 5302 1345 5365 tionem
1361 5308 1434 5362 ante
1449 5300 1638 5363 descensum
1651 5319 1744 5361 suum
1759 5298 1928 5363 demonic.
1986 5278 2111 5322 ‘¹¹¹¹'¹¹''³'
