4309 6259
58 1442 192 1490 Marathos.

51 1509 61 1544 7
72 1509 92 1548 ll.

521 476 694 522 uunuuurto
716 477 747 520 ΙΝ
769 476 836 522 CAP-
860 475 932 522 xxiv
954 476 1188 523 DEUTERONOMll.
1211 497 1251 508 -
1271 480 1342 525 ultr.
1366 481 1451 526 xxvtt

1698 466 1755 529 621

208 653 346 726 separet.
373 647 418 708 Ex
442 667 505 729 qua
530 645 609 728 legis
635 647 897 728 interpretatione
921 665 958 708 ac
973 645 998 706 Α
1014 646 1101 724 istas,
1119 648 1257 710 secunda
1272 647 1382 730 opinio
1394 657 1476 712 stare
1492 668 1557 713 uou
1573 660 1690 733 posset,
1701 659 1756 713 aut

205 743 352 823 jussione
368 763 425 808 seu
439 745 554 808 Christi
571 745 777 808 conclusione
796 745 959 808 convinci-

207 851 269 918 tur,
280 844 367 924 quod
383 843 543 925 conjugati
562 862 627 906 non
644 843 709 905 siut
726 843 834 924 aliqua
850 844 959 905 huma-

208 960 251 1002 na
266 943 457 1004 auctoritate
473 943 652 1024 separandi,
669 951 823 1024 quantum
838 943 877 1004 ad
895 943 961 1004 viu-

208 1039 333 1117 culum,
361 1049 392 1103 et
422 1042 507 1122 quod
533 1041 615 1102 Deus
642 1060 705 1104 nou
733 1041 828 1123 jussit
857 1059 961 1122 neque

210 1139 372 1201 concessit
395 1140 562 1222 repudium
591 1138 675 1216 ficri,
695 1159 753 1202 uec
777 1160 795 1202 a
821 1148 962 1222 tempore

211 1237 288 1300 Adae
310 1257 411 1319 usque
431 1239 471 1300 ad
491 1238 617 1320 hloyseu
644 1238 766 1301 licitum
794 1238 864 1300 luit.
883 1238 961 1301 Hinc

212 1354 316 1416 quum
333 1336 408 1400 huic
424 1336 622 1418 responsioni
639 1336 754 1400 Christi
770 1336 962 1419 objecissent

211 1435 377 1512 Pharisaei,
395 1436 547 1511 dicentes,
560 1435 639 1509 Quid
656 1454 731 1516 crgo
742 1436 860 1518 Moyses
877 1455 963 1497 mau-

212 1535 303 1596 darit
324 1535 392 1597 dari
417 1534 561 1597 libellum
585 1533 710 1616 repudii
731 1545 761 1597 ct
781 1535 962 1597 dimitteret

128 1643 132 1650 “
212 1634 260 1696 ait
276 1633 341 1696 illis
355 1651 361 1694 :
374 1632 528 1707 Quoniam
539 1633 657 1715 Moyses
674 1633 712 1695 ad
728 1632 878 1695 duritiam
894 1652 962 1696 ccr-

212 1732 265 1794 dis
282 1732 379 1795 vestri
396 1732 540 1814 permisit
556 1731 646 1795 vobis
667 1731 826 1795 dimittere
849 1750 961 1794 uxores

1012 752 1163 826 tauquam
1180 746 1354 827 probabilis
1371 747 1541 824 defensari,
1555 749 1704 812 videlicet
1719 749 1757 810 li-

1013 842 1133 928 hellum
1152 845 1274 925 repudii
1290 864 1328 907 ex
1343 845 1453 909 diviua
1468 847 1706 929 dispensatione
1722 848 1757 910 li-

1014 942 1119 1005 cuisse
1131 943 1164 1004 in
1181 943 1279 1006 reteri
1296 944 1375 1025 lege.

1055 1041 1228 1122 Sequitur:
1248 1046 1354 1112 Quaem
1369 1047 1524 1122 acceperit
1543 1048 1635 1108 homo
1655 1067 1760 1124 nuper

1015 1159 1162 1210 canorem,
1180 1141 1328 1204 videlicet
1349 1141 1434 1204 iufra
1456 1162 1587 1219 anuum,
1605 1165 1670 1204 non
1683 1166 1760 1222 pro-

1015 1243 1100 1299 cedet
1116 1243 1160 1300 ad
1176 1242 1305 1311 bellum,
1322 1261 1379 1301 nec
1393 1244 1424 1300 ei
1438 1244 1610 1320 quidpiam
1627 1247 1759 1304 necesci-

1018 1340 1093 1397 tatis
1110 1338 1311 1414 injunpetur,
1330 1338 1361 1400 id
1380 1347 1428 1400 est
1448 1339 1572 1402 nullum
1588 1359 1757 1404 onerosum

1016 1443 1070 1496 aut
1088 1435 1303 1516 periculosum
1326 1438 1487 1516 negotium
1511 1440 1690 1503 necessario
1713 1440 1760 1502 fa-

1016 1534 1177 1611 ciendum,
1187 1542 1219 1596 ct
1233 1535 1368 1596 aliorum
1385 1554 1440 1597 seu
1455 1555 1656 1600 communem
1673 1535 1760 1601 utili·

1017 1639 1113 1694 tutem
1131 1651 1338 1695 concernens.
1351 1633 1458 1715 Aliqui
1475 1643 1580 1698 tamen
1597 1647 1760 1719 exponunt

1018 1730 1109 1792 istam
1137 1731 1356 1793 necessitatem
1374 1733 1413 1795 de
1433 1733 1595 1815 obsequiis
1614 1735 1654 1797 ad
1675 1737 1758 1799 bella

211 1839 348 1894 vestras.
367 1831 414 1893 hb
438 1831 531 1894 initio
550 1839 655 1893 autem
679 1830 821 1894 nonfuit
843 1832 899 1894 sic.
917 1831 961 1892 Ex
980 1826 1246 1910 BspectautibuS,
1274 1830 1317 1892 ita
1341 1837 1426 1911 quod
1453 1832 1536 1894 sicut
1560 1853 1624 1897 uon
1651 1835 1761 1898 debuit

210 1929 333 2012 quibus
345 1930 513 2006 conclusit,
525 1949 588 1993 uon
606 1930 701 1992 licere
712 1930 880 2012 repudiare
892 1949 962 1993 uxo

212 2048 295 2106 rem,
313 2028 374 2090 uisi
391 2030 432 2092 ob
454 2027 708 2106 fornicationem,
726 2038 758 2091 ct
779 2031 864 2110 quod
881 2031 962 2092 Deus

212 2147 273 2210 per
288 2127 413 2209 bloyseu
429 2146 493 2190 nou
510 2126 698 2204 licentiavit,
717 2147 776 2190 uec
791 2127 897 2209 jussit,
908 2147 963 2190 nc-

211 2245 280 2307 quc
302 2226 460 2289 concessit
482 2227 552 2302 hoc,
570 2226 625 2288 sed
647 2226 749 2288 solum
771 2226 961 2308 permissum

213 2325 258 2386 sit
275 2333 404 2406 propter
418 2324 597 2387 ludaeorum
620 2324 769 2387 duritiam
787 2325 854 2388 sive
875 2325 962 2388 mali-

214 2424 306 2485 tiam.
323 2423 390 2485 Nou
413 2423 520 2504 itaque
540 2423 615 2486 licet
635 2424 704 2486 viro
725 2444 813 2486 suam
831 2443 848 2486 a
869 2444 902 2487 sc
919 2444 963 2486 se-

213 2541 329 2604 parare
350 2541 480 2585 uxorem
502 2531 533 2584 et
554 2524 670 2585 ducere
690 2523 797 2584 aliam.
815 2522 894 2584 Hinc
914 2543 963 2585 su-

214 2640 275 2702 per
285 2620 461 2682 llattbaeum
472 2619 963 2703 scribitHieronymuszchristus

214 2717 414 2800 Scripturam
431 2727 573 2780 sanctam
590 2719 751 2781 adducens
774 2719 807 2780 iu
825 2719 964 2782 testime

216 2817 320 2893 nium,
330 2825 362 2879 et
378 2816 552 2878 naturalem
570 2816 683 2896 legem,
696 2817 897 2898 primamque
909 2817 963 2880 Dei

216 2915 411 2978 sententiam
436 2916 584 2978 secundae
604 2933 781 2997 opponens
804 2935 875 2997 quaa
900 2936 963 2980 non

1017 1927 1165 2008 praeliari,
1184 1928 1231 1990 sic
1253 1947 1311 1991 uec
1333 1929 1484 1993 victualia
1505 1933 1657 1995 exercitui
1678 1954 1762 1997 com·

1017 2035 1154 2108 portare,
1178 2034 1232 2088 aut
1252 2026 1335 2089 viam
1357 2027 1548 2091 exercitibus
1570 2050 1759 2113 praeparare,

1017 2135 1071 2189 aut
1086 2125 1266 2188 consimilia
1280 2143 1373 2205 agere
1390 2144 1397 2188 ε
1419 2146 1491 2207 quae
1507 2136 1613 2191 tamen
1634 2129 1760 2213 injungi

1018 2232 1164 2306 poterunt
1184 2223 1235 2284 lris
1250 2223 1306 2305 qui
1323 2224 1432 2287 vineas
1453 2226 1687 2307 plantaverunt,
1704 2238 1761 2292 aut

1017 2323 1146 2385 domum
1169 2341 1283 2384 novam
1303 2322 1555 2401 edificaverunt,
1573 2326 1629 2407 qui
1657 2335 1760 2391 tamen

1017 2422 1056 2484 ad
1073 2420 1157 2483 bella
1173 2440 1237 2484 non
1252 2424 1478 2503 'processerunt
1499 2431 1572 2486 ante
1592 2426 1760 2507 praefixum

1018 2528 1165 2601 tempus;
1182 2523 1236 2579 scd
1255 2523 1380 2581 vacabit
1402 2523 1517 2601 absque
1531 2527 1627 2601 culpa
1648 2529 1763 2588 domui

1018 2641 1095 2690 sure,
1113 2617 1209 2680 idest
1227 2617 1320 2680 rebus
1336 2618 1518 2681 domesticis
1535 2629 1565 2683 ct
1587 2605 1762 2688 commodis

1019 2716 1169 2798 propriis,
1187 2727 1224 2776 ut
1240 2737 1303 2776 uno
1323 2721 1551 2779 acceleretur
1569 2741 1642 2782 cum
1663 2744 1764 2784 cce-ore

1018 2836 1089 2886 sua,
1107 2815 1212 2891 idest,
1230 2815 1369 2896 primum
1384 2834 1504 2877 anuum
1520 2820 1672 2881 connubii
1689 2841 1762 2884 cum

1019 2933 1056 2976 ea
1070 2913 1209 2994 jucunde
1226 2913 1394 2994 expendat,
1406 2912 1572 2979 referendo
1593 2926 1696 2980 tamen
1716 2920 1764 2982 lae-

216 3013 383 3077 voluntate
399 3013 464 3090 Dei,
483 3014 537 3076 sed
558 3014 757 3095 peccantium
778 3015 964 3078 necessitate
979 3013 1000 3076 C
1021 3012 1122 3074 titiam
1138 3011 1225 3073 illam
1241 3011 1281 3072 ad
1297 3011 1495 3093 spiritualem
1511 3032 1548 3076 ac
1565 3015 1707 3079 debiturn
1725 3017 1764 3080 fi-

217 3131 371 3175 coucessa
386 3120 445 3188 est,
463 3112 495 3174 id
510 3120 558 3174 est
573 3113 646 3174 data
663 3133 718 3176 scu
736 3113 901 3194 permissa,
920 3133 964 3177 re-

216 3213 381 3293 spondens
400 3211 445 3273 ait
463 3229 469 3272 :
488 3211 554 3274 Nou
577 3210 698 3292 legistis
718 3212 795 3292 quia
814 3213 870 3294 qui
888 3212 965 3276 lecit

216 3309 409 3391 [homiuem]
431 3308 471 3371 ab
494 3308 597 3386 initio,
621 3310 795 3372 masculum
819 3319 851 3372 et
874 3309 965 3375 femi-

217 3428 293 3470 nam
310 3407 386 3471 fecit
401 3410 477 3470 eosl
496 3407 634 3470 Dicendo
651 3415 769 3485 autem,
790 3409 963 3472 Masculum

215 3517 249 3572 et
266 3507 431 3584 feminam,
444 3507 536 3569 docet
553 3508 691 3569 secunda
706 3507 834 3570 vitanda
854 3510 965 3591 conju-

214 3607 281 3686 gia.
300 3605 366 3668 Non
389 3605 474 3666 euim
495 3605 546 3682 ait,
567 3605 738 3668 llasculum
760 3613 791 3668 et
815 3605 961 3684 feminas,

214 3705 305 3786 quod
315 3723 353 3766 cx
364 3704 506 3785 priorum
523 3704 655 3785 repudio
670 3705 881 3784 querebatur,
894 3708 962 3784 sed,

216 3802 390 3866 Masculum
417 3809 448 3864 et
476 3801 646 3879 feminam,
672 3811 708 3863 ut
735 3803 828 3865 unius
856 3805 966 3886 couju-

214 3903 268 3982 gis
284 3900 444 3964 consortio
459 3909 671 3963 necterentur.
686 3901 845 3982 Numquid
861 3912 966 3985 potest

217 4003 302 4062 lleus
325 3999 387 4063 sibi
415 4018 485 4063 esse
508 3999 698 4076 contrarius,
721 4008 755 4061 ut
779 4000 864 4063 aliud
892 4013 965 4065 autc

214 4098 361 4181 iusserit,
379 4107 411 4160 et
426 4097 615 4160 seutentiam
632 4118 719 4160 suam
741 4118 823 4162 novo
840 4097 966 4181 frangat

1020 3131 1104 3186 uem,
1121 3128 1255 3191 eamque
1271 3128 1327 3192 per
1342 3109 1505 3172 caritatem
1518 3121 1549 3174 et
1563 3115 1695 3192 gratiam
1707 3117 1763 3180 Dei

1020 3208 1250 3273 rationabiliter
1266 3209 1470 3287 moderando,
1483 3210 1566 3272 sicut
1582 3212 1716 3277 habetur
1727 3216 1760 3279 in

1020 3309 1128 3385 Tobia,
1149 3309 1235 3390 quod
1260 3327 1333 3370 cum
1358 3308 1471 3371 timore
1497 3309 1551 3372 Dei
1577 3313 1759 3394 nuptiarum
1780 3332 1908 3382 recreta.

1019 3406 1202 3470 convivium
1218 3406 1416 3470 exercebant.
1428 3406 1528 3471 Causa
1539 3409 1631 3472 istius
1647 3432 1763 3494 praece-

1020 3505 1066 3588 pti
1077 3514 1136 3581 est,
1148 3505 1225 3586 quia
1236 3523 1350 3584 magua
1362 3515 1392 3568 et
1408 3507 1508 3568 multa
1518 3517 1592 3570 suut
1604 3511 1764 3576 matrimo-

1021 3605 1066 3667 uii
1090 3623 1194 3680 onera,
1217 3613 1249 3666 et
1269 3604 1352 3667 inter
1369 3604 1555 3686 conjugatos
1579 3607 1763 3690 frequenter

1020 3699 1167 3762 oriuntur
1196 3708 1338 3782 tempore
1367 3703 1558 3782 procedente
1587 3709 1764 3772 contentio

1021 3817 1092 3875 nes,
1120 3798 1330 3881 displicentia
1355 3809 1386 3861 et
1411 3819 1558 3864 rancores
1583 3821 1589 3865 :
1619 3804 1688 3869 ideo
1716 3816 1764 3870 est

1021 3906 1188 3975 statutum,
1217 3897 1309 3960 utin
1340 3900 1522 3981 nuptiarum
1551 3904 1765 3970 celebratione

1022 3997 1104 4059 fiant
1118 3996 1344 4078 jucunditates,
1362 4006 1393 4060 et
1408 4007 1474 4062 toto
1488 4019 1573 4064 auno
1590 4003 1693 4084 primo
1708 4007 1763 4070 dc·

1022 4095 1211 4158 lectabiliter
1227 4095 1321 4157 simul
1333 4097 1619 4179 vivant,quatenus
1635 4112 1762 4168 mutuus

217 4196 375 4280 imperial
390 4196 457 4258 Non
474 4196 518 4258 ita
533 4197 736 4259 sentiendum
755 4206 813 4274 cst,
833 4199 886 4260 sed
907 4200 967 4262 llo-
981 4199 1005 4260 ll
1021 4213 1109 4256 amor
1133 4193 1279 4256 firmetur
1301 4195 1335 4255 iu
1359 4196 1417 4274 eis,
1438 4204 1469 4259 et
1489 4205 1597 4279 postea
1623 4203 1764 4266 recolant

216 4315 292 4379 yses
307 4315 406 4377 quum
428 4295 549 4357 videret
564 4303 692 4376 propter
708 4296 901 4359 desiderium
920 4317 967 4361 se-

216 4396 399 4460 cundarum
414 4393 679 4474 conjugumque
695 4394 744 4458 vel
762 4395 903 4472 ditiores
914 4397 964 4459 vel

215 4493 375 4576 juniores,
401 4491 450 4555 vel
475 4491 674 4574 pulchriores
697 4501 818 4569 esseut,
846 4494 965 4575 primas

216 4611 334 4654 uxores
351 4589 503 4666 interfici,
521 4599 575 4652 aut
590 4591 704 4653 malam
722 4593 837 4654 ducere
852 4593 962 4672 vitam,

217 4690 336 4753 maluit
356 4689 521 4768 indulgere
542 4689 720 4767 dissidium,
738 4710 832 4771 quam
857 4693 966 4755 odium

217 4787 968 4870 cthomicidiaperseverare.Similiterquecou-

217 4887 327 4950 sidera
341 4888 426 4969 quod
444 4905 507 4948 non
523 4887 613 4962 dixit,
625 4886 671 4949 nd
689 4887 841 4949 duritiam
862 4890 966 4953 cordis

218 4985 318 5049 vestri
342 4984 487 5068 permisit
503 4985 593 5049 vobis
609 4986 696 5062 Deus,
715 4986 769 5048 sed
786 4986 914 5068 Moyses
933 4998 967 5050 ut

216 5087 309 5167 juxta
329 5084 527 5166 Apostolum,
549 5083 718 5146 consilium
745 5084 786 5146 sit
814 5084 964 5164 hominis,

218 5203 285 5247 nou
307 5183 478 5264 imperium
500 5182 566 5244 Dei.
588 5182 659 5244 llaec
679 5183 899 5264 Hieronymus.

260 5281 369 5364 ltaque
391 5281 481 5362 juxta
502 5280 663 5342 doctrinas
685 5281 967 5364 expositionesque

1021 4311 1116 4374 quam
1137 4292 1348 4356 amicabiliter
1369 4303 1466 4376 atque
1487 4296 1631 4362 hilariter
1652 4320 1765 4366 couve-

1022 4399 1148 4454 neruut.
1161 4391 1250 4454 Circa
1272 4392 1332 4454 hoc
1349 4391 1383 4454 iu
1394 4392 1587 4460 Scholastica
1602 4398 1702 4462 fertur
1719 4402 1764 4463 hi-

1021 4490 1357 4553 storia:Potestannus
1373 4491 1432 4554 iste
1448 4492 1582 4574 intelligi
1600 4499 1762 4580 nuptialis,

1022 4608 1086 4652 uon
1102 4589 1233 4666 usualis,
1251 4589 1360 4652 decern
1383 4589 1505 4653 scilicet
1525 4596 1683 4659 mensium
1700 4609 1765 4662 tau-

1022 4697 1100 4765 tum,
1117 4688 1206 4769 juxta
1221 4706 1317 4768 quem
1340 4708 1507 4751 numerum
1529 4691 1646 4756 dicitur
1661 4716 1763 4762 annus

1022 4787 1126 4850 luctus
1144 4804 1151 4847 :
1169 4786 1322 4867 quoniam
1346 4797 1470 4851 mortuo
1497 4789 1576 4868 viro,
1604 4795 1764 4861 nonlicet

1022 4886 1148 4949 mulieri
1163 4884 1262 4947 alium
1275 4886 1390 4949 ducere
1405 4895 1479 4950 ante
1494 4889 1604 4953 decem
1618 4913 1760 4974 menses3

1022 5005 1094 5048 nam
1122 4983 1203 5046 forte
1225 4984 1372 5067 concepit
1396 4986 1435 5048 dc
1459 4987 1573 5069 primo,
1594 5004 1763 5078 possetque

1022 5083 1172 5159 dubitari,
1190 5083 1241 5144 cui
1262 5083 1404 5146 virorum
1422 5096 1531 5167 partus
1548 5101 1632 5153 essct
1647 5095 1765 5159 adscri-

1022 5182 1155 5244 bendus.
1168 5180 1257 5243 Circa
1271 5184 1357 5262 quod
1372 5182 1427 5244 alii
1443 5184 1571 5250 dicunt:
1585 5189 1763 5257 Secundum

1022 5282 1107 5362 leges
1124 5277 1238 5341 mulier
1258 5297 1330 5360 quae
1351 5281 1420 5344 viro
1441 5283 1592 5350 defuncto
1606 5307 1680 5351 cum
1700 5292 1764 5362 alio
