4309 6259
440 488 460 552 6
848 500 1021 547 nunannrro
1042 500 1073 545 m
1094 497 1163 544 aar.
1186 494 1229 540 xx
1251 494 1352 541 axoni.
1375 514 1414 525 -
1435 495 1507 540 aar.
1530 494 1569 539 xa

441 680 576 742 Possunt
584 697 712 761 quoque
727 678 766 740 ad
782 676 931 739 ultimum
948 673 1031 736 istud
1048 670 1184 755 pertine
1199 667 1224 730 A
1239 667 1349 731 sertim
1365 668 1441 750 quia
1457 686 1520 732 non
1538 667 1581 729 ita
1597 665 1718 747 infligit
1737 685 1847 749 poenas
1863 675 1980 749 tempe

441 797 475 840 re
489 785 694 859 praeceptum,
711 776 755 838 ita
775 783 812 837 ut
833 772 1029 853 intelligatur
1049 770 1185 833 circaea
1239 767 1322 830 rales
1338 786 1395 849 pro
1412 766 1550 850 peccatis
1565 766 1681 843 cordis,
1695 774 1730 828 ut
1744 766 1859 849 operis.

440 896 510 939 esse
535 874 695 957 prohibita
720 873 826 937 omnis
851 868 1112 952 concupiscentia
1131 867 1185 929 be
1282 872 1422 929 Cunctos
1437 877 1545 927 autem
1558 870 1700 945 populor
1714 867 1851 937 videbat,
1860 865 1919 927 hoc
1933 873 1981 927 θεῖ

440 974 542 1037 stialis
553 982 584 1037 et
594 981 704 1036 contra
716 970 1108 1034 ·naturam.Verumtamen
1120 966 1185 1030 Ori·
1240 964 1435 1028 sensibiliter
1459 964 1602 1047 percepit
1626 973 1658 1027 et
1682 964 1815 1040 audivit,
1836 984 1931 1035 voces,
1948 963 1980 1026 id

440 1093 548 1157 genes,
574 1072 728 1154 Iosephus
759 1078 790 1133 θῖ
820 1068 942 1131 Hebraei
968 1068 1089 1143 dicunt,
1117 1066 1183 1128 haec
1239 1071 1287 1127 est
1308 1064 1447 1127 tonitrua
1464 1063 1513 1127 vel
1532 1062 1630 1128 verba
1649 1064 1704 1126 Dei
1725 1062 1846 1145 prolata
1867 1083 1905 1125 ex
1924 1082 1981 1124 nu-

441 1174 552 1238 ultima
562 1173 625 1234 duo
635 1172 673 1233 ad
685 1189 785 1233 unum
802 1168 961 1252 pertinere
976 1173 1181 1249 praeceptum,
1238 1162 1279 1225 be
1298 1171 1330 1225 et
1350 1162 1434 1243 igne.
1457 1162 1543 1225 Solet
1561 1169 1667 1225 autem
1694 1162 1727 1225 in
1747 1161 1916 1243 Scripturis
1934 1162 1981 1225 vi·

440 1271 592 1355 quoniam
603 1270 643 1333 de
659 1268 875 1352 prohibitione
890 1266 1056 1348 utriusque
1071 1283 1185 1328 concu-
1238 1282 1292 1323 sus
1309 1280 1366 1344 pro
1376 1280 1579 1344 quocumque
1593 1261 1741 1324 exteriori
1756 1260 1858 1343 accipi
1874 1279 1977 1337 sensu,

441 1370 605 1456 piscentiae
626 1368 767 1451 loquitur
789 1376 892 1431 textus
912 1367 972 1429 iste
987 1364 1181 1448 permixtim,
1238 1360 1418 1442 specialiter
1440 1379 1498 1443 pro
1517 1360 1640 1439 auditu,
1662 1360 1926 1442 quemadmodum
1945 1360 1979 1421 in

441 1471 553 1533 saltem
570 1468 744 1531 secundum
760 1485 857 1529 unam
873 1462 1183 1547 expositionem.Sed
1237 1460 1426 1543 Apocalypsi
1446 1460 1648 1523 :Conversus
1673 1479 1755 1537 sum,
1781 1468 1817 1522 ut
1839 1460 1977 1524 viderem
2000 1482 2120 1537 aptare.

442 1568 554 1632 melior
579 1575 627 1630 est
650 1566 884 1631 Catholicorum
908 1562 1083 1626 distinctio.
1105 1561 1183 1624 Nam
1237 1577 1347 1623 vocem
1367 1577 1438 1640 quae
1457 1559 1655 1641 loquebatur.
1672 1561 1715 1621 Et
1731 1562 1903 1637 tampades,
1920 1559 1979 1623 hoc

440 1666 567 1730 aliaest
588 1665 669 1728 ratio
682 1664 759 1728 boni
781 1664 882 1741 utilis,
895 1672 926 1725 et
947 1662 1009 1725 alia
1031 1660 1108 1725 boni
1131 1660 1184 1724 de-
1238 1667 1287 1722 est
1301 1659 1500 1722 coruscantia
1523 1658 1663 1740 fulgura,
1680 1677 1750 1740 quae
1764 1658 1835 1722 visu
1854 1658 1979 1741 proprie

442 1764 618 1839 loetabilis3
641 1771 672 1826 et
692 1762 784 1825 multi
805 1762 1000 1825 inclinantur
1022 1761 1061 1823 ad
1084 1778 1183 1822 unum
1239 1765 1367 1839 sumpto
1387 1756 1658 1839 percipiebantur,
1678 1769 1708 1820 et
1722 1760 1863 1820 sonitum
1879 1761 1980 1819 bucci-

441 1862 642 1943 illorum,qui
653 1862 692 1923 ad
703 1861 789 1923 aliud
801 1879 864 1924 non
875 1856 1222 1942 afficiuntur,quem-B
1241 1880 1303 1928 oce,
1319 1867 1521 1937 montemque
1534 1857 1826 1934 fumantem:sicut
1842 1857 1874 1919 iu
1889 1876 1981 1941 expo

441 1961 612 2025 admodum
623 1960 753 2042 quidam
769 1959 933 2023 libidinosi
949 1966 1105 2042 appetunt
1115 1976 1186 2041 pro
1241 1958 1357 2020 sitione
1372 1956 1580 2038 precedentis
1595 1956 1726 2039 capituli
1743 1957 1851 2040 patuit
1862 1959 1983 2037 Etper-

442 2060 519 2123 ximi
533 2060 714 2142 conjugem,
726 2059 781 2141 qui
798 2067 902 2121 tamen
920 2058 1041 2120 furtum
1056 2066 1088 2121 θῖ
1102 2058 1185 2140 rapi·
1242 2058 1349 2117 territi
1360 2063 1645 2134 menteocpooore
1655 2057 1799 2117 concussi
1809 2056 1842 2119 in
1852 2074 1983 2137 corpore

443 2178 517 2222 nam
532 2158 715 2222 abhorrent.
728 2158 807 2221 ilinc
822 2158 919 2221 etiam
934 2158 1050 2220 dantur
1060 2156 1186 2219 diversa
1242 2154 1459 2236 sensitivaque
1482 2162 1583 2237 parte,
1606 2165 1762 2217 steterunt
1777 2161 1904 2233 procul,
1920 2174 1982 2219 non

443 2265 600 2342 precepta
621 2257 661 2320 de
682 2256 882 2320 refrenandis
903 2255 1183 2338 concupiscentiis,
1242 2253 1346 2316 solum
1369 2272 1433 2317 non
1456 2254 1718 2336 transgrediendo
1740 2254 1892 2318 terminos
1908 2274 1984 2338 prae-

442 2366 474 2421 et
488 2358 528 2420 de
542 2354 742 2420 refrenandis
757 2374 866 2418 earum
882 2354 1062 2418 effectibus.
1242 2353 1381 2430 stitutos,
1404 2353 1460 2415 sed
1484 2362 1516 2415 et
1541 2353 1798 2433 retrogrediendo
1815 2377 1823 2429 3
1847 2357 1983 2415 dicentes

483 2457 613 2536 insuper
629 2455 713 2517 circa
729 2454 795 2517 haec
817 2454 897 2537 hyra
917 2454 1028 2517 recitat
1046 2472 1053 2516 :
1071 2454 1186 2517 Dicunt
1242 2455 1351 2530 Moysi
1366 2473 1376 2512 .·
1393 2456 1534 2532 Loquere
1551 2463 1586 2513 tu
1602 2454 1692 2513 nobis
1706 2472 1744 2515 ex
1764 2460 1853 2535 parte
1872 2453 1938 2529 Dei,
1954 2463 1984 2514 et

443 2553 576 2631 Hebraei,
594 2572 651 2634 per
673 2554 740 2617 hmo
763 2571 826 2616 non
852 2553 1014 2635 prohiberi
1036 2553 1186 2636 concupi·
1241 2554 1412 2612 audiemus
1427 2552 1559 2614 auribus
1574 2551 1678 2615 cordis
1693 2571 1730 2615 ac
1745 2552 1897 2635 corporis.
1910 2556 1982 2615 Non

443 2654 610 2729 scentiam,
637 2651 700 2715 nisi
731 2651 913 2733 aliqualiter
938 2660 1124 2734 prorumpat
1152 2652 1185 2714 in
1243 2654 1395 2729 loquatur
1405 2653 1496 2711 nobis
1506 2654 1666 2712 Dominus
1677 2650 1836 2714 locutione
1847 2651 1906 2714 ista
1916 2670 1984 2714 sen-

443 2756 556 2815 actum·
570 2751 769 2825 exteriorem,
791 2749 940 2813 videlicet
960 2751 1187 2833 concupiscen-
1243 2748 1330 2811 sibili
1346 2747 1498 2827 terrifica,
1506 2758 1538 2812 et
1553 2770 1609 2832 per
1625 2769 1659 2813 se
1669 2769 1725 2813 seu
1740 2770 1796 2832 per
1810 2750 1982 2831 angelicam

445 2850 521 2913 tiam
533 2849 680 2932 conjugis
690 2848 881 2927 alienaemisi
897 2858 1042 2932 erumpat
1058 2849 1091 2912 in
1102 2868 1187 2913 oscu-
1242 2855 1431 2926 creaturam,
1457 2870 1499 2910 oe
1517 2851 1601 2926 forte
1622 2852 1805 2911 moriamur
1825 2869 1862 2912 ex
1887 2849 1984 2912 nimia

444 2950 511 3012 lum
527 2948 577 3012 vel
597 2947 777 3030 amplexum
798 2956 852 3011 aut
873 2948 1077 3011 consimilia:
1096 2950 1187 3032 cujus
1243 2948 1418 3029 corporalis
1444 2949 1619 3012 harmonia
1641 2949 1873 3026 immutatione,
1891 2958 1984 3031 atque

444 3046 606 3130 opinionis
632 3045 694 3108 fuit
717 3056 748 3109 et
766 3046 931 3129 Josephus.
955 3046 1043 3110 Unde
1062 3055 1095 3111 et
1119 3047 1224 3129 qui-(l
1244 3045 1425 3125 formidine,
1443 3066 1481 3111 ex
1504 3047 1667 3129 nimiaque
1688 3047 1875 3111 excellentia
1898 3048 1985 3130 obje-

444 3148 516 3209 dam
537 3144 690 3210 Catholici
712 3145 833 3222 dicunt,
851 3145 935 3227 quod
958 3146 1007 3208 fex
1024 3155 1115 3210 vetus
1136 3166 1188 3210 co-
1242 3154 1365 3207 ctorum
1383 3146 1521 3224 illorum,
1539 3147 1688 3211 videlicet
1702 3166 1816 3211 vocum
1831 3166 1867 3209 ac
1883 3147 1985 3229 fulgu-

444 3244 550 3307 hibuit
573 3262 714 3318 manum,
739 3260 803 3305 non
827 3242 980 3307 animum.
1002 3244 1060 3308 Sed
1087 3246 1188 3308 liabbi
1242 3263 1313 3306 rum
1329 3254 1424 3327 atque
1440 3246 1601 3309 sonituum
1619 3247 1713 3323 tubat,
1731 3265 1788 3328 per
1807 3255 1983 3328 respectum

443 3342 557 3405 Paulus
568 3350 678 3405 contra
691 3341 758 3403 hac
773 3340 885 3403 scribit
897 3360 903 3405 :
916 3342 1014 3421 Multi,
1026 3344 1185 3426 inquiens,
1243 3344 1282 3406 ad
1298 3354 1442 3407 nostrum
1463 3345 1606 3407 auditum
1623 3354 1655 3408 et
1671 3345 1787 3409 visum.
1804 3346 1865 3408 Nec
1881 3353 1984 3428 potest

444 3442 610 3505 doctorum
629 3439 831 3502 llehraeorum
851 3440 1028 3519 affirmant,
1045 3463 1102 3526 per
1122 3445 1188 3508 haec
1243 3442 1382 3505 humana
1404 3442 1561 3524 fragilitas
1586 3443 1661 3506 talia
1680 3445 1735 3506 diu
1759 3443 1897 3507 sufferre
1917 3444 1985 3507 sine

444 3538 607 3624 prohiberi
627 3538 919 3619 concupiscentiam
945 3541 1056 3605 alienat
1081 3544 1188 3607 uxoris
1242 3541 1477 3605 confortatione
1492 3542 1622 3624 speciali
1638 3552 1670 3607 θῖ
1683 3544 1831 3624 gratiosa.

444 3639 642 3719 aliarumque
662 3656 779 3715 rerum,
800 3638 925 3701 etiamsi
946 3639 980 3702 in
1000 3642 1187 3706 exteriorem
1284 3646 1326 3704 Jt't
1348 3644 1397 3702 ott
1420 3645 1544 3720 Moyses
1564 3645 1608 3703 od
1623 3648 1784 3721 poputum
1799 3664 1810 3703 .·
1826 3645 1933 3706 Nolite
1948 3645 1985 3704 ti-

445 3746 552 3801 actum
573 3755 638 3801 non
662 3745 825 3800 moveatur
842 3756 848 3800 :
866 3747 898 3801 θῖ
912 3740 997 3821 quod
1021 3740 1064 3803 ita
1087 3743 1187 3805 teneri
1243 3762 1327 3801 more
1348 3741 1557 3804 immoderato
1579 3741 1704 3818 timore,
1721 3742 1771 3805 vel
1794 3743 1878 3823 quod
1901 3760 1984 3804 nunc

445 3844 598 3920 oporteat,
613 3835 707 3899 facile
723 3844 769 3900 est
786 3836 1036 3920 probare,quum
1052 3842 1188 3904 exterior
1243 3839 1437 3917 moriemini,
1451 3839 1534 3903 sicut
1550 3840 1679 3903 timetis.
1691 3844 1728 3902 Ut
1738 3844 1826 3901 enim
1836 3844 1984 3919 probaret

444 3944 533 3999 actus
555 3936 710 3999 rationem
726 3935 829 4019 culpae
845 3954 909 3999 non
929 3938 1054 4016 habeat,
1072 3940 1134 4002 nisi
1150 3958 1188 4003 ex
1243 3960 1310 4010 vos,
1326 3943 1414 4000 venit
1428 3944 1524 4012 Deus,
1546 3940 1606 4003 hoc
1622 3948 1680 4016 est,
1698 3939 1739 4003 ob
1755 3940 1815 4004 hoc
1829 3958 1886 4023 per
1900 3958 1984 4002 crea-

446 4034 590 4097 interiori
611 4034 860 4097 deordinatione.
883 4035 973 4099 Ratio
989 4056 1117 4119 quoque
1136 4057 1188 4104 vo
1244 4047 1346 4101 turam
1368 4037 1543 4120 subjectam
1565 4040 1611 4101 sic
1630 4039 1804 4115 descendit,
1825 4038 1981 4121 apparuit,

446 4132 588 4210 luntarii,
606 4132 690 4213 quod
712 4140 761 4195 est
782 4133 870 4212 origo
894 4135 999 4198 mariti
1019 4145 1114 4218 atque
1136 4137 1188 4201 de·
1242 4145 1338 4219 atque
1354 4137 1478 4200 locutus
1493 4146 1542 4200 est
1556 4138 1708 4201 llominus
1724 4137 1869 4215 vobisut
1884 4144 1984 4201 osten·

446 4230 562 4308 meriti,
572 4230 676 4314 primo
686 4239 718 4293 θῖ
732 4232 870 4294 maxime
886 4232 1047 4297 invenitur
1059 4236 1093 4297 iu
1108 4235 1189 4300 inte·
1202 4237 1227 4298 D
1243 4238 1332 4300 deret
1347 4255 1411 4299 non
1427 4234 1489 4298 sibi
1506 4237 1613 4299 omnia
1628 4236 1843 4317 cognoscenti,
1861 4237 1915 4299 sed
1931 4256 1984 4300 vo

446 4330 584 4394 rioribus
598 4329 723 4392 animae.
736 4330 878 4413 Denique
894 4332 927 4393 in
944 4332 1187 4399 Deuteronomio
1243 4336 1293 4398 bis
1309 4335 1389 4418 ipsis
1403 4355 1440 4399 ac
1455 4335 1539 4412 aliis,
1551 4336 1662 4417 quales
1678 4336 1759 4412 sitis,
1771 4344 1803 4399 et
1817 4343 1853 4397 ut
1868 4334 1985 4398 faceret

298 4444 428 4498 mutnet.
444 4430 579 4493 habetur
598 4450 605 4493 :
623 4429 667 4491 Ne
682 4428 799 4492 dixeris
815 4430 848 4491 iu
864 4432 959 4495 corde
976 4440 1040 4510 tuo,
1058 4434 1188 4517 Propter
1242 4454 1299 4498 vos
1315 4434 1464 4517 probatos
1480 4454 1516 4497 ac
1534 4435 1707 4498 timoratos.
1724 4434 1796 4498 ldao
1812 4434 1957 4497 subditur
1974 4452 1981 4494 ε

442 4528 599 4611 justitiam
616 4546 719 4591 meam
735 4527 910 4591 introduxit
925 4549 976 4593 me
987 4532 1140 4595 Dominus
1153 4534 1186 4596 iu
1242 4544 1271 4594 et
1297 4542 1333 4594 ut
1359 4545 1460 4593 terror
1484 4536 1577 4594 itlius
1602 4544 1678 4594 esset
1702 4536 1738 4593 in
1762 4536 1859 4605 vobis,
1881 4534 1912 4595 id
1937 4541 1984 4596 θεῖ

444 4635 560 4691 terram
576 4626 658 4689 hanc
682 4644 763 4708 :per
779 4628 864 4708 quod
880 4647 978 4709 prava
993 4637 1024 4691 et
1040 4629 1121 4693 falsa
1136 4650 1187 4695 co·
1243 4632 1338 4695 timor
1361 4631 1472 4694 filialis
1493 4632 1543 4696 vel
1567 4632 1678 4695 saltem
1702 4632 1844 4710 initialis,
1868 4643 1897 4693 et
1919 4654 1982 4693 non

442 4726 563 4807 gitatio,
581 4733 612 4788 et
635 4724 710 4787 item
733 4726 940 4808 praesumptio
963 4728 1184 4810 prohibentur.
1237 4734 1424 4809 peccaretis,
1435 4731 1588 4813 quoniam
1605 4730 1700 4794 timor
1715 4732 1770 4794 Dei
1786 4730 1918 4795 retrahit
1932 4731 1984 4794 ho-

319 4838 373 4883 ιθ,
385 4854 427 4892 m,
443 4824 502 4887 Sed
518 4832 549 4886 θῖ
564 4824 597 4887 in
612 4822 753 4886 Levitico
770 4823 923 4906 scriptum
940 4835 988 4888 est
1001 4846 1008 4891 :
1022 4826 1065 4890 Ne
1081 4828 1185 4892 oderis
1241 4829 1361 4892 minem
1386 4849 1404 4891 a
1434 4839 1575 4912 peccato.
1603 4833 1762 4912 Stetitque
1782 4835 1922 4910 populus
1943 4834 1983 4890 dc

296 4904 373 4951 '⁷¹¹⁸'
443 4921 572 4985 fratrem
589 4932 678 4984 tuum
695 4922 727 4984 in
744 4922 1185 4991 cordetuoEtrursustNec
1241 4933 1342 5007 longe.
1370 4932 1495 5007 Moyses
1519 4941 1629 4991 autem
1652 4932 1781 4991 occessit
1803 4933 1848 4992 ad
1870 4933 1983 5008 caligi-

441 5021 641 5084 memoreris
658 5020 784 5103 iujuriae
801 5021 920 5085 civium
942 5032 1079 5087 tuorum.
1097 5026 1183 5100 Quod
1241 5048 1324 5098 nem,
1351 5030 1389 5088 in
1411 5050 1475 5109 qua
1498 5041 1568 5091 erat
1589 5033 1686 5101 Deus,
1704 5030 1737 5092 id
1762 5038 1810 5092 θεῖ
1831 5029 1982 5092 verticem

440 5138 515 5183 vero
539 5119 692 5183 Catholici
713 5120 834 5199 dicunt,
857 5120 1098 5203 intelligendum
1123 5134 1180 5203 est,
1239 5126 1357 5187 montis
1381 5127 1535 5205 ascendit,
1561 5128 1594 5190 in
1619 5145 1684 5209 quo
1710 5126 1771 5189 fuit
1795 5126 1983 5191 densissima

438 5218 523 5300 quod
546 5218 596 5281 lox
610 5225 701 5280 vetus
724 5235 787 5280 non
812 5226 875 5281 tam
892 5220 1054 5285 evidenter
1069 5231 1101 5285 et
1123 5222 1183 5287 fre·
1239 5224 1351 5301 nubes,
1370 5225 1403 5288 in
1425 5244 1489 5307 qua
1503 5226 1585 5289 Deus
1606 5246 1663 5310 per
1685 5227 1834 5307 angelum
1854 5244 1982 5308 appare·

434 5325 571 5402 quenter
581 5315 708 5380 cohibet
722 5316 940 5395 animum,sed
957 5338 1182 5405 manum,prao·
1237 5322 1301 5401 bat,
1323 5331 1359 5385 ut
1379 5322 1468 5405 juxta
1491 5326 1678 5406 petitionem
1700 5325 1812 5408 populi
1828 5323 1981 5389 mediaret
