4309 6259
535 531 708 577 numerario
730 532 760 576 ut
782 532 850 576 uAr.
874 531 914 577 XV
936 533 1132 580 ututunouuu.
1155 555 1195 565 -
1215 537 1286 583 ΛΒΤ.
1310 539 1384 585 Xlel
1669 522 1729 587 405

183 697 434 764 satisfactionem
451 703 595 784 requirit.
606 705 747 786 Denique
763 703 969 766 invincibid
987 705 1048 766 tius
1072 707 1261 788 perditionis
1284 709 1385 792 origo,
1408 721 1493 775 recte
1511 722 1673 795 peccatum
1690 732 1728 776 ex

182 796 222 858 lis
238 796 420 877 ignorantia
435 799 517 879 juris
532 810 670 864 excusat.
684 803 863 882 ignorantia
877 821 930 865 ve
985 814 1071 867 certa
1089 806 1221 884 malitia,
1239 808 1424 889 designatur
1439 831 1496 893 per
1511 821 1675 893 peccatum
1691 830 1729 875 ex

182 912 217 957 ro
233 895 386 958 affectata
401 906 432 960 et
448 917 564 976 crassa,
574 909 723 980 aggravat
738 901 876 983 culpam,
886 909 930 963 at·
986 905 1147 986 superbia.
1165 905 1309 968 Vitemus
1331 927 1406 989 ergo
1428 929 1523 972 omne
1544 910 1728 990 hujusmodi

182 1013 245 1074 que
261 993 295 1056 in
313 1015 347 1058 se
366 998 486 1076 grande
505 1009 670 1080 peccatum
693 1009 752 1077 est,
771 1001 929 1082 loquendo
985 1001 1113 1080 vitium,
1139 1005 1224 1085 quod
1249 1025 1373 1069 summe
1397 1007 1562 1070 vitandum
1588 1018 1646 1086 est,
1669 1028 1728 1072 nac

182 1094 221 1156 de
233 1093 414 1174 ignorantia
424 1095 505 1177 juris
516 1099 601 1179 quod
612 1098 685 1180 quis
701 1099 782 1162 scire
793 1107 930 1177 tenetur,
986 1109 1090 1182 potest
1110 1103 1225 1180 curari,
1245 1103 1308 1166 nisi
1329 1105 1442 1187 spiritu
1462 1106 1600 1169 contrito
1620 1116 1652 1170 at
1670 1109 1728 1170 bu·
1756 1126 1795 1169 ra.
1807 1130 1870 1176 cn.

182 1193 276 1274 cnjus
291 1193 415 1257 scilicet
429 1195 615 1278 adimpletio
629 1198 669 1260 ad
684 1217 777 1260 sunm
792 1199 931 1280 pertinet
985 1199 1108 1262 miliato
1123 1202 1229 1278 corde,
1245 1203 1331 1283 qnod
1346 1205 1429 1266 Deus
1444 1223 1508 1268 non
1525 1206 1671 1288 despicit.

182 1300 314 1354 statum.
332 1292 451 1357 idcirco
467 1295 507 1356 ad
523 1295 766 1376 intelligendum
791 1296 930 1380 Scriptu-
1026 1302 1164 1360 Factum
1178 1311 1223 1361 est
1237 1323 1338 1381 quern
1356 1305 1552 1365 obvenissent
1566 1307 1730 1366 bominem

184 1409 245 1468 ras,
271 1392 310 1453 ad
337 1395 594 1472 cognoscendum
619 1414 694 1458 vere
718 1396 870 1474 salubria,
891 1398 931 1459 ad
986 1401 1187 1474 coltipentem
1207 1402 1298 1477 tique
1319 1403 1356 1461 ia
1374 1404 1428 1461 die
1446 1405 1579 1463 sabbati.
1597 1402 1654 1466 llic
1678 1403 1731 1466 dc

183 1489 431 1552 discernendum
457 1493 635 1555 necessaria
660 1493 699 1554 ad
725 1494 870 1572 salutem,
892 1497 931 1558 ad
987 1515 1098 1558 cemur
1113 1515 1209 1577 quam
1231 1517 1327 1578 grave
1347 1499 1399 1576 sit,
1417 1500 1486 1562 dies
1501 1498 1621 1563 violare
1641 1500 1731 1563 festi-

184 1589 398 1669 separandum
422 1589 598 1670 pretiosum
620 1611 639 1653 a
660 1591 728 1668 vili,
746 1592 846 1654 simus
868 1601 933 1656 stu·
988 1611 1043 1656 vos
1064 1611 1071 1655 :
1089 1595 1174 1675 quod
1195 1597 1333 1659 maxime
1354 1596 1405 1674 fit,
1427 1598 1602 1661 exercendo
1629 1598 1660 1660 in
1685 1599 1732 1661 eis

66 1760 72 1766 q
94 1707 169 1742 or-nn
184 1685 265 1748 diosi
282 1693 379 1766 atque
394 1686 542 1750 solliciti:
555 1689 708 1770 quoniam
723 1690 780 1772 qni
796 1691 930 1771 ignorat,
988 1711 1085 1774 opera
1101 1693 1227 1770 vitiosa,
1245 1703 1300 1756 aut
1314 1694 1397 1758 bonu
1420 1695 1528 1758 debita
1542 1696 1729 1759 omittendo.

66 1767 81 1797 ²
185 1784 394 1864 ignorabitur.
989 1789 1204 1871 Spiritualiter
1219 1809 1348 1874 qnoque
1363 1793 1450 1873 ligna
1471 1793 1505 1855 in
1522 1793 1654 1858 sabbato
1669 1794 1732 1857 col-

218 1885 344 1944 Anima
359 1905 432 1944 cero
446 1905 518 1964 quea
530 1906 590 1964 per
603 1889 787 1963 superbient
803 1891 933 1968 alr‘qttid
951 1892 973 1952 B
989 1888 1070 1968 tigit,
1089 1889 1144 1969 qui
1168 1889 1375 1953 incitamenta
1397 1891 1541 1954 libidinis
1555 1891 1617 1954 sibi
1638 1892 1671 1954 in
1688 1893 1733 1954 fe-

185 1984 393 2053 commtrera't,
409 1986 566 2062 quoniam
586 1989 741 2045 adversus
755 1987 933 2047 Dominum
990 1987 1047 2048 stis
1063 1987 1170 2048 baurit
1189 1995 1221 2050 et
1241 1988 1368 2070 accipit,
1381 1996 1413 2052 et
1436 2009 1473 2052 ea
1492 2008 1563 2070 que
1583 1988 1733 2053 infernali

187 2081 311 2140 rebellis
329 2083 411 2157 sitit,
424 2083 546 2160 peribit
566 2086 606 2143 de
624 2087 745 2161 populo
766 2105 823 2144 seo
839 2105 849 2144 :
866 2105 934 2144 eer-
990 2084 1062 2162 igne
1086 2093 1161 2146 sunt
1184 2085 1357 2166 punienda,
1375 2095 1519 2150 exercet:
1536 2087 1612 2169 qnia
1628 2087 1733 2151 omnis
1761 2110 1860 2162 rane.

185 2181 260 2240 burn
282 2181 372 2240 enim
394 2183 530 2241 Dorcim
551 2184 748 2259 contempsit.
767 2183 822 2245 Hic
843 2184 934 2246 doce
990 2182 1131 2245 violenta
1153 2183 1304 2264 praedatio
1326 2203 1399 2245 cum
1423 2184 1572 2262 tumultu,
1590 2194 1621 2248 et
1640 2185 1734 2248 vesti-

186 2297 264 2355 mur,
275 2297 372 2359 quam
387 2296 516 2342 enorme
532 2288 628 2361 atque
639 2280 821 2343 damnabile
834 2281 886 2359 sit,
896 2301 933 2344 ex
989 2288 1133 2343 mentum
1153 2279 1288 2343 mixtum
1306 2282 1468 2362 sanguine,
1481 2283 1542 2345 erit
1558 2282 1591 2345 in
1610 2283 1735 2346 combu-

187 2375 339 2458 superbia
353 2385 386 2440 ct
402 2385 598 2460 contemptu,
612 2387 666 2440 aut
681 2398 719 2441 ex
733 2379 935 2443 deliberatio
990 2378 1126 2441 stionem
1143 2386 1175 2440 et
1189 2378 1280 2440 cibus
1301 2377 1396 2458 ignis,
1414 2388 1449 2440 ut
1464 2379 1606 2462 loquitur
1627 2381 1732 2443 isaias.

187 2495 225 2538 ne
252 2483 283 2538 et
309 2475 445 2538 scientia
470 2484 555 2539 certa
581 2495 723 2559 peecare,
745 2497 845 2558 quum
870 2497 934 2542 non
1029 2477 1202 2552 Postremo,
1227 2495 1322 2556 quam
1345 2476 1490 2539 timorate
1509 2485 1541 2540 et
1558 2477 1737 2558 vigilantis-

187 2573 385 2656 exprimatur
399 2592 465 2655 quo
483 2575 644 2639 sacrificio
661 2575 725 2638 tale
743 2575 867 2639 lacinus
885 2597 936 2640 va·
991 2573 1070 2636 sime
1082 2574 1251 2636 recolenda
1264 2573 1526 2655 observandaque
1540 2575 1658 2656 jugiter
1672 2575 1737 2638 sint

187 2672 249 2734 leat
260 2672 439 2754 expiari3et
449 2673 601 2754 quoniam
614 2672 657 2736 ita
668 2675 936 2756 peccans,dicitur
951 2671 952 2676 ’
991 2673 1140 2735 universa
1155 2672 1210 2734 Dei
1225 2680 1392 2754 praecepta,
1405 2681 1530 2736 constat
1544 2693 1582 2736 ex
1596 2691 1635 2736 eo
1650 2675 1737 2755 quod

188 2771 321 2832 verbum
347 2771 415 2848 Dei,
438 2770 503 2833 imo
525 2773 624 2834 Deum
647 2772 681 2834 in
704 2791 761 2836 suo
787 2773 933 2855 imperio,
990 2771 1144 2834 Dominus
1152 2770 1248 2853 jussit
1257 2770 1353 2834 vittas
1368 2770 1402 2832 in
1415 2771 1554 2834 fimbriis
1564 2770 1736 2854 palliorum

187 2869 364 2952 aspernari.
383 2870 608 2934 Verumtamen
634 2871 805 2952 dupliciter
827 2879 937 2953 peccat
992 2869 1116 2951 reponi,
1132 2877 1167 2930 ut
1183 2887 1235 2930 eas
1255 2869 1472 2951 adspiciendo,
1494 2871 1737 2933 recordarentur

187 2969 260 3050 quis
285 2989 325 3031 ex
354 2976 539 3050 contemptu
571 2970 759 3051 superioris,
787 2969 937 3033 videlicet
992 2967 1212 3030 mandatorum
1221 2966 1737 3040 dltissimiPraetercacircahunc

189 3068 242 3130 Dei
259 3076 315 3130 aut
336 3067 406 3148 ejus
421 3066 553 3131 vicarii:
571 3068 676 3131 Primo
698 3067 885 3146 formaliter,
902 3077 937 3131 ut
953 3072 975 3135 G
993 3066 1097 3129 locum
1124 3063 1327 3146 reprehendit
1353 3064 1453 3126 Rabbi
1475 3065 1589 3127 Paulus
1610 3065 1735 3148 Lyram,

189 3165 245 3248 qui
262 3174 453 3248 potestatem
470 3167 604 3248 spernit,
621 3167 741 3231 directe
761 3187 830 3231 eam
852 3167 885 3229 in
904 3188 937 3231 se
993 3165 1151 3226 dicentem
1181 3163 1267 3244 quod
1297 3172 1491 3244 preceptum
1521 3165 1561 3226 de
1591 3163 1738 3226 faciendo

190 3266 406 3347 vilipendens,
432 3273 464 3328 et
494 3264 527 3326 in
554 3265 624 3345 ejus
650 3266 837 3348 despectum
860 3267 938 3348 quid
994 3262 1140 3324 fimbrias
1151 3261 1184 3323 in
1196 3261 1322 3341 angulis
1338 3261 1519 3344 palliorum,
1533 3262 1740 3326 ordinabatur

191 3365 312 3427 faciens
324 3371 379 3425 aut
389 3363 660 3444 omittenszquod
670 3372 718 3426 est
729 3363 939 3428 ineffabiliter
993 3362 1033 3424 ad
1058 3359 1298 3423 distinctionem
1324 3358 1467 3423 filiorum
1488 3361 1583 3423 lsrael
1602 3360 1643 3423 ab
1667 3358 1740 3423 aliis

189 3469 475 3543 grarepeecatum.
488 3461 577 3525 Unde
592 3462 702 3524 Petrus
717 3462 832 3525 babet:
848 3462 940 3525 Novit
996 3458 1190 3535 nationibus,
1208 3459 1336 3539 quando
1356 3457 1421 3539 jam
1438 3458 1597 3522 habebant
1614 3459 1740 3540 signum

67 3537 84 3578 ⁹'
113 3567 118 3576 '
191 3560 344 3624 Dominus
361 3558 490 3640 iniquos
508 3559 541 3620 in
556 3559 608 3622 die
623 3559 735 3641 judicii
751 3560 939 3624 cruciandos
994 3556 1211 3620 distinctionis
1223 3556 1437 3634 notissimum,
1448 3556 1741 3620 videlicetcireum-

191 3677 366 3735 reservare,
380 3657 435 3739 qui
450 3657 702 3720 dominationem
717 3667 936 3736 contemnunt,
994 3655 1160 3719 cisionem.
1184 3653 1243 3716 Sed
1268 3654 1496 3716 advertendum
1521 3654 1606 3735 quod
1636 3673 1742 3736 repro-

110 3782 140 3809 ν-
161 3800 165 3809 ·
192 3758 339 3834 audaces,
358 3756 420 3818 sibi
442 3757 615 3837 placentes
633 3757 671 3818 Et
685 3756 801 3818 ludas:
818 3757 855 3819 Hi
875 3776 940 3819 car·
994 3753 1081 3817 balio
1104 3752 1164 3814 ista
1187 3770 1251 3813 non
1274 3751 1369 3828 valet,
1387 3751 1462 3832 qnia
1483 3751 1513 3813 S.
1530 3751 1740 3834 Hieronymus

192 3875 265 3919 nem
295 3855 468 3932 maculant,
495 3854 745 3918 dominationem
772 3862 937 3937 spernunt,
994 3870 1091 3934 snper
1115 3850 1292 3912 llattbaeum
1323 3849 1487 3913 evidenter
1517 3858 1650 3912 testatur
1679 3851 1739 3914 boc

192 3955 391 4038 majestatem
416 3962 522 4016 autem
553 3953 787 4036 blasphemant.
811 3953 939 4017 Verum·
995 3951 1101 4032 ipsum
1116 3949 1200 4030 quod
1215 3946 1296 4029 Lyra
1312 3946 1433 4008 scribit.
1452 3947 1587 4011 Thomas
1610 3966 1738 4029 quoque

194 4063 297 4117 tamen
321 4053 414 4134 pauci
438 4060 513 4114 sunt
531 4053 588 4132 qui
611 4051 655 4114 ita
679 4059 812 4133 peccent
831 4071 869 4115 ex
883 4053 938 4115 Dei
995 4051 1029 4113 in
1049 4048 1152 4130 prima
1173 4046 1332 4121 secunde,
1349 4045 1525 4126 questione
1541 4045 1610 4123 lot,
1631 4045 1676 4108 ita
1692 4047 1738 4108 al-

192 4160 389 4234 contemptu‚
412 4169 511 4232 quum
532 4149 728 4229 Augustinus
749 4159 890 4229 testetur,
908 4160 939 4214 et
995 4151 1098 4228 legat:
1115 4145 1326 4225 Hieronymus
1341 4143 1420 4206 dicit
1434 4162 1531 4226 snper
1546 4144 1735 4207 llattbtaum:

192 4251 328 4314 babetur
350 4249 383 4310 in
404 4249 515 4311 Glossa
533 4265 540 4310 :
560 4248 591 4310 Si
609 4247 779 4329 diligenter
796 4249 939 4311 conside
956 4246 1147 4313 llllominus
1161 4242 1257 4324 jussit
1274 4250 1309 4304 ut
1331 4241 1365 4303 in
1380 4250 1516 4323 quatuor
1531 4243 1656 4322 angulis
1672 4244 1739 4325 pal·
1752 4248 1809 4284 ¹¹¹⁸·
1834 4265 1841 4276 ·

193 4359 290 4426 retur,
308 4347 392 4411 forte
408 4347 514 4429 ipsum
530 4365 662 4427 peccare
677 4364 771 4409 nemo
787 4346 856 4409 vult
870 4365 940 4428 pro
995 4345 1112 4408 liorum
1127 4340 1351 4424 hyacinthinas
1366 4339 1512 4402 fimbrias
1528 4339 1681 4419 facerent,
1698 4343 1738 4404 ad

192 4457 263 4529 pter
286 4465 332 4524 se,
350 4446 405 4508 sed
430 4453 561 4526 propter
586 4445 673 4507 aliud
701 4443 738 4506 fit
762 4445 846 4525 quod
872 4445 941 4508 vult
996 4442 1151 4526 populum
1166 4439 1259 4502 lsrael
1275 4438 1526 4517 dignoscendum
1541 4438 1582 4501 ab
1597 4439 1669 4501 aliis
1684 4458 1741 4520 po-

193 4547 249 4628 qui
271 4552 394 4628 peccat.
411 4542 528 4606 Omnes
548 4542 634 4606 enim
655 4543 710 4624 qni
735 4543 871 4606 scientes
896 4542 942 4605 fa·
997 4540 1093 4624 pulis.
1109 4538 1198 4601 Unde
1214 4556 1270 4619 per
1288 4537 1347 4599 boc
1367 4555 1402 4599 se
1421 4555 1491 4598 esse
1505 4536 1629 4600 Judaeos
1644 4538 1742 4619 profi-

195 4646 285 4708 ciunt
300 4643 386 4724 qnod
404 4661 468 4706 non
484 4642 570 4719 licet,
583 4641 703 4706 vellent
720 4642 751 4704 id
768 4642 874 4704 licere.
886 4642 943 4704 Us-
998 4640 1166 4703 tebantur:
1185 4635 1256 4698 idco
1271 4655 1329 4717 per
1344 4635 1529 4716 adspectum
1546 4634 1643 4715 bujus
1658 4635 1743 4717 signi

195 4763 258 4826 que
287 4742 368 4804 adeo
399 4741 505 4823 ipsum
536 4759 667 4823 peccare
697 4758 791 4803 nemo
821 4740 943 4822 appetit
998 4735 1231 4799 inducebantur
1241 4733 1281 4794 ad
1297 4731 1484 4794 memoriam
1495 4751 1559 4795 suae
1571 4730 1661 4812 logis.
1674 4733 1745 4795 llaec

196 4849 328 4923 propter
343 4840 404 4903 boc
420 4839 538 4922 ipsum,
552 4841 605 4902 sed
618 4848 747 4922 propter
763 4839 841 4900 illud
858 4839 943 4920 quod
999 4837 1147 4899 Thomas.
1171 4831 1309 4894 lsidorus
1331 4849 1458 4911 quoque
1480 4847 1487 4892 ε
1510 4830 1677 4909 lubentur,
1699 4831 1748 4893 in-

198 4959 234 5002 ex
259 4957 297 5002 eo
323 4938 542 5019 consequitur.
561 4936 706 5000 Secundo
730 4936 803 5018 quis
828 4936 945 4999 dicitur
1000 4934 1083 5016 quit,
1102 4930 1162 4993 filii
1179 4930 1273 4992 lsrael
1290 4929 1324 4991 in
1340 4937 1475 5010 quatuor
1490 4929 1617 5009 angulis
1640 4929 1750 5011 pallio

200 5056 331 5119 peccare
347 5055 385 5100 ex
406 5043 593 5118 contemptu
614 5034 852 5116 aequivalenter,
871 5033 946 5114 qnia
1002 5051 1073 5094 rum
1089 5028 1312 5113 hyacinthinas
1329 5026 1477 5090 fimbrias
1489 5027 1605 5105 facere,
1618 5037 1653 5090 ut
1668 5028 1753 5092 sicut

201 5135 350 5213 uidelicet
372 5153 437 5198 non
460 5143 548 5197 curat
572 5135 610 5196 de
635 5133 809 5216 superioris
830 5152 946 5215 praece·
1004 5132 1037 5193 in
1058 5126 1248 5210 corporibus
1268 5124 1471 5189 circumcisio
1492 5126 1619 5207 signum
1640 5135 1689 5189 cst
1702 5126 1754 5189 Ju-

205 5243 268 5318 pto,
296 5234 352 5297 sed
378 5231 515 5296 scienter
540 5231 771 5312 transgreditur
795 5230 886 5293 illud.
911 5232 950 5293 Et
1006 5230 1104 5318 deicae
1119 5225 1235 5308 plebis,
1251 5225 1342 5286 itaet
1365 5223 1463 5286 vestis
1479 5223 1617 5306 aliquam
1640 5224 1755 5287 habeat

206 5335 283 5416 quia
303 5331 455 5414 superbia
473 5337 523 5393 cst
541 5329 691 5393 vitiorum
713 5329 833 5410 regina,
856 5339 887 5392 ct
907 5337 951 5393 to·
1007 5321 1227 5390 differentiam
1241 5346 1248 5395 3
1262 5329 1294 5385 ct
1309 5329 1510 5397 moneantur,
1523 5322 1579 5404 qui
1596 5329 1755 5404 praecepto
