4309 6259
450 514 509 581 ill

833 529 1007 578 manuario
1028 529 1059 576 ut
1081 529 1149 575 GAI’.
1172 527 1204 574 Xl
1225 527 1361 574 tattrtct.
1383 545 1423 558 ···
1445 528 1515 574 altr.
1539 526 1612 574 xxvi

451 707 611 770 tellectum
623 726 743 784 earum,
754 704 822 769 sive
831 705 989 769 assiduam
1007 701 1194 768 recordatio
1208 699 1234 762 Α
1249 709 1280 764 et
1296 701 1581 782 candidum,longo
1596 700 1678 764 collo
1689 699 1796 763 cibum
1813 700 1985 765 trahentem

452 825 525 870 nom
541 806 683 869 omnium
700 804 926 888 pertinentium
942 805 981 866 ad
998 804 1144 866 salutem.
1157 801 1195 864 Et

452 905 642 986 cuicumque
658 904 791 966 alterurn
808 903 922 966 horum
938 903 1036 979 deest,
1047 901 1195 983 spiritua-

452 1004 524 1068 liter
549 1001 607 1068 est'
621 1005 804 1066 immundus
827 1024 834 1067 :
855 1003 894 1065 ad
917 1003 1003 1084 quod
1025 1001 1196 1082 designan-

452 1105 539 1180 dum,
567 1103 623 1165 illa
653 1104 720 1165 sola
750 1103 833 1166 inter
858 1101 1020 1164 terrestria
1044 1099 1196 1163 animalia

451 1204 519 1266 esui
544 1203 723 1264 ludaeorum
751 1210 825 1264 sunt
850 1219 1011 1276 concessa,
1037 1219 1108 1282 quae
1138 1218 1196 1259 un-

453 1303 558 1383 gulam
584 1301 722 1378 findunt,
744 1321 781 1363 ac
799 1300 972 1362 ruminant.
991 1298 1144 1363 Similiter
1162 1297 1194 1358 in

452 1401 603 1483 piscibus,
613 1399 658 1460 illi
670 1399 726 1482 qui
737 1400 854 1461 habent
870 1418 1018 1480 squamas
1029 1406 1061 1461 et
1075 1415 1196 1480 pennu·
1218 1407 1222 1416 ’

453 1499 498 1560 las
525 1498 762 1578 significatione
786 1507 862 1560 sunt
886 1497 997 1559 mnndi
1016 1515 1022 1558 :
1043 1497 1119 1579 quia
1139 1514 1195 1580 per

453 1597 609 1679 pennulas
625 1596 825 1676 significatur
840 1596 905 1661 vita
920 1595 1067 1658 sublimis
1082 1603 1113 1658 et
1123 1613 1196 1658 con·

453 1696 663 1778 templativa;
690 1715 747 1779 per
771 1714 919 1777 squamas
944 1693 1010 1757 vita
1038 1693 1195 1776 poeniten-

454 1795 538 1856 tialis
561 1802 593 1857 ct
616 1814 728 1877 aspera
752 1813 758 1856 :
783 1813 919 1876 quorum
944 1802 1116 1875 utrumque
1143 1813 1196 1855 nc-

1249 819 1288 864 ex
1302 809 1393 864 terrae
1409 809 1463 862 aut
1478 819 1568 883 aqum
1584 799 1852 882 profunditatem
1863 800 1918 882 qui
1933 820 1987 883 per

1249 909 1454 982 apparentem
1470 899 1625 981 justitiam
1638 908 1785 981 querunt
1799 900 1884 962 lucra
1897 909 1988 963 terre

1251 1019 1300 1062 na.
1318 1000 1376 1062 Per
1391 996 1620 1075 onocrotalum,
1633 997 1688 1078 qui
1705 997 1738 1059 in
1755 997 1908 1061 folliculis
1925 998 1988 1061 suis

1249 1097 1369 1160 cibaria
1384 1096 1517 1178 colligit,
1533 1104 1565 1158 ct
1580 1115 1617 1159 ea
1632 1104 1741 1178 postca
1756 1079 1854 1158 mittit
1869 1096 1903 1158 in
1919 1115 1988 1160 ven

1251 1205 1341 1274 trem,
1360 1197 1527 1278 signentur
1542 1195 1640 1260 avari.
1658 1196 1714 1258 Per
1728 1195 1987 1278 porphyrionem,

1250 1296 1305 1378 qui
1321 1313 1448 1358 omnem
1464 1294 1571 1357 cibum
1588 1313 1681 1357 suurn
1696 1294 1787 1375 aquis
1803 1293 1944 1374 intingit,
1956 1294 1988 1356 bi

1250 1395 1305 1476 qui
1321 1395 1409 1476 juxta
1425 1393 1560 1457 aliorum
1571 1392 1738 1455 arbitrium
1758 1392 1803 1454 nil
1819 1391 1924 1456 lacere
1938 1411 1990 1457 vo

1250 1494 1332 1572 lunt,
1346 1495 1400 1556 scd
1417 1493 1520 1556 solum
1536 1493 1621 1575 quod
1638 1491 1735 1554 luerit
1750 1491 1885 1554 tinctum
1900 1492 1989 1574 aquis

1251 1593 1387 1676 propriae
1410 1590 1595 1655 voluntatis.
1622 1591 1678 1654 Per
1703 1589 1909 1654 herodionem
1937 1611 1989 1654 seu

1252 1691 1421 1768 falconem,
1435 1690 1468 1752 hi
1481 1689 1536 1773 qui
1552 1688 1644 1772 proni
1662 1689 1789 1750 suntad
1806 1689 1989 1769 sanguinem

1249 1790 1284 1853 el
1287 1789 1298 1851 l
1301 1790 1491 1852 undendnrn.
1499 1789 1556 1852 Per
1571 1787 1768 1864 charadrion,
1778 1807 1849 1868 quae
1864 1796 1912 1850 cst
1926 1807 1990 1870 gar-

452 1893 624 1956 cessarium
647 1902 695 1955 cst
716 1893 755 1955 ad
780 1892 979 1975 spiritualem
1004 1892 1193 1955 munditiam
1213 1888 1320 1951 brulo
1336 1889 1414 1964 aviS,
1435 1888 1593 1970 loquaces.
1611 1887 1667 1949 Per
1683 1905 1824 1969 upupam
1846 1887 1989 1949 incentu

452 2001 484 2054 et
505 1991 746 2073 perlectionem.
762 2029 803 2038 —
819 1992 852 2054 ln
873 1991 986 2054 avibus
1002 1999 1108 2054 autem
1126 2009 1196 2072 spc-

451 2090 545 2153 eialia
559 2091 703 2172 quedam
719 2091 827 2153 avium
842 2109 959 2171 genera
973 2089 1194 2172 prohibentur,

417 2231 419 2235 -
452 2208 509 2270 per
538 2209 608 2270 quae
638 2189 789 2271 specialia
814 2197 943 2271 peccata
973 2197 1136 2252 notantur.
1162 2189 1195 2251 ln

452 2287 559 2369 aquila
578 2288 663 2351 enim
685 2308 754 2371 quae
777 2288 873 2350 altius
894 2287 990 2364 volat,
1009 2287 1196 2370 prohibetur

453 2386 611 2468 superbia.
629 2388 663 2450 ln
679 2386 811 2470 grypho,
829 2386 885 2468 qui
901 2385 992 2467 equis
1008 2393 1039 2448 et
1060 2385 1197 2447 homini-

452 2486 512 2547 bus
528 2494 575 2548 est
597 2485 743 2561 infestus,
761 2485 938 2567 potentium
955 2484 1126 2548 crudelitas
1149 2503 1196 2546 re-

453 2583 615 2665 probatur.
632 2584 666 2645 ln
683 2582 837 2660 haliaeeto,
856 2582 912 2664 qui
927 2582 1068 2664 pascitur
1084 2581 1196 2644 avibus

452 2680 606 2758 minimis,
618 2681 825 2761 designantur
838 2682 895 2762 qui
912 2681 1105 2762 pauperibus
1122 2688 1197 2742 sunt

452 2779 629 2842 molesti.ln
647 2779 821 2860 milvo,qui
837 2779 935 2862 pullis
950 2779 1131 2855 insidiatur,
1144 2779 1196 2842 do

452 2877 523 2940 losi.
541 2878 574 2939 ln
597 2878 733 2955 vulture,
753 2878 807 2958 qui
830 2886 948 2941 mortes
970 2886 1001 2940 ct
1023 2877 1195 2940 seditiones

451 2975 617 3038 hominurn
632 2976 777 3058 cupiunt.
794 2976 851 3038 Per
866 2994 977 3039 corvos
994 2975 1194 3056 nigerrimos,

1251 1987 1404 2069 gemitum
1430 1985 1644 2062 simulantem,
1673 1985 1778 2048 tristes
1801 1984 1988 2048 inordinate.

1251 2089 1307 2150 Per
1322 2085 1582 2168 vespertilionem
1599 2085 1683 2147 circa
1697 2092 1811 2146 terram
1823 2085 1988 2160 volantem,

1252 2187 1286 2248 hi
1307 2187 1362 2267 qui
1383 2185 1525 2247 seculari
1542 2183 1675 2247 scientia
1690 2183 1827 2266 praediti,
1845 2184 1911 2247 sola
1934 2192 1991 2247 ter·

1252 2304 1328 2348 rene
1351 2283 1489 2367 sapiunt.
1514 2284 1570 2346 Per
1595 2282 1814 2364 quadrupedia
1840 2284 1988 2365 repentia,

1253 2385 1286 2446 hi
1311 2385 1367 2466 qui
1392 2383 1537 2446 doctrina
1561 2390 1696 2463 quatuor
1722 2381 1991 2462 Evangelistarum

1252 2484 1298 2546 sic
1319 2483 1505 2558 abutuntur,
1524 2481 1610 2564 quod
1631 2500 1772 2563 peream
1794 2482 1834 2544 ad
1855 2501 1991 2545 amorem

1251 2582 1429 2646 caelestium
1447 2600 1510 2643 non
1527 2582 1684 2644 levantur.
1701 2581 1773 2643 llaec
1788 2581 1933 2643 Thomas.

1292 2683 1399 2763 ltaque
1413 2680 1521 2744 omnia
1537 2688 1776 2762 praememorata
1786 2680 1864 2744 vitia
1879 2679 1991 2744 devite

1252 2800 1334 2856 mus,
1345 2800 1403 2844 nec
1420 2799 1529 2843 eorum
1545 2777 1654 2860 impiis
1669 2778 1932 2872 delectptionibus
1947 2799 1991 2842 re

1252 2879 1411 2957 liciamur,
1430 2898 1488 2941 nec
1506 2897 1615 2940 corum
1630 2878 1791 2940 consortio
1807 2877 1862 2958 qui
1879 2877 1990 2940 talibus

1252 2978 1465 3054 sordidantur,
1484 2977 1735 3060 incorporemur.
1745 2976 1909 3058 Quumque
1923 2995 1991 3040 con-

451 3074 484 3136 hi
500 3075 554 3157 qui
571 3075 788 3158 voluptatibus
804 3075 1022 3156 denigrantur.
1039 3074 1096 3137 Per
1112 3083 1195 3136 stru-
1211 3076 1233 3139 C
1252 3077 1445 3152 venerimus,
1463 3095 1547 3137 unus
1570 3075 1668 3137 alium
1692 3073 1818 3137 reliciat
1840 3093 1902 3138 non
1928 3075 1991 3137 ani-

453 3172 605 3248 thionem,
633 3173 687 3254 qui
713 3172 861 3254 quamvis
884 3172 985 3234 alatus
1011 3173 1063 3248 sit,
1090 3171 1196 3237 volare

452 3290 516 3333 non
531 3270 623 3346 valet,
640 3270 780 3349 religiosi
796 3279 827 3332 et
842 3269 951 3332 clerici
966 3270 1022 3352 qui
1039 3270 1196 3333 saeculari-

451 3369 511 3431 bus
528 3368 669 3448 negotiis
684 3389 718 3431 se
734 3369 925 3431 immiscent.
948 3370 1004 3431 Per
1021 3369 1195 3452 nycticora-

451 3486 519 3529 cem
544 3468 584 3530 de
609 3475 701 3530 noctc
720 3467 804 3530 clarc
829 3467 1002 3546 videntem,
1020 3469 1053 3530 hi
1078 3469 1134 3551 qui
1161 3469 1194 3531 in

452 3567 680 3648 temporalibus
703 3575 778 3629 sunt
796 3567 904 3644 astuti,
922 3566 955 3628 in
975 3567 1195 3649 spiritualibus

450 3664 655 3728 hebetes.Pcr
670 3665 771 3727 larum
789 3665 821 3727 in
837 3666 1196 3747 acrevolantcm‚atque

451 3763 483 3825 in
506 3762 598 3845 aquis
619 3772 791 3841 natantem,
809 3764 841 3825 bi
858 3764 913 3846 qui
934 3783 1007 3826 cum
1022 3764 1195 3844 Evangelio

451 3863 621 3926 observant
638 3863 763 3944 legalia,
781 3863 831 3927 vol
847 3865 902 3946 qui
924 3883 980 3946 per
1002 3863 1195 3945 contempla-

451 3960 569 4024 tionem
586 3961 697 4026 volnnt
717 3962 835 4038 volare,
853 3981 951 4044 quum
974 3962 1078 4024 adhue
1103 3961 1194 4043 equis

451 4060 716 4142 concupiscentiae
740 4079 796 4122 seu
828 4060 979 4122 fluctibus
1009 4060 1194 4142 passionum

452 4158 690 4239 immergantur.
718 4159 774 4221 Per
799 4159 984 4241 accipitrem
1009 4160 1194 4222 hominibus

451 4256 683 4320 deservientem
698 4257 736 4320 ad
754 4258 971 4339 praedandum,
985 4259 1124 4321 ministri
1138 4258 1193 4341 qui
1211 4259 1236 4320 D
1252 4261 1406 4343 scriptum
1429 4268 1487 4335 est,
1506 4259 1538 4320 in
1562 4259 1631 4340 lege
1652 4259 1707 4321 Dei
1731 4258 1921 4322 meditemur
1941 4258 1991 4321 die
2015 4277 2092 4326 reta
2122 4233 2123 4238 ἵ

452 4355 636 4438 potentibus
651 4356 870 4437 obsequuntur
885 4358 923 4419 ad
946 4377 1122 4441 pauperum
1142 4359 1196 4421 de-

452 4454 688 4537 praedationem.
701 4455 758 4518 Per
776 4454 937 4519 bubonem
954 4467 1047 4520 noete
1064 4456 1195 4519 alimen-

453 4562 519 4614 tum
542 4561 746 4634 quaerentem,
764 4553 929 4631 luxuriosi,
947 4553 1122 4635 praesertim
1145 4555 1195 4616 ad-

451 4650 558 4727 ulteri,
580 4651 636 4732 qui
662 4651 695 4713 in
721 4651 787 4713 suis
812 4650 936 4713 actibus
960 4653 1138 4715 tenebrosis
1164 4663 1193 4716 ct

451 4748 597 4812 obscenis
626 4759 773 4831 quaerunt
798 4749 905 4814 latere.
933 4750 990 4813 Per
1015 4753 1192 4832 mergulum

1252 3176 1326 3238 mali
1343 3176 1521 3252 immundo,
1540 3175 1600 3237 hoc
1616 3182 1664 3236 est
1680 3192 1742 3236 non
1759 3173 1872 3239 vitiosa
1889 3194 1991 3236 narra-

1251 3273 1348 3349 tione,
1368 3293 1431 3337 non
1447 3273 1653 3349 detractione,
1670 3291 1728 3334 nec
1744 3271 1926 3335 levitatibus
1940 3281 1991 3334 aut

1251 3372 1436 3436 laesionibus
1458 3372 1605 3449 aliorum,
1621 3380 1657 3433 nt
1680 3371 1779 3432 simus
1802 3380 1833 3434 ct
1855 3389 1912 3434 nos
1927 3371 1991 3434 ani-

1252 3472 1347 3534 malia
1364 3469 1663 3554 munda,prqximos
1678 3468 1775 3531 verbo
1790 3475 1822 3531 ct
1837 3469 1990 3551 exemplo,

1251 3571 1395 3635 oratione
1425 3578 1457 3632 ct
1487 3568 1571 3631 lama
1604 3567 1773 3630 salubriter
1803 3567 1989 3631 reficientia.

1251 3671 1348 3732 Nemo
1360 3668 1483 3731 inliciat
1498 3667 1597 3730 alium
1614 3666 1713 3728 instar
1725 3666 1928 3748 serpentium,
1938 3685 1992 3729 nec

1252 3769 1353 3830 instar
1369 3765 1530 3848 rapacium
1547 3765 1654 3828 avium
1675 3765 1780 3828 aliena
1795 3765 1992 3847 diripienti-

1252 3866 1373 3929 lissima
1389 3885 1425 3928 ac
1436 3865 1655 3927 sordidissima
1665 3863 1747 3944 gulae
1758 3872 1853 3946 atque
1863 3863 1992 3926 luxuria

1252 3965 1495 4047 inquinamenta
1526 3962 1745 4044 unusquisque
1767 3963 1886 4044 jugiter
1910 3964 1992 4026 dete

1251 4072 1361 4125 stetur.
1380 4062 1513 4143 lnsuper
1539 4061 1638 4122 simus
1660 4061 1809 4123 animalia
1833 4061 1992 4124 ruminan-

1251 4163 1305 4239 tia,
1325 4161 1541 4244 ungulamque
1563 4158 1888 4241 stridoniensem
1908 4160 1990 4241 quod

1250 4380 1286 4423 ac
1312 4367 1415 4422 nocte.
1439 4357 1526 4420 Fidei
1553 4375 1680 4439 quoque
1705 4365 1736 4420 et
1761 4356 1901 4420 scientia
1925 4377 1991 4421 cor-

1251 4458 1441 4540 respondeat
1462 4456 1660 4520 conversatio
1686 4463 1805 4534 nostra,
1826 4475 1866 4518 ne
1890 4445 1990 4538 dupli-

1251 4556 1279 4618 ci
1296 4553 1561 4618 condemnatione
1581 4553 1799 4635 dispereamus
1816 4570 1823 4615 :
1840 4553 1989 4635 quoniam

1251 4673 1361 4717 servus
1387 4653 1490 4715 sciens
1513 4651 1709 4716 voluntatem
1730 4650 1850 4714 domini
1876 4651 1936 4726 sui,
1960 4660 1989 4713 et
2003 4639 2123 4714 avenn

1251 4772 1315 4816 non
1346 4749 1478 4827 lacienS,
1505 4750 1608 4832 plagis
1634 4749 1797 4832 vapulabit
1827 4749 1936 4812 multis
1960 4757 1990 4811 et

452 4847 485 4909 in
506 4848 597 4928 aquis
617 4848 722 4910 sedin
742 4849 990 4911 abscondentem
1011 4857 1045 4910 ut
1064 4849 1195 4914 devoret

452 4946 567 5028 pisces,
584 4945 687 5028 gulosi
712 4947 768 5028 qui
794 4947 826 5008 in
853 4947 1099 5010 delectationum
1125 4967 1194 5010 sua-

451 5063 522 5107 rum
547 5045 734 5108 humoribus
759 5065 792 5108 se
814 5046 1013 5127 demergunt.
1037 5046 1094 5108 Per
1114 5047 1193 5109 ibim

451 5161 507 5204 seu
527 5142 683 5205 ciconiam
710 5143 910 5226 serpentibus
930 5153 1123 5222 vescentem,
1145 5145 1194 5208 in-

451 5239 528 5317 vidi,
545 5241 602 5322 qui
617 5241 752 5303 aliorum
774 5242 1020 5305 adversitatibus
1043 5250 1191 5323 tanquam

451 5339 651 5421 serpentibus
663 5339 862 5404 reficiuntur.
870 5342 927 5403 Per
937 5359 1072 5422 cycnum
1084 5341 1193 5405 album

1250 4851 1437 4915 acrioribus.
1456 4849 1564 4932 Sitque
1581 4849 1614 4910 in
1632 4848 1781 4912 omnibus
1803 4847 1989 4910 rationabile
2002 4856 2108 4905 noaret·

1251 4958 1394 5012 nostrum
1420 4946 1622 5029 obsequium,
1640 4955 1671 5010 et
1692 4946 1884 5010 discretione
1905 4965 1990 5028 rega-

1249 5069 1331 5124 mur,
1349 5057 1508 5130 quatcnus
1529 5046 1679 5110 decenter
1694 5055 1725 5108 et.
1746 5046 1920 5109 secundum
1942 5065 1990 5109 or·
2012 5057 2107 5125 trapa.

1250 5147 1357 5210 dinem
1374 5145 1481 5208 omnia
1498 5145 1579 5207 liant
1595 5144 1628 5206 in
1645 5143 1749 5220 nobis,
1762 5153 1794 5206 et
1809 5145 1989 5208 occasiones
2001 5123 2031 5162 ⁴⁰¹

1249 5244 1401 5328 peccandi
1428 5243 1646 5306 indesinenter
1671 5242 1818 5320 vitemus,
1845 5243 1987 5324 diligenti

1249 5343 1354 5407 cordis
1370 5341 1521 5406 custodiae
1537 5359 1661 5423 semper
1678 5339 1803 5403 intenti.
