4309 6259
555 486 728 532 msansrro
749 485 780 530 ru
801 486 869 532 cna.
892 485 966 531 xxiv
987 485 1124 531 uuvrrror.
1147 503 1186 514 -
1207 485 1278 531 aar.
1302 485 1360 530 xuv
1665 468 1725 532 289

174 654 362 731 litudinem,
378 656 418 718 ad
440 657 577 738 patriam
598 665 724 720 aeternae
743 657 967 720 deducimurd
983 655 1096 733 lorum,
1114 656 1170 738 qui
1191 655 1371 719 sublimiter
1385 657 1475 737 justi,
1497 657 1676 721 floruerunt
1691 667 1726 720 ut

173 753 346 831 claritatis
363 763 396 817 et
417 754 547 818 interim
567 755 600 816 in
622 756 683 819 islo
704 756 816 818 exsilio
837 754 927 838 quasi
982 755 1107 836 palmae,
1125 763 1156 818 et
1172 774 1276 818 ramos
1291 756 1507 818 doctrinarum
1522 765 1618 839 atque
1633 757 1727 819 virtu

61 872 159 917 anna.
174 851 211 912 iu
240 859 324 914 terra
344 854 480 928 deserta,
505 854 603 929 invia,
629 863 660 916 ct
682 854 847 935 inaquosa,
871 873 927 934 pa·
984 862 1050 914 tum
1075 855 1285 916 ’extenderunt
1309 855 1349 916 ad
1372 873 1440 930 nos,
1465 864 1500 916 ut
1523 855 1597 918 inde
1618 875 1727 938 pasca-

174 950 300 1012 scimur
320 959 352 1013 et
372 959 530 1033 potamur,
549 952 745 1032 protegimur
764 961 795 1013 et
815 951 928 1032 guber·
983 955 1116 1012 muniit
1130 973 1236 1012 roanos
1252 953 1337 1028 tr'pnc'
1350 957 1526 1014 densorum
1541 957 1723 1032 frondium.

173 1067 294 1110 namur
318 1069 337 1111 a
362 1050 497 1113 Domino
524 1070 530 1114 :
559 1051 591 1112 in
620 1069 756 1132 quorum
782 1050 927 1113 omnium
983 1050 1046 1112 lloc
1071 1049 1193 1128 lignum
1216 1058 1264 1112 est
1289 1050 1518 1130 gloriosissima
1540 1050 1726 1114 Christilera

171 1153 300 1224 gratam
316 1148 505 1210 memoriam
520 1149 674 1211 debemus
694 1149 840 1229 accipere
855 1150 928 1225 srn-
982 1147 1090 1228 Virgo,
1116 1148 1210 1229 plena
1231 1149 1375 1210 omnium
1401 1168 1612 1230 supernorum
1634 1149 1727 1212 donis

172 1255 248 1304 ctus
263 1249 390 1306 ardoris
404 1250 648 1325 poterantne,
664 1247 696 1309 id
714 1255 773 1322 est,
786 1254 877 1309 actus
897 1254 929 1307 et
983 1245 1222 1323 charismatum,
1234 1265 1305 1327 quae
1326 1247 1365 1308 de
1386 1267 1442 1308 sua
1465 1247 1629 1328 opulentia
1649 1247 1728 1310 libe-

174 1361 279 1424 opcra
295 1344 414 1406 Christi
429 1345 642 1422 considerare,
664 1345 801 1407 lructum
817 1354 849 1407 ct
864 1363 929 1406 me
983 1343 1141 1407 ralissime
1172 1345 1264 1407 nobis
1292 1345 1506 1408 communicat
1532 1369 1539 1420 ;
1566 1365 1638 1427 qua
1666 1346 1726 1408 alis

175 1442 278 1503 ritum
298 1461 363 1504 suaa
378 1443 649 1525 praestantissimae
660 1443 817 1523 passionis
834 1443 930 1525 parti·
984 1461 1049 1504 suaa
1064 1442 1191 1523 pietatis
1207 1462 1243 1505 ac
1254 1443 1429 1524 potestatis,
1443 1452 1593 1525 tanquam
1609 1444 1728 1507 densis·

69 1563 125 1604 nov.
135 1577 161 1610 n
175 1542 300 1623 cipare.
308 1540 452 1603 Christus
467 1541 588 1623 quippe
603 1548 652 1603 est
667 1542 791 1620 lignum
807 1542 888 1618 ritas,
899 1549 930 1604 et
984 1540 1074 1603 simis
1098 1540 1265 1604 frondibus
1289 1559 1346 1604 nos
1366 1550 1482 1603 tuctur.
1500 1545 1542 1603 Et
1557 1545 1669 1604 salices
1688 1547 1728 1604 de

52 1628 76 1666 ¹³·
177 1639 398 1720 pulcherrima
410 1639 575 1721 sapientiae
590 1639 758 1720 arhor,qui
775 1659 809 1702 se
825 1640 929 1720 ipsum
985 1650 1132 1700 torrente.
1150 1639 1234 1702 Salis
1251 1648 1298 1702 est
1314 1640 1431 1702 sterilis
1446 1641 1551 1718 arbor,
1562 1642 1617 1704 scd
1634 1661 1727 1704 suum
1750 1721 1753 1730 ,

178 1737 310 1799 vocavit
334 1737 437 1799 viride
461 1737 585 1818 lignum
615 1737 711 1800 etiam
741 1746 827 1811 tunc,
854 1738 931 1799 dum
985 1740 1040 1801 diu
1056 1757 1186 1803 seruans
1206 1739 1355 1802 virorem.
1373 1739 1430 1802 Per
1452 1740 1565 1803 salices
1587 1759 1662 1822 ergo
1680 1741 1729 1802 in·

63 1853 156 1896 ranas.
178 1845 336 1916 tanquam
367 1834 511 1917 leprosus
536 1843 567 1899 ct
597 1837 688 1918 quasi
714 1855 883 1920 percussus
912 1834 1086 1916 aBtelligi
1108 1844 1240 1918 possunt
1255 1836 1396 1916 virgines
1419 1856 1525 1914 sacrae,
1544 1856 1613 1918 quaa
1633 1857 1728 1901 carno

55 1952 163 2000 cmm
178 1933 258 2009 Deo,
285 1933 433 2015 hajulans
458 1934 519 1996 sihi
542 1953 670 1997 crucem
692 1934 801 1996 exivit.
815 1935 931 1996 lterum
985 1934 1273 2012 insecundae,omni
1290 1935 1468 1998 floruerunt
1484 1937 1639 1999 castitatis
1654 1957 1729 2000 can-

52 2018 77 2055 Π·
177 2031 278 2094 arbor
298 2032 359 2094 ista
381 2041 429 2095 est
448 2053 526 2095 crux
541 2033 724 2108 Salvatoris,
743 2034 837 2096 arbor
857 2051 931 2096 vere
985 2036 1072 2097 dore.
1096 2034 1147 2095 llis
1168 2033 1317 2095 omnihus
1336 2033 1510 2096 Ecclesiam
1531 2035 1657 2113 Christi,
1676 2037 1729 2098 ha·

178 2132 299 2193 decora
318 2140 350 2194 et
371 2131 504 2212 lulgida,
529 2139 641 2194 ornata
666 2131 750 2211 regis
775 2150 927 2214 purpura,
984 2133 1161 2195 hitacuium
1184 2130 1289 2195 cordis
1315 2132 1426 2208 nostri,
1454 2134 1728 2198 conversationem

177 2231 275 2309 cujus
287 2229 409 2293 lructus
425 2238 473 2294 est
486 2231 634 2293 meritum
650 2231 778 2306 Christi,
796 2230 930 2293 salvatio
986 2241 1126 2294 nostram
1143 2230 1176 2292 iu
1191 2230 1252 2292 isto
1267 2230 1379 2293 exsilio
1395 2231 1543 2294 decorare
1559 2233 1726 2298 dehemus:

179 2328 308 2400 mundi,
326 2329 413 2391 salus
430 2335 557 2391 aeterna.
575 2333 932 2408 Spatnlnsqncpalma-
986 2330 1095 2409 sicque
1119 2327 1327 2408 cogitationes
1358 2336 1473 2391 nostras
1498 2330 1580 2392 diem
1612 2331 1728 2396 lestum
1744 2348 1878 2398 Panaeti.

178 2449 270 2500 rum,
283 2429 316 2489 id
331 2437 380 2490 est
394 2429 586 2490 documenta
601 2436 633 2489 et
648 2427 793 2508 exempla
804 2427 933 2507 aposto
985 2434 1081 2507 agant
1098 2427 1159 2488 [leo
1176 2425 1209 2487 in
1224 2425 1345 2488 animo.

726 2857 1050 2944 ARTICULUS
1089 2858 1198 2942 XLV

314 3133 473 3181 aurosum
494 3133 632 3178 cartrott
654 3131 783 3177 t'tcustut
807 3131 918 3183 QUAlll'l
940 3131 947 3175 :
971 3131 1009 3174 ΕΤ
1031 3130 1161 3177 nodosus
1183 3131 1236 3176 EST
1257 3130 1388 3177 boutntts
1410 3133 1451 3177 Ab
1472 3132 1602 3179 lorsam

258 3414 503 3480 EPETUNTUR
525 3414 559 3476 in
581 3413 678 3494 hujus
697 3411 829 3493 capituli
849 3429 938 3473 cxor·
954 3409 976 3472 C
991 3416 1103 3474 Aaron
1128 3434 1147 3474 α
1173 3431 1299 3490 vespere
1323 3434 1423 3494 usqne
1448 3417 1484 3476 in
1510 3437 1734 3482 monacorum

47 3536 168 3579 assam.
265 3515 319 3578 dio
335 3513 444 3594 aliqua
460 3512 493 3574 in
509 3512 615 3574 Exodo
631 3509 750 3590 scripta
766 3515 796 3570 et
811 3507 935 3582 hahita;
990 3512 1140 3580 Domino,
1158 3509 1191 3572 id
1210 3519 1268 3586 cst,
1287 3511 1432 3592 pontifex
1448 3512 1487 3576 da
1504 3533 1575 3578 sero
1590 3516 1734 3581 ordinale

184 3614 337 3677 similiter
353 3613 386 3675 in
404 3612 470 3673 line
485 3609 618 3691 capituli
634 3609 741 3688 hujus.
755 3610 798 3668 Et
815 3611 937 3667 locotus

182 3725 229 3775 est
244 3714 407 3775 Dominus
422 3714 467 3770 ad
482 3713 626 3786 Moysen,
644 3709 754 3767 <licens
770 3727 781 3765 :
792 3707 937 3781 Pamcipc

182 3815 267 3889 filiis
281 3813 398 3880 Israel,
420 3819 456 3868 ut
471 3812 611 3885 afferant
628 3808 686 3866 titt
701 3809 805 3865 oleum
820 3807 860 3863 rte
879 3806 936 3862 oti-

185 3914 234 3972 cr's
247 3927 447 3991 expressum,
457 3908 687 3984 purissimum,
706 3922 769 3967 uon
787 3901 937 3965 iaculen-

183 4017 251 4070 tum
274 4016 331 4070 aut
353 4007 500 4080 mixtum,
521 4025 559 4065 oc
582 4006 729 4064 lucidum
750 4023 761 4062 .·
782 4001 934 4082 quoniam

183 4106 407 4190 praestantiora
433 4123 490 4185 pro
510 4102 619 4164 divino
642 4101 730 4163 cultu
752 4108 827 4162 sunt
849 4099 935 4162 exhi-

183 4207 302 4283 benda,
320 4212 352 4267 et
367 4205 407 4266 de
422 4201 607 4284 hujusmodi
624 4200 694 4263 oleo
709 4199 825 4262 clarior
844 4197 935 4260 llam-

185 4325 238 4367 ma
253 4303 399 4385 gignitur
414 4311 446 4364 et
461 4300 600 4362 nutritur
614 4322 621 4372 ;
638 4302 682 4359 nd
692 4300 934 4358 concinnandas

185 4410 337 4465 lucernas
350 4403 492 4479 jupiter,
509 4399 615 4473 idest,
633 4404 790 4478 quatenus
811 4415 849 4458 ex
864 4395 934 4458 oleo

185 4502 243 4564 illo
258 4498 450 4574 lucornae,in
466 4494 614 4559 exteriori
631 4494 828 4557 tabernaculi
844 4502 934 4574 parte

990 3609 1148 3691 disponet,
1177 3608 1334 3690 implebit,
1360 3612 1512 3675 accendet
1533 3613 1608 3676 istas
1634 3614 1735 3679 lucer-

991 3727 1059 3783 nas,
1069 3716 1105 3769 ut
1119 3707 1261 3783 ardeant,
1275 3706 1464 3788 luceautquc
1481 3709 1514 3771 in
1531 3711 1734 3777 tabernaculo

990 3813 1056 3868 tota
1071 3813 1163 3867 nocte
1183 3823 1284 3885 usqne
1304 3805 1336 3866 in
1358 3825 1462 3883 mane,
1481 3816 1512 3870 et
1528 3816 1603 3871 tunc
1618 3810 1735 3872 exstin-

990 3903 1180 3984 guebantur,
1192 3902 1241 3965 vel
1257 3921 1367 3966 omnes
1384 3911 1418 3965 ut
1433 3905 1532 3986 aliqui
1549 3906 1671 3985 dicunt,
1684 3910 1734 3972 val

990 4011 1025 4064 ut
1039 4000 1195 4081 Iosephus
1212 4001 1333 4077 recitat,
1351 4009 1415 4064 tres
1431 4021 1487 4084 par
1503 4004 1586 4067 diem
1607 4007 1736 4086 permit-

992 4101 1139 4164 tebantur
1154 4099 1274 4173 lucere,
1286 4105 1377 4161 cuttu
1392 4103 1523 4182 rituque
1534 4107 1735 4181 perpetuom

986 4199 1248 4276 pancraticnibus
1264 4201 1386 4258 cestria.
1407 4198 1516 4262 Oleum
1534 4200 1618 4263 istud
1640 4202 1736 4265 lucer·

991 4315 1103 4358 narum
1124 4294 1365 4357 ministrabatur
1380 4315 1398 4358 a
1413 4298 1532 4378 populo
1549 4299 1588 4362 de
1606 4309 1735 4382 sumptu

990 4393 1152 4458 communi
1166 4417 1173 4468 ς
1196 4400 1349 4474 erantque
1364 4393 1465 4476 aliqui
1482 4396 1622 4478 deputati
1638 4399 1678 4460 ad
1692 4397 1738 4461 ol-

989 4491 1158 4554 lorendum
1185 4491 1276 4567 illud,
1301 4511 1337 4554 ac
1361 4493 1593 4573 providendum
1621 4497 1660 4559 de
1685 4515 1733 4559 eo.

183 4599 346 4683 positaeac
362 4597 516 4672 lucanica,
529 4594 678 4657 decentor
689 4592 883 4673 impleantur
898 4610 935 4653 ac
950 4589 976 4649 D
992 4593 1098 4667 Super
1108 4592 1339 4650 condelabrum
1354 4593 1608 4654 mundissimum
1618 4613 1737 4682 ponen-

184 4699 357 4763 loveantur
374 4720 382 4771 3
398 4705 493 4755 entra
513 4697 620 4754 cetum
641 4693 818 4753 testimonii
838 4692 874 4750 in
891 4701 936 4750 ta-

182 4799 358 4858 bernaculo
379 4795 522 4872 soederis.
540 4791 603 4854 lloc
625 4790 763 4864 additur,
789 4788 865 4869 quia
886 4790 936 4867 (ut

183 4904 306 4959 tactum
321 4894 384 4973 est)
396 4893 534 4954 lucernae
548 4891 617 4952 sitae
633 4895 723 4951 erant
739 4887 771 4948 in
788 4886 936 4949 exteriori

186 5001 279 5077 parte
295 4987 504 5064 tabernaculi,
521 5005 592 5068 quat
613 4985 698 5047 dicta
718 4992 766 5046 est
786 4983 936 5045 Sanctum

188 5112 247 5155 seu
268 5091 395 5164 Sancta,
409 5087 493 5148 inter
512 5102 608 5167 quam
630 5091 662 5145 et
687 5081 871 5144 interiorem
893 5090 939 5143 ta-

190 5186 360 5254 bernaculi
381 5192 516 5268 partem,
531 5201 602 5263 quat
622 5189 734 5244 vocata
753 5189 802 5243 cst
825 5180 939 5243 Sancta

192 5296 388 5360 sanctorum,
401 5282 508 5346 velum
522 5280 691 5363 pendebat.
708 5283 873 5358 Ponetque
886 5301 938 5340 eas

319 5416 397 5470 U.

992 4699 1045 4750 tur
1065 4707 1188 4764 semper
1207 4688 1244 4748 in
1266 4699 1434 4766 conspectu
1456 4693 1602 4762 Domini,
1623 4691 1735 4770 idest,

990 4787 1108 4868 jugiter
1118 4785 1229 4868 posite
1240 4795 1333 4848 erunt
1348 4806 1384 4849 ac
1396 4789 1631 4869 permanebunt
1642 4810 1738 4873 super

991 4884 1216 4947 candelabrum
1246 4903 1377 4948 aureum
1406 4888 1491 4969 quod
1525 4887 1558 4948 in
1587 4888 1738 4952 exteriori

994 4991 1083 5065 parte
1108 4981 1305 5044 tabernaculi
1330 4984 1445 5046 stetit:
1471 4995 1503 5048 et
1527 4986 1665 5049 lucernae
1690 4986 1739 5049 hta

995 5089 1086 5144 erant
1111 5089 1243 5161 septem,
1262 5081 1326 5144 imo
1351 5084 1526 5146 secundum
1553 5084 1737 5166 Josephum,

996 5188 1116 5260 septem
1133 5178 1294 5260 lampades
1315 5189 1405 5242 erant
1425 5181 1552 5244 insertae
1569 5191 1601 5246 et
1617 5183 1741 5245 innexo

996 5277 1198 5341 candelabro.

1584 5411 1617 5464 19
