4309 6259
418 482 457 548 to
822 502 996 549 manuario
1016 503 1047 548 ru
1068 502 1138 549 car.
1160 496 1205 549 xx
1223 500 1326 549 axoni.
1347 522 1389 533 —
1408 501 1480 549 aar.
1503 502 1554 549 ιιι

419 672 519 736 nolite
535 673 655 754 jurare.
674 668 851 752 Abjieiatur
871 689 946 753 ergo
966 670 1204 735 detestabilisrl
1257 674 1416 751 Stetitque
1426 676 1567 750 populus
1585 676 1624 731 cte
1640 676 1742 748 lotape,
1759 673 1883 748 Moyses
1899 690 1956 729 au-

419 781 508 836 aetus
524 780 555 835 et
571 771 709 855 pessima
728 771 936 847 consuetudo,
958 789 1057 852 quum
1077 779 1109 833 ct
1129 770 1162 831 in
1219 781 1282 831 tem
1305 774 1434 832 accessit
1458 775 1502 831 tul
1525 774 1711 849 calipinem,
1738 773 1775 830 in
1798 790 1863 849 que
1890 778 1957 827 erat

420 870 641 935 Ecclesiastico
661 869 815 952 scriptum
836 870 877 931 sit
899 869 1076 934 :iurationi
1098 888 1162 933 non
1219 870 1417 933 Deceliam
1436 870 1611 933 clausulam
1632 889 1767 951 magnus
1788 877 1817 931 et
1840 866 1958 929 theolo

419 978 623 1033 assuescatos
639 968 839 1045 tuum,multi
854 969 941 1031 enim
956 988 1048 1032 casus
1063 968 1097 1031 in
1113 988 1160 1031 ea.
1217 969 1369 1049 gissimus
1397 970 1567 1051 Dionysius
1596 970 1628 1031 in
1659 970 1742 1032 libro
1771 968 1810 1029 de
1833 966 1958 1048 llystica

419 1068 475 1130 Vir
494 1068 630 1130 multum
650 1068 761 1149 jurans
786 1067 961 1149 replebitur
980 1067 1161 1150 iniquitate,
1218 1067 1378 1149 theologia
1393 1068 1644 1150 profundissime
1661 1068 1895 1149 interpretatur,
1911 1064 1959 1125 in·

419 1175 451 1231 et
466 1185 529 1231 non
545 1166 675 1230 deficiet
691 1166 731 1229 dc
746 1168 840 1230 domo
851 1166 920 1247 ejus
932 1167 1034 1249 plaga.
1045 1166 1163 1249 Nempe
1219 1166 1391 1246 telligendo
1402 1186 1460 1248 per
1469 1167 1846 1250 Moysen,quemcumque
1856 1163 1957 1226 virum

419 1284 517 1347 quum
533 1266 730 1329 consuetudo
745 1265 920 1327 venialium
943 1266 984 1327 sit
1005 1265 1161 1340 mortalis,
1219 1265 1383 1330 heroicum
1399 1285 1436 1329 ac
1451 1266 1639 1348 perfectum,
1657 1265 1713 1346 qui
1729 1264 1848 1327 relictis
1862 1280 1899 1324 ac
1912 1279 1960 1323 su-

419 1372 540 1445 quanto
556 1364 656 1444 magis
671 1365 868 1428 consuetudo
881 1364 1010 1445 jurandi
1026 1364 1165 1427 enormi·
1219 1365 1394 1447 pergressis
1408 1364 1558 1427 omnibus
1573 1362 1780 1427 sensibilibus
1795 1381 1831 1424 ac
1846 1360 1960 1423 intelli-

420 1471 467 1525 ter
481 1462 597 1526 vitiosa
611 1472 660 1525 cst
675 1471 770 1544 atqua
785 1462 960 1541 mortifera,
978 1482 1077 1544 quum
1094 1462 1164 1525 sine
1219 1463 1384 1544 gibilibus,
1402 1464 1468 1526 imo
1488 1462 1646 1525 universis
1668 1461 1793 1537 creatiS,
1814 1468 1909 1541 atque
1927 1476 1960 1521 so

421 1560 603 1625 rationabili
628 1581 724 1625 causa
746 1562 853 1643 jurare
878 1562 919 1624 sit
948 1572 1059 1626 contra
1082 1562 1165 1626 divi·
1219 1562 1290 1645 ipso
1312 1571 1344 1625 et
1364 1564 1489 1627 cunetis
1511 1561 1635 1626 actibus
1657 1560 1735 1638 suis,
1758 1562 1821 1623 fleo
1842 1578 1898 1642 per
1916 1578 1962 1620 ar-

422 1680 498 1723 num
524 1670 728 1743 preceptum,
751 1660 886 1741 ideoque
910 1679 1085 1742 exgenere
1107 1679 1165 1723 suo
1219 1662 1440 1726 dentissimam
1456 1661 1660 1725 dilectionem
1675 1659 1962 1739 unitur,intratque

421 1760 576 1824 mortalel
1220 1761 1389 1842 caliginem
1406 1761 1440 1823 in
1455 1780 1519 1842 qua
1533 1780 1608 1824 vere
1622 1769 1671 1823 est
1685 1760 1778 1822 Deus.
1790 1759 1861 1820 llaec
1875 1776 1962 1819 nam-

467 1862 624 1921 Memento
650 1868 686 1919 ut
710 1861 797 1920 diem
822 1861 945 1920 sabbati
971 1862 1161 1939 sarzactifiees.
1183 1862 1283 1943 Bque
1298 1859 1413 1941 caligo,
1425 1868 1473 1923 est
1488 1868 1625 1935 eternae,
1638 1858 1796 1934 increatae,
1814 1855 1962 1918 infinitae

419 1960 527 2040 ltaque
558 1957 670 2021 diebus
704 1956 828 2021 festivis
863 1977 986 2021 summe
1021 1967 1167 2021 tenemur
1220 1978 1283 2043 que
1308 1960 1389 2021 lucis
1414 1958 1531 2023 divinat
1555 1955 1820 2040 superexcellens,
1844 1953 1963 2017 incom-

420 2056 581 2119 abstinere
600 2076 619 2118 a
639 2056 751 2120 vitiis:
769 2057 814 2118 ita
832 2057 918 2138 quod
940 2057 966 2118 si
991 2058 1065 2139 quis
1090 2067 1166 2120 tnnc
1220 2057 1447 2142 prehensibilis
1457 2066 1489 2119 et
1499 2056 1773 2138 superclarissima
1786 2054 1959 2136 plenitudo,

421 2155 576 2230 detrabat,
594 2153 780 2232 fornicetur,
792 2156 973 2232 contendat,
991 2156 1166 2238 crapulam·
1220 2157 1385 2241 abyssalis,
1410 2155 1658 2219 interminabilis
1679 2164 1774 2237 atque
1795 2152 1963 2235 supersim-

422 2272 461 2317 ve
480 2253 669 2331 committat,
695 2262 748 2316 aut
774 2254 890 2317 acediae
912 2253 1050 2337 praebeat
1073 2255 1106 2315 in
1132 2274 1166 2317 se
1221 2257 1397 2340 plicissima
1411 2256 1609 2336 magnitudo,
1627 2256 1660 2317 in
1675 2274 1738 2336 qua
1753 2256 1834 2317 Deus
1849 2271 1917 2316 esse
1931 2259 1962 2313 et

422 2352 539 2428 locum,
567 2352 618 2415 vel
643 2353 868 2435 quodcumque
892 2353 1026 2416 mortale
1046 2353 1167 2416 incidat
1222 2351 2114 2437 babitarecenaetur,quiponittenebras(idestcantat!-

422 2450 551 2526 vitium,
574 2469 638 2513 non
664 2452 767 2515 solum
792 2450 965 2514 committit
988 2471 1087 2514 unum
1112 2462 1167 2515 aut
1221 2456 1383 2519 infinitam
1404 2455 1486 2517 banc
1506 2455 1620 2530 lucem,
1642 2472 1769 2517 omnem
1788 2460 1962 2514 creatarum

423 2550 558 2632 simplex
586 2550 719 2613 mortale
748 2559 923 2632 peecatum,
954 2570 1013 2613 nec
1044 2559 1166 2614 tantum
1221 2554 1376 2619 mentium
1407 2553 1615 2636 capacitatem
1647 2552 1777 2614 infinite
1805 2558 1964 2613 transcen-

424 2648 655 2728 transgreditur
675 2667 774 2711 unum
796 2658 1000 2731 preceptum,
1021 2651 1076 2713 sed
1103 2652 1167 2715 duo
1221 2656 1349 2718 dentem
1370 2672 1407 2715 ac
1427 2654 1644 2733 superantem)
1663 2649 1831 2713 latibulum
1848 2666 1961 2721 suum3

423 2748 463 2809 ad
486 2746 610 2823 minus;
633 2756 665 2811 et
689 2748 752 2811 duo
776 2748 911 2810 incurrit
935 2757 1065 2830 peccata
1089 2769 1169 2813 mor·
1222 2761 1253 2817 ct
1278 2752 1356 2834 ipsas
1379 2750 1496 2813 divinia
1522 2751 1660 2813 tenebrae
1688 2747 1915 2829 cooperiuntur
1933 2754 1965 2808 et

425 2846 510 2923 talia,
537 2854 591 2909 aut
619 2865 720 2909 unum
746 2846 917 2929 dupliciter
946 2848 994 2910 vel
1021 2848 1168 2931 pluribus
1222 2851 1463 2915 absconduntur
1479 2849 1566 2911 omni
1588 2848 1705 2911 visioni
1726 2867 1762 2910 ac
1782 2844 1907 2921 lumini,
1924 2844 1964 2908 ob

425 2945 528 3009 modis
553 2946 696 3008 mortale.
722 2945 992 3019 Quemadmodum
1019 2948 1114 3010 etiam
1141 2947 1168 3009 si
1224 2947 1591 3030 incircumscriptibilem
1612 2966 1701 3010 suam
1722 2943 1963 3029 plenitudinem,

424 3041 545 3124 aliquid
571 3043 685 3106 horum
711 3043 889 3106 committat
913 3044 947 3105 in
971 3064 1060 3108 sacro
1086 3045 1167 3123 loeo,
1186 3052 1354 3133 Cprorsus
1389 3046 1665 3129 impenetrabilem
1700 3055 1733 3109 et
1765 3046 1963 3108 immensam.

425 3148 480 3203 aut
504 3160 576 3204 cum
604 3140 764 3223 religiosa,
789 3160 844 3203 seu
868 3141 899 3203 in
921 3143 1019 3205 sacris
1045 3141 1169 3205 Ordini·
1224 3149 1325 3223 Quum
1342 3147 1451 3228 itaque
1466 3165 1557 3208 mens
1568 3144 1815 3208 estuantissimo
1827 3142 1966 3205 caritatis

425 3239 485 3302 bus
506 3238 678 3302 constituta
700 3258 845 3321 persona.
864 3239 943 3303 Hinc
965 3249 996 3303 ct
1018 3241 1167 3318 venialia,
1224 3248 1337 3309 ardore
1359 3263 1521 3321 succensa,
1538 3245 1602 3306 Deo
1622 3244 1667 3306 ita
1687 3241 1893 3324 conjungitur
1912 3258 1968 3322 per

427 3357 501 3419 quae
518 3338 557 3399 ad
579 3336 712 3401 mortale
731 3336 916 3419 disponunt,
937 3347 1013 3401 ωηο
1035 3358 1171 3419 gravan-
1225 3343 1527 3426 contemplationem
1544 3342 1716 3405 theoricam
1733 3350 1765 3404 et
1779 3338 1966 3422 sapientiam

428 3444 490 3512 tur,
508 3455 544 3499 ac
565 3435 665 3514 magis
686 3434 815 3497 vitanda
835 3444 920 3498 sunt.
944 3436 1086 3519 Denique
1106 3438 1171 3501 val·
1198 3511 1202 3520 .
1225 3443 1429 3518 luminosam,
1447 3440 1691 3522 flammigeram,
1712 3439 1878 3513 unitivam,
1895 3436 1969 3498 dici-

428 3535 468 3597 de
489 3534 688 3617 pensandum
708 3542 755 3596 est
775 3534 861 3615 quod
881 3535 1034 3598 Dominus
1053 3536 1168 3617 jubet:
1226 3551 1278 3604 tur
1294 3540 1426 3603 introire
1439 3540 1620 3619 caliginem,
1630 3539 1793 3619 instarque
1803 3534 1915 3617 Moysis
1928 3535 1968 3595 ab

430 3635 504 3694 Noti
517 3633 618 3709 faciet
634 3652 727 3691 omne
741 3651 819 3709 opos
837 3641 915 3693 teet
930 3634 1022 3711 filius
1040 3643 1127 3703 tuus,
1142 3644 1172 3695 et
1226 3638 1376 3702 omnibus
1399 3638 1550 3720 separari.
1573 3637 1688 3699 Unitur
1708 3636 1794 3698 enim
1815 3635 1878 3697 Deo
1903 3641 1970 3693 tan-

429 3732 504 3809 fitie
525 3740 592 3801 tea,
608 3750 718 3789 servus
736 3740 809 3790 tuns
825 3740 855 3791 et
874 3733 1011 3801 aneilla,
1029 3739 1089 3795 eto.
1106 3731 1172 3805 Quo
1226 3756 1323 3819 quam
1339 3755 1468 3819 prorsus
1484 3734 1852 3818 incomprehensibili,et
1866 3730 1970 3815 quoad

429 3836 563 3905 constat,
581 3828 667 3910 quod
690 3836 836 3909 parentes
856 3837 887 3891 et
908 3829 1030 3892 domini
1045 3831 1170 3907 domus,
1227 3835 1305 3917 qnid
1321 3843 1474 3911 est,mare
1486 3835 1610 3916 ignoto:
1623 3842 1655 3896 et
1671 3842 1775 3896 tamen
1791 3833 1850 3894 boc
1866 3831 1970 3913 ipsum

430 3936 505 3989 ωηο
531 3925 690 4008 precipue
712 3925 895 4007 obligantur
919 3928 1060 3991 sobolem
1083 3948 1172 3991 suam
1229 3936 1274 3997 sie
1297 3933 1425 4009 intueri,
1448 3941 1497 3995 est
1522 3932 1699 3995 clarissime
1722 3952 1760 3994 ac
1784 3928 1971 3993 suavissime

429 4030 525 4105 atque
546 4023 700 4087 familiam
722 4034 876 4105 quantum
897 4044 1036 4106 congrue
1055 4027 1172 4105 valent,
1228 4031 1450 4115 contemplari,
1467 4032 1653 4114 speciesque
1667 4029 1823 4094 altissima
1836 4037 1972 4093 contem-

430 4130 462 4185 ct
477 4122 592 4184 caritas
607 4122 714 4201 exigit,
737 4141 755 4184 a
776 4124 913 4204 peccatis
934 4126 1104 4204 retrabere,
1121 4128 1175 4190 ad·
1230 4132 1382 4215 plationis
1397 4131 1472 4193 hnic
1488 4129 1561 4194 vitae
1576 4130 1751 4213 possibilis.
1764 4130 1883 4192 Idcirco
1899 4136 1972 4189 tunc

432 4239 573 4297 monere,
589 4228 621 4282 ct
636 4219 806 4284 edificare.
824 4222 931 4304 ltaque
947 4243 1045 4305 quum
1063 4226 1175 4289 sabba·
1190 4228 1215 4291 D
1231 4240 1296 4294 tota
1317 4232 1351 4293 in
1372 4231 1474 4293 lucem
1496 4229 1584 4291 illam
1603 4238 1665 4291 tam
1681 4227 1845 4290 infinitam
1860 4245 1974 4307 expan-

432 4328 498 4382 tum
515 4319 557 4381 sit
573 4318 699 4401 requies
715 4320 852 4397 Domini,
869 4322 980 4385 diebus
996 4324 1175 4387 celebribus
1230 4331 1328 4406 ditur,
1355 4330 1504 4392 increatae
1529 4327 1654 4390 veritati
1684 4327 1841 4407 infigitur,
1868 4345 1974 4405 supcr-

432 4416 638 4501 conquieseat
666 4436 757 4481 mens
787 4428 895 4483 nostra
924 4420 956 4483 in
982 4423 1045 4485 Deo
1069 4424 1176 4504 quiete
1231 4428 1393 4493 essentiali
1416 4426 1526 4489 deitati
1548 4434 1580 4488 et
1605 4425 1893 4509 superbeatissimta
1912 4423 1975 4485 Tri·

433 4518 593 4600 praecipua
617 4535 674 4598 per
698 4516 901 4581 devotionem
927 4520 1097 4598 internam,
1121 4542 1177 4604 per
1232 4528 1325 4590 nitati
1354 4535 1420 4589 tam
1449 4526 1584 4601 radiose,
1609 4544 1754 4589 amorose
1778 4534 1808 4587 et
1834 4524 1975 4607 proxime

433 4616 592 4679 orationes
614 4635 709 4698 puras
732 4624 828 4697 atquc
848 4617 1004 4695 assiduas,
1028 4638 1085 4701 per
1105 4638 1178 4683 con·
1232 4626 1411 4709 copulatur,
1427 4625 1513 4706 quod
1535 4624 1622 4686 aliud
1644 4624 1725 4686 nibil
1746 4624 1893 4698 advertit,
1918 4640 1976 4684 ncc

433 4714 670 4796 templationem
693 4714 860 4795 sinceram,
878 4736 935 4800 per
954 4736 1094 4781 amorem
1117 4719 1179 4783 fer·
1233 4724 1398 4807 proprium
1414 4731 1521 4785 actum
1536 4723 1682 4799 attendit,
1701 4723 1756 4786 sed
1771 4721 1886 4785 defluit
1905 4741 1924 4783 a
1943 4740 1977 4783 sc

433 4820 570 4877 ventem·
1235 4822 1315 4905 ipsa,
1338 4830 1434 4902 atque
1458 4819 1491 4882 in
1518 4820 1682 4902 proprium
1708 4820 1818 4883 refluit
1842 4819 1975 4882 fontem.

474 4916 606 4973 Honora
624 4923 753 4989 patrem
770 4924 906 4977 temnet
922 4928 1057 4979 matrem
1075 4929 1177 4981 tuam.
1235 4920 1350 5002 Sicqua
1366 4919 1400 4982 in
1415 4918 1544 4982 divitias
1558 4918 1668 4999 gloria
1689 4919 1821 4999 rapitur,
1841 4919 1875 4980 in
1896 4935 1979 4981 amo-

433 5011 543 5075 Omnis
576 5010 672 5091 igitur
701 5010 929 5077 Christifidelis
960 5018 1180 5099 superioribus
1237 5020 1280 5081 ris
1296 5018 1429 5081 increati
1450 5017 1598 5079 immensi
1622 5017 1696 5096 igne
1716 5016 1924 5093 comburitur,
1947 5016 1979 5077 in

434 5110 500 5173 suis
517 5119 666 5192 tanquam
688 5110 743 5174 Dei
766 5111 893 5175 vicariis
915 5114 1054 5176 debitam
1076 5117 1182 5199 subite
1236 5118 1365 5181 deitatis
1380 5116 1530 5197 abyssum
1552 5116 1766 5198 profundatur
1787 5124 1817 5178 et
1837 5114 1984 5177 absorbe

434 5208 584 5285 ctionem,
603 5210 813 5273 reverentiam
830 5211 1014 5289 cordialem,
1032 5214 1183 5279 obedien·
1237 5224 1300 5292 tur,
1309 5224 1344 5277 ut
1354 5214 1743 5295 videaturquodammodo
1758 5232 1828 5277 esse
1842 5220 1982 5276 creatum

435 5308 511 5371 tiam
527 5306 675 5372 exhibeat
689 5316 881 5391 promptam.
1238 5333 1363 5392 exuare,
1373 5322 1405 5377 et
1416 5314 1593 5377 increatum
1611 5312 1778 5394 idealeque
1792 5331 1861 5376 esse
1876 5311 1984 5375 indue-
