4309 6259
438 482 496 545 454
748 499 920 547 anaanano
942 502 972 546 m
994 501 1061 546 car.
1086 500 1162 546 ιιιιιι
1183 499 1380 545 naneaoauu.
1403 518 1443 529 -
1464 500 1535 545 aar.
1560 500 1678 546 xxxvru

440 674 571 733 canteri
585 674 712 743 arietes,
727 681 762 735 ut
784 692 879 755 super
902 670 1079 754 quamlibet
1098 690 1183 733 aram
1200 669 1225 731 ll
1242 670 1329 733 denti
1346 670 1660 752 articulo)quatenus
1672 670 1796 751 fugaret
1810 670 1975 744 diabolum

439 768 596 834 olleratur
611 770 730 833 vitulus
742 791 834 846 unua,
848 765 995 851 unusque
1008 769 1103 832 arios.
1115 770 1186 831 llasc
1241 778 1273 831 et
1288 769 1545 832 maledictionem
1569 770 1679 851 populi
1702 768 1880 852 impediret,
1898 788 1978 832 eum-

367 892 370 898 ·
441 868 599 933 sacrificia
620 869 716 949 jussit
730 870 854 932 Balaam
878 868 1048 945 immolari,
1066 887 1130 931 non
1146 868 1186 929 ad
1241 887 1303 949 que
1318 867 1438 931 laceret
1456 868 1614 931 benedici.
1632 873 1831 947 Laetataaqae
1844 872 1889 929 ad
1909 889 1978 928 eam

440 968 507 1032 veri
523 969 577 1031 [lei
594 968 758 1045 honorem,
777 969 831 1030 sed
851 969 892 1030 ad
908 967 1117 1030 reverentiam
1134 967 1187 1028 Ba·
1240 970 1381 1028 Balaam
1397 988 1408 1027 .·
1430 971 1571 1045 Septem,
1592 969 1714 1047 inquit,
1737 988 1813 1028 aras
1832 969 1932 1039 erem',
1948 966 1978 1028 id

439 1068 468 1131 al
492 1086 527 1129 aa
550 1068 742 1143 damonum,
764 1086 899 1148 quorum
922 1065 1091 1128 invocabat
1112 1084 1187 1128 con·
1231 1062 1290 1127 'est
1309 1063 1388 1144 erigi
1410 1064 1483 1141 leci,
1500 1076 1530 1125 et
1546 1067 1685 1143 imposui
1701 1067 1842 1125 vitatam
1857 1068 1980 1125 etarta-

440 1166 546 1228 silium
564 1174 596 1227 et
614 1183 811 1227 succursum.
829 1165 916 1228 Fecit
936 1173 1041 1227 tamen
1061 1165 1110 1242 (ut
1129 1163 1187 1226 ali·
1243 1174 1304 1223 tem
1320 1167 1456 1240 desuper
1480 1163 1512 1224 in
1536 1162 1766 1225 holocaustum.
1783 1162 1846 1224 Cur
1859 1162 1978 1224 Balaam

441 1264 496 1345 qui
513 1263 639 1344 dicunt)
654 1272 774 1346 septem
792 1282 861 1325 aras
878 1262 993 1345 parari,
1011 1263 1050 1324 ad
1064 1270 1185 1343 septem
1241 1260 1322 1323 dixit
1336 1261 1395 1324 hoc
1413 1270 1475 1323 tam
1491 1262 1650 1338 audacter,
1660 1260 1752 1341 quasi
1768 1262 1831 1324 Beo
1847 1260 1980 1342 placeret

440 1362 640 1445 planetarum
657 1361 822 1437 honorem,
841 1380 878 1425 ex
897 1380 1034 1443 quorum
1050 1361 1187 1424 constel—
1242 1360 1424 1441 hujusmodi
1447 1360 1552 1423 cultus
1574 1370 1605 1422 et
1629 1360 1809 1424 idololatria
1830 1359 1908 1422 illat
1926 1360 1980 1422 ne

405 1462 408 1467 ’
441 1459 614 1523 lationihus
625 1459 749 1542 putavit
759 1460 856 1526 vitam
869 1460 1007 1541 pendere
1015 1460 1186 1521 humanam
1242 1459 1427 1539 spondetur,
1443 1460 1528 1541 quod
1543 1457 1679 1538 gentiles
1695 1458 1876 1540 philosophi
1897 1468 1980 1540 puta-

441 1577 499 1641 pro
515 1576 628 1639 magna
646 1567 745 1641 parte.
765 1562 933 1638 Quamque
946 1560 1070 1635 fecisset
1085 1562 1188 1620 Italae
1241 1568 1355 1621 verunt
1372 1558 1493 1621 cultum
1509 1559 1641 1621 deorum
1659 1576 1789 1620 suorum
1804 1576 1875 1620 esse
1890 1558 1980 1640 placi-

433 1660 536 1736 jaata
551 1678 728 1717 sermonem
742 1662 896 1727 Balaam,
909 1660 1131 1735 imposuerant
1145 1660 1188 1717 si·
1242 1666 1309 1719 tum
1327 1675 1452 1719 sitmmo
1467 1658 1573 1732 Dema
1593 1675 1657 1737 quo
1672 1655 1828 1737 putabant
1842 1656 1979 1736 regimen

441 1760 511 1817 mal
527 1757 667 1816 vitatam
685 1766 715 1816 at
734 1758 879 1828 arietem,
898 1755 958 1817 hoc
978 1762 1026 1817 est
1045 1754 1136 1817 Balac
1156 1763 1188 1818 et
1242 1756 1354 1818 mundi
1371 1756 1433 1818 diis
1449 1756 1515 1817 suis
1531 1774 1600 1817 esse
1615 1755 1833 1832 commissum,
1850 1756 1932 1818 sicut
1944 1774 1980 1817 cx

441 1854 567 1916 Balaam
584 1853 712 1935 pariter,
724 1875 821 1931 saper
830 1874 923 1915 aram
934 1852 1188 1934 quamlibet‚aut
1204 1854 1227 1915 B
1243 1854 1334 1917 libris
1355 1853 1520 1936 Porphyrii
1543 1861 1575 1916 ot
1598 1852 1734 1935 Apuleii,
1757 1853 1821 1917 imo
1843 1873 1880 1916 ex
1903 1853 1980 1919 libro

442 1972 538 2035 super
552 1971 648 2015 unam
671 1960 703 2015 et
725 1952 861 2033 primam
882 1970 1001 2029 aarum,
1019 1971 1118 2013 unum
1141 1951 1188 2014 vi·
1242 1953 1282 2014 de
1302 1951 1438 2014 Civitato
1458 1951 1512 2013 Bei
1533 1951 1564 2013 S.
1581 1950 1760 2029 Augustini,
1777 1960 1978 2015 monstratur.

442 2051 544 2113 tulum
561 2058 592 2113 et
611 2048 710 2111 unum
732 2050 874 2126 arietem,
892 2059 1049 2131 quatenus
1064 2049 1189 2113 sacrili-
1243 2050 1326 2113 Dixit
1343 2058 1450 2112 tamen
1467 2048 1670 2131 Porphyrius,
1683 2050 1766 2129 quod
1784 2050 1866 2111 Deus
1881 2049 1982 2132 pmhi·

441 2149 526 2211 cium
552 2167 590 2210 ex
610 2147 670 2211 hoc
691 2148 791 2229 magis
816 2158 982 2230 acceptum
1007 2158 1091 2211 esset
1115 2148 1186 2210 Baal
1242 2148 1313 2210 buit
1337 2146 1476 2210 nebraets
1501 2146 1622 2209 cultum
1649 2147 1793 2223 deorum,
1820 2148 1897 2228 quia
1917 2150 1982 2231 ipse

442 2247 509 2311 sive
533 2246 744 2324 damonibus,
770 2248 921 2328 qdoniam
951 2256 1014 2329 tam
1040 2246 1188 2310 solennes
1243 2246 1329 2311 solus
1345 2246 1447 2307 voluit
1461 2244 1522 2309 ooli
1542 2245 1582 2307 ab
1597 2244 1676 2327 ipsis
1693 2245 1841 2308 llebraeis.

441 2346 580 2408 ministri
597 2344 734 2427 propriis
755 2345 902 2408 manibus
923 2346 1002 2408 illud
1020 2345 1188 2427 imposuis-
1283 2346 1442 2405 Doctrinae
1466 2355 1573 2404 autem
1591 2346 1702 2421 posuit
1724 2347 1855 2405 verbam
1878 2349 1914 2406 in
1932 2368 1983 2406 ore

442 2452 523 2507 sent.
550 2446 708 2523 Dimitqae
732 2448 870 2505 Balaam
900 2448 944 2505 ad
969 2448 1070 2505 Balac
1091 2466 1103 2504 .·
1128 2448 1188 2505 Sta
1241 2445 1325 2521 ejas,
1348 2442 1460 2518 idest,
1485 2441 1640 2504 revelavit
1659 2442 1734 2503 huic
1753 2443 1877 2505 Balaam
1900 2446 1982 2525 quod

437 2546 607 2620 paulisper
615 2543 719 2619 juata
738 2546 957 2603 holocaustam
978 2552 1071 2602 taam
1087 2563 1098 2602 .·
1115 2561 1187 2604 nam
1242 2541 1340 2603 vellet
1360 2540 1423 2603 dici
1445 2559 1501 2622 per
1522 2560 1607 2616 eum,
1623 2552 1653 2601 et
1675 2544 1723 2602 ait
1734 2562 1745 2600 .·
1759 2546 1928 2603 Revertere
1941 2548 1983 2603 ari

442 2650 613 2722 utrumque
627 2640 744 2703 animal
767 2641 806 2703 ad
828 2641 981 2704 honorem
997 2640 1069 2703 Baal
1087 2648 1187 2703 totum
1243 2644 1355 2711 Baiae,
1372 2650 1402 2699 et
1423 2641 1499 2711 aaa,
1517 2658 1589 2720 quaa
1610 2640 1717 2701 statim
1739 2649 1927 2721 sequuntur,
1943 2648 1984 2701 ta

444 2740 516 2819 igne
532 2738 774 2814 incendebatur;
786 2743 884 2801 donee
897 2744 1014 2801 vadam
1027 2742 1066 2803 ad
1084 2740 1188 2803 locum
1242 2740 1361 2817 queris.
1379 2738 1417 2799 lit
1433 2746 1518 2800 recte
1533 2757 1619 2801 nuno
1639 2738 1766 2816 dicitur,
1783 2741 1868 2821 quod
1884 2742 1985 2804 Domi-

443 2846 612 2915 secretum,
632 2838 665 2899 in
681 2857 745 2919 quo
762 2837 793 2899 in
811 2837 919 2919 quiete
934 2839 1124 2915 consistam,
1136 2858 1189 2921 ap·
1244 2855 1304 2898 nus
1319 2836 1427 2918 posuit
1443 2836 1576 2901 verbum
1597 2836 1628 2897 in
1647 2856 1701 2899 ore
1721 2837 1790 2918 ejus
1808 2856 1816 2901 τ
1834 2839 1984 2919 quoniam

444 2936 506 2999 tior
531 2935 591 2997 sim
616 2935 655 2997 ad
680 2935 897 3018 apparitiones
922 2944 953 2999 et
979 2936 1189 2999 revelationes
1244 2933 1306 2996 luit
1322 2933 1472 3014 indignus
1482 2934 1682 3016 apparitione
1692 2943 1724 2998 ct
1738 2936 1986 3002 allocutionedi-

444 3053 522 3115 quas
545 3034 648 3117 cupio,
660 3037 691 3094 si
709 3036 792 3112 sorte
813 3045 961 3096 occurrat
980 3037 1065 3096 milti
1080 3037 1226 3101 Domi-(l
1244 3033 1336 3095 vina:
1350 3052 1413 3115 qua
1423 3034 1450 3095 si
1461 3034 1577 3114 dignus
1592 3033 1710 3109 luisset,
1720 3035 1878 3116 posuisset
1887 3037 1986 3100 Bomi-

303 3154 429 3204 aemma,
444 3154 517 3196 aas.
534 3132 619 3195 lnlra
637 3131 791 3194 habetur:
808 3130 973 3215 Quumque
987 3134 1121 3198 vidisset
1135 3136 1189 3199 Ba·
1245 3150 1305 3193 nus
1326 3131 1458 3195 verbnm
1482 3132 1514 3194 in
1546 3133 1640 3195 corde
1661 3132 1773 3215 ipsius.
1791 3134 1863 3197 ldeo
1876 3135 1987 3198 Glossa

299 3218 318 3258 ¹·
445 3232 527 3294 laam
538 3231 625 3311 quod
635 3230 774 3312 placeret
784 3232 928 3309 Domino,
942 3241 976 3294 ut
986 3233 1190 3298 benediceret
1245 3233 1382 3295 latetur:
1400 3231 1477 3305 Quia
1493 3229 1526 3291 in
1543 3232 1638 3293 corde
1652 3231 1776 3293 Balaam
1792 3233 1985 3300 desiderium

444 3329 563 3405 lsraeli,
582 3348 783 3411 nequaquam
803 3330 882 3393 abiit
903 3340 937 3393 ut
957 3340 1030 3395 ante
1045 3353 1190 3416 perrexe-
1244 3331 1400 3394 mercedis
1416 3338 1494 3407 erat,
1507 3330 1639 3393 verbum
1651 3330 1775 3393 Domini
1793 3350 1856 3395 non
1873 3334 1905 3395 in
1921 3356 1987 3399 cor-

445 3436 504 3505 rat,
518 3436 553 3489 ut
567 3426 735 3507 augurium
752 3438 916 3508 quereret.
929 3430 973 3491 Ex
987 3431 1105 3512 quibus
1121 3452 1190 3494 ver·
1244 3431 1294 3505 de,
1313 3430 1367 3492 sed
1390 3429 1421 3489 in
1445 3448 1500 3491 ore
1520 3429 1590 3509 ejus
1615 3428 1755 3510 ponitur.
1773 3430 1849 3494 hlira
1867 3434 1986 3497 etenim

445 3525 495 3588 bis
511 3525 699 3604 ostenditur,
717 3528 801 3607 quod
825 3528 883 3591 hac
906 3528 975 3591 vice
996 3530 1143 3593 similiter
1157 3541 1190 3594 et
1244 3527 1483 3609 dispensatione
1503 3525 1664 3607 agebatur,
1681 3536 1717 3588 ut
1736 3529 1835 3591 verba
1853 3534 1987 3614 prophe-

445 3634 607 3706 sequente,
626 3624 706 3687 abiit
720 3624 759 3687 ad
774 3627 980 3706 quaerendum
998 3629 1187 3709 augurium:
1245 3626 1359 3688 tiarum
1386 3646 1456 3707 quas
1482 3626 1566 3688 intra
1591 3626 1794 3690 israeliticam
1818 3630 1935 3707 aulam,
1954 3631 1984 3693 id

444 3724 530 3806 quod
552 3742 614 3785 non
634 3723 788 3805 quaritur
808 3743 826 3785 a
847 3726 920 3802 Deo,
939 3744 996 3788 nec
1017 3726 1057 3789 ab
1076 3728 1189 3807 angelo
1243 3724 1510 3806 esthnagogam,
1523 3725 1777 3802 continebantur,
1791 3746 1848 3809 per
1861 3728 1985 3791 Balaam

445 3822 541 3899 bono,
555 3821 610 3884 sed
627 3822 727 3903 magis
742 3841 761 3884 a
776 3822 890 3905 spiritu
908 3824 1001 3887 malo.
1014 3826 1076 3889 (lor
1092 3827 1189 3906 igitur
1243 3825 1282 3886 ad
1305 3831 1415 3903 gentes
1440 3824 1654 3904 pervenirent,
1671 3825 1747 3886 dum
1768 3824 1797 3887 ei
1822 3828 1987 3890 crederent

444 3920 500 3996 ait,
518 3920 549 3982 Si
573 3919 654 3983 torte
674 3930 820 3983 occurrat
840 3922 919 3983 mihi
936 3924 1111 3986 Dominust
1126 3925 1188 3987 nisi
1243 3930 1370 4001 gentes;
1384 3920 1630 4003 nationibusque
1644 3921 1801 4003 proferret
1815 3933 1935 3987 secreta
1947 3928 1988 3989 de

444 4020 529 4100 quod
546 4018 675 4081 nomine
689 4019 814 4082 Domini
833 4020 983 4100 intelligit
1005 4042 1076 4085 eum
1093 4042 1187 4104 quem
1242 4020 1366 4082 Christo
1383 4020 1544 4101 mysteria,
1562 4040 1599 4082 ac
1618 4038 1768 4101 magnum
1791 4022 1986 4101 thesaurum,

442 4118 567 4181 colebat
593 4125 743 4197 tanquam
769 4118 945 4196 idololatra,
966 4120 1017 4182 cui
1040 4130 1071 4183 ct
1093 4122 1189 4184 sacri·
1244 4137 1308 4180 non
1327 4126 1390 4179 tam
1408 4120 1504 4181 corde
1519 4128 1550 4181 et
1565 4138 1673 4197 sensu,
1692 4139 1788 4201 quam
1808 4139 1863 4185 ore
1878 4131 1909 4184 et
1924 4141 1989 4185 scr-

445 4216 565 4279 licavit.
579 4216 635 4279 Vel
660 4217 788 4279 nomine
808 4218 932 4279 Domini
956 4238 1067 4281 verum
1091 4222 1186 4283 Deum
1203 4224 1228 4284 D
1243 4236 1348 4279 mone.
1367 4218 1437 4281 Hac
1456 4217 1577 4280 Glossa.
1590 4217 1813 4282 Verumtamen
1834 4221 1893 4283 hoc
1913 4222 1988 4283 ulti-

442 4314 599 4393 designat,
618 4332 712 4395 quem
728 4314 822 4375 ctiam
839 4315 937 4377 coluit
957 4318 1046 4397 juxta
1067 4320 1189 4400 praeha-
1244 4335 1331 4377 mum
1356 4316 1489 4379 verbnm
1513 4315 1643 4393 Glosse,
1672 4335 1734 4381 non
1760 4327 1809 4379 est
1833 4319 1877 4381 sic
1904 4322 1988 4383 acci-

443 4410 521 4489 bita‚
539 4420 575 4473 ut
593 4410 757 4493 amplioris
776 4413 973 4475 auctoritatis
993 4434 1062 4478 esso
1080 4418 1188 4479 creda·
1243 4414 1406 4495 piendum,
1434 4415 1526 4496 quasi
1550 4414 1675 4477 Balaam
1706 4434 1769 4478 non
1792 4416 1987 4481 intellexerit

444 4518 494 4571 tur
516 4528 611 4573 omne
632 4511 716 4591 quod
737 4510 802 4591 agit
825 4518 856 4573 et
881 4511 1032 4593 loquitur.
1057 4516 1188 4597 Propter
1242 4512 1394 4575 vaticinia
1419 4532 1568 4594 suaque
1591 4513 1676 4575 inlra
1698 4514 1854 4577 habentur
1876 4516 1986 4580 :alias

443 4610 528 4690 quod
551 4608 658 4671 subdit
676 4620 728 4670 :et
747 4613 970 4691 qaedamaqae
991 4616 1074 4673 mila·
1089 4616 1188 4692 trapa·
1243 4629 1305 4672 non
1324 4609 1612 4693 inissetpropheta,
1625 4612 1986 4693 quiaintelligentiaest
2013 4638 2114 4682 anea·

443 4710 577 4779 raverit,
596 4712 710 4789 loquar
726 4710 795 4769 tibi.
994 4720 997 4731 ⁴
1241 4728 1321 4791 opus
1344 4710 1378 4771 in
1401 4710 1544 4783 visione;
1563 4711 1617 4773 sed
1634 4711 1718 4792 quod
1740 4711 1845 4775 cordis
1867 4713 1920 4775 sui·
1937 4714 1986 4775 af-

446 4842 449 4848 ·
499 4809 666 4886 Quamque
686 4808 808 4867 'abisset
838 4810 998 4878 velociter,
1028 4811 1186 4875 desiderio
1241 4806 1337 4871 lectio
1362 4808 1610 4871 revelationibus
1626 4808 1687 4870 sihi
1711 4808 1804 4871 lactis
1824 4829 1887 4874 non
1908 4830 1986 4873 con-

442 4904 661 4985 compla'oendi
688 4903 970 4986 satisfaciendique
995 4909 1072 4989 regi,
1097 4918 1127 4971 et
1150 4919 1185 4972 ut
1240 4908 1400 4971 cordabat.
1414 4912 1584 4977 Reuersus,
1596 4910 1722 4969 invenit
1732 4913 1835 4970 Balce
1847 4920 1985 4972 amntem

438 5002 599 5083 promissa
624 5002 800 5083 acquireret
826 5004 967 5085 praemia,
991 5011 1131 5068 occurrit
1154 5012 1186 5068 ei
1232 5008 1336 5083 juata
1351 5010 1571 5067 holocaustam
1584 5028 1680 5068 satam
1692 5029 1704 5067 .·
1718 5006 1808 5088 juxta
1823 5009 1906 5089 qnod
1917 5018 1986 5072 sta·

440 5103 539 5169 Deae,
556 5100 586 5163 id
603 5108 651 5163 est
665 5100 796 5181 angelus
813 5102 845 5163 in
862 5102 916 5166 Dei
939 5122 1074 5185 persona
1090 5124 1184 5186 appa·
1237 5103 1301 5179 bat,
1325 5114 1359 5165 nt
1384 5106 1462 5167 deus
1488 5124 1565 5166 suus
1590 5105 1763 5187 respiceret
1786 5126 1861 5168 enm
1885 5108 1984 5170 simul

436 5216 513 5261 rens
529 5206 559 5262 et
585 5200 812 5281 loquens,'non
839 5212 968 5283 propter
991 5202 1104 5264 merita
1129 5212 1183 5265 aut
1237 5221 1310 5265 cum
1336 5202 1496 5266 sacrificio
1522 5223 1580 5267 suo
1603 5228 1610 5277 ;
1637 5215 1666 5264 et
1690 5224 1798 5265 omnes
1817 5206 1985 5283 principes

435 5298 549 5380 preces
565 5298 700 5376 Balaam,
718 5299 773 5362 sed
788 5300 840 5381 (ut
860 5301 1044 5363 dictumest
1065 5320 1182 5382 prece·
1233 5304 1467 5375 Moabitarum,
1495 5302 1544 5365 vel
1571 5302 1761 5383 simpliciter
1784 5322 1911 5380 omnes,
1929 5306 1982 5368 vel
