4309 6259
412 486 452 577 38
791 526 964 573 manuario
985 526 1015 570 ut
1037 526 1106 571 GAP.
1128 524 1206 570 xxul
1225 523 1327 569 axoni.
1349 542 1390 554 -
1410 524 1481 570 ΛΒΤ.
1504 523 1575 570 xtvt

413 703 499 785 quod
513 700 687 765 adversarii
703 700 914 782 ejiciebantur
929 718 966 761 ex
982 701 1082 761 salit
1096 696 1197 758 creh
1214 704 1329 778 potest,
1355 696 1532 779 prasertim
1553 696 1594 759 ab
1617 695 1673 760 illo
1695 696 1776 774 loce,
1797 699 1877 759 Ecce
1899 716 1953 773 epo

411 811 503 862 scant
518 811 629 862 contra
645 809 673 859 te
688 802 802 872 bestia,
815 798 847 860 id
864 804 922 875 est,
933 795 1008 859 ferae
1024 796 1158 858 indomi-

413 909 452 963 tae
469 899 724 982 multiplicentur
735 898 769 959 in
786 916 911 978 ea,quae
927 895 1008 958 fiant
1024 894 1156 957 nocive.

414 999 487 1062 Ideo
508 997 678 1061 subditur:
696 998 865 1059 Paulatim
883 998 1040 1073 capellam
1055 1014 1105 1053 cos
1119 996 1157 1053 de

413 1106 579 1175 coaspecta
599 1107 663 1167 tao,
673 1099 779 1156 1ιίονιθθ
796 1096 949 1171 aapcaris
969 1110 1102 1155 numero
1121 1110 1157 1153 ac

414 1198 538 1274 robore,
549 1205 579 1256 et
590 1198 754 1273 possideas
771 1204 901 1255 terram.
913 1193 975 1255 Nee
991 1191 1053 1253 ista
1068 1190 1159 1253 intel-

413 1295 541 1375 ligenda
560 1301 634 1356 sunt
653 1292 743 1374 quasi
759 1292 841 1355 Deus
862 1310 925 1354 non
946 1290 1086 1373 potuerit
1104 1289 1159 1351 be

414 1394 547 1456 stiarum
573 1392 699 1454 illarum
726 1390 1024 1472 multiplicationem
1050 1407 1086 1450 ao
1111 1407 1159 1449 ra-

415 1493 500 1557 biem
519 1491 687 1573 impedire,
705 1492 760 1554 sed
777 1490 853 1571 quia
869 1508 933 1553 non
948 1489 1018 1551 vult
1033 1508 1159 1570 semper

414 1591 523 1656 omnia
544 1588 827 1671 supernaturaliter
842 1588 979 1671 operari,
998 1608 1037 1651 ne
1052 1587 1160 1650 videa-

414 1700 466 1753 tur
483 1707 546 1752 uon
562 1689 755 1779 approbator
765 1688 918 1750 naturalis
933 1706 1045 1749 cursus
1061 1705 1098 1749 ac
1113 1703 1160 1749 or-

415 1788 500 1853 dinis
522 1806 639 1851 rerum.

1212 798 1342 856 mittam
1363 800 1515 873 anpelam
1535 817 1642 856 meam
1661 798 1720 875 qui
1733 798 1894 873 pracedat
1913 805 1951 856 te.

1210 894 1269 957 Ubi
1287 914 1344 977 per
1358 890 1515 974 angelum,
1525 893 1657 975 mystice
1672 894 1861 974 intelligitur
1869 894 1955 957 Chri-

1211 994 1403 1073 stus,magni
1414 994 1541 1057 consilii
1552 993 1954 1075 Angelus,missusaPatre
1984 1014 2084 1063 rma.

1211 1101 1284 1155 ante
1305 1094 1462 1174 populum
1480 1092 1703 1169 christianum,
1719 1093 1775 1174 qui
1791 1100 1822 1155 et
1837 1092 1954 1155 electos

1210 1192 1366 1254 lsraelitas
1381 1192 1554 1274 praecessit,
1562 1193 1773 1273 personaliter
1786 1193 1903 1255 docens
1918 1210 1955 1254 ac

1211 1308 1324 1369 regens
1340 1308 1412 1355 eos:
1426 1291 1459 1352 in
1475 1309 1538 1371 quo
1555 1289 1616 1352 fuit
1631 1310 1747 1354 nomen
1761 1289 1956 1372 Patris‚quia

1211 1389 1310 1451 Filius
1326 1410 1421 1454 verus
1435 1398 1484 1453 est
1498 1392 1591 1467 Deus,
1601 1398 1633 1453 et
1646 1390 1736 1452 Pater
1751 1390 1784 1451 in
1799 1388 1879 1451 Filio
1894 1398 1953 1465 est,
1980 1409 2097 1453 rems.

1212 1488 1375 1570 Filiusque
1396 1489 1429 1551 in
1444 1489 1544 1551 Patre.
1562 1488 1649 1562 Quod
1666 1488 1693 1550 si
1707 1488 1832 1552 Christo
1852 1487 1957 1571 perfe
1969 1476 2005 1516 ²⁰·

1212 1596 1262 1649 cte
1282 1587 1509 1665 obedierimus,
1531 1588 1593 1650 erit
1612 1587 1702 1650 Pater
1724 1586 1874 1649 inimicus
1897 1586 1958 1649 ini-

1213 1685 1306 1748 micis
1329 1686 1458 1764 nostris,
1482 1694 1514 1749 et
1538 1684 1722 1766 affligentes
1743 1705 1811 1764 nos,
1836 1686 1959 1748 scilicet

1214 1785 1395 1848 invisibiles
1418 1785 1537 1862 hostes,
1556 1793 1611 1847 aut
1631 1785 1727 1848 etiam
1749 1784 1866 1867 impios
1888 1803 1960 1867 per-

448 1890 576 1951 Poaam
591 1896 699 1948 aatem
711 1887 862 1946 terminos
874 1895 954 1958 taos,
964 1885 996 1947 id
1012 1893 1060 1947 est
1075 1884 1160 1947 fines
1177 1882 1200 1944 B
1215 1892 1385 1961 secutores,
1402 1882 1538 1963 affliget.
1557 1882 1608 1946 Sic
1623 1902 1749 1966 quoque
1763 1884 1845 1948 Deus
1864 1884 1960 1948 bene

416 1987 513 2052 totius
533 1994 625 2049 terrae
640 1984 699 2047 tibi
716 1983 892 2066 promissae,
910 2006 930 2044 a
947 1986 1035 2045 mart
1048 1986 1160 2046 Rubro

416 2087 456 2150 ab
476 2085 610 2162 oriente,
627 2086 785 2164 usquead
801 2104 890 2143 mare
906 2085 1161 2145 Palestinorum

416 2186 456 2249 ab
481 2183 644 2249 occidente
671 2199 678 2244 τ
707 2182 791 2263 quod
820 2200 906 2244 mare
934 2180 1051 2244 dicitur
1076 2199 1162 2243 nunc

417 2284 614 2366 Tyrrhenum
634 2300 670 2344 ac
686 2280 965 2355 Mediterraneum
982 2288 1012 2339 et
1026 2301 1047 2342 a
1061 2282 1163 2340 deser-

418 2394 447 2445 to
462 2380 587 2464 AEgypti
603 2386 747 2461 exparte
767 2378 911 2456 australi,
928 2399 1027 2458 seqare
1041 2382 1086 2439 ad
1100 2381 1162 2454 tta

418 2484 507 2542 viam
529 2479 712 2561 Euphraten
732 2497 750 2540 a
770 2484 860 2558 parte
881 2476 1070 2557 aquilonari.
1088 2476 1163 2550 Quae

417 2587 483 2642 tota
503 2577 590 2657 regio
613 2576 805 2657 quandoque
825 2584 956 2639 vocatur
974 2576 1091 2638 Judaea.
1112 2575 1164 2636 Di-

418 2685 558 2758 cuntque
573 2674 686 2756 aliqui,
703 2674 788 2756 quod
804 2673 865 2735 filii
886 2673 980 2737 lsrael
997 2693 1161 2755 nunquam

418 2776 627 2840 obtinuerunt
648 2782 745 2836 totam
762 2773 844 2836 hanc
864 2780 993 2850 terram,
1011 2773 1087 2853 quia
1102 2773 1162 2835 sub

419 2874 594 2958 praehabita
618 2872 800 2936 conditione
831 2872 892 2935 fuit
921 2872 967 2933 eis
991 2872 1159 2954 promissa.

418 2973 480 3036 hlii
502 2973 625 3050 dicunt,
649 2973 734 3055 quod
758 2970 844 3034 cirea
869 2970 967 3035 finem
994 2971 1083 3051 regni
1105 2972 1162 3033 lla-

1215 1983 1299 2046 dieet
1314 1982 1451 2065 panibus
1472 1982 1590 2045 nostris
1604 1990 1637 2045 et
1651 1982 1754 2064 aquis,
1771 1981 1804 2045 id
1819 1990 1878 2059 est,
1896 1981 1961 2064 spi-

1215 2082 1344 2144 ritualia
1358 2081 1522 2159 alimenta,
1531 2079 1665 2144 virtutes
1679 2090 1712 2144 et
1725 2082 1809 2145 dona
1824 2080 1960 2163 Spiritus

1216 2180 1335 2257 Sancti,
1356 2200 1393 2244 ac
1415 2179 1529 2243 merita
1548 2179 1777 2262 multiplicabit
1797 2178 1831 2241 in
1853 2179 1958 2243 nobis.

1215 2280 1437 2343 infirmitatem
1453 2297 1592 2360 quoque,
1602 2278 1634 2341 id
1650 2287 1699 2342 est
1714 2277 1876 2342 laesionem
1891 2297 1963 2361 pec·

1216 2379 1290 2457 cati,
1312 2379 1403 2442 tollet
1425 2378 1591 2441 demedio
1614 2377 1726 2442 nostri.
1750 2378 1812 2441 Nee
1831 2378 1892 2441 erit
1913 2378 1963 2440 in-

1217 2476 1356 2541 fecunda
1376 2486 1460 2540 terra
1480 2485 1598 2554 nostra,
1621 2476 1653 2539 id
1674 2485 1722 2539 est
1741 2476 1893 2553 Ecclesia,
1909 2478 1961 2541 vel

1216 2594 1291 2656 ager
1305 2575 1422 2653 cordis,
1441 2595 1497 2638 seu
1517 2594 1590 2638 caro
1606 2584 1725 2652 nostra,
1742 2595 1814 2656 quea
1833 2574 1960 2657 spiritui

1216 2676 1277 2737 erit
1301 2675 1444 2757 subjecta
1464 2693 1499 2736 ac
1521 2674 1664 2737 serviens
1688 2673 1723 2737 in
1745 2674 1838 2738 bonis
1859 2672 1962 2756 operi-

1216 2773 1287 2837 bus.
1312 2774 1484 2835 Numerum
1509 2771 1605 2834 etiam
1630 2772 1753 2835 dierum
1779 2780 1959 2836 nostrorum

1216 2872 1374 2955 implebit,
1392 2871 1452 2935 hoc
1468 2880 1526 2949 θεῖ,
1543 2871 1612 2935 dies
1628 2877 1752 2935 nostros
1772 2872 1890 2935 sanctis
1909 2892 1961 2934 ac-

1217 2972 1302 3034 tibus
1324 2970 1420 3034 faciet
1439 2971 1562 3053 plenos.
1583 2970 1818 3034 Plenitudineln
1838 2972 1960 3054 quippe
1975 2998 2108 3046 misane.

418 3074 484 3151 vid,
502 3080 533 3135 et
552 3081 694 3153 tempore
711 3070 899 3147 Salomonis,
917 3078 1014 3133 totam
1035 3078 1090 3133 aut
1108 3090 1163 3153 pe
1179 3069 1201 3132 C
1216 3070 1313 3133 habet
1327 3068 1393 3132 vita
1404 3070 1574 3151 justorum,
1584 3069 1696 3132 inanes
1711 3088 1787 3132 vero
1803 3079 1877 3132 sunt
1891 3071 1960 3133 dies

420 3192 460 3235 ne
475 3179 573 3236 totam
589 3170 692 3234 sortiti
709 3170 783 3231 sint.
802 3172 886 3237 Quia
903 3174 1030 3231 tradam
1045 3172 1082 3230 irc
1098 3192 1162 3231 ma-

418 3274 516 3331 nibus
531 3270 644 3330 vestris
660 3269 854 3329 habitatores
870 3277 972 3339 terra,
987 3279 1016 3329 et
1031 3270 1162 3346 efficiam

419 3392 469 3431 cos
489 3372 530 3430 de
550 3376 717 3445 conspecta
740 3376 850 3427 uestro.
874 3369 947 3426 Noa
969 3368 1068 3427 inibis
1089 3388 1164 3428 cam

419 3471 465 3529 cis
486 3469 603 3545 scedas,
627 3465 740 3541 idest,
762 3472 890 3546 pactum
912 3484 967 3527 seu
991 3465 1163 3528 amicitiam

421 3584 486 3629 non
508 3563 675 3630 contrahas
695 3582 768 3625 cum
787 3562 974 3625 Chananaeis
994 3582 1030 3625 ao
1049 3564 1164 3627 ceteris

420 3664 568 3746 gentibus
588 3662 664 3739 illis,
686 3660 839 3743 quamdiu
858 3661 893 3723 in
913 3680 969 3723 sua
988 3662 1165 3725 manserint

421 3763 623 3840 infidelitate,
641 3782 697 3822 aec
715 3762 874 3822 comdiis
892 3782 1015 3832 eoram,
1032 3762 1165 3843 promit-

420 3864 515 3926 tendo
545 3870 600 3925 aut
623 3860 844 3923 concordando
870 3861 955 3942 quod
981 3860 1087 3923 velitis
1116 3860 1164 3923 eis

421 3961 552 4039 servire,
569 3960 651 4023 sicut
667 3958 699 4021 in
716 3959 798 4022 libro
814 3959 960 4021 iudicum
977 3959 1106 4040 quidam
1122 3958 1165 4022 fe

419 4062 502 4125 cisse
517 4060 675 4139 leguntur.
690 4061 763 4119 Noa
780 4060 922 4119 habitent
939 4061 975 4119 ia
991 4068 1077 4119 terra
1095 4068 1162 4130 taa,

420 4161 481 4224 hoc
496 4166 554 4236 est,
568 4174 632 4220 non
648 4156 812 4239 permittas
825 4175 879 4220 eos
892 4156 950 4219 tibi
967 4156 1161 4234 cohabitare,

1217 3169 1400 3252 impiorum.
1413 3167 1480 3231 viri
1503 3168 1578 3231 item
1595 3166 1787 3248 sanguinum
1807 3177 1839 3232 et
1858 3169 1961 3232 dolosi
1976 3188 2108 3235 renea.

1217 3287 1281 3332 nou
1297 3266 1514 3330 dimidiabunt
1527 3267 1596 3330 dies
1612 3285 1698 3330 suos.
1710 3267 1843 3349 Insuper
1857 3268 1969 3331 mittet·

1217 3376 1370 3429 terrorem
1387 3365 1529 3429 suumin
1546 3384 1740 3447 praecursum
1757 3366 1962 3445 nostrum,ita

1217 3466 1302 3547 quod
1324 3465 1545 3527 invisibilibus
1566 3464 1723 3543 hostibus,
1745 3473 1840 3547 atque
1860 3466 1962 3529 incre

1217 3565 1301 3628 dulis
1316 3564 1465 3644 gentibus
1485 3564 1604 3625 erimus
1620 3565 1792 3642 metuendi,
1810 3573 1960 3646 tanquam

1216 3674 1391 3728 castrorum
1407 3663 1492 3727 acics
1507 3663 1861 3745 ordinata.Occidetque
1875 3664 1958 3742 illos,
1977 3685 2110 3734 cares.

1217 3764 1249 3826 id
1271 3772 1331 3841 est,
1355 3761 1564 3825 succumbere
1586 3761 1694 3840 faciet,
1715 3771 1747 3825 et
1767 3762 1846 3826 vitia
1868 3763 1961 3827 nobis

1217 3861 1605 3943 subjicietllerumtamen
1621 3880 1686 3924 non
1705 3879 1769 3924 uno
1783 3880 1963 3943 anumque

1217 3962 1303 4023 niam
1320 3960 1388 4025 vult
1407 3968 1442 4022 ut
1461 3960 1615 4042 paulatim
1631 3958 1852 4041 proficiamus,
1868 3967 1900 4023 et
1914 3961 1962 4041 ju-

1217 4060 1298 4141 giter
1314 4068 1424 4122 contra
1444 4058 1523 4121 vitia
1543 4056 1736 4139 praeliemur,
1754 4078 1795 4121 ne
1814 4059 1841 4120 si
1862 4058 1963 4121 nimia

1217 4158 1387 4221 securitate
1415 4166 1447 4220 et
1473 4156 1659 4239 quietudine
1688 4157 1805 4220 resolvi
1829 4158 1963 4240 coeperi·

420 4280 459 4320 ne
479 4260 561 4336 sorte
577 4276 709 4335 peccare
725 4266 754 4316 te
773 4257 900 4335 saciant
920 4259 957 4317 ia
979 4276 1038 4328 me,
1055 4257 1085 4315 si
1100 4277 1164 4316 ser-
1177 4259 1203 4320 b
1217 4277 1288 4319 mus
1318 4276 1354 4319 ac
1386 4264 1557 4338 tepescere,
1587 4263 1670 4319 terra
1695 4264 1813 4335 nostra,
1840 4256 1962 4320 seilicet

420 4358 517 4419 cieris
532 4358 599 4417 diis
612 4375 723 4415 eoram
739 4372 750 4413 .·
766 4358 852 4433 qaod
873 4356 932 4415 tibi
950 4365 1029 4415 carte
1049 4358 1111 4416 erit
1126 4356 1162 4415 ia

417 4456 620 4517 scandatum.
644 4452 823 4516 Periculosa
842 4471 979 4534 namque
1000 4462 1048 4516 est
1070 4454 1163 4516 vitio

419 4572 525 4618 sorum
549 4551 694 4629 societas,
713 4550 888 4633 praesertim
906 4550 1104 4633 imperfectis
1126 4570 1161 4614 ac

418 4653 529 4736 pronis
545 4654 584 4715 ad
597 4650 685 4713 vitia.
699 4650 738 4711 Et
753 4649 905 4730 quoniam
921 4648 983 4711 filii
994 4649 1089 4712 lsrael
1102 4650 1162 4712 ista

419 4756 482 4817 non
513 4751 672 4826 lecerunt,
704 4749 759 4812 sed
788 4748 990 4811 concordiem
1020 4747 1161 4811 inierunt

417 4870 490 4915 cum
512 4847 709 4924 chananaeis,
731 4846 953 4929 permittentes
976 4865 1030 4911 cos
1052 4866 1160 4910 secum

418 4949 477 5013 sub
488 4948 610 5011 tributo
625 4945 754 5022 morari,
763 4944 937 5026 junxerunt
947 4963 1020 5008 eum
1031 4944 1077 5007 eis
1088 4964 1161 5008 eon·

417 5047 525 5124 nubia,
543 5055 638 5127 atque
653 5044 687 5106 in
703 5042 915 5107 idololatriam
931 5052 1129 5107 corruerunt.

273 5156 401 5233 snesan-
454 5148 617 5222 Praetcrca,
640 5144 679 5207 de
699 5140 858 5224 spirituali
879 5162 974 5205 sensu
994 5142 1091 5224 hujus
1109 5163 1160 5206 ca-

266 5221 359 5265 ”²¹¹²¹¹⁸'
414 5246 509 5333 pituli
525 5245 610 5308 dicta
628 5250 703 5306 sunt
720 5240 838 5324 aliqua,
856 5249 887 5304 et
906 5242 1066 5305 modicum
1082 5243 1157 5306 addi

1217 4374 1290 4436 ager
1308 4355 1413 4419 cordis
1429 4363 1484 4417 aut
1499 4374 1583 4431 caro,
1601 4354 1634 4416 in
1650 4354 1855 4418 solitudinem
1871 4356 1962 4419 vitio

1216 4474 1286 4515 rum
1306 4455 1479 4533 redigatur,
1495 4454 1550 4516 Dei
1572 4453 1804 4517 inhabitatione
1824 4454 1958 4536 privata,

1215 4560 1311 4634 atque
1333 4552 1506 4615 virtutibus
1529 4551 1675 4634 spoliata.
1698 4553 1870 4630 Postremo,
1893 4554 1962 4615 vult

1215 4652 1297 4714 Deus
1313 4659 1347 4712 ut
1362 4650 1546 4732 iniquorum
1562 4670 1597 4713 ac
1608 4650 1783 4714 carnalium
1795 4652 1959 4716 hominum

1216 4749 1393 4832 periculosa
1418 4750 1554 4813 vitemus
1579 4750 1750 4829 consortia,
1778 4760 1809 4814 et
1833 4770 1961 4815 omnem

1215 4849 1473 4912 communionem
1500 4868 1610 4912 eorum
1636 4848 1794 4928 illicitam,
1824 4870 1863 4914 ne
1888 4870 1961 4914 cum

1215 4948 1373 5030 perversis
1394 4955 1623 5030 pervertamur,
1646 4958 1678 5011 et
1698 4949 1793 5013 rebus
1813 4948 1904 5012 vanis
1924 4969 1961 5012 ac

1215 5046 1309 5110 foedis
1331 5054 1363 5109 et
1385 5046 1516 5124 vilibus,
1538 5054 1690 5129 tanquam
1712 5048 1774 5111 diis
1795 5067 1832 5111 ac
1854 5046 1959 5125 idolis,

1214 5143 1405 5227 incipiamus
1426 5144 1498 5226 plus
1520 5145 1682 5208 adhaerere
1703 5166 1739 5209 ac
1755 5146 1838 5209 velle
1857 5146 1960 5228 placc-

1213 5262 1258 5321 re‚
1275 5260 1370 5323 quam
1387 5260 1462 5306 vero
1477 5243 1551 5307 Deo.
