4309 6259
435 483 496 545 236

811 503 986 549 Enanna'rlo
1008 504 1038 549 ΙΝ
1059 503 1128 549 GAP.
1151 503 1192 548 XV
1214 504 1350 551 Luvtrlct.
1373 524 1414 534 -·
1434 506 1505 551 ΛΒΤ.
1529 505 1615 552 XXXII

437 679 489 732 tur
505 671 749 752 intelligendum
765 676 853 755 juxta
872 675 1046 757 praehabita
1062 676 1101 737 de
1116 693 1184 756 sep·
1199 672 1354 739 h'stiores
1380 686 1454 738 sunt
1474 677 1605 740 seminis
1631 678 1699 757 ejus
1725 678 1874 741 humores
1897 697 1979 740 eom-

436 771 559 833 tcnario
581 771 716 850 dierum,
736 774 945 836 cessationem
967 774 1075 836 fluxus
1097 773 1184 835 illius

437 870 652 951 sequentium.
662 872 783 934 Dicitur
794 883 899 936 autem
912 874 1101 936 mulieribus
1113 892 1185 936 eon·

437 969 743 1047 suetudinarium,ut
754 991 772 1033 a
784 980 926 1053 tempore
940 992 1005 1054 quo
1015 973 1185 1053 concipere

436 1077 570 1147 queunt,
580 1088 683 1149 usque
697 1070 737 1132 ad
755 1079 959 1152 tempusque
976 1071 1184 1133 desinunteis

437 1165 606 1228 muliebria
635 1166 720 1244 fieri,
747 1176 779 1230 et
808 1169 977 1250 concipere
1008 1178 1182 1250 nequeunt,

436 1264 581 1345 quolibet
596 1285 707 1328 mense
722 1267 926 1329 menstrualis
943 1268 1105 1349 patiantur
1115 1287 1184 1329 san-

436 1362 542 1440 guinis
569 1362 703 1440 fluxum,
733 1365 795 1426 nisi
822 1366 983 1428 interdum
1010 1365 1184 1427 infirmitas

436 1470 491 1522 aut
506 1471 679 1543 conceptus
696 1463 859 1544 impediat.
880 1467 991 1527 Omnis
1007 1468 1065 1544 qm'
1082 1467 1184 1542 tettae-

436 1560 481 1619 rr't
506 1580 588 1631 eam,
612 1560 734 1624 seilicet
757 1562 887 1642 aliquod
912 1563 981 1643 ejus
1005 1561 1183 1624 membrum

437 1665 491 1718 aut
506 1658 746 1736 vestimentum,
763 1669 817 1722 aul
837 1662 922 1741 quod
944 1681 981 1723 ex
1003 1661 1090 1721 illius
1110 1679 1185 1722 con-

436 1766 523 1821 taclu
540 1758 699 1840 pollulum
716 1770 774 1837 esf,
799 1763 988 1821 immundas
1008 1764 1070 1821 erit
1087 1781 1184 1839 usqae

1241 776 1389 838 muniter.

1291 879 1447 936 Dacehitt’s
1466 897 1538 953 erpo
1559 880 1644 954 filios
1666 881 1779 946 Isrmd,
1799 888 1833 936 at
1850 888 1979 936 currant

1242 977 1482 1044 immunditias,
1510 985 1539 1034 et
1564 995 1628 1034 non
1655 978 1840 1034 nrorr'antm·
1861 977 1895 1034 ia
1920 996 1980 1034 ..sor-

1242 1075 1336 1132 dr'lms
1352 1075 1431 1132 ants.
1450 1073 1533 1134 lstud
1552 1072 1768 1135 sacerdotibus
1784 1080 1814 1134 et
1831 1071 1977 1154 praelatis,

1242 1171 1569 1252 praedicatoribusque
1583 1171 1724 1252 jubetur.

1280 1270 1432 1332 Praeterea
1448 1271 1487 1332 de
1504 1270 1563 1332 ista
1579 1271 1711 1332 materia
1727 1270 1837 1332 scribit
1849 1269 1980 1332 Thomas

1242 1367 1274 1428 in
1307 1367 1410 1448 prima
1436 1368 1593 1444 secundm,
1620 1367 1795 1448 questione
1821 1367 1880 1429 {02
1906 1386 1913 1429 :
1941 1368 1980 1428 lla

1241 1464 1425 1528 hominibus
1443 1465 1641 1527 immundum
1663 1464 1881 1546 reputabatur,
1893 1466 1981 1546 quid-

1240 1564 1317 1645 quid
1334 1563 1570 1644 corruptionem
1593 1564 1732 1645 aliquam
1748 1565 1812 1645 jam
1834 1563 1978 1638 habebat,

1241 1661 1290 1726 vel
1307 1661 1503 1743 corruptioni
1528 1671 1595 1724 erat
1610 1663 1798 1744 expositum.
1816 1661 1896 1724 lline
1918 1683 1981 1724 mu-

1240 1761 1334 1823 lieres
1351 1763 1508 1841 patientes
1525 1760 1688 1848 sanguinis
1705 1760 1914 1836 fluxum,sire
1929 1781 1981 1842 per

437 1861 481 1917 art
496 1879 673 1936 vesperam.
691 1862 733 1920 Si
753 1863 865 1919 coierit
887 1862 939 1919 afr
958 1881 1032 1920 cum
1052 1882 1089 1920 ea
1112 1871 1185 1920 terra·
1200 1861 1223 1922 B
1241 1858 1475 1934 infirmitatem,
1494 1859 1561 1921 sive
1577 1878 1633 1940 per
1657 1865 1813 1934 naturam,
1835 1858 1885 1920 vel
1910 1867 1981 1920 tem-

434 1975 513 2032 pore
540 1959 713 2033 saepefatis
743 1960 963 2028 arcnstramlt's,
994 1961 1184 2018 immundus

437 2054 499 2113 erit
522 2064 638 2130 septem.
660 2056 781 2115 diaetas.
805 2056 919 2136 Sieque
945 2055 1129 2137 purificatio
1155 2056 1183 2116 ei

437 2152 624 2215 conceditur
651 2171 658 2214 :
686 2157 772 2234 quod
803 2155 1046 2233 intelligendum
1072 2163 1120 2217 est
1145 2155 1184 2217 de

437 2251 518 2326 viro,
541 2253 597 2333 qui
621 2253 723 2315 nescit
746 2252 897 2316 feminam
921 2253 986 2335 pati
1009 2253 1091 2315 hanc
1117 2273 1185 2336 pas-

438 2349 572 2427 sionem,
591 2371 651 2414 nec
673 2351 748 2414 inde
771 2353 803 2413 in
825 2351 946 2433 judicio
969 2352 1182 2415 convincitur.

439 2448 525 2512 lnfra
541 2468 615 2511 rero
632 2450 777 2526 habetur,
788 2451 873 2531 quod
889 2470 958 2513 eam
975 2459 1117 2531 tempore
1129 2450 1184 2513 illo

291 2558 422 2606 Levant&
437 2548 603 2623 accedens,
628 2548 669 2610 sit
692 2549 787 2611 simul
810 2569 882 2611 eum
906 2569 943 2612 ea
965 2548 1181 2612 occidendus:

437 2648 522 2727 quod
546 2648 585 2709 de
608 2666 646 2710 co
670 2647 872 2729 intelligitur,
890 2649 947 2729 qui
968 2649 1105 2711 scienter
1125 2649 1184 2710 hoc

437 2745 513 2825 agit,
532 2754 562 2808 et
579 2755 683 2827 potest
697 2747 856 2810 convinci.
875 2747 959 2809 Talis
975 2749 1095 2829 quippe
1111 2767 1185 2811 con-

437 2843 564 2906 cubitus
581 2845 768 2927 prohibetur
791 2865 854 2908 non
876 2846 979 2908 solum
1000 2845 1040 2908 ob
1062 2845 1185 2908 foedita-

438 2951 499 3004 tem
511 2943 682 3024 preafatam,
691 2947 746 3008 sed
763 2945 838 3007 item
855 2946 930 3026 quia
945 2965 983 3008 ex
998 2963 1036 3007 eo
1050 2946 1185 3026 gignun-

1241 1957 1373 2038 porihus
1390 1957 1631 2033 menstruis,vel
1650 1966 1791 2039 tempore
1806 1957 1981 2038 conceptio-

1241 2057 1399 2131 macram
1416 2055 1603 2130 immundae3
1621 2056 1768 2118 similiter
1784 2055 1845 2117 viri
1862 2055 1980 2117 fluxum

1240 2155 1371 2218 seminis
1402 2155 1557 2235 patientes
1588 2174 1644 2236 per
1669 2153 1903 2230 infirmitatem,
1930 2165 1980 2216 ant

1240 2274 1296 2336 per
1319 2253 1528 2334 pollutionem
1552 2262 1751 2328 nocturnam,
1769 2253 1837 2315 sive
1858 2271 1914 2333 per
1934 2273 1983 2315 eo

1240 2353 1319 2414 itum
1332 2370 1339 2413 :
1352 2350 1503 2434 quoniam
1515 2351 1620 2413 omnis
1631 2351 1815 2427 humiditas,
1824 2351 1982 2432 praedietis

1240 2451 1342 2514 modis
1359 2450 1399 2512 ab
1416 2449 1545 2512 homine
1560 2450 1912 2530 egrediensquamdam
1929 2449 1984 2510 im-

1240 2551 1393 2612 mundam
1416 2548 1510 2612 habel
1531 2547 1750 2610 infectionem.
1768 2548 1857 2611 Ratio
1878 2555 1982 2610 autem
2058 2569 2063 2580 ’

1241 2647 1386 2728 figuralis
1403 2647 1534 2710 istorum
1552 2647 1712 2728 erat,quia
1727 2665 1784 2728 per
1800 2647 1983 2728 hujusmodi

1240 2747 1411 2811 exteriores
1435 2746 1655 2807 immunditias
1676 2745 1801 2807 diversa
1823 2744 1985 2824 signifiea-

1239 2845 1355 2907 bantur
1385 2853 1523 2926 peecata.
1550 2844 1607 2908 Per
1636 2843 1871 2906 immunditiam
1898 2845 1983 2906 enim

1239 2944 1382 3006 mulieris
1410 2942 1646 3023 sanguinifluaa,
1671 2942 1897 3023 designabatur
1927 2943 1984 3003 im-

437 3049 488 3102 tur
518 3041 625 3122 proles
654 3052 875 3119 monstruosae,
901 3053 955 3105 aut
984 3043 1063 3106 alias
1093 3044 1221 3109 valdeC
1240 3042 1395 3104 munditia
1407 3042 1594 3104 idololatriae
1604 3049 1732 3122 propter
1743 3041 1984 3104 immolaticium

436 3138 629 3203 defectuosae
646 3150 677 3203 et
697 3161 798 3221 aegra,
818 3151 946 3224 propter
966 3141 1184 3223 indispositio-

438 3257 510 3300 nem
537 3238 688 3300 materias.
715 3239 804 3300 Unde
829 3241 855 3300 si
883 3248 1024 3321 tempore
1054 3240 1108 3303 tali
1135 3241 1184 3302 vir

437 3344 524 3416 petat
539 3356 558 3398 a
575 3335 696 3398 femina
714 3337 867 3412 debitum,
886 3339 941 3400 illa
960 3349 1115 3419 quantum
1132 3359 1185 3402 va-

438 3433 492 3508 let,
509 3433 604 3495 debet
625 3434 837 3510 dissimulare,
855 3454 999 3511 renuere,
1017 3456 1073 3498 seu
1089 3437 1185 3518 aegri-

438 3531 580 3594 tudinem
611 3532 706 3595 aliam
737 3534 899 3595 simulare.
932 3535 1045 3596 Tutum
1076 3544 1182 3610 tamen

438 3647 501 3692 non
518 3640 612 3707 osset,
623 3632 708 3712 quod
726 3631 905 3712 passionem
923 3653 1012 3694 suam
1029 3635 1184 3696 indicaret

436 3728 561 3805 marito,
587 3730 648 3791 nisi
674 3731 713 3793 de
743 3731 813 3811 ejus
843 3740 1049 3813 praesumeret.
1078 3731 1184 3813 probi-

437 3835 509 3889 tate.

480 3929 601 3987 fllah'er
620 3948 690 4006 qam
710 3930 840 4006 patitur
862 3931 974 3988 irruitis
995 3931 1106 3989 diebus
1121 3933 1184 4005 fla-

434 4044 518 4084 mam
532 4028 705 4102 sanguinis
724 4044 763 4088 ex
780 4024 969 4087 infirmitate
986 4045 1041 4088 seu
1058 4027 1180 4104 morbO,

437 4139 502 4183 non
527 4139 564 4184 ex
589 4141 683 4185 causa
709 4122 837 4203 penitus
863 4125 1028 4185 naturali:
1054 4133 1086 4186 et
1111 4125 1183 4186 talis

1238 3159 1393 3204 eruorem.
1404 3141 1461 3202 Per
1477 3138 1712 3201 immunditiam
1728 3158 1802 3201 vero
1820 3138 1878 3201 viri
1891 3140 1984 3202 semi-

1239 3239 1345 3315 niflui,
1363 3237 1561 3318 figurabatur
1577 3236 1780 3298 immunditia
1795 3256 1885 3299 vana¹
1902 3237 1985 3299 loeu-

1239 3337 1505 3418 tioniS,quoniam
1523 3354 1631 3398 semen
1647 3343 1695 3398 est
1705 3334 1838 3397 uerbum
1853 3334 1984 3398 DeiPar

1237 3433 1471 3497 immunditiam
1485 3434 1627 3496 mulieris
1638 3435 1983 3506 menstruataeimmun-

1238 3533 1317 3596 ditia
1333 3533 1450 3595 mentis
1468 3551 1524 3614 per
1540 3532 1718 3614 voluptates
1733 3531 1895 3594 emollitae.
1913 3531 1983 3593 l'ni·

1237 3631 1402 3695 versaliter
1413 3650 1488 3694 vero
1500 3650 1555 3712 per
1568 3630 1803 3694 immunditiam
1819 3638 1982 3692 contactus

1238 3730 1283 3791 rei
1311 3730 1495 3803 immundae,
1520 3728 1757 3809 exprimebatur
1778 3726 1982 3789 immunditia

1237 3847 1411 3892 cousensus
1422 3828 1454 3889 iu
1467 3828 1601 3890 aliorum
1613 3827 1832 3908 peccatishaac
1840 3827 1982 3890 Thomas

1278 3928 1410 4008 Insuper
1429 3925 1616 3988 Guillelmus
1640 3925 1722 3987 libro
1737 3925 1776 3987 de
1798 3925 1872 3987 Fide
1888 3933 1919 3987 et
1942 3925 1982 3988 le-

1237 4025 1342 4107 gibus,
1369 4024 1483 4087 dehis
1509 4023 1635 4104 plenius
1661 4023 1804 4086 scribens
1830 4040 1836 4083 :
1861 4023 1979 4092 llulier,

1238 4123 1354 4206 inquit,
1372 4131 1568 4185 menstruata
1590 4129 1735 4203 reputata
1750 4131 1796 4184 est
1819 4121 1982 4184 immunda

438 4221 545 4302 passio
570 4240 608 4282 ex
634 4231 764 4302 peccato
790 4219 974 4303 frequenter
998 4223 1157 4304 contingit
1174 4248 1181 4298 ;
1200 4226 1222 4286 ll
1239 4224 1413 4287 seeundum
1431 4221 1584 4302 quosdam
1596 4222 1616 4300 l·
1627 4219 1819 4292 Zabaeorum
1833 4219 1887 4300 qui
1903 4220 1982 4282 adeo

436 4339 501 4378 aaa
518 4322 554 4379 in
578 4330 716 4396 tem-pore
738 4324 942 4392 menstruali,
959 4327 1008 4381 vel
1023 4344 1094 4401 qtae
1112 4334 1183 4400 post

438 4427 639 4478 menstruam
654 4421 843 4496 sanquinem
861 4423 962 4495 fluere
978 4441 1043 4480 noa
1059 4432 1156 4482 cassat
1171 4447 1184 4493 ,-

436 4518 596 4594 quamdiu
616 4519 694 4576 laar'c
712 4518 851 4594 subjacet
867 4521 1025 4594 passiani,
1043 4521 1184 4579 illimata-

435 4617 478 4673 da
495 4617 557 4675 erit
573 4618 668 4693 paasa'
681 4619 724 4676 sit
741 4618 777 4676 ia
796 4626 932 4692 ternpore
948 4627 1121 4688 menstrua,
1140 4617 1184 4679 ita

436 4713 522 4793 quod
538 4731 631 4777 nemo
647 4733 715 4776 eam
733 4715 874 4790 accedet,
885 4724 1094 4795 separatoque
1110 4716 1181 4778 erit.

437 4813 477 4870 Si
491 4815 611 4872 steterit
626 4815 761 4888 sarrpaia
776 4822 805 4872 ct
820 4816 921 4888 flama
936 4817 1116 4885 inescaverat,
1127 4837 1184 4874 rra-

438 4912 575 4970 merubit
599 4921 715 4986 septem
738 4913 816 4980 dica,
844 4919 904 4973 cle.
928 4912 1014 4973 lstud
1037 4913 1076 4974 de
1099 4913 1185 4994 puri-

439 5005 591 5069 ficatione
620 5008 690 5088 ojus
720 5016 751 5070 et
781 5008 943 5071 oblatione
972 5028 1030 5090 pro
1060 5029 1111 5087 ea,
1138 5011 1185 5072 in-

437 5103 646 5185 telligendum
671 5113 730 5182 est,
748 5106 829 5169 sieut
854 5107 893 5168 de
918 5106 979 5168 riri
1005 5107 1183 5170 seminiflui

438 5203 870 5286 purgationc,saerificioque
885 5206 1063 5286 expositum
1081 5216 1127 5269 est
1139 5217 1185 5270 :et

438 5301 514 5383 quia
539 5300 572 5364 in
601 5301 721 5365 femina
746 5303 852 5367 minor
877 5312 925 5366 est
949 5305 1045 5383 calor,
1063 5306 1185 5388 indigo-

1238 4321 1482 4385 exsecrabantur
1497 4318 1763 4399 menstrua‚qu0d
1780 4317 1980 4380 crediderunt

1239 4441 1275 4484 ea
1291 4439 1355 4482 non
1372 4418 1431 4480 nisi
1450 4419 1522 4494 igne
1539 4416 1771 4499 possepurgari
1785 4437 1792 4480 τ
1806 4425 1836 4478 ct
1854 4424 1983 4497 propter

1238 4520 1299 4581 hoc
1319 4517 1588 4580 comburebantur
1603 4516 1793 4579 vestimenta
1813 4534 1932 4590 earnm,
1951 4522 1981 4576 et

1238 4616 1346 4681 omnia
1363 4635 1433 4696 quaa
1450 4614 1629 4694 tetigissent
1652 4623 1794 4695 tempore
1809 4621 1984 4675 menstrua-

1238 4713 1272 4777 li.
1290 4715 1328 4774 Et
1343 4712 1419 4794 quia
1435 4713 1513 4775 ritus
1538 4711 1592 4773 ille
1609 4720 1729 4773 tantum
1752 4710 1925 4772 inoleverat
1949 4709 1984 4771 iu

1240 4822 1322 4875 terra
1337 4811 1459 4892 rllgypti
1477 4819 1508 4872 et
1524 4810 1556 4870 in
1575 4818 1656 4872 terra
1672 4807 1903 4890 promissionis
1917 4826 1984 4870 non

1239 4911 1344 4993 potuit
1360 4909 1496 4990 populus
1513 4909 1605 4970 lsrael
1623 4906 1655 4968 in
1673 4915 1738 4970 toto
1753 4906 1852 4968 averti
1869 4905 1907 4967 ah
1924 4924 1982 4968 eo:

1239 5011 1310 5072 ideo
1326 5008 1410 5072 eirea
1425 5008 1485 5070 hoo
1497 5005 1573 5068 fecit
1588 5006 1760 5086 legislator,
1770 5005 1854 5084 quod
1871 5003 1903 5065 in
1919 5003 1986 5085 ple

1239 5108 1278 5170 be
1295 5116 1357 5168 tam
1374 5106 1462 5167 durae
1482 5104 1614 5167 cervicis
1639 5103 1710 5165 fieri
1734 5103 1848 5184 potuit,
1870 5102 1986 5163 immu-

1241 5216 1311 5268 tans
1342 5204 1439 5265 ritum
1471 5203 1558 5264 illum
1591 5211 1622 5264 et
1652 5202 1813 5281 mitigans,
1836 5200 1984 5281 judicans

1240 5310 1452 5367 menstruatas
1476 5302 1656 5363 immundas
1679 5309 1710 5362 et
1732 5319 1768 5362 ca
1783 5318 1855 5380 quaa
1875 5299 1986 5379 tetige-
