4309 6259
555 522 729 570 anananrto
750 522 781 567 ut
802 520 870 566 GAP·
894 519 955 565 XXV
976 519 1113 565 LEVl'l'lGl.
1136 538 1176 549 -
1196 519 1266 566 aar.
1290 519 1360 565 xavt

1667 483 1726 548 297

183 705 240 756 est.
264 695 454 760 Suburbana
479 696 600 777 quippe
624 694 817 768 Levitarum,
840 698 931 754 erant
945 688 970 750 Α
986 687 1053 752 rius
1075 698 1170 752 secta
1190 709 1226 753 ac
1247 687 1408 762 nationis,
1431 689 1485 746 sect
1504 685 1598 764 quusi
1617 698 1729 740 merco-

184 793 254 856 loca
271 796 435 876 pascualia
454 804 542 858 extra
561 803 593 857 ct
613 812 712 876 prope
732 792 827 854 urbes
849 790 932 872 ipse

183 912 255 954 rum
271 893 345 971 sita,
361 904 393 956 et
408 894 622 957 communitor
638 893 789 973 deputata
808 888 931 952 alendis

182 1009 294 1053 eorum
325 993 506 1074 pecoribus,
534 1000 566 1054 et
596 993 640 1052 ita
669 997 760 1052 erant
786 987 931 1068 quaedam

183 1091 369 1152 communia
381 1090 466 1153 bona
479 1109 486 1152 ε
500 1089 725 1172 propterquod
737 1084 932 1167 asingulari-

182 1187 242 1249 bus
253 1189 352 1251 vcndi
364 1207 428 1251 non
440 1197 596 1271 poterant,
604 1189 659 1250 sed
670 1195 761 1250 erant
770 1186 854 1248 bona
865 1201 932 1265 per-

183 1295 291 1368 petua,
311 1287 388 1368 quia
405 1287 618 1352 communitas
636 1285 691 1348 illa
711 1284 862 1358 Leritica,
879 1280 931 1343 cui

182 1385 373 1462 attinebant,
382 1387 557 1462 secundum
569 1405 604 1447 se
615 1394 712 1448 totam
724 1402 787 1446 non
800 1379 930 1444 defecit.

231 1483 382 1564 Sequitur
407 1484 472 1546 alia
496 1484 546 1546 lex
572 1483 699 1565 pietatis
724 1484 764 1544 dc
788 1479 933 1562 proximo

184 1600 248 1642 non
270 1583 445 1662 gravando.
456 1585 497 1644 Si
510 1592 697 1643 attenuatus
711 1581 814 1656 suerit
828 1579 933 1654 frater

184 1691 272 1750 tatus,
289 1691 320 1740 et
337 1683 490 1758 infirmus
508 1697 630 1740 trtcnu:
647 1679 678 1740 id
700 1687 759 1754 est,
777 1677 804 1740 si
829 1674 934 1758 proxi-

183 1798 256 1840 mus
280 1788 355 1840 tuus
379 1787 454 1841 natu
474 1780 599 1841 ludaeos
623 1776 719 1840 luerit
741 1777 933 1857 depaupera-

986 792 1103 850 narius
1117 801 1147 852 ct
1162 794 1291 850 colonus
1306 791 1379 860 erit,
1397 787 1428 849 id
1444 793 1502 860 est,
1521 784 1565 845 ila
1581 777 1729 844 tractabis

986 905 1059 948 cum
1082 896 1177 970 atque
1199 887 1336 962 reficies,
1354 895 1388 948 ut
1413 885 1516 948 solent
1541 875 1728 943 mercenarii

985 993 1018 1047 et
1033 987 1138 1049 coloni
1161 987 1298 1062 tractari,
1316 985 1371 1067 qui
1393 983 1485 1066 quasi
1507 978 1612 1043 medio
1635 976 1729 1038 modo

986 1082 1145 1147 habentur
1166 1085 1250 1148 inter
1271 1085 1393 1168 prolem
1416 1091 1447 1145 ct
1469 1097 1595 1144 serrum
1618 1073 1730 1156 empti-

986 1182 1083 1244 cium.
1102 1183 1217 1247 Servus
1237 1201 1364 1266 quoquc
1381 1183 1529 1244 Hebraeus
1546 1174 1727 1257 empticius,

988 1299 1051 1343 non
1072 1280 1134 1343 luit
1155 1283 1282 1365 penitus
1303 1278 1516 1344 mercenarius
1534 1284 1565 1340 et
1584 1274 1727 1348 colonus,

986 1381 1138 1460 quoniam
1156 1382 1284 1443 domum
1308 1400 1396 1442 suam
1415 1389 1445 1442 et
1462 1395 1571 1458 agrum
1590 1373 1650 1436 luit
1667 1371 1733 1436 cito

988 1488 1242 1562 recuperaturus,
1266 1487 1300 1542 ut
1324 1480 1402 1541 dicit
1422 1477 1541 1540 Glossa.
1567 1479 1666 1552 Usque
1688 1474 1731 1532 ort

987 1600 1113 1640 uranum
1129 1581 1305 1657 jubilaeum
1327 1579 1514 1657 optunditur
1533 1577 1622 1652 apud
1642 1581 1681 1643 tr,
1698 1570 1731 1631 id

986 1686 1046 1753 est,
1065 1678 1123 1740 tibi
1139 1679 1306 1741 deserviet.
1317 1679 1542 1740 Verumtamen
1559 1673 1585 1735 si
1603 1669 1730 1733 interim

987 1777 1174 1840 occurrebat
1190 1797 1293 1840 annus
1308 1775 1515 1850 remissionis,
1526 1771 1647 1836 scilicet
1663 1787 1730 1849 sep-

184 1885 288 1951 tus,et
304 1875 456 1940 facultate
471 1895 528 1939 sen
544 1876 657 1939 robore
672 1874 824 1957 operandi
840 1872 933 1936 desti·
951 1878 973 1940 B
990 1875 1085 1936 timus
1101 1895 1203 1938 annus
1218 1876 1259 1938 ab
1271 1875 1400 1938 exordio
1410 1892 1473 1955 quo
1486 1871 1582 1953 ooepit
1598 1867 1727 1942 servire,

184 1983 273 2037 tutus
286 2000 294 2050 3
306 1985 336 2034 et
351 1978 526 2053 susceperis
540 1995 614 2034 eum
628 1974 669 2036 ad
685 1971 931 2036 cohabitandum

183 2071 254 2148 tibi,
283 2074 381 2150 quusi
407 2075 568 2132 aduenam
594 2082 624 2132 et
649 2072 871 2149 peregrinum,
894 2085 933 2130 co

180 2171 270 2251 quod
294 2170 328 2231 in
351 2168 467 2232 alienis
490 2170 639 2231 domibus
659 2175 884 2243 commoretur,
903 2177 932 2226 et

183 2271 306 2328 uixerit
333 2277 435 2328 tectum
459 2267 543 2329 inter
568 2276 599 2330 te
623 2266 842 2330 conversando
862 2289 869 2340 ;
893 2285 934 2324 nc

182 2369 327 2444 moipios
346 2369 387 2426 nb
402 2386 436 2427 eo
454 2387 571 2426 macras
592 2384 650 2448 pro
669 2383 707 2427 eo
727 2365 812 2446 quod
833 2363 862 2425 ei
883 2382 934 2424 ac·

182 2465 451 2541 commodaveris
461 2485 519 2526 nec
533 2467 677 2542 amplius
688 2485 787 2544 quam
801 2463 933 2529 riedisti,

184 2566 280 2628 idest
294 2563 418 2626 nullam
433 2562 760 2646 superabundantiam
776 2562 859 2623 ultra
873 2579 935 2623 sor·

184 2673 269 2726 tem:
287 2663 367 2743 quia
387 2681 451 2725 non
469 2669 517 2724 est
537 2659 662 2724 alllicto
682 2660 829 2723 addenda
847 2658 935 2721 allli-

183 2763 260 2836 ctio,
275 2761 455 2843 prasertim
472 2762 548 2822 dum
563 2761 707 2841 ejusdem
725 2759 888 2839 religionis
903 2766 935 2821 et

184 2859 329 2923 nationis
350 2859 509 2922 consistit.
531 2862 619 2920 Time
639 2863 742 2920 Deum
765 2869 870 2926 trencin,
887 2876 935 2918 ca-

184 2959 316 3021 ritative
332 2967 364 3021 et
380 2958 527 3021 timorate
543 2966 573 3019 te
589 2957 746 3033 babendo,
759 2957 933 3018 secundum

987 1981 1110 2055 poterat
1131 1974 1237 2052 egredi
1259 1973 1351 2049 liber,
1368 1981 1463 2054 prout
1480 1972 1513 2031 in
1530 1969 1636 2032 Exodo
1651 1985 1731 2048 prae
1755 1987 1877 2038 naseam,

988 2071 1132 2134 habitum
1149 2081 1207 2135 est.
1224 2075 1268 2134 Et
1280 2081 1400 2151 posteo,
1417 2069 1540 2132 scilicet
1555 2067 1589 2129 in
1604 2064 1730 2130 exordio
1745 2053 1765 2093 ²·

987 2171 1121 2250 jubilaei,
1139 2174 1320 2248 egredictur
1340 2171 1469 2232 domum
1492 2176 1523 2230 et
1545 2164 1730 2228 servitutem

990 2277 1087 2344 tuam,
1106 2273 1186 2330 tiber
1208 2291 1281 2331 curn
1304 2270 1412 2329 tiberis
1433 2269 1501 2327 suis
1523 2272 1555 2328 et
1579 2281 1686 2338 uxore,
1702 2270 1732 2321 et

988 2377 1166 2428 revertetur
1181 2372 1224 2428 nrt
1238 2368 1472 2445 ropnutiom’m,
1484 2364 1516 2426 id
1533 2362 1630 2426 estad
1646 2358 1733 2422 habi·

990 2467 1122 2528 tandum
1144 2466 1226 2529 inter
1246 2485 1320 2528 suos
1341 2471 1503 2546 cognatos,
1520 2473 1549 2523 et
1565 2462 1604 2524 ad
1617 2479 1733 2538 posses-

987 2567 1110 2625 sionem
1132 2575 1266 2644 putrum
1291 2581 1517 2644 suorumque
1544 2561 1583 2623 ad
1609 2567 1733 2639 tempus

992 2661 1054 2725 luit
1068 2663 1206 2726 alienata
1221 2664 1261 2726 ab
1276 2682 1325 2726 eo.

1030 2764 1098 2823 Mei
1112 2765 1200 2824 enim
1214 2772 1291 2823 sunt
1306 2764 1412 2822 seran':
1429 2760 1459 2821 id
1481 2766 1539 2832 est,
1559 2756 1621 2818 tilii
1639 2754 1733 2817 lsrael

990 2868 1065 2922 sunt
1085 2860 1267 2922 immediate
1287 2859 1370 2922 servi
1388 2857 1460 2933 mel,
1484 2855 1559 2938 quia
1579 2855 1618 2916 dc
1639 2853 1734 2915 serri-

991 2967 1058 3021 tute
1073 2959 1217 3041 AEgyptia
1233 2977 1287 3021 eos
1303 2957 1434 3032 redemi,
1445 2963 1476 3018 et
1492 2972 1562 3018 meo
1578 2951 1733 3033 obsequio

183 3058 270 3139 qnod
297 3055 398 3136 exigit
423 3055 534 3118 lilialis
559 3056 655 3118 timor
679 3055 746 3130 Dei,
767 3064 803 3115 ut
828 3051 972 3115 vivereC
990 3058 1181 3138 mancipari.
1194 3058 1273 3120 Hinc
1290 3057 1437 3119 additur:
1455 3066 1484 3116 et
1498 3075 1553 3130 eoo
1568 3054 1669 3112 ectum
1683 3071 1733 3110 roa

180 3157 284 3234 possit
299 3157 407 3232 fruar
424 3165 497 3214 tuus
514 3158 604 3231 upmt
625 3165 653 3214 te
675 3172 732 3235 per
753 3160 837 3214 tuam
861 3151 935 3213 sub-

183 3254 383 3329 ventionem,
402 3260 434 3314 ct
456 3271 519 3314 non
541 3261 671 3332 cogatur
690 3269 755 3332 praa
770 3257 935 3332 pauperta-

184 3361 216 3414 te
231 3362 264 3415 ot
280 3350 507 3431 aggravatione
527 3350 556 3412 ei
578 3349 661 3413 lacta
681 3369 719 3412 ex
740 3357 780 3425 te,
798 3348 887 3412 abiro
904 3357 935 3410 ct

185 3450 311 3532 lugere.
323 3449 442 3511 Deinde
454 3448 545 3529 quasi
562 3449 755 3530 expositoria
771 3447 932 3510 subditur:

184 3552 371 3612 Pecuniam
389 3559 479 3609 tuum
494 3569 560 3608 non
575 3550 713 3608 dedisci
728 3552 771 3608 ort
786 3568 933 3618 usurum,

184 3660 214 3709 et
229 3650 371 3726 frugum
385 3649 722 3725 superabundantiam
738 3667 802 3706 lton
815 3648 933 3722 cuipas,

185 3747 260 3829 plus
273 3746 314 3807 de
329 3744 433 3806 bladis
448 3745 700 3825 petendo,quam
717 3744 746 3806 ci
762 3762 936 3807 accommo

184 3844 269 3907 dasti
284 3861 292 3905 :
307 3842 386 3924 quia
402 3861 500 3904 usura
517 3843 727 3904 committitur
747 3861 811 3904 non
832 3841 934 3904 solum

186 3945 219 4005 in
242 3941 404 4025 pecuniis,
425 3941 481 4002 sed
502 3949 533 4002 et
553 3941 586 4002 in
609 3939 766 4004 fructibus
789 3950 935 4003 terreae

184 4039 570 4120 consimilibns‚quorum
587 4059 663 4100 usus
679 4048 727 4101 est
741 4058 849 4102 corum
863 4059 936 4102 con-

185 4138 412 4222 sumptio.lloc
429 4138 500 4201 loco
515 4137 702 4219 prohibetur
711 4138 827 4200 Judaeis
840 4158 935 4201 usura

989 3160 1028 3217 de
1045 3168 1132 3218 terra
1147 3158 1296 3234 AEpypti.
1315 3159 1387 3218 Non
1404 3163 1534 3216 aroneent
1550 3153 1561 3175 '
1576 3151 1733 3212 conditio-

989 3277 1030 3315 ur
1051 3276 1228 3326 servorum,
1253 3254 1283 3316 id
1310 3263 1369 3330 est,
1393 3253 1453 3316 hoc
1477 3252 1586 3334 jubeo,
1609 3257 1644 3311 ut
1670 3266 1732 3310 non

990 3355 1170 3416 vendantur
1190 3362 1225 3415 ut
1245 3353 1348 3416 solent
1366 3351 1459 3415 rendi
1478 3350 1574 3414 ceteri
1593 3347 1675 3412 servi
1694 3348 1732 3409 ad

990 3441 1194 3516 seruiendum
1217 3459 1381 3534 perpetuo,
1404 3451 1458 3532 qui
1485 3459 1516 3512 et
1539 3450 1618 3511 dura
1640 3445 1736 3509 servi-

991 3559 1057 3614 tute
1078 3559 1287 3634 premuntur;
1304 3572 1361 3612 nro
1375 3552 1502 3627 affligas
1518 3569 1591 3608 rum
1605 3567 1665 3624 per
1678 3565 1735 3623 po-

992 3652 1140 3718 tentium,
1155 3653 1211 3709 sert
1227 3651 1358 3710 metuito
1373 3653 1477 3709 Deum
1495 3658 1598 3708 turum
1616 3650 1735 3706 Seruus

990 3759 1020 3809 et
1039 3751 1163 3808 ancilla
1182 3749 1248 3808 siut
1269 3749 1365 3818 vobis,
1384 3745 1492 3821 idest,
1511 3762 1619 3806 servos
1635 3752 1665 3805 et
1680 3762 1736 3804 an-

992 3845 1083 3909 cillas
1100 3845 1212 3907 ematis
1228 3864 1263 3906 ac
1278 3843 1397 3925 jugiter
1415 3843 1562 3918 teneatis,
1578 3845 1617 3901 cte
1632 3841 1736 3901 natio-

992 3947 1088 4005 nibus
1108 3966 1180 4024 pma
1207 3947 1240 4004 in
1266 3945 1408 4004 circuitu
1430 3951 1531 4003 oestro
1551 3950 1641 4008 stant,
1659 3947 1736 4021 puta

993 4045 1033 4106 de
1054 4042 1253 4117 infidelibus,
1271 4041 1418 4122 quamvis
1441 4040 1583 4102 nondum
1603 4056 1735 4101 convcr-

993 4142 1048 4218 sis,
1060 4152 1089 4202 et
1105 4144 1144 4201 da
1159 4142 1293 4201 arloenis
1309 4141 1367 4218 qui
1380 4141 1635 4216 pcreprinontur
1651 4139 1737 4196 inter

186 4239 219 4300 in
236 4256 313 4300 suos
327 4263 335 4313 ;
352 4237 431 4298 alibi
447 4255 525 4299 vcro
540 4236 667 4298 videtur
682 4236 728 4298 eis
744 4237 886 4318 permitti
903 4238 935 4298 in
951 4242 975 4302 D
994 4261 1057 4309 vos,
1069 4239 1102 4300 id
1117 4246 1165 4300 ost
1180 4238 1218 4300 dc
1234 4237 1397 4300 conversis
1412 4237 1451 4299 ad
1466 4235 1675 4311 Iudaismum,
1689 4239 1737 4294 vet

185 4345 367 4410 extraneos
386 4342 422 4396 ul
437 4334 483 4396 ibi
500 4334 634 4396 dicetur.
992 4341 1050 4418 qui
1070 4359 1110 4397 en·
1133 4338 1184 4396 Itis
1206 4339 1278 4397 uati
1297 4338 1426 4413 suerint
1446 4338 1483 4394 in
1504 4345 1589 4396 nura
1610 4344 1714 4394 uestra
1724 4358 1737 4405 ;

232 4438 302 4510 Epo
324 4435 485 4494 Dominus
511 4437 596 4494 Deus
620 4443 733 4504 cester,
754 4437 813 4514 qui
836 4440 938 4496 edicat
992 4441 1046 4498 laos
1062 4437 1216 4496 babebitis
1236 4438 1377 4513 seruulus
1398 4434 1525 4496 etitem
1546 4433 1678 4496 ancillas
1699 4450 1736 4493 ex

186 4555 240 4594 vos
255 4537 297 4593 de
314 4543 400 4593 terra
415 4534 568 4608 AEpypti,
583 4543 619 4593 ut
639 4536 751 4593 (larem
774 4536 858 4594 robis
878 4547 938 4596 trr-
993 4534 1070 4610 iltis,
1088 4544 1117 4594 rt
1140 4535 1364 4594 transmittetis
1383 4535 1578 4593 lrmmlitorio
1593 4533 1673 4609 jura
1693 4534 1737 4590 att

186 4653 261 4691 ram
280 4633 449 4697 Cltunuan,
461 4639 490 4688 et
510 4649 607 4689 essem
627 4641 728 4690 cester
742 4635 828 4692 Deus
839 4653 850 4691 .·
866 4633 938 4697 idco
987 4631 1323 4711 poster·os,secundum
1341 4631 1425 4712 quod
1442 4630 1475 4691 in
1492 4629 1582 4692 libris
1592 4629 1736 4703 Josuc,ot
1750 4643 1883 4690 turrensi.

186 4729 274 4804 volo,
299 4726 387 4808 quod
412 4726 495 4788 sicut
518 4744 577 4806 ego
603 4726 648 4788 lui
673 4728 823 4790 omnibus
848 4731 938 4794 robis
993 4732 1124 4810 ltcgum,
1142 4737 1173 4792 ot
1190 4729 1462 4810 Paralipomenon,
1481 4736 1512 4790 et
1528 4728 1643 4802 Esdrae,
1662 4725 1737 4806 legi·
1752 4706 1882 4818 bpssffi

184 4826 347 4907 gratiosus
363 4832 395 4886 et
412 4825 493 4905 pius,
505 4824 548 4886 ita
563 4833 595 4887 et
611 4843 666 4888 ros
682 4834 792 4889 mutuo
808 4827 939 4891 sitisst

993 4839 1043 4892 tur
1060 4829 1099 4890 de
1113 4827 1308 4902 Gabaonitis,
1327 4846 1383 4888 seu
1400 4825 1582 4902 Nathinaeis,
1600 4825 1736 4907 aliisque
1751 4835 1784 4876 ⁵⁸·

183 4933 382 5001 paupertate
408 4926 590 5000 compulsus
616 4927 798 4984 vendiderit
822 4946 854 4985 so
880 4930 938 4986 not

993 4927 1183 5010 quibusdam
1209 4925 1398 5007 impletum3
1416 4946 1454 4986 oc
1474 4927 1677 5002 possidebitis
1700 4927 1735 4984 in

183 5025 308 5098 frater,
325 5021 356 5082 id
381 5027 430 5081 est
455 5020 619 5102 proximus
641 5032 715 5080 tuus
738 5022 771 5082 in
797 5042 935 5101 servum,
991 5037 1161 5090 (aternum.
1179 5025 1249 5086 llaec
1268 5024 1436 5104 promissio
1458 5022 1520 5084 luit
1539 5023 1736 5085 conditiona-

185 5139 243 5183 scu
273 5118 420 5200 proxima
444 5118 477 5179 in
503 5117 666 5194 ancillam,
688 5141 752 5180 uon
778 5125 938 5199 opprimes

994 5124 1065 5186 litor
1082 5123 1300 5202 intelligo-uda,
1319 5122 1402 5182 sicut
1417 5130 1448 5182 ct
1466 5121 1535 5184 aliae¹
1556 5121 1674 5196 multe,
1690 5120 1737 5181 ri-

184 5241 261 5280 eum
273 5219 430 5278 servitute
441 5220 660 5297 fumutorum,
668 5217 700 5278 id
716 5226 764 5279 cst
781 5228 844 5280 tam
859 5221 939 5284 dure

993 5222 1110 5285 delicet
1134 5221 1161 5281 si
1185 5219 1283 5281 ludaei
1310 5219 1342 5280 in
1369 5219 1423 5282 lloi
1454 5219 1541 5282 cultu
1571 5226 1736 5280 manerent

185 5315 269 5380 sicut
293 5315 422 5378 tractari
441 5315 545 5377 solent
564 5314 648 5378 servi
668 5324 700 5378 et
719 5316 844 5380 ancillae
864 5319 938 5382 alte
993 5327 1186 5394 constantes,
1197 5336 1255 5380 nec
1271 5317 1431 5398 peccando
1442 5317 1565 5380 obicem
1581 5324 1737 5398 ponerent
