4309 6259
433 478 493 542 664
733 498 906 544 mantano
927 499 958 544 tn
979 499 1047 545 GAP.
1070 496 1158 544 XXXll
1178 496 1412 544 omuuonotttt.
1434 515 1476 526 -
1495 497 1566 542 aar.
1588 497 1672 543 XXXV

434 666 602 746 similatur,
615 669 691 750 quia
706 677 769 731 tam
786 688 857 732 eum
874 669 929 750 qui
945 676 1065 750 peccat,
1078 687 1175 749 quam
1190 666 1216 728 Α
1231 685 1344 748 poene,
1370 675 1406 728 ut
1432 667 1489 748 qui
1518 667 1656 749 proprie
1674 668 1832 730 voluntati
1859 667 1973 730 immo-

434 765 507 828 illos
531 785 611 848 quos
637 768 838 846 scandalizat,
865 767 1030 830 mortifere
1058 765 1175 843 inficit,
1231 767 1379 828 deranter
1393 765 1528 828 indulsit
1551 786 1607 829 seu
1626 766 1786 847 acquievit
1800 767 1972 848 peemndo,

433 874 465 928 et
479 867 518 928 ad
539 865 729 929 infernalem
752 867 995 930 amaritudinem
1018 865 1126 929 trahit.
1143 866 1177 927 ln
1232 865 1265 926 in
1282 883 1520 946 recompensam
1536 864 1667 946 justitie
1681 865 1803 946 aliquid
1818 865 1975 928 voluntati

434 965 583 1045 presenti
597 983 724 1046 quoque
740 965 938 1046 gravissimis
959 965 1062 1047 poenis
1077 983 1178 1026 mere
1233 964 1368 1046 proprie
1384 963 1577 1027 contrarium
1598 964 1746 1045 patiatur.
1759 967 1801 1026 Iit
1814 984 1870 1042 epo
1886 966 1975 1024 retri-

434 1069 486 1123 tur
503 1061 662 1144 puniri,et
672 1064 874 1126 conscientie
889 1063 972 1146 parit
987 1081 1176 1126 remorsum.
1232 1065 1329 1122 boam
1343 1067 1389 1122 eis
1410 1062 1527 1142 justam
1551 1081 1676 1145 poenam
1698 1081 1755 1145 pro
1776 1063 1872 1144 culpa
1894 1062 1976 1145 ipso

304 1177 419 1226 eamn,
434 1159 514 1223 Hine
539 1159 571 1222 in
591 1161 726 1224 Ieremia
748 1161 900 1224 Dominus
925 1161 994 1223 ait:
1017 1160 1096 1223 Eece
1120 1177 1178 1239 ego
1233 1181 1315 1238 rum,
1332 1164 1369 1222 in
1387 1173 1522 1239 tempore
1546 1162 1732 1244 prestituto,
1756 1162 1831 1224 dum
1854 1161 1976 1225 scilicet

289 1243 321 1282 ¹⁵·
435 1258 549 1322 cibabo
572 1277 625 1321 eos
647 1258 819 1337 absinthio,
837 1269 868 1322 et
887 1259 1004 1342 potabo
1019 1277 1073 1322 eos
1089 1258 1176 1322 felle.
1233 1260 1358 1343 pondus
1379 1259 1559 1340 iniquitatis
1579 1278 1690 1322 eorum
1710 1260 1807 1323 fuerit
1822 1259 1975 1342 adimple

434 1358 473 1419 Et
498 1357 623 1435 merito,
646 1359 722 1440 quia
746 1359 785 1421 de
799 1359 927 1421 ¹talibus
952 1359 1105 1440 scriptum
1131 1366 1179 1421 est
1234 1368 1312 1434 tum,
1330 1359 1375 1420 ita
1393 1359 1479 1440 qnod
1500 1358 1572 1440 plus
1587 1358 1628 1420 ab
1647 1359 1694 1421 eis
1711 1357 1852 1422 sufferre
1869 1358 1975 1421 nolae

287 1472 420 1522 emman.
435 1455 532 1518 alibi:
550 1457 757 1520 Convertistis
779 1458 811 1520 in
828 1457 1074 1520 amaritudinem
1095 1457 1179 1538 judi·
1234 1458 1305 1520 rim.
1318 1458 1397 1519 llinc
1413 1457 1445 1519 in
1461 1457 1574 1519 Genesi
1586 1456 1740 1539 scriptum
1755 1466 1819 1521 est:
1829 1457 1974 1519 Nondum
1987 1483 2101 1529 omn.

435 1554 532 1630 oium,
550 1564 581 1617 et
604 1554 743 1618 fructum
762 1556 895 1638 iustitie
914 1556 947 1618 in
968 1554 1176 1618 absinthium.
1233 1556 1400 1638 complete
1415 1563 1490 1616 sunt
1504 1555 1690 1637 iniquitates
1704 1555 1974 1628 amorrheorum

435 1652 521 1714 lstud
544 1652 639 1714 etiam
661 1655 695 1715 in
715 1654 793 1715 lsaia
808 1654 960 1717 Dominus
975 1653 1176 1736 exprimens:
1233 1655 1324 1736 quasi
1350 1653 1445 1731 dicat,
1458 1653 1524 1716 lllis
1549 1653 1727 1735 eompletis,
1743 1654 1891 1736 protinus
1915 1653 1977 1715 dis

314 1768 407 1819 mea.
435 1750 634 1832 Exspectavi,
657 1751 771 1833 inquit,
794 1761 829 1814 ut
852 1753 945 1815 vinea
967 1771 1036 1815 mea
1062 1752 1181 1816 faceret
1235 1753 1395 1836 peribunt.
1414 1752 1582 1834 Propterea
1603 1752 1754 1815 Ieremias
1772 1752 1889 1814 Iudeis
1909 1770 1977 1833 pra·

436 1867 524 1924 uvae,
543 1848 619 1911 fecit
640 1858 746 1912 autem
770 1850 941 1913 labruscas.
964 1849 1020 1913 Cui
1046 1858 1077 1913 et
1097 1850 1217 1913 lere-D
1234 1851 1374 1915 vissimis
1396 1851 1497 1913 dicit:
1521 1851 1587 1913 Non
1609 1859 1733 1933 poterat
1747 1869 1804 1914 vos
1825 1851 1977 1914 Dominus
2006 1867 2102 1909 reme

300 1957 420 2008 renuet-
436 1945 516 2008 mias
532 1947 744 2029 increpatorie
761 1948 857 2010 dicit:
874 1948 1035 2022 Quomodo
1051 1967 1180 2012 conver·
1234 1951 1317 2013 ultra
1338 1958 1465 2032 portare
1479 1957 1609 2032 propter
1629 1949 1783 2032 malitiam
1799 1949 1977 2012 studiorum
1990 1933 2020 1973 ss·

436 2064 470 2106 sa
486 2064 519 2107 os
535 2045 569 2106 in
584 2064 716 2127 pravum
734 2046 828 2109 vinea
844 2046 970 2108 aliena'l
1235 2058 1423 2112 vestrorum.
1446 2051 1485 2110 Ut
1507 2051 1637 2109 labatur
1647 2068 1703 2125 pes
1721 2069 1845 2118 eorum,
1861 2047 1894 2109 id
1919 2055 1976 2124 est,

475 2145 591 2206 Nonne
613 2147 680 2205 lzcec
699 2147 828 2204 condita
848 2156 924 2206 sont
944 2149 1033 2223 opud
1054 2146 1179 2208 mefid
1234 2146 1427 2209 desiderium
1457 2165 1566 2208 eorum
1597 2145 1776 2222 frustretur,
1804 2146 1978 2208 secundum

435 2248 493 2318 est,
507 2241 638 2323 prefata
652 2241 830 2304 iudeorum
847 2241 989 2306 facinora
1003 2244 1180 2307 certissime
1235 2246 1340 2308 illud:
1362 2245 1423 2307 lter
1448 2245 1621 2326 impiorum
1647 2245 1774 2327 peribit.
1791 2245 1860 2320 Vel,
1882 2245 1980 2307 Laba·
2008 2261 2089 2305 reta

436 2341 666 2422 comprehensa
688 2350 763 2402 sunt
785 2340 817 2402 in
840 2340 973 2404 scientia
994 2361 1074 2418 mea,
1093 2351 1124 2405 et
1147 2344 1179 2406 in
1236 2354 1286 2406 tur
1304 2364 1360 2426 pes
1379 2363 1500 2420 eorum,
1518 2343 1551 2405 id
1570 2353 1629 2421 est,
1650 2343 1711 2426 ipsi
1732 2344 1764 2405 in
1784 2343 1896 2424 prelio
1915 2362 1980 2406 cor-

436 2438 616 2501 sanotuario
637 2439 801 2520 sapientie
818 2458 896 2501 mee
912 2447 1071 2516 contenta,
1090 2449 1125 2502 ut
1147 2442 1180 2503 in
1235 2451 1340 2505 ruant.

435 2535 557 2617 judicio
579 2535 793 2618 proferantur,
811 2546 843 2600 et
865 2537 971 2600 debite
992 2539 1179 2620 puniantur.
1273 2546 1377 2604 liceto
1397 2552 1442 2601 est
1464 2544 1532 2601 dies
1548 2543 1758 2618 perditionis,
1774 2540 1806 2603 id
1825 2550 1886 2618 est,
1903 2541 1979 2605 hora

289 2645 420 2698 volusu-
436 2634 524 2698 Unde
544 2642 576 2696 et
596 2643 723 2698 sanetus
737 2636 795 2699 Job
815 2637 956 2718 loquitur
971 2637 1053 2700 Deo:
1072 2637 1182 2720 Signa·
1233 2641 1327 2722 juste
1348 2639 1561 2702 damnationis
1584 2657 1754 2720 pravorum
1776 2639 1885 2701 veniet
1903 2640 1977 2702 cito.

437 2734 477 2796 sti
489 2733 580 2817 quasi
598 2735 630 2795 in
647 2734 773 2798 sacculo
786 2743 915 2817 peecata
931 2739 1062 2798 meaEt
1075 2741 1182 2815 sayna·
1236 2739 1308 2802 Ideo
1323 2737 1401 2799 dicit
1412 2737 1704 2820 Sophonias:luxta
1718 2745 1766 2800 est
1776 2737 1846 2800 dies
1855 2738 1979 2802 Domim
1992 2745 2101 2801 θυμω*

438 2843 470 2894 te
491 2835 528 2893 in
550 2835 708 2894 thesauris
731 2836 819 2906 meis,
838 2833 870 2896 id
893 2842 941 2896 est
962 2834 995 2896 in
1018 2834 1182 2917 opulentia
1237 2853 1382 2916 magnus,
1406 2834 1495 2916 juxta
1519 2844 1551 2898 et
1573 2833 1666 2898 velox
1688 2833 1794 2896 nimis.
1812 2837 1857 2896 Et
1875 2839 1981 2896 adesse

436 2939 468 2995 et
491 2930 701 3014 plenitudine,
725 2932 1108 3015 incomprehensibilique
1132 2954 1182 2998 se-
1236 2936 1394 3012 sestinant
1410 2933 1654 3014 temporajuste
1669 2931 1981 3014 retributionis‚quia

436 3039 522 3095 creto
536 3030 668 3112 justitie
684 3039 780 3112 atque
796 3031 946 3113 potentie
962 3052 1050 3110 mee,
1063 3042 1098 3095 ut
1113 3033 1182 3097 loco
1199 3037 1221 3101 C
1237 3033 1456 3095 indesinenter
1466 3031 1696 3111 celerrimeque
1707 3031 1981 3112 propinquantld·

437 3139 469 3192 et
490 3139 633 3212 tempore
654 3138 834 3212 opportuno
850 3150 868 3192 a
883 3150 934 3194 me
953 3131 1088 3213 prefixo
1109 3152 1184 3215 pan·
1237 3150 1275 3194 eo
1291 3131 1323 3192 in
1341 3129 1530 3212 Apocalypsi
1546 3129 1645 3192 ludex
1661 3136 1793 3191 testatur
1811 3148 1818 3192 :
1835 3129 1918 3193 Ecce
1931 3150 1982 3194 re
2002 3149 2104 3202 apuam

440 3230 1185 3306 dantnradulciscendumsouasidicat:0uam-
1238 3230 1292 3292 uio
1312 3229 1386 3306 cito,
1406 3236 1436 3290 et
1452 3247 1573 3290 merces
1593 3247 1663 3290 mea
1686 3246 1810 3290 mecum
1831 3237 1891 3304 est,
1908 3230 1981 3292 dare
1995 3213 2025 3254 ¹³*
2128 3256 2129 3283 2

441 3327 559 3390 vis-diu
574 3327 743 3390 differatur
758 3328 909 3406 vindicta,
929 3348 991 3391 non
1012 3337 1117 3392 tamen
1135 3351 1185 3394 cx·
1239 3329 1413 3408 unicuique
1438 3327 1613 3389 secundum
1638 3344 1734 3408 opera
1763 3346 1830 3388 sua.
1857 3327 1983 3390 Etenim

419 3426 552 3492 ‚cidunt
573 3446 591 3488 a
614 3426 767 3490 memoria
792 3447 872 3491 mea.
890 3429 970 3491 Hinc
995 3425 1027 3490 iu
1049 3430 1185 3492 Ieremia
1237 3425 1395 3508 quidquid
1407 3424 1543 3487 termino
1553 3424 1913 3506 angustatur,omnique
1924 3446 1985 3490 mo

306 3546 424 3598 reseas.
441 3524 596 3606 scriptum
613 3533 678 3587 est:
691 3525 821 3607 Aperuit
833 3526 984 3590 Dominus
1002 3528 1183 3591 thesaurum
1239 3533 1347 3588 mento
1369 3523 1584 3600 abbreviatur,
1601 3523 1698 3586 breve
1720 3532 1769 3586 est
1792 3543 1935 3606 prorsus,
1957 3526 1984 3588 si

441 3641 546 3699 suum,
564 3622 698 3705 protulit
713 3643 788 3686 vasa
804 3624 858 3687 ire
874 3645 948 3689 sue.
966 3626 1053 3689 Unde
1073 3626 1185 3689 beatus
1238 3622 1407 3688 eternitati
1423 3621 1689 3703 compareturrld
1705 3620 1843 3684 litteram
1855 3641 1986 3706 quoquc

306 3742 417 3794 rotans.
440 3721 560 3784 lob-ait
579 3722 619 3783 ad
639 3722 808 3785 Dominum
827 3739 833 3784 :
851 3723 938 3786 Licet
959 3723 1026 3787 heo
1049 3725 1131 3788 celes
1152 3725 1184 3787 in
1239 3722 1395 3798 videmus,
1417 3719 1555 3802 qualiter
1571 3719 1736 3782 festinavit
1757 3727 1885 3802 tempus
1904 3722 1989 3803 deje-

440 3821 617 3897 cordetuo,
641 3827 745 3883 tamen
768 3819 834 3883 scio
854 3820 940 3902 quod
962 3821 1184 3886 universorum
1239 3820 1354 3883 ationis
1369 3820 1548 3882 ludeorum
1564 3818 1675 3880 adesse
1687 3835 1694 3880 :
1707 3817 1783 3898 quia
1797 3819 1985 3898 jamdudum

440 3917 635 3980 memineris.
1238 3918 1414 3982 amiserunt
1426 3917 1689 3998 locum,gentem‚
1704 3915 1870 3997 templum,
1880 3925 1912 3980 et
1922 3937 1987 3981 om-

481 4019 554 4077 Mea
576 4027 621 4077 est
642 4017 723 4076 uitio
739 4037 750 4075 .·
767 4015 799 4078 id
824 4025 882 4093 est,
900 4018 939 4079 ad
960 4036 1011 4080 me
1032 4026 1184 4100 tanquam
1239 4036 1311 4079 nem
1339 4015 1593 4098 prosperitatem,
1613 4013 1766 4094 quoniam
1789 4013 1985 4080 Salvatorem

441 4116 479 4177 ad
495 4115 637 4198 primum
655 4124 686 4178 ot
701 4135 861 4178 summum
883 4115 1026 4179 omnium
1042 4117 1185 4199 judicem
1239 4114 1649 4177 crucifixeruntludicabit
1660 4115 1818 4173 Dominm
1823 4119 1985 4193 populum

441 4213 588 4295 pertinet,
607 4214 730 4276 nullum
751 4223 915 4296 peccatum
931 4215 1114 4297 relinquere
1130 4216 1185 4278 im·
1200 4217 1225 4278 D
1238 4235 1348 4282 suom,
1367 4212 1473 4288 idest,
1491 4210 1617 4294 plebem
1640 4209 1702 4273 sibi
1727 4210 1909 4292 specialiter
1931 4214 1984 4277 de·

442 4312 600 4394 punitum,
625 4312 700 4394 quia
726 4321 780 4375 aut
801 4332 858 4394 per
879 4321 967 4376 actus
988 4314 1184 4397 penitentie
1240 4319 1380 4393 putatam
1401 4309 1584 4392 reprobabit
1598 4317 1630 4372 et
1650 4309 1763 4391 puniet
1776 4310 1867 4390 justa
1882 4311 1981 4393 ipsius

442 4429 528 4473 nunc
553 4411 695 4491 punitur,
712 4419 766 4473 aut
791 4419 900 4492 postca
920 4413 988 4476 sine
1015 4413 1082 4476 fine
1104 4413 1184 4476 mul·
1239 4408 1403 4483 demerita,
1420 4426 1519 4488 quum
1534 4416 1567 4470 et
1588 4426 1644 4490 per
1659 4407 1855 4471 Ezechielem
1872 4410 1982 4490 preci

305 4520 359 4564 Did
361 4534 426 4570 xxxxxx
442 4508 590 4572 clabitur.
605 4510 676 4572 ldeo
692 4510 846 4591 seriptum
862 4519 910 4573 est
927 4511 1028 4575 :Deus
1045 4512 1183 4575 inultum
1240 4506 1305 4588 piat
1316 4527 1322 4569 :
1332 4505 1358 4567 Α
1368 4505 1548 4568 sanctuario
1564 4523 1635 4568 meo
1651 4505 1783 4587 incipite
1799 4515 1979 4588 percutere3
2005 4530 2099 4576 amm.

296 4587 401 4691 'amm
412 4661 426 4700 „
442 4607 532 4670 abire
547 4626 610 4671 non
626 4608 755 4689 patitur.
765 4607 803 4668 Et
813 4608 994 4672 Nabumait
1005 4627 1012 4670 :
1022 4609 1184 4673 Ulciseans
1237 4616 1268 4666 et
1283 4607 1319 4665 in
1333 4606 1433 4666 servis
1446 4607 1514 4664 suis
1529 4605 1746 4674 miserebitur,
1763 4603 1794 4666 id
1815 4615 1875 4682 est,
1888 4608 1983 4671 mise·
1994 4601 2013 4638 ⁶·

294 4713 314 4754 2·
442 4706 604 4784 Dominus,
621 4715 652 4770 et
674 4706 832 4770 ulciscens
855 4707 887 4769 in
910 4708 1017 4771 hostes
1038 4727 1124 4772 suos.
1141 4710 1184 4772 De
1239 4703 1383 4766 ricordie
1394 4721 1459 4765 sue
1473 4701 1623 4764 effectum
1635 4700 1794 4763 exercebit
1809 4699 1843 4762 in
1855 4700 1980 4784 bis,qui

293 4825 424 4878 ramae.
440 4823 504 4886 quo
519 4806 563 4867 ait
577 4804 742 4867 Psalmista
760 4821 766 4866 :
783 4804 907 4866 Paravit
917 4806 951 4868 in
966 4806 1086 4886 judicio
1101 4808 1185 4869 thro
1239 4801 1300 4863 sibi
1316 4801 1456 4863 fideliter
1471 4797 1981 4864 servierunt.Commuuiterenim

440 4923 518 4966 num
534 4923 637 4980 suum,
656 4911 688 4966 et
703 4903 772 4985 ipse
793 4903 951 4984 judicabit
966 4905 1075 4968 orbem
1093 4913 1183 4969 terre
1238 4899 1373 4963 salvavit
1394 4897 1556 4979 reliquias,
1574 4915 1631 4959 nec
1653 4896 1688 4958 in
1711 4903 1776 4958 toto
1791 4895 1933 4960 deseruit
1948 4900 1982 4960 il·

440 5002 473 5065 in
498 5000 656 5083 equitate,
684 5009 715 5063 et
739 5000 876 5084 populos
902 5002 933 5063 in
959 5003 1092 5083 justitia.
1119 5004 1183 5067 Hoc
1238 5000 1404 5079 los‚quum
1420 4994 1729 5076 etquotidieeorum
1739 4994 1840 5076 aliqui
1855 5015 1982 5061 conver-

438 5101 559 5182 quippe
574 5100 708 5181 requirit
725 5099 923 5163 immensitas
939 5101 1056 5165 divine
1078 5101 1184 5184 peria·
1238 5104 1354 5160 tantur.
1374 5096 1509 5162 Videbit,
1519 5092 1550 5154 id
1566 5101 1625 5169 est,
1638 5092 1790 5155 Dominus
1806 5093 1908 5156 videri
1925 5096 1980 5158 sci-

439 5198 565 5274 ctioniS,
584 5207 615 5262 et
630 5197 760 5260 infinita
782 5197 938 5280 perfectio
955 5199 1071 5263 divine
1094 5200 1184 5282 justi·
1238 5197 1330 5277 rique
1345 5192 1452 5269 faciet,
1465 5196 1550 5271 qtiod
1566 5194 1736 5268 infirmata
1750 5193 1793 5252 sit
1808 5213 1936 5266 manus,
1948 5195 1978 5256 id

440 5295 502 5372 tie,
520 5304 555 5358 ut
569 5297 688 5360 malum
704 5295 805 5377 culpe
815 5296 981 5359 ordinetur
991 5316 1047 5379 per
1062 5298 1182 5360 bonum
1237 5303 1286 5358 est
1300 5300 1438 5374 potestas
1453 5291 1631 5353 ludaeorum
1649 5288 1824 5366 debilitata,
1833 5302 1865 5351 et
1878 5295 1979 5353 clausi
