4309 6259
549 500 722 547 uvaaaarro
744 501 773 546 uv
796 500 864 546 car.
887 500 908 545 x
929 500 1162 547 oauruaououn.
1185 520 1225 531 -
1245 501 1316 547 aar.
1339 500 1372 546 tn
1671 481 1727 545 tot

183 686 282 731 saorae
296 688 363 733 non
379 670 972 735 consonal.Cut·enimfuissontLo·d
989 676 1144 733 inundato
1171 674 1304 733 Domini
1332 693 1371 732 oc
1397 671 1601 732 caerimonias
1624 670 1730 746 ojus?

183 766 258 829 vitae
273 770 416 831 secundo
432 771 569 853 separati
585 769 625 831 ab
640 770 723 845 aliis,
742 779 773 831 et
789 770 931 851 deputati
987 771 1078 851 quasi
1095 771 1189 847 dicat,
1206 769 1265 833 Pro
1288 770 1383 832 lautis
1405 766 1574 831 bcnciiciis
1590 766 1656 828 suis
1671 767 1731 829 llo-

183 866 287 928 cultui
303 867 369 943 Dei,
386 888 487 949 quum
502 869 657 931 haetenus
672 869 863 931 mansissent
887 868 933 929 sic
989 869 1305 950 minusnonquaerit
1326 868 1528 931 commodum
1553 884 1658 942 suum,
1676 866 1731 927 sed
1839 900 1844 909 ·

184 965 334 1046 separati,
352 968 595 1049 consecratique
609 966 743 1030 Domino
758 986 776 1028 a
792 974 935 1048 tempore
990 975 1075 1029 tuam
1093 967 1314 1049 salutemque
1330 966 1364 1027 in
1379 966 1448 1047 ejus
1463 965 1552 1027 cultu
1574 962 1730 1027 consistit.

184 1063 298 1145 prima
323 1064 533 1145 separationis
556 1085 592 1128 ac
614 1064 862 1128 consecrationis
885 1082 935 1127 eo
990 1069 1042 1127 Eo
1057 1069 1192 1128 Domini
1207 1068 1267 1128 Det
1284 1069 1333 1127 tui
1357 1069 1472 1127 coetum
1496 1074 1552 1133 est,
1567 1074 1597 1123 et
1618 1066 1733 1124 cotom

184 1180 257 1222 rum
274 1161 366 1225 laeta
387 1162 420 1224 in
446 1162 544 1239 Sinai,
569 1182 627 1225 nec
651 1162 772 1244 aliquid
799 1162 874 1225 novi
901 1162 933 1223 in
988 1167 1071 1237 cmii,
1082 1165 1114 1226 id
1129 1173 1178 1227 est
1188 1164 1329 1229 universi
1343 1164 1437 1226 orbes
1452 1162 1607 1225 coelestes.
1625 1160 1664 1221 Et
1679 1178 1735 1241 po

184 1259 381 1323 baccorum
407 1263 607 1343 separatione
634 1261 752 1323 lactum
778 1260 934 1341 legaturl
991 1271 1051 1325 test
1076 1282 1133 1344 per
1158 1263 1273 1326 eoelum
1302 1261 1438 1341 intelligi
1464 1260 1730 1331 firmamentum3
1826 1340 1830 1351 Ι

184 1358 331 1439 Denique
346 1359 409 1423 alio
424 1360 634 1422 Numerorum
650 1360 719 1422 loeo
735 1359 780 1421 sie
797 1358 932 1438 legitur:
990 1381 1046 1444 per
1066 1362 1183 1426 coelum
1200 1361 1286 1438 coeli,
1305 1361 1438 1424 thronus
1454 1359 1627 1441 majestatis
1646 1367 1733 1421 teter·

77 1468 93 1511 ἰι
115 1483 168 1519 axe
183 1455 289 1529 Quum
304 1457 447 1519 audisset
462 1477 515 1520 rex
526 1457 607 1519 Arad
624 1457 751 1519 venisse
766 1457 870 1532 lsrael,
882 1476 935 1538 pu·
990 1478 1049 1537 nae,
1067 1467 1099 1522 et
1114 1460 1237 1522 mansio
1253 1460 1372 1522 civium
1387 1477 1609 1540 supernorum,
1622 1456 1732 1520 videli-

81 1564 89 1575 ·
182 1555 296 1633 gnavit
311 1564 422 1619 contra
437 1576 522 1633 eum,
540 1564 571 1619 et
586 1556 687 1618 victor
702 1555 869 1632 exsistens,
880 1554 936 1615 du·
990 1566 1039 1621 oct
1055 1558 1171 1621 coelum
1187 1576 1383 1639 empyreum,
1401 1558 1493 1637 eujus
1508 1555 1649 1637 cognitio
1665 1555 1731 1617 sola

183 1653 230 1714 xit
245 1672 285 1715 ex
295 1672 333 1716 eo
348 1654 498 1735 prtedam.
512 1653 552 1715 At
562 1654 655 1716 lsrael
667 1662 740 1717 voto
757 1672 790 1715 se
801 1652 935 1716 Domino
990 1656 1056 1719 lide
1071 1656 1204 1719 habetur
1222 1674 1229 1717 ε
1247 1664 1278 1719 et
1298 1674 1354 1736 per
1376 1654 1594 1718 excellentiam
1615 1653 1732 1715 coelum

182 1750 343 1830 obligans
356 1751 419 1816 ait:
434 1751 465 1814 si
482 1751 650 1816 tradideris
666 1750 821 1834 populum
838 1750 934 1812 istum
990 1764 1131 1831 vocatur,
1148 1756 1232 1837 qnod
1248 1755 1337 1835 juxta
1353 1753 1580 1815 Damascenum
1595 1760 1644 1813 est
1658 1769 1733 1813 con-

182 1848 216 1911 in
234 1868 333 1911 mauu
358 1870 440 1927 mea,
457 1850 570 1914 delebo
592 1849 686 1912 urbes
702 1850 783 1931 ejus.
801 1849 935 1912 Exaudi·
951 1857 974 1918 B
991 1852 1124 1916 tinentia
1140 1853 1316 1916 visibilium
1332 1860 1363 1914 ct
1379 1850 1588 1913 invisibilium
1611 1857 1733 1911 ereatu-

181 1948 230 2011 vit
246 1949 399 2013 Dominus
415 1968 525 2031 preces
541 1949 645 2011 lsrael.
664 1949 744 2011 Ecce
760 1947 805 2009 ibi
823 1946 867 2009 nil
890 1948 934 2010 di·
988 1972 1106 2029 rarum,
1118 1952 1268 2033 quoniam
1283 1950 1414 2026 claudit,
1430 1949 1530 2011 ambit
1545 1956 1577 2011 et
1590 1948 1734 2010 continet

182 2048 268 2110 citur
284 2048 324 2110 de
339 2047 496 2112 reditione
511 2066 621 2111 eorum
637 2047 670 2109 in
686 2046 866 2129 allgyptum,
880 2046 934 2109 sad
988 2052 1148 2114 universa.
1174 2050 1360 2133 Appellatus
1381 2066 1510 2131 quoque
1534 2065 1731 2129 empyreum,

183 2147 353 2209 evidenter
369 2146 526 2223 innuitur,
545 2146 629 2227 quod
646 2146 744 2208 semel
770 2144 858 2221 victi,
876 2153 935 2207 sta·
989 2151 1021 2212 id
1036 2158 1084 2213 est
1099 2150 1240 2231 igneum,
1250 2168 1314 2211 non
1329 2148 1370 2210 ab
1386 2147 1508 2225 ardore,
1526 2146 1582 2209 sed
1597 2166 1615 2208 a
1630 2145 1734 2226 splen-

185 2244 244 2306 tim
269 2242 486 2323 confugerunt
510 2246 551 2306 act
573 2244 756 2320 Dominum,
781 2252 812 2305 et
836 2242 935 2325 petie
989 2251 1074 2314 dore.
1093 2249 1164 2311 tiae
1178 2247 1286 2311 omnia
1300 2247 1356 2309 Dei
1373 2254 1447 2309 sunt
1467 2245 1538 2326 jure
1563 2244 1735 2309 creationis

184 2352 262 2405 runt
277 2342 348 2423 ejus
362 2342 529 2404 auxilium.
547 2342 654 2405 Relert
669 2342 763 2405 etiam
779 2342 859 2423 Lyra
883 2361 934 2403 su·
989 2357 1020 2411 et
1037 2345 1289 2429 gubernationis,
1306 2364 1343 2407 ac
1362 2345 1479 2407 summi
1499 2343 1645 2407 dominii.
1664 2347 1735 2404 Ter-

185 2462 243 2524 pet·
266 2441 468 2523 pttoallegata
492 2440 588 2504 verba
611 2441 831 2517 Nummorum,
848 2442 935 2522 quod
989 2469 1027 2507 ro
1042 2457 1072 2508 ct
1088 2447 1200 2507 omnia
1224 2466 1295 2524 quta
1319 2446 1356 2505 ia
1380 2447 1426 2504 eis
1449 2454 1548 2515 sunt;
1571 2454 1600 2503 et
1627 2452 1733 2503 tomen

184 2540 295 2623 praeda
308 2558 405 2621 quam
422 2538 512 2601 duxit
528 2558 582 2602 rex
598 2538 680 2601 irad
697 2558 734 2601 ex
751 2540 868 2621 populo
894 2540 935 2601 ls-
987 2548 1138 2623 patribus
1153 2546 1217 2605 tois
1233 2545 1486 2620 conglutinatos,
1504 2542 1536 2604 id
1551 2550 1599 2604 est
1614 2558 1736 2603 amoro

185 2638 260 2715 rael,
273 2656 337 2701 non
354 2636 417 2700 fuit
432 2637 494 2699 nisi
511 2657 575 2700 una
586 2638 702 2700 aneilla
715 2639 818 2719 :quod
828 2656 936 2719 quam·
990 2664 1023 2707 se
1040 2663 1076 2707 ao
1093 2642 1245 2706 tenaciter
1266 2641 1386 2718 unitus,
1403 2652 1449 2702 eat
1463 2644 1635 2708 Dominus,
1650 2638 1736 2701 vide-

185 2737 235 2798 vis
251 2736 293 2798 sit
318 2737 476 2799 incertum
496 2744 551 2800 aut
575 2735 702 2813 falsum,
731 2745 834 2799 tamen
862 2737 936 2800 inde
990 2742 1065 2805 licet
1089 2739 1289 2816 Patriarcbis,
1305 2749 1335 2799 et
1360 2741 1484 2800 ornauit
1504 2760 1554 2799 eos
1578 2757 1634 2820 per
1659 2755 1736 2818 prta-

186 2836 227 2899 lit
249 2856 463 2919 consequens,
480 2837 566 2918 quod
587 2855 644 2918 pro
664 2846 727 2899 tam
743 2838 869 2901 modica
889 2856 933 2915 re,
990 2840 1234 2903 destinationem
1260 2846 1422 2913 aeternam,
1448 2839 1603 2916 elegitque
1628 2857 1734 2896 sericeo

187 2935 250 2997 lilii
269 2935 363 2997 lsrael
380 2953 444 2998 non
461 2943 628 3016 coeperunt
643 2954 681 2998 ex
696 2935 809 2997 timore
835 2953 936 3015 regre-
990 2958 1101 3001 eorum
1111 2948 1183 3016 post
1198 2958 1254 3007 eos,
1271 2938 1307 2996 id
1321 2946 1366 2997 est
1381 2956 1445 3007 vos,
1460 2940 1501 2996 ote
1517 2936 1641 2995 canetis
1655 2955 1734 3012 pea-

187 3034 220 3097 di
246 3035 286 3096 ad
312 3034 492 3116 AEgyptum.
519 3032 629 3096 Melius
652 3052 727 3113 ergo
752 3034 934 3111 dicendum,
951 3039 972 3103 C
992 3040 1182 3108 titos,sieut
1195 3036 1289 3096 bodie
1302 3037 1535 3112 cotoprobotur.
1549 3032 1669 3096 Electio
1681 3032 1735 3095 Dei

186 3135 274 3215 quod
293 3133 381 3196 loeus
398 3132 457 3195 iste
473 3132 699 3213 intelligendus
716 3133 757 3194 sit
772 3133 812 3195 de
835 3133 937 3213 prima
990 3144 1108 3199 aeterna
1122 3143 1181 3211 est,
1197 3134 1253 3197 sed
1268 3132 1390 3196 ratione
1406 3132 1455 3193 sui
1471 3132 1618 3207 effectus,
1635 3148 1732 3212 quan-

186 3232 371 3295 Levitarum
394 3230 593 3311 separatione
618 3229 700 3293 lacta
721 3231 754 3292 in
781 3230 878 3308 Sinai,
906 3240 936 3293 et
991 3236 1095 3316 doque
1110 3252 1148 3297 cx
1162 3239 1305 3314 tempore
1332 3230 1415 3294 lacta
1439 3230 1602 3293 asseritur.
1620 3229 1732 3291 Eritis

186 3331 274 3413 quod
282 3330 403 3412 Moyses
419 3328 452 3390 in
469 3329 654 3392 recitatione
671 3330 783 3392 borum
795 3348 859 3394 non
875 3349 937 3392 ser·
991 3333 1232 3398 commendatur
1254 3329 1432 3394 ineffabilis
1454 3328 1597 3408 dignatio
1616 3348 1654 3391 ao
1679 3328 1736 3389 mi-

187 3439 241 3495 vat
267 3427 410 3491 historiae
434 3426 592 3504 ordinem,
614 3426 698 3490 sicut
722 3447 779 3491 nec
803 3428 835 3490 in
862 3447 937 3510 prae
992 3432 1107 3495 seratio
1132 3429 1186 3493 liei
1208 3431 1247 3492 ad
1272 3429 1419 3493 homines
1444 3427 1582 3504 illusae
1604 3424 1736 3488 munili-

186 3536 279 3591 tactta
291 3526 442 3589 motionis
453 3534 628 3589 castrorum
645 3526 869 3608 descriptione,
879 3546 936 3589 neo
992 3530 1096 3595 centia
1120 3529 1201 3611 ejuS,
1217 3528 1273 3610 qui
1294 3547 1394 3609 quum
1416 3534 1596 3590 nostrorum
1619 3544 1736 3608 nequa·
1762 3547 1875 3599 namt.

187 3624 382 3711 precedenti
398 3625 538 3707 capitulo
553 3625 587 3686 in
603 3624 806 3707 quibusdam,
825 3634 859 3687 ut
884 3646 938 3708 pa·
991 3649 1087 3712 quam
1119 3627 1275 3689 bonorum
1307 3625 1458 3707 indigeat,
1489 3632 1553 3686 tam
1582 3624 1732 3704 gratuite,

190 3726 261 3799 tuit.
278 3725 369 3787 Unde
384 3726 470 3805 quod
485 3723 541 3799 ait,
557 3723 603 3786 Eo
626 3731 768 3806 tempore
793 3725 937 3806 separavi
992 3746 1137 3791 amorosa
1151 3744 1188 3788 ac
1208 3724 1382 3787 liberaliter
1401 3723 1566 3806 praevenit,
1582 3723 1691 3786 visitat
1704 3732 1736 3786 et

189 3826 311 3888 tribum
333 3821 421 3899 Levi,
439 3820 642 3885 referendum
663 3830 711 3883 est
730 3824 769 3884 ad
794 3822 834 3899 id,
853 3825 938 3903 quod
992 3826 1132 3908 applicat
1147 3823 1293 3887 homines
1308 3822 1381 3885 sibi.
1398 3823 1528 3904 Propter
1547 3822 1631 3903 quod
1654 3820 1738 3884 divi-

189 3932 264 3986 ante
295 3920 450 4004 premisit
477 3922 516 3983 de
540 3939 613 3983 arca
639 3928 671 3981 et
699 3920 826 3982 tabulis.
850 3920 938 3994 Quod
994 3944 1054 3987 nus
1069 3923 1238 4005 Dionysius
1263 3922 1352 3999 dixit,
1370 3923 1455 4003 quod
1480 3940 1569 3984 amor
1590 3921 1645 3984 Dei
1669 3940 1734 3984 non

189 4024 288 4085 etiam
313 4028 438 4084 constat
461 4038 499 4083 ex
524 4019 667 4101 eoquod
693 4020 851 4098 subditur,
869 4024 937 4098 Epo
994 4023 1124 4104 reliquit
1139 4040 1212 4085 eum
1235 4021 1306 4083 sine
1330 4020 1474 4101 germine
1495 4039 1576 4083 esse.
1603 4020 1678 4082 Nam
1706 4029 1738 4084 et

190 4132 301 4183 autem
321 4121 395 4181 steti
419 4121 456 4179 in
485 4128 591 4179 nwnte
620 4120 703 4179 sicot
730 4121 836 4195 prius,
861 4140 940 4199 qoo—
995 4123 1114 4186 bonum
1130 4139 1168 4183 ex
1183 4121 1240 4181 sua
1261 4126 1373 4180 natura
1396 4118 1587 4181 dillusivum
1611 4128 1660 4182 est
1675 4118 1736 4181 sui.

190 4220 350 4297 draginta
364 4220 476 4277 diebus
487 4237 524 4278 ac
539 4218 695 4287 noctibus,
707 4219 940 4297 emoudioitque
955 4224 979 4285 Ι)
1036 4220 1265 4282 Circumcidite
1286 4218 1390 4294 igitur
1410 4219 1611 4294 praeputium
1634 4220 1738 4277 cordis

193 4339 242 4379 mc
267 4318 428 4378 Dontt'rttts
451 4318 550 4377 etiam
574 4318 635 4377 ltoo
657 4317 724 4375 ot'ce
739 4336 750 4374 :
767 4316 851 4397 quod
875 4334 942 4379 oer—
996 4320 1103 4389 vestri,
1120 4318 1181 4379 hoc
1202 4323 1260 4393 est,
1284 4314 1442 4396 quidquid
1463 4315 1666 4397 culpabiliter
1691 4335 1740 4378 su·

195 4424 261 4477 tum
277 4420 326 4476 ost
341 4413 514 4493 contigisse
533 4420 607 4475 ante
632 4430 790 4475 recessum
806 4433 825 4475 a
841 4414 939 4492 Sinai,
996 4416 1158 4500 perfluum
1173 4422 1221 4478 est
1236 4414 1269 4475 in
1285 4413 1446 4477 mentibus
1462 4415 1583 4491 vestris,
1591 4414 1742 4479 videlicet

145 4561 151 4571 .
193 4512 324 4595 quando
337 4510 497 4592 jejunavit
510 4512 650 4574 secundo
673 4530 731 4592 pro
756 4512 943 4575 remissione
997 4516 1160 4579 intellectu
1184 4523 1215 4577 et
1239 4515 1412 4590 voluntate,
1438 4512 1577 4594 abjicite,
1605 4514 1664 4577 boe
1688 4522 1736 4577 est

97 4604 123 4703 ξ’,
195 4610 385 4676 idololatria
414 4610 536 4693 populi,
564 4618 595 4671 et
620 4628 677 4692 pro
704 4611 942 4692 recuperatione
996 4634 1107 4679 omnes
1122 4613 1329 4695 cogitationes
1346 4612 1484 4689 illicitas,
1501 4620 1533 4675 et
1547 4611 1739 4675 affectiones

196 4710 354 4789 Deoalogi,
372 4717 407 4771 ut
422 4708 531 4771 videre
546 4717 594 4771 est
610 4708 642 4770 in
659 4709 777 4771 Exodo.
997 4714 1136 4797 iniquas,
1152 4714 1217 4777 imo
1232 4721 1264 4776 et
1279 4712 1488 4794 negligentias
1504 4719 1536 4775 et
1550 4730 1673 4775 errores
1686 4734 1694 4785 ;
1710 4721 1741 4773 et

236 4812 278 4871 E't
303 4828 400 4879 nunc,
427 4810 542 4877 Israel,
566 4809 647 4886 quid
672 4810 831 4869 Dominus
856 4813 941 4871 oens
996 4816 1150 4874 cervicem
1175 4823 1313 4873 oestrum
1334 4832 1374 4872 nc
1399 4813 1559 4873 induretis
1584 4813 1740 4888 amplius,

190 4910 273 4986 petit
289 4928 310 4968 a
326 4916 365 4978 te,
382 4907 450 4967 nisi
465 4916 500 4967 ot
517 4908 630 4966 timeas
644 4908 823 4968 Dominum
837 4911 942 4971 Deum
997 4912 1057 4976 boc
1079 4920 1137 4989 est,
1154 4930 1281 4975 omnem
1301 4910 1449 4974 elationis
1471 4918 1626 4973 tumorem
1646 4918 1679 4973 et
1698 4928 1743 4973 re·

196 5016 289 5067 ioum
304 5003 400 5066 liliali
415 5003 580 5080 timore,et
594 5006 736 5064 ambules
749 5006 785 5065 io
797 5007 870 5078 viis,
881 5006 942 5069 boo
997 5012 1284 5093 bullionem,atque
1299 5008 1609 5090 incorrigibilitatem
1626 5009 1741 5085 vitate;

194 5112 242 5167 est
257 5102 427 5187 praeceptis
441 5103 525 5179 ejus,
541 5120 611 5183 quta
626 5103 748 5164 ducunt
770 5104 809 5165 ad
835 5125 941 5170 veram
998 5095 1256 5191 quio-Dominus
1270 5113 1355 5172 Deus
1374 5119 1486 5181 vester,
1507 5112 1574 5186 ipse
1591 5120 1637 5169 est
1656 5112 1742 5171 Deus

195 5203 343 5278 salutem,
359 5202 525 5279 ecditipos
540 5204 810 5273 commaternitas
832 5206 941 5265 Domi·
997 5214 1145 5279 deorum,
1160 5209 1191 5270 id
1213 5217 1262 5272 est
1282 5209 1471 5271 Sanctorum
1492 5217 1525 5272 et
1546 5227 1657 5273 eorum
1682 5209 1739 5291 qui

194 5323 235 5363 oo
250 5306 317 5365 Deo
334 5312 388 5363 luo
402 5302 440 5361 io
457 5310 517 5362 i⁰l0
532 5304 624 5363 corde
639 5312 704 5373 ἰαῦ,
717 5305 940 5385 custodiasque
999 5308 1071 5372 aliis
1086 5315 1237 5391 presunt,
1254 5307 1310 5388 qui
1329 5306 1452 5388 aliquid
1472 5309 1655 5372 divinarum
1670 5329 1742 5393 pro-

325 5432 359 5484 T.
376 5432 400 5482 2.
1592 5445 1624 5495 36
