4309 6259
599 511 773 563 manuario
795 519 824 563 rn
847 521 914 567 car.
938 522 1014 570 xvur
1034 526 1229 577 nuumonuu.
1254 553 1294 561 —
1315 535 1385 582 aar.
1410 538 1473 585 xxx
1749 532 1808 595 tlt

255 687 363 740 morat
378 680 531 744 Dominus
547 684 685 764 qualiter
705 687 751 750 eis
772 690 810 752 de
831 692 917 754 rictu
938 695 1048 774 prod
1104 701 1279 764 Primitiae
1293 717 1402 768 autem
1417 730 1498 788 quas
1517 716 1664 777 voverint
1678 728 1708 778 et
1722 722 1808 780 ottu-

255 774 351 852 vidit,
370 786 403 839 et
418 781 626 861 temporalem
643 787 812 864 quamdam
828 790 1006 853 mercedem
1063 799 1162 857 terior
1184 803 1253 877 filii
1274 804 1388 877 Israel,
1411 806 1442 869 id
1468 816 1525 885 est,
1548 812 1711 891 primitiva
1735 835 1807 898 qua

255 882 374 952 praeter
397 885 547 939 aeternam
572 880 730 943 retribuit.
749 888 948 967 Locutusque
962 899 1006 949 est
1062 894 1255 976 deputantur
1270 910 1301 963 et
1317 903 1483 967 immolant
1498 909 1572 986 lleo,
1583 911 1650 975 sive
1666 934 1703 977 ex
1719 924 1803 993 voto,

253 974 420 1034 Dominus
435 979 480 1035 ad
494 979 606 1037 Aaron
618 1000 629 1037 :
645 982 726 1041 Ecce
741 986 818 1042 deut
835 987 894 1043 tibi
909 997 1006 1047 cristo·
1061 993 1129 1056 sive
1145 1015 1183 1057 ex
1200 998 1279 1079 legis
1294 1009 1422 1082 statuto,
1440 1015 1495 1069 aut
1514 1028 1552 1069 ex
1567 1009 1736 1076 devotione
1756 1034 1806 1077 su-

252 1072 350 1131 dium
361 1076 594 1149 primitiarum
610 1082 810 1153 mearum,id
828 1085 1005 1166 cst,primi-
1060 1105 1278 1175 pererogantc,
1298 1102 1357 1159 tibi
1375 1106 1452 1163 dedi
1473 1116 1503 1165 et
1521 1110 1603 1185 filiis
1626 1113 1690 1172 tuis
1712 1134 1750 1173 ac
1767 1120 1805 1191 fi·
1845 1131 1847 1134 '

253 1166 316 1229 tias
337 1188 410 1250 quae
430 1172 509 1233 mibi
531 1174 699 1254 debentur,
718 1178 868 1260 deputavi
888 1183 947 1244 tibi
968 1203 1004 1246 ac
1060 1193 1166 1252 tfabus
1193 1199 1256 1256 tuis
1271 1199 1351 1275 jure
1371 1193 1538 1279 perpetuo,
1554 1206 1586 1268 id
1612 1218 1660 1270 est
1684 1211 1742 1273 tibi
1767 1232 1804 1277 ae

253 1263 337 1328 filiis
354 1268 429 1345 tuis,
440 1278 475 1331 ut
491 1290 543 1332 eas
554 1272 646 1335 vobis
663 1278 833 1357 reponatis,
845 1288 876 1341 ct
892 1299 1004 1362 oppor-
1059 1289 1122 1351 tuis
1138 1291 1320 1359 domesticis
1337 1318 1395 1379 pro
1410 1306 1625 1368 sustentaculo
1641 1308 1724 1372 vitas.
1740 1315 1805 1381 Qui

251 1372 334 1427 tuno
350 1374 494 1449 tempore
510 1371 716 1434 manducetis.
725 1379 842 1437 Omnia
858 1400 929 1457 quac
939 1380 1003 1443 lleo
1059 1393 1201 1451 mundus
1215 1404 1287 1455 esta
1298 1394 1388 1458 fluxu
1404 1400 1574 1479 seminis,a
1589 1404 1714 1486 lepra,a
1728 1427 1803 1471 con-

247 1467 505 1543 sanctificautur
518 1472 632 1546 ofitiis
641 1474 754 1545 Israel,
765 1473 796 1535 id
813 1484 871 1551 cst,
881 1496 918 1538 ea
931 1496 1002 1557 quae
1058 1487 1265 1553 terminatione
1286 1496 1415 1572 mortui,
1434 1506 1464 1559 et
1485 1500 1707 1566 consimilibus
1728 1506 1803 1569 irre

249 1570 368 1626 ceterae
390 1563 493 1627 tribus
513 1568 667 1649 deputant
682 1580 713 1633 et
728 1572 871 1635 offerunt
885 1576 948 1639 Deo
965 1596 1001 1639 err
1056 1583 1279 1660 gularitatibus
1296 1590 1386 1672 legis,
1404 1606 1546 1657 vescetur
1559 1600 1614 1659 eis.
1628 1599 1801 1667 Immundis

248 1670 328 1726 voto
350 1672 406 1726 aut
430 1665 494 1728 alio
518 1670 624 1745 modo,
643 1674 702 1730 tibi
725 1675 851 1733 tradidi
871 1685 901 1734 ct
919 1677 1001 1752 filiis
1056 1690 1162 1743 autem
1191 1703 1255 1748 non
1283 1687 1374 1752 licuit
1402 1692 1463 1754 talc
1488 1694 1567 1775 quid
1596 1699 1798 1778 manducare,

249 1764 330 1833 turb,
343 1771 378 1824 ut
395 1763 469 1826 inde
484 1765 622 1847 accipias
637 1768 687 1830 vel
704 1778 816 1847 totum,
830 1772 879 1834 vel
895 1781 999 1854 partes
1055 1781 1206 1858 quoniam
1220 1784 1353 1849 Domino
1365 1797 1455 1850 erant
1470 1792 1669 1857 sanctificata
1683 1806 1715 1859 et
1729 1817 1799 1862 corr-

136 1908 143 1917 .
161 1890 206 1919 vo.
245 1863 428 1924 secundnm
446 1864 548 1945 legem
565 1865 827 1950 praefixas,pr0ut
843 1872 1038 1942 inLeviti-13
1056 1885 1187 1939 secreta.
1206 1885 1338 1944 Omnem
1360 1890 1538 1950 medullam
1553 1894 1616 1951 otei
1629 1904 1659 1954 et
1674 1897 1747 1956 uiui
1761 1920 1799 1958 ae

244 1979 286 2023 eo
298 1960 422 2025 diffuse
433 1963 644 2044 praehabitum
656 1975 713 2043 est,
720 1988 781 2045 pro
792 1972 892 2045 officio
902 1992 1000 2031 socer-
1053 1973 1226 2049 srumeuti,
1237 1979 1268 2041 id
1285 1991 1333 2043 est
1349 1984 1511 2065 primitiva
1526 1997 1622 2071 atque
1637 1994 1798 2077 praecipua

241 2062 366 2131 dotati,
384 2060 417 2123 id
438 2069 486 2123 est
507 2081 565 2143 pro
584 2062 748 2146 obsequiis
768 2075 864 2149 atque
885 2068 999 2131 labori·
1054 2070 1093 2133 de
1108 2071 1189 2149 oleo,
1208 2076 1295 2155 vino,
1314 2077 1575 2167 frumeumque
1591 2088 1724 2155 Domino
1740 2112 1798 2175 pro

241 2157 309 2221 bus
331 2159 411 2221 mihi
431 2180 450 2222 a
471 2160 561 2223 vobis
583 2163 732 2225 exhibitis
756 2165 789 2227 in
810 2168 997 2231 sacerdotafi
1053 2170 1205 2249 primitiis
1220 2175 1709 2265 offeruntur,cuipraestantiora
1723 2201 1798 2256 sunt

238 2265 301 2319 aut
318 2257 501 2339 pontificali
517 2257 647 2324 officio:
661 2280 724 2325 non
740 2266 827 2345 quod
843 2273 997 2349 tempora-

238 2357 286 2419 lia
305 2357 366 2420 ista
377 2356 498 2420 fuerint
513 2380 634 2423 merces
648 2360 755 2424 finalis
767 2372 797 2425 et
808 2364 994 2447 principalis

234 2456 474 2538 obsequiorum
489 2460 551 2521 lleo
567 2460 792 2540 exhibitorum,
802 2465 857 2526 sed
874 2485 994 2528 merces

236 2556 452 2637 praeambula,
476 2559 674 2632 secundaria,
699 2562 893 2642 temporalis,
918 2573 994 2646 puta

236 2654 441 2736 stipendium
460 2656 545 2733 vitae,
563 2658 742 2720 ordinatum
759 2661 798 2723 ad
815 2662 994 2725 retributio-

237 2773 320 2816 nem
346 2753 530 2817 beatificam
555 2763 586 2817 et
611 2765 771 2833 eternam,
792 2761 994 2840 quemadmo-

237 2854 323 2916 dum
334 2852 478 2915 Christus
494 2854 528 2915 in
545 2854 716 2937 Evangelio
731 2857 992 2938 predicatoribus

93 2986 110 3011 a
130 3003 139 3014 .
170 2972 213 3019 ,a
236 2952 307 3015 ait:
325 2951 358 3012 ln
375 2952 484 3014 eadem
500 2954 594 3015 domo
611 2963 745 3030 manete,
756 2955 885 3019 edentes
902 2965 933 3019 et
949 2958 994 3020 bi-

1053 2268 1256 2350 immolanda,
1275 2278 1359 2357 quod
1377 2298 1433 2361 per
1450 2283 1621 2347 medullam
1638 2287 1793 2369 innuitur,

1051 2370 1215 2448 quidquid
1239 2379 1378 2451 offerunt
1392 2380 1625 2454 primitiarum
1645 2389 1793 2462 Domine,

1052 2467 1113 2525 tibi
1133 2471 1220 2531 dedi.
1245 2475 1399 2536 Universa
1419 2478 1683 2556 srupumiuitia,
1700 2485 1796 2550 idest

1050 2563 1207 2643 primitivi
1233 2567 1356 2633 fructus
1380 2580 1482 2651 terrm,
1506 2577 1682 2659 vinearum,
1706 2585 1795 2649 arbo

1051 2680 1132 2739 rum,
1161 2662 1299 2729 ficorum
1329 2689 1365 2733 ac
1394 2671 1596 2754 olivetorum,
1622 2684 1794 2745 cedentia

1050 2781 1128 2821 usus
1144 2772 1223 2825 tuos.
1242 2769 1412 2847 Quidquid
1425 2774 1575 2847 primum
1593 2784 1736 2858 erumpit
1754 2787 1794 2844 de

1049 2864 1149 2921 uulua
1172 2874 1295 2924 curretur
1316 2870 1426 2928 curuis
1448 2891 1547 2948 quam
1571 2877 1708 2952 offerunt
1730 2884 1794 2942 Do·

1049 2959 1149 3030 mireo,
1158 2961 1226 3019 sive
1240 2982 1281 3019 eu·
1295 2964 1491 3037 bominibus,
1500 2970 1567 3029 sive
1576 2974 1616 3030 dc
1623 2979 1793 3050 pecoribus

235 3051 534 3133 nentesqueapud
546 3050 991 3134 illossuntllignuscstenim
1010 3055 1161 3131 Cscoerit,
1179 3055 1211 3118 id
1232 3065 1280 3119 est
1299 3077 1394 3123 omne
1414 3062 1662 3146 primogenitum
1682 3092 1720 3135 ex
1736 3074 1792 3139 ho-

234 3148 410 3232 operarius
432 3150 579 3212 mercede
601 3168 669 3212 sue.
688 3156 800 3214 Omnis
822 3157 940 3215 obtecto
962 3167 992 3217 et

231 3250 495 3325 sacrificium&
505 3251 670 3328 quidquid
681 3270 743 3327 pro
753 3263 991 3333 peccatumque

232 3350 358 3409 delicto
381 3348 534 3407 redditur
553 3349 649 3417 milri,
664 3359 694 3408 ct
715 3352 799 3411 cedit
820 3352 855 3411 iu
878 3362 989 3413 sanctu

230 3456 440 3517 sauctorum,
453 3456 547 3507 tuum
562 3448 626 3506 erit
639 3458 669 3507 ct
684 3451 830 3523 fitiorum
847 3459 987 3514 tuorum.

114 3574 210 3605 ,ιι-η.
231 3546 301 3607 lsta
328 3562 411 3625 saepe
437 3544 614 3625 praehabita
637 3554 732 3608 sunt:
750 3554 781 3609 et
804 3556 906 3628 potest
929 3550 989 3614 boc

234 3645 313 3706 loco
335 3660 393 3723 per
415 3642 608 3704 oblationem
633 3643 770 3725 intelligi
792 3646 928 3727 pacifica
944 3649 989 3711 vi·

231 3742 338 3806 etima
352 3764 360 3815 3
378 3758 434 3821 per
450 3739 658 3817 sacrificium,
673 3742 892 3806 holocaustum
906 3769 913 3819 3
931 3765 987 3828 per

231 3860 274 3903 ea
291 3857 365 3919 qum
382 3836 566 3900 offeruntur
582 3856 640 3919 pro
657 3848 787 3920 peccato
807 3850 838 3903 et
857 3842 984 3921 delicto,

231 3936 402 4001 sacrificia
421 3944 501 4018 quta
515 3935 637 3999 fiebant
657 3956 715 4018 pro
735 3940 873 4020 peccatis
891 3943 987 4023 majo

1047 3153 1187 3216 minibus
1204 3164 1236 3217 ct
1250 3155 1415 3237 jumentis
1429 3164 1480 3221 tui
1488 3164 1580 3240 juris
1594 3160 1667 3243 crit,
1682 3170 1714 3232 id
1729 3183 1787 3251 est,

1045 3252 1085 3313 ad
1100 3255 1279 3317 sacerdotes
1295 3257 1479 3337 pertinebit,
1489 3262 1565 3343 quia
1577 3265 1789 3349 primogenita

1045 3359 1135 3412 crant
1156 3353 1291 3417 Domino
1313 3366 1513 3435 consecrata3
1532 3364 1580 3422 tta
1598 3367 1782 3442 dumtaxat,

1045 3459 1081 3510 ut
1096 3470 1158 3527 pro
1177 3454 1319 3513 herminis
1335 3458 1553 3535 primoyem'to
1568 3467 1712 3539 pretium
1736 3491 1788 3530 uc-

1043 3550 1160 3625 erfpr'as,
1177 3549 1208 3611 id
1228 3558 1277 3612 est
1296 3553 1441 3636 quinque
1456 3556 1552 3619 siclos
1568 3578 1626 3640 pro
1641 3565 1785 3643 quolibet

1043 3647 1257 3728 primogenito
1271 3649 1403 3713 aliarum
1421 3654 1562 3718 tribuum
1577 3658 1682 3723 lsrael.
1700 3663 1784 3730 lstud
1822 3695 1890 3740 nio.
1902 3710 1931 3748 a.

1043 3746 1268 3827 supradictum
1280 3756 1335 3809 est
1344 3750 1387 3809 m
1397 3770 1489 3812 omne
1498 3757 1626 3818 animat
1634 3765 1720 3837 quod
1730 3766 1787 3827 im·
1799 3760 1834 3801 ⁴⁷·

1043 3846 1203 3905 mundum
1217 3853 1275 3914 est,
1283 3845 1313 3907 id
1326 3854 1375 3907 est
1390 3865 1454 3909 non
1470 3850 1709 3920 immolaticium
1718 3884 1725 3935 ;
1734 3864 1785 3926 vel

1042 3943 1067 4003 si
1089 3950 1137 4004 est
1156 3942 1196 4003 de
1214 3959 1330 4021 genere
1354 3944 1598 4011 immutabilium
1620 3972 1782 4038 pecorum,

231 4036 329 4099 ribus
352 4042 407 4097 aut
429 4033 619 4111 minoribus,
638 4036 687 4098 vcl
710 4055 768 4118 pro
788 4038 883 4121 culpa
904 4059 987 4103 com·
1042 4049 1147 4103 tamen
1162 4040 1355 4103 maculatum
1371 4051 1429 4120 est,
1443 4044 1597 4125 deforme,
1611 4064 1786 4122 menstruo

230 4133 403 4198 missionis
421 4141 452 4195 et
467 4132 547 4195 vitio
567 4133 749 4197 omissionis
764 4140 860 4217 tquae
879 4138 986 4201 omnia
1041 4160 1124 4215 sum,
1149 4147 1205 4201 aut
1231 4138 1418 4220 languidum
1437 4166 1444 4217 3
1468 4147 1587 4207 redimi
1609 4152 1725 4227 facias,
1751 4167 1786 4220 ut

230 4236 269 4297 in
292 4239 361 4295 toto
382 4231 432 4294 vel
455 4248 513 4312 pro
534 4240 634 4312 parte,
652 4242 816 4296 cesserunt
837 4236 869 4298 in
892 4256 985 4299 nsum
1002 4238 1163 4301 llscilieet
1177 4236 1326 4298 dominus
1343 4238 1547 4321 primogeniti
1563 4249 1687 4326 pecoris
1702 4255 1786 4335 talis,

229 4332 451 4397 sacerdotum.
469 4330 546 4393 Nam
563 4339 594 4394 et
608 4332 709 4413 pelles
727 4331 985 4398 holocaustorum
1041 4334 1158 4399 offerat
1183 4353 1241 4417 pro
1263 4334 1321 4398 illo
1343 4337 1492 4417 pretium,
1511 4349 1542 4403 et
1564 4344 1681 4409 animal
1704 4350 1784 4417 illud

229 4438 329 4497 erant
344 4433 518 4492 eorumlo.
531 4433 720 4491 sanctuario
732 4436 871 4492 comedes
886 4436 983 4506 illud,
1041 4434 1101 4496 sibi
1128 4440 1268 4495 reservet
1286 4457 1293 4507 ;
1313 4435 1408 4510 cujus
1431 4440 1607 4517 redemptio
1630 4448 1693 4509 erit
1711 4464 1785 4527 post

230 4531 269 4594 id
296 4537 345 4591 est
371 4529 404 4589 in
430 4526 552 4590 aedibus
583 4546 682 4611 prope
706 4530 822 4592 atrium
853 4531 921 4594 sive
952 4534 985 4595 in
1039 4554 1144 4595 ursum
1168 4552 1302 4593 mensem
1324 4552 1343 4594 a
1365 4533 1530 4598 nativitate
1551 4544 1675 4620 pecoris
1697 4549 1780 4629 talis,

228 4628 330 4694 atrio.
349 4630 458 4689 Mares
477 4637 607 4688 tuntum
627 4633 790 4691 comederet
801 4631 812 4655 ³
827 4652 868 4690 ecc
887 4652 932 4703 eo,
953 4632 984 4694 id

229 4736 295 4804 est,
315 4726 375 4789 soli
392 4726 570 4788 sacerdotes
587 4733 618 4787 et
638 4745 702 4788 non
724 4746 833 4791 eorum
858 4748 981 4809 uxores,

229 4827 333 4889 odem
349 4844 387 4887 ex
403 4823 507 4887 hostia
522 4822 590 4901 tali,
607 4827 685 4905 quic
706 4839 923 4890 consecratum
939 4841 983 4891 est

225 4925 387 4989 Domino.
398 4922 431 4984 ln
447 4922 588 4985 Levitico
603 4931 707 4986 autem
724 4924 845 4989 diffuse
862 4928 983 5009 exposi-

227 5033 303 5085 tum
325 5028 383 5098 est,
401 5022 441 5083 de
463 5019 581 5102 quibus
602 5022 693 5085 licuit
714 5024 760 5085 uti
784 5026 860 5088 solis
883 5046 982 5089 sacer-

226 5119 375 5197 dotibuS,
385 5128 417 5183 et
432 5120 472 5181 dc
487 5118 604 5199 quibus
620 5128 683 5183 tam
699 5122 745 5184 eis
757 5143 854 5204 quam
871 5144 980 5187 eorum

226 5218 246 5281 f
248 5218 327 5295 iliis,
337 5218 377 5281 de
387 5216 507 5298 quibus
523 5217 598 5279 item
612 5226 643 5279 et
658 5218 798 5299 ipsorum
817 5222 978 5301 uxoribus,

226 5316 390 5380 ceterisve
405 5314 601 5377 domesticis.

360 5448 394 5497 T.
412 5446 436 5496 2.

1038 4634 1128 4693 siclis
1142 4633 1271 4708 arpenti
1285 4633 1439 4711 quinque.
1456 4635 1565 4695 Sictus
1581 4641 1702 4716 viciati
1714 4650 1783 4707 cbo-

1040 4735 1085 4792 tos
1099 4733 1202 4790 laedet.
1220 4728 1333 4791 Totum
1354 4729 1414 4791 hoc
1434 4749 1531 4811 supra
1551 4735 1779 4817 scriptumest.
1808 4726 1929 4828 emani.

1038 4830 1264 4893 Verumtamen
1285 4826 1369 4888 istud
1390 4836 1518 4890 nonest
1538 4830 1781 4916 intelligendum
1796 4836 1920 4942 ’ᾖξ’-Π

1038 4927 1182 4991 absolute
1207 4926 1246 4988 de
1272 4925 1430 4988 universis
1458 4926 1631 4994 immundis
1658 4929 1875 5017 pee0r1.20‚2'2
1922 4932 1928 4953 '

1038 5028 1108 5102 bus,
1135 5024 1287 5105 quoniam
1311 5024 1400 5105 juxta
1424 5026 1609 5107 praehabita,
1636 5039 1781 5115 quedam

1037 5122 1249 5207 primogenita
1274 5121 1457 5198 bestiarum,
1480 5124 1629 5192 videlicet
1653 5152 1779 5216 eanum,
1803 5164 1928 5218 num,

1037 5242 1101 5286 non
1113 5219 1356 5296 redimebantur,
1362 5219 1416 5281 sed
1427 5220 1659 5291 occidebantur.
1667 5232 1781 5299 Primo
1796 5229 1830 5272 ¹⁸·

1037 5320 1145 5404 genita
1167 5337 1242 5382 vero
1262 5318 1425 5380 asinorum
1449 5320 1696 5407 redimebantur,
1716 5351 1780 5397 non

1626 5460 1657 5509 27
