<?xml version="1.0" encoding="UTF-8"?>
<!DOCTYPE html PUBLIC "-//W3C//DTD XHTML 1.0 Transitional//EN"
    "http://www.w3.org/TR/xhtml1/DTD/xhtml1-transitional.dtd">
<html xmlns="http://www.w3.org/1999/xhtml" xml:lang="en" lang="en">
 <head>
  <title>
</title>
<meta http-equiv="Content-Type" content="text/html;charset=utf-8" />
  <meta name='ocr-system' content='tesseract 3.04.00' />
  <meta name='ocr-capabilities' content='ocr_page ocr_carea ocr_par ocr_line ocrx_word'/>
</head>
<body>
  <div class='ocr_page' id='page_1' title='image "./doctorisecstati00unkngoog_0732.png"; bbox 0 0 4309 6259; ppageno 0'>
   <div class='ocr_carea' id='block_1_1' title="bbox 433 489 1671 560">
    <p class='ocr_par' dir='ltr' id='par_1_1' title="bbox 433 489 1671 560">
     <span class='ocr_line' id='line_1_1' title="bbox 433 489 1671 560; baseline 0.002 -8"><span class='ocrx_word' id='word_1_1' title='bbox 433 489 493 552; x_wconf 74' lang='lat' dir='ltr'><em>biit</em></span> <span class='ocrx_word' id='word_1_2' title='bbox 739 509 913 556; x_wconf 71' lang='lat' dir='ltr'><em>missurio</em></span> <span class='ocrx_word' id='word_1_3' title='bbox 934 511 964 556; x_wconf 86' lang='lat' dir='ltr'><em>m</em></span> <span class='ocrx_word' id='word_1_4' title='bbox 986 509 1054 557; x_wconf 82' lang='lat' dir='ltr'><em>mr.</em></span> <span class='ocrx_word' id='word_1_5' title='bbox 1078 507 1153 556; x_wconf 80' lang='lat' dir='ltr'><em>xxix</em></span> <span class='ocrx_word' id='word_1_6' title='bbox 1173 507 1407 557; x_wconf 76' lang='lat' dir='ltr'><em>nemorosam.</em></span> <span class='ocrx_word' id='word_1_7' title='bbox 1429 531 1470 542; x_wconf 94' lang='lat'>—</span> <span class='ocrx_word' id='word_1_8' title='bbox 1491 511 1562 557; x_wconf 74' lang='lat' dir='ltr'><em>sur.</em></span> <span class='ocrx_word' id='word_1_9' title='bbox 1585 509 1671 560; x_wconf 79' lang='lat' dir='ltr'><em>xxxu</em></span> 
     </span>
    </p>
   </div>
   <div class='ocr_carea' id='block_1_2' title="bbox 425 676 2063 3815">
    <p class='ocr_par' dir='ltr' id='par_1_2' title="bbox 425 676 2063 3815">
     <span class='ocr_line' id='line_1_2' title="bbox 434 676 1976 763; baseline -0.001 -25"><span class='ocrx_word' id='word_1_10' title='bbox 434 677 530 756; x_wconf 88' lang='lat' dir='ltr'><em>igitur</em></span> <span class='ocrx_word' id='word_1_11' title='bbox 545 680 645 756; x_wconf 80' lang='lat' dir='ltr'><em>statis,</em></span> <span class='ocrx_word' id='word_1_12' title='bbox 659 690 694 741; x_wconf 88' lang='lat' dir='ltr'><em>ut</em></span> <span class='ocrx_word' id='word_1_13' title='bbox 711 691 865 753; x_wconf 81' lang='lat' dir='ltr'><em>transeas,</em></span> <span class='ocrx_word' id='word_1_14' title='bbox 876 689 909 742; x_wconf 91' lang='lat' dir='ltr'><em>tu</em></span> <span class='ocrx_word' id='word_1_15' title='bbox 926 681 1053 763; x_wconf 87' lang='lat' dir='ltr'><em>popule,</em></span> <span class='ocrx_word' id='word_1_16' title='bbox 1068 685 1105 741; x_wconf 88' lang='lat' dir='ltr'><em>in</em></span> <span class='ocrx_word' id='word_1_17' title='bbox 1119 683 1178 758; x_wconf 86' lang='lat' dir='ltr'><em>soe·</em></span> <span class='ocrx_word' id='word_1_18' title='bbox 1192 683 1216 744; x_wconf 83' lang='lat' dir='ltr'><strong>A</strong></span> <span class='ocrx_word' id='word_1_19' title='bbox 1232 681 1407 743; x_wconf 90' lang='lat' dir='ltr'><em>inebriatus</em></span> <span class='ocrx_word' id='word_1_20' title='bbox 1423 690 1480 757; x_wconf 86' lang='lat' dir='ltr'><em>est,</em></span> <span class='ocrx_word' id='word_1_21' title='bbox 1499 690 1531 744; x_wconf 90' lang='lat' dir='ltr'><em>et</em></span> <span class='ocrx_word' id='word_1_22' title='bbox 1545 681 1626 745; x_wconf 91' lang='lat' dir='ltr'><em>alios</em></span> <span class='ocrx_word' id='word_1_23' title='bbox 1642 680 1736 743; x_wconf 89' lang='lat' dir='ltr'><em>lallit.</em></span> <span class='ocrx_word' id='word_1_24' title='bbox 1753 678 1811 752; x_wconf 84' lang='lat' dir='ltr'><em>Qui</em></span> <span class='ocrx_word' id='word_1_25' title='bbox 1829 676 1918 739; x_wconf 89' lang='lat' dir='ltr'><em>enim</em></span> <span class='ocrx_word' id='word_1_26' title='bbox 1936 695 1976 738; x_wconf 81' lang='lat' dir='ltr'><em>ex</em></span> 
     </span>
     <span class='ocr_line' id='line_1_3' title="bbox 432 774 1977 862; baseline -0.001 -26"><span class='ocrx_word' id='word_1_27' title='bbox 432 781 506 836; x_wconf 84' lang='lat' dir='ltr'><em>dere</em></span> <span class='ocrx_word' id='word_1_28' title='bbox 531 781 676 849; x_wconf 78' lang='lat' dir='ltr'><em>Domini,</em></span> <span class='ocrx_word' id='word_1_29' title='bbox 694 779 725 841; x_wconf 93' lang='lat' dir='ltr'><em>id</em></span> <span class='ocrx_word' id='word_1_30' title='bbox 750 787 809 856; x_wconf 90' lang='lat' dir='ltr'><em>est,</em></span> <span class='ocrx_word' id='word_1_31' title='bbox 833 787 925 862; x_wconf 90' lang='lat' dir='ltr'><em>pacto</em></span> <span class='ocrx_word' id='word_1_32' title='bbox 952 780 1024 841; x_wconf 93' lang='lat' dir='ltr'><em>l1uic</em></span> <span class='ocrx_word' id='word_1_33' title='bbox 1050 779 1177 860; x_wconf 77' lang='lat' dir='ltr'><em>acquie</em></span> <span class='ocrx_word' id='word_1_34' title='bbox 1231 789 1317 842; x_wconf 86' lang='lat' dir='ltr'><em>certa</em></span> <span class='ocrx_word' id='word_1_35' title='bbox 1332 780 1454 842; x_wconf 92' lang='lat' dir='ltr'><em>malitia</em></span> <span class='ocrx_word' id='word_1_36' title='bbox 1469 788 1564 862; x_wconf 88' lang='lat' dir='ltr'><em>atquo</em></span> <span class='ocrx_word' id='word_1_37' title='bbox 1580 779 1743 861; x_wconf 89' lang='lat' dir='ltr'><em>proposito</em></span> <span class='ocrx_word' id='word_1_38' title='bbox 1758 783 1879 858; x_wconf 87' lang='lat' dir='ltr'><em>peceat,</em></span> <span class='ocrx_word' id='word_1_39' title='bbox 1893 774 1977 836; x_wconf 93' lang='lat' dir='ltr'><em>indi-</em></span> 
     </span>
     <span class='ocr_line' id='line_1_4' title="bbox 434 875 2063 957; baseline -0.002 -21"><span class='ocrx_word' id='word_1_40' title='bbox 434 883 555 951; x_wconf 89' lang='lat' dir='ltr'><em>seas,et</em></span> <span class='ocrx_word' id='word_1_41' title='bbox 571 883 601 938; x_wconf 89' lang='lat' dir='ltr'><em>te</em></span> <span class='ocrx_word' id='word_1_42' title='bbox 617 876 645 937; x_wconf 92' lang='lat' dir='ltr'><em>ei</em></span> <span class='ocrx_word' id='word_1_43' title='bbox 661 877 850 956; x_wconf 78' lang='lat' dir='ltr'><em>adstringaS,</em></span> <span class='ocrx_word' id='word_1_44' title='bbox 863 886 895 939; x_wconf 88' lang='lat' dir='ltr'><em>et</em></span> <span class='ocrx_word' id='word_1_45' title='bbox 910 877 1030 956; x_wconf 81' lang='lat' dir='ltr'><strong>obliges</strong></span> <span class='ocrx_word' id='word_1_46' title='bbox 1047 879 1086 940; x_wconf 89' lang='lat' dir='ltr'><em>ad</em></span> <span class='ocrx_word' id='word_1_47' title='bbox 1103 878 1178 940; x_wconf 91' lang='lat' dir='ltr'><em>obe·</em></span> <span class='ocrx_word' id='word_1_48' title='bbox 1231 895 1313 957; x_wconf 85' lang='lat' dir='ltr'><em>gnus</em></span> <span class='ocrx_word' id='word_1_49' title='bbox 1338 887 1386 942; x_wconf 91' lang='grc' dir='ltr'><em>θεῖ</em></span> <span class='ocrx_word' id='word_1_50' title='bbox 1411 879 1515 942; x_wconf 85' lang='lat' dir='ltr'><em>venia.</em></span> <span class='ocrx_word' id='word_1_51' title='bbox 1541 881 1605 940; x_wconf 82' lang='lat' dir='ltr'><em>Sed</em></span> <span class='ocrx_word' id='word_1_52' title='bbox 1631 888 1708 938; x_wconf 89' lang='lat' dir='ltr'><em>tune</em></span> <span class='ocrx_word' id='word_1_53' title='bbox 1733 875 1977 956; x_wconf 71' lang='lat' dir='ltr'><em>quammaxime</em></span> <span class='ocrx_word' id='word_1_54' title='bbox 2059 906 2063 912; x_wconf 67' lang='grc'><strong><em>«</em></strong></span> 
     </span>
     <span class='ocr_line' id='line_1_5' title="bbox 433 973 1976 1057; baseline -0.004 -22"><span class='ocrx_word' id='word_1_55' title='bbox 433 973 585 1035; x_wconf 88' lang='lat' dir='ltr'><em>diendum</em></span> <span class='ocrx_word' id='word_1_56' title='bbox 602 974 717 1050; x_wconf 85' lang='lat' dir='ltr'><em>eidem,</em></span> <span class='ocrx_word' id='word_1_57' title='bbox 731 986 760 1034; x_wconf 85' lang='lat' dir='ltr'><em>et</em></span> <span class='ocrx_word' id='word_1_58' title='bbox 777 980 811 1036; x_wconf 84' lang='lat' dir='ltr'><em>in</em></span> <span class='ocrx_word' id='word_1_59' title='bbox 819 977 1057 1054; x_wconf 76' lang='lat' dir='ltr'><em>jurejurando,</em></span> <span class='ocrx_word' id='word_1_60' title='bbox 1069 975 1100 1036; x_wconf 96' lang='lat' dir='ltr'><em>id</em></span> <span class='ocrx_word' id='word_1_61' title='bbox 1116 983 1174 1050; x_wconf 85' lang='lat' dir='ltr'><em>est,</em></span> <span class='ocrx_word' id='word_1_62' title='bbox 1230 980 1408 1056; x_wconf 84' lang='lat' dir='ltr'><em>surorejus</em></span> <span class='ocrx_word' id='word_1_63' title='bbox 1423 981 1528 1057; x_wconf 71' lang='lat' dir='ltr'><em>fureret</em></span> <span class='ocrx_word' id='word_1_64' title='bbox 1542 987 1571 1037; x_wconf 84' lang='lat' dir='ltr'><em>et</em></span> <span class='ocrx_word' id='word_1_65' title='bbox 1588 981 1796 1037; x_wconf 80' lang='lat' dir='ltr'><em>zeiuseontra</em></span> <span class='ocrx_word' id='word_1_66' title='bbox 1813 974 1976 1033; x_wconf 81' lang='lat' dir='ltr'><em>bominem</em></span> 
     </span>
     <span class='ocr_line' id='line_1_6' title="bbox 433 1071 1976 1156; baseline -0.001 -24"><span class='ocrx_word' id='word_1_67' title='bbox 433 1071 466 1132; x_wconf 90' lang='lat' dir='ltr'><em>in</em></span> <span class='ocrx_word' id='word_1_68' title='bbox 483 1072 551 1151; x_wconf 90' lang='lat' dir='ltr'><em>lege</em></span> <span class='ocrx_word' id='word_1_69' title='bbox 563 1073 624 1134; x_wconf 90' lang='lat' dir='ltr'><em>ista</em></span> <span class='ocrx_word' id='word_1_70' title='bbox 635 1073 745 1137; x_wconf 91' lang='lat' dir='ltr'><em>divino</em></span> <span class='ocrx_word' id='word_1_71' title='bbox 756 1074 936 1154; x_wconf 87' lang='lat' dir='ltr'><em>juramento</em></span> <span class='ocrx_word' id='word_1_72' title='bbox 950 1075 962 1134; x_wconf 91' lang='lat' dir='ltr'><em>l</em></span> <span class='ocrx_word' id='word_1_73' title='bbox 964 1074 1077 1136; x_wconf 91' lang='lat' dir='ltr'><em>irmata</em></span> <span class='ocrx_word' id='word_1_74' title='bbox 1087 1073 1177 1137; x_wconf 80' lang='lat' dir='ltr'><em>viras</em></span> <span class='ocrx_word' id='word_1_75' title='bbox 1233 1079 1339 1149; x_wconf 85' lang='lat' dir='ltr'><em>iliam,</em></span> <span class='ocrx_word' id='word_1_76' title='bbox 1353 1077 1384 1139; x_wconf 94' lang='lat' dir='ltr'><em>id</em></span> <span class='ocrx_word' id='word_1_77' title='bbox 1399 1084 1457 1152; x_wconf 89' lang='lat' dir='ltr'><em>est,</em></span> <span class='ocrx_word' id='word_1_78' title='bbox 1475 1077 1556 1138; x_wconf 88' lang='lat' dir='ltr'><em>Deus</em></span> <span class='ocrx_word' id='word_1_79' title='bbox 1571 1073 1805 1156; x_wconf 84' lang='lat' dir='ltr'><em>quammaxime</em></span> <span class='ocrx_word' id='word_1_80' title='bbox 1820 1072 1976 1133; x_wconf 72' lang='lat' dir='ltr'><em>irascatur</em></span> 
     </span>
     <span class='ocr_line' id='line_1_7' title="bbox 432 1169 1976 1255; baseline 0.003 -25"><span class='ocrx_word' id='word_1_81' title='bbox 432 1177 463 1231; x_wconf 92' lang='lat' dir='ltr'><em>et</em></span> <span class='ocrx_word' id='word_1_82' title='bbox 478 1169 632 1246; x_wconf 82' lang='lat' dir='ltr'><em>ambules,</em></span> <span class='ocrx_word' id='word_1_83' title='bbox 650 1175 736 1251; x_wconf 80' lang='lat' dir='ltr'><em>quaet</em></span> <span class='ocrx_word' id='word_1_84' title='bbox 751 1174 845 1231; x_wconf 83' lang='lat' dir='ltr'><em>bodio</em></span> <span class='ocrx_word' id='word_1_85' title='bbox 860 1173 1019 1233; x_wconf 77' lang='lat' dir='ltr'><em>Dominus</em></span> <span class='ocrx_word' id='word_1_86' title='bbox 1038 1174 1176 1248; x_wconf 80' lang='lat' dir='ltr'><em>pmeutit</em></span> <span class='ocrx_word' id='word_1_87' title='bbox 1231 1185 1261 1237; x_wconf 88' lang='lat' dir='ltr'><em>et</em></span> <span class='ocrx_word' id='word_1_88' title='bbox 1278 1175 1418 1237; x_wconf 86' lang='lat' dir='ltr'><em>vindicet</em></span> <span class='ocrx_word' id='word_1_89' title='bbox 1434 1176 1466 1236; x_wconf 96' lang='lat' dir='ltr'><em>in</em></span> <span class='ocrx_word' id='word_1_90' title='bbox 1484 1175 1579 1237; x_wconf 88' lang='lat' dir='ltr'><em>talem</em></span> <span class='ocrx_word' id='word_1_91' title='bbox 1595 1173 1752 1255; x_wconf 86' lang='lat' dir='ltr'><em>iniquum,</em></span> <span class='ocrx_word' id='word_1_92' title='bbox 1769 1179 1801 1234; x_wconf 87' lang='lat' dir='ltr'><em>et</em></span> <span class='ocrx_word' id='word_1_93' title='bbox 1821 1170 1890 1232; x_wconf 88' lang='lat' dir='ltr'><em>zelo</em></span> <span class='ocrx_word' id='word_1_94' title='bbox 1911 1188 1976 1232; x_wconf 81' lang='lat' dir='ltr'><em>suae</em></span> 
     </span>
     <span class='ocr_line' id='line_1_8' title="bbox 433 1268 1976 1355; baseline 0.001 -28"><span class='ocrx_word' id='word_1_95' title='bbox 433 1278 544 1339; x_wconf 83' lang='lat' dir='ltr'><em>lecum,</em></span> <span class='ocrx_word' id='word_1_96' title='bbox 562 1279 598 1328; x_wconf 87' lang='lat' dir='ltr'><em>ut</em></span> <span class='ocrx_word' id='word_1_97' title='bbox 620 1272 747 1330; x_wconf 85' lang='lat' dir='ltr'><em>suscitet</em></span> <span class='ocrx_word' id='word_1_98' title='bbox 771 1281 799 1330; x_wconf 87' lang='lat' dir='ltr'><em>te</em></span> <span class='ocrx_word' id='word_1_99' title='bbox 820 1271 882 1328; x_wconf 84' lang='lat' dir='ltr'><em>sibi</em></span> <span class='ocrx_word' id='word_1_100' title='bbox 905 1273 938 1328; x_wconf 83' lang='lat' dir='ltr'><em>t&#39;n</em></span> <span class='ocrx_word' id='word_1_101' title='bbox 956 1273 1177 1348; x_wconf 65' lang='lat' dir='ltr'><em>populumne</em></span> <span class='ocrx_word' id='word_1_102' title='bbox 1229 1273 1360 1353; x_wconf 71' lang='lat' dir='ltr'><em>justitie</em></span> <span class='ocrx_word' id='word_1_103' title='bbox 1386 1274 1489 1355; x_wconf 86' lang='lat' dir='ltr'><em>ipsum</em></span> <span class='ocrx_word' id='word_1_104' title='bbox 1514 1271 1702 1352; x_wconf 79' lang='lat' dir='ltr'><em>gravissime</em></span> <span class='ocrx_word' id='word_1_105' title='bbox 1724 1269 1857 1352; x_wconf 81' lang='lat' dir='ltr'><em>puniat:</em></span> <span class='ocrx_word' id='word_1_106' title='bbox 1875 1268 1919 1329; x_wconf 87' lang='lat' dir='ltr'><em>ita</em></span> <span class='ocrx_word' id='word_1_107' title='bbox 1940 1277 1976 1329; x_wconf 86' lang='lat' dir='ltr'><em>ut</em></span> 
     </span>
     <span class='ocr_line' id='line_1_9' title="bbox 431 1366 1975 1443; baseline 0.001 -19"><span class='ocrx_word' id='word_1_108' title='bbox 431 1369 729 1443; x_wconf 84' lang='lat' dir='ltr'><em>ipsest&#39;tDominus</em></span> <span class='ocrx_word' id='word_1_109' title='bbox 744 1373 830 1428; x_wconf 84' lang='lat' dir='ltr'><em>Dens</em></span> <span class='ocrx_word' id='word_1_110' title='bbox 847 1371 1031 1439; x_wconf 63' lang='lat' dir='ltr'><em>tritissimi</em></span> <span class='ocrx_word' id='word_1_111' title='bbox 1053 1373 1176 1428; x_wconf 82' lang='lat' dir='ltr'><em>toontos</em></span> <span class='ocrx_word' id='word_1_112' title='bbox 1230 1372 1310 1432; x_wconf 82' lang='lat' dir='ltr'><em>[leus</em></span> <span class='ocrx_word' id='word_1_113' title='bbox 1336 1391 1370 1434; x_wconf 90' lang='grc' dir='ltr'><em>εθ</em></span> <span class='ocrx_word' id='word_1_114' title='bbox 1394 1372 1538 1433; x_wconf 79' lang='lat' dir='ltr'><em>videatur</em></span> <span class='ocrx_word' id='word_1_115' title='bbox 1562 1371 1678 1433; x_wconf 84' lang='lat' dir='ltr'><em>habere</em></span> <span class='ocrx_word' id='word_1_116' title='bbox 1708 1370 1808 1431; x_wconf 85' lang='lat' dir='ltr'><em>instar</em></span> <span class='ocrx_word' id='word_1_117' title='bbox 1832 1366 1975 1430; x_wconf 85' lang='lat' dir='ltr'><em>hominis</em></span> 
     </span>
     <span class='ocr_line' id='line_1_10' title="bbox 430 1465 1975 1549; baseline 0.001 -25"><span class='ocrx_word' id='word_1_118' title='bbox 430 1475 475 1526; x_wconf 85' lang='lat' dir='ltr'><em>est</em></span> <span class='ocrx_word' id='word_1_119' title='bbox 497 1468 567 1536; x_wconf 83' lang='lat' dir='ltr'><em>tibi,</em></span> <span class='ocrx_word' id='word_1_120' title='bbox 583 1477 612 1527; x_wconf 88' lang='lat' dir='ltr'><em>et</em></span> <span class='ocrx_word' id='word_1_121' title='bbox 633 1469 717 1527; x_wconf 85' lang='lat' dir='ltr'><em>sieut</em></span> <span class='ocrx_word' id='word_1_122' title='bbox 730 1469 863 1544; x_wconf 73' lang='lat' dir='ltr'><em>juravit</em></span> <span class='ocrx_word' id='word_1_123' title='bbox 876 1470 1025 1544; x_wconf 83' lang='lat' dir='ltr'><em>patribus</em></span> <span class='ocrx_word' id='word_1_124' title='bbox 1049 1471 1127 1536; x_wconf 88' lang='lat' dir='ltr'><em>tuis,</em></span> <span class='ocrx_word' id='word_1_125' title='bbox 1143 1466 1176 1528; x_wconf 95' lang='lat' dir='ltr'><em>id</em></span> <span class='ocrx_word' id='word_1_126' title='bbox 1231 1478 1317 1532; x_wconf 84' lang='lat' dir='ltr'><em>tanta</em></span> <span class='ocrx_word' id='word_1_127' title='bbox 1338 1471 1385 1532; x_wconf 89' lang='lat' dir='ltr'><em>ira</em></span> <span class='ocrx_word' id='word_1_128' title='bbox 1407 1470 1570 1544; x_wconf 84' lang='lat' dir='ltr'><em>commoti,</em></span> <span class='ocrx_word' id='word_1_129' title='bbox 1588 1469 1672 1549; x_wconf 87' lang='lat' dir='ltr'><em>quod</em></span> <span class='ocrx_word' id='word_1_130' title='bbox 1695 1469 1735 1530; x_wconf 87' lang='lat' dir='ltr'><em>de</em></span> <span class='ocrx_word' id='word_1_131' title='bbox 1756 1465 1888 1528; x_wconf 85' lang='lat' dir='ltr'><em>naribus</em></span> <span class='ocrx_word' id='word_1_132' title='bbox 1908 1465 1975 1526; x_wconf 89' lang='lat' dir='ltr'><em>suis</em></span> 
     </span>
     <span class='ocr_line' id='line_1_11' title="bbox 431 1563 1975 1649; baseline -0.001 -24"><span class='ocrx_word' id='word_1_133' title='bbox 431 1572 490 1640; x_wconf 92' lang='lat' dir='ltr'><em>est,</em></span> <span class='ocrx_word' id='word_1_134' title='bbox 508 1564 566 1626; x_wconf 88' lang='lat' dir='ltr'><em>tihi</em></span> <span class='ocrx_word' id='word_1_135' title='bbox 590 1566 740 1646; x_wconf 83' lang='lat' dir='ltr'><em>proponit</em></span> <span class='ocrx_word' id='word_1_136' title='bbox 760 1573 792 1627; x_wconf 89' lang='lat' dir='ltr'><em>et</em></span> <span class='ocrx_word' id='word_1_137' title='bbox 815 1565 954 1646; x_wconf 84' lang='lat' dir='ltr'><em>injungit</em></span> <span class='ocrx_word' id='word_1_138' title='bbox 973 1585 1046 1628; x_wconf 91' lang='lat' dir='ltr'><em>eum</em></span> <span class='ocrx_word' id='word_1_139' title='bbox 1067 1564 1176 1628; x_wconf 87' lang='lat' dir='ltr'><em>condi·</em></span> <span class='ocrx_word' id='word_1_140' title='bbox 1231 1568 1353 1630; x_wconf 90' lang='lat' dir='ltr'><em>lumum</em></span> <span class='ocrx_word' id='word_1_141' title='bbox 1370 1567 1497 1642; x_wconf 89' lang='lat' dir='ltr'><em>emittit,</em></span> <span class='ocrx_word' id='word_1_142' title='bbox 1510 1576 1541 1630; x_wconf 91' lang='lat' dir='ltr'><em>et</em></span> <span class='ocrx_word' id='word_1_143' title='bbox 1556 1569 1647 1649; x_wconf 90' lang='lat' dir='ltr'><em>signa</em></span> <span class='ocrx_word' id='word_1_144' title='bbox 1662 1585 1727 1628; x_wconf 78' lang='lat' dir='ltr'><em>suaa</em></span> <span class='ocrx_word' id='word_1_145' title='bbox 1742 1563 1975 1644; x_wconf 82' lang='lat' dir='ltr'><em>indignationis</em></span> 
     </span>
     <span class='ocr_line' id='line_1_12' title="bbox 433 1665 1973 1748; baseline -0.002 -23"><span class='ocrx_word' id='word_1_146' title='bbox 433 1665 518 1727; x_wconf 90' lang='lat' dir='ltr'><em>tione</em></span> <span class='ocrx_word' id='word_1_147' title='bbox 533 1665 695 1746; x_wconf 84' lang='lat' dir='ltr'><em>adjuncta,</em></span> <span class='ocrx_word' id='word_1_148' title='bbox 707 1666 854 1728; x_wconf 90' lang='lat' dir='ltr'><em>videlicet</em></span> <span class='ocrx_word' id='word_1_149' title='bbox 870 1685 942 1728; x_wconf 89' lang='lat' dir='ltr'><em>oum</em></span> <span class='ocrx_word' id='word_1_150' title='bbox 963 1666 1176 1748; x_wconf 79' lang='lat' dir='ltr'><em>promissione</em></span> <span class='ocrx_word' id='word_1_151' title='bbox 1230 1667 1446 1738; x_wconf 82' lang='lat' dir='ltr'><em>demonstrat3</em></span> <span class='ocrx_word' id='word_1_152' title='bbox 1464 1677 1494 1726; x_wconf 89' lang='lat' dir='ltr'><em>et</em></span> <span class='ocrx_word' id='word_1_153' title='bbox 1514 1671 1645 1726; x_wconf 79' lang='lat' dir='ltr'><em>sedeant</em></span> <span class='ocrx_word' id='word_1_154' title='bbox 1663 1684 1759 1742; x_wconf 85' lang='lat' dir='ltr'><em>super</em></span> <span class='ocrx_word' id='word_1_155' title='bbox 1773 1685 1848 1723; x_wconf 73' lang='lat' dir='ltr'><em>euin</em></span> <span class='ocrx_word' id='word_1_156' title='bbox 1862 1666 1973 1722; x_wconf 83' lang='lat' dir='ltr'><em>onmia</em></span> 
     </span>
     <span class='ocr_line' id='line_1_13' title="bbox 431 1763 1974 1846; baseline -0.004 -21"><span class='ocrx_word' id='word_1_157' title='bbox 431 1763 658 1845; x_wconf 88' lang='lat' dir='ltr'><em>multiplicium</em></span> <span class='ocrx_word' id='word_1_158' title='bbox 671 1763 974 1840; x_wconf 87' lang='lat' dir='ltr'><em>benedictionum,si</em></span> <span class='ocrx_word' id='word_1_159' title='bbox 992 1763 1175 1846; x_wconf 78' lang='lat' dir='ltr'><em>impleveris</em></span> <span class='ocrx_word' id='word_1_160' title='bbox 1230 1769 1501 1844; x_wconf 69' lang='lat' dir='ltr'><em>maledictaque</em></span> <span class='ocrx_word' id='word_1_161' title='bbox 1519 1767 1640 1842; x_wconf 75' lang='lat' dir='ltr'><em>scripta</em></span> <span class='ocrx_word' id='word_1_162' title='bbox 1661 1772 1737 1824; x_wconf 88' lang='lat' dir='ltr'><em>sunt</em></span> <span class='ocrx_word' id='word_1_163' title='bbox 1759 1766 1795 1822; x_wconf 89' lang='lat' dir='ltr'><em>in</em></span> <span class='ocrx_word' id='word_1_164' title='bbox 1814 1765 1873 1822; x_wconf 86' lang='lat' dir='ltr'><em>boe</em></span> <span class='ocrx_word' id='word_1_165' title='bbox 1887 1765 1974 1820; x_wconf 86' lang='lat' dir='ltr'><em>ootn-</em></span> 
     </span>
     <span class='ocr_line' id='line_1_14' title="bbox 431 1855 1974 1945; baseline -0.003 -21"><span class='ocrx_word' id='word_1_166' title='bbox 431 1862 532 1944; x_wconf 86' lang='lat' dir='ltr'><em>lcgem</em></span> <span class='ocrx_word' id='word_1_167' title='bbox 550 1863 642 1940; x_wconf 88' lang='lat' dir='ltr'><em>hane,</em></span> <span class='ocrx_word' id='word_1_168' title='bbox 652 1871 684 1924; x_wconf 88' lang='lat' dir='ltr'><em>ct</em></span> <span class='ocrx_word' id='word_1_169' title='bbox 699 1882 769 1925; x_wconf 90' lang='lat' dir='ltr'><em>eum</em></span> <span class='ocrx_word' id='word_1_170' title='bbox 789 1862 1055 1945; x_wconf 77' lang='lat' dir='ltr'><em>praenuntiatione</em></span> <span class='ocrx_word' id='word_1_171' title='bbox 1071 1862 1175 1924; x_wconf 91' lang='lat' dir='ltr'><em>multi·</em></span> <span class='ocrx_word' id='word_1_172' title='bbox 1189 1855 1212 1916; x_wconf 85' lang='grc' dir='ltr'><em>Β</em></span> <span class='ocrx_word' id='word_1_173' title='bbox 1231 1867 1330 1931; x_wconf 76' lang='lat' dir='ltr'><em>ruine,</em></span> <span class='ocrx_word' id='word_1_174' title='bbox 1341 1864 1372 1924; x_wconf 95' lang='lat' dir='ltr'><em>id</em></span> <span class='ocrx_word' id='word_1_175' title='bbox 1388 1871 1447 1940; x_wconf 89' lang='lat' dir='ltr'><em>est,</em></span> <span class='ocrx_word' id='word_1_176' title='bbox 1460 1862 1599 1945; x_wconf 74' lang='lat' dir='ltr'><em>prelata</em></span> <span class='ocrx_word' id='word_1_177' title='bbox 1614 1861 1855 1925; x_wconf 86' lang='lat' dir='ltr'><em>maledictiones</em></span> <span class='ocrx_word' id='word_1_178' title='bbox 1871 1859 1974 1920; x_wconf 88' lang='lat' dir='ltr'><em>lirmi-</em></span> 
     </span>
     <span class='ocr_line' id='line_1_15' title="bbox 430 1958 1971 2042; baseline -0.003 -20"><span class='ocrx_word' id='word_1_179' title='bbox 430 1961 582 2023; x_wconf 87' lang='lat' dir='ltr'><em>lariarum</em></span> <span class='ocrx_word' id='word_1_180' title='bbox 603 1961 874 2036; x_wconf 85' lang='lat' dir='ltr'><em>maledictionum,</em></span> <span class='ocrx_word' id='word_1_181' title='bbox 893 1961 918 2022; x_wconf 92' lang='lat' dir='ltr'><em>si</em></span> <span class='ocrx_word' id='word_1_182' title='bbox 937 1961 1064 2024; x_wconf 88' lang='lat' dir='ltr'><em>rebellis</em></span> <span class='ocrx_word' id='word_1_183' title='bbox 1080 1960 1176 2022; x_wconf 82' lang='lat' dir='ltr'><em>exsti·</em></span> <span class='ocrx_word' id='word_1_184' title='bbox 1230 1970 1277 2023; x_wconf 90' lang='lat' dir='ltr'><em>ter</em></span> <span class='ocrx_word' id='word_1_185' title='bbox 1290 1961 1478 2042; x_wconf 77' lang='lat' dir='ltr'><em>infligantur</em></span> <span class='ocrx_word' id='word_1_186' title='bbox 1493 1969 1589 2042; x_wconf 88' lang='lat' dir='ltr'><em>atque</em></span> <span class='ocrx_word' id='word_1_187' title='bbox 1605 1960 1781 2023; x_wconf 72' lang='lat' dir='ltr'><em>inhereant</em></span> <span class='ocrx_word' id='word_1_188' title='bbox 1803 1958 1845 2034; x_wconf 89' lang='lat' dir='ltr'><em>ai,</em></span> <span class='ocrx_word' id='word_1_189' title='bbox 1869 1977 1971 2038; x_wconf 87' lang='lat' dir='ltr'><em>quan·</em></span> 
     </span>
     <span class='ocr_line' id='line_1_16' title="bbox 429 2051 1972 2141; baseline -0.002 -21"><span class='ocrx_word' id='word_1_190' title='bbox 429 2060 517 2123; x_wconf 87' lang='lat' dir='ltr'><em>teris.</em></span> <span class='ocrx_word' id='word_1_191' title='bbox 536 2063 602 2122; x_wconf 83' lang='lat' dir='ltr'><em>Noc</em></span> <span class='ocrx_word' id='word_1_192' title='bbox 625 2063 712 2120; x_wconf 83' lang='lat' dir='ltr'><em>uobis</em></span> <span class='ocrx_word' id='word_1_193' title='bbox 731 2063 809 2120; x_wconf 85' lang='lat' dir='ltr'><em>sotis</em></span> <span class='ocrx_word' id='word_1_194' title='bbox 828 2063 885 2120; x_wconf 83' lang='lat' dir='ltr'><em>boe</em></span> <span class='ocrx_word' id='word_1_195' title='bbox 904 2063 1010 2138; x_wconf 75' lang='lat' dir='ltr'><em>facitis</em></span> <span class='ocrx_word' id='word_1_196' title='bbox 1029 2062 1124 2137; x_wconf 84' lang='lat' dir='ltr'><em>ferio,</em></span> <span class='ocrx_word' id='word_1_197' title='bbox 1142 2059 1175 2121; x_wconf 90' lang='lat' dir='ltr'><em>id</em></span> <span class='ocrx_word' id='word_1_198' title='bbox 1231 2069 1297 2121; x_wconf 89' lang='lat' dir='ltr'><em>tum</em></span> <span class='ocrx_word' id='word_1_199' title='bbox 1319 2060 1353 2121; x_wconf 92' lang='lat' dir='ltr'><em>in</em></span> <span class='ocrx_word' id='word_1_200' title='bbox 1375 2079 1440 2122; x_wconf 93' lang='lat' dir='ltr'><em>uno</em></span> <span class='ocrx_word' id='word_1_201' title='bbox 1461 2051 1590 2122; x_wconf 85' lang='lat' dir='ltr'><em>homine</em></span> <span class='ocrx_word' id='word_1_202' title='bbox 1610 2067 1744 2141; x_wconf 87' lang='lat' dir='ltr'><em>possunt</em></span> <span class='ocrx_word' id='word_1_203' title='bbox 1764 2056 1899 2132; x_wconf 81' lang='lat' dir='ltr'><em>firmari,</em></span> <span class='ocrx_word' id='word_1_204' title='bbox 1917 2075 1972 2118; x_wconf 88' lang='lat' dir='ltr'><em>scu</em></span> 
     </span>
     <span class='ocr_line' id='line_1_17' title="bbox 430 2156 1973 2238; baseline -0.005 -18"><span class='ocrx_word' id='word_1_205' title='bbox 430 2167 487 2234; x_wconf 88' lang='lat' dir='ltr'><em>ost,</em></span> <span class='ocrx_word' id='word_1_206' title='bbox 502 2159 602 2238; x_wconf 82' lang='lat' dir='ltr'><em>legem</em></span> <span class='ocrx_word' id='word_1_207' title='bbox 621 2158 701 2220; x_wconf 85' lang='lat' dir='ltr'><em>hano</em></span> <span class='ocrx_word' id='word_1_208' title='bbox 718 2167 833 2234; x_wconf 85' lang='lat' dir='ltr'><em>statuo,</em></span> <span class='ocrx_word' id='word_1_209' title='bbox 848 2169 877 2219; x_wconf 86' lang='lat' dir='ltr'><em>ct</em></span> <span class='ocrx_word' id='word_1_210' title='bbox 894 2161 959 2219; x_wconf 78' lang='lat' dir='ltr'><em>tao</em></span> <span class='ocrx_word' id='word_1_211' title='bbox 967 2160 1173 2234; x_wconf 81' lang='lat' dir='ltr'><em>juramento,</em></span> <span class='ocrx_word' id='word_1_212' title='bbox 1229 2159 1374 2238; x_wconf 70' lang='lat' dir='ltr'><em>quiedam</em></span> <span class='ocrx_word' id='word_1_213' title='bbox 1394 2177 1432 2221; x_wconf 83' lang='lat' dir='ltr'><em>ex</em></span> <span class='ocrx_word' id='word_1_214' title='bbox 1454 2157 1623 2231; x_wconf 89' lang='lat' dir='ltr'><em>omnibus;</em></span> <span class='ocrx_word' id='word_1_215' title='bbox 1640 2166 1669 2217; x_wconf 87' lang='lat' dir='ltr'><em>et</em></span> <span class='ocrx_word' id='word_1_216' title='bbox 1690 2160 1794 2217; x_wconf 84' lang='lat' dir='ltr'><em>deleat</em></span> <span class='ocrx_word' id='word_1_217' title='bbox 1814 2156 1973 2216; x_wconf 81' lang='lat' dir='ltr'><em>Dominus</em></span> 
     </span>
     <span class='ocr_line' id='line_1_18' title="bbox 430 2256 1973 2339; baseline -0.003 -22"><span class='ocrx_word' id='word_1_218' title='bbox 430 2257 462 2319; x_wconf 91' lang='lat' dir='ltr'><em>id</em></span> <span class='ocrx_word' id='word_1_219' title='bbox 478 2265 525 2320; x_wconf 85' lang='lat' dir='ltr'><em>est</em></span> <span class='ocrx_word' id='word_1_220' title='bbox 544 2256 599 2320; x_wconf 87' lang='lat' dir='ltr'><em>llei</em></span> <span class='ocrx_word' id='word_1_221' title='bbox 620 2257 776 2339; x_wconf 85' lang='lat' dir='ltr'><em>promissa</em></span> <span class='ocrx_word' id='word_1_222' title='bbox 795 2258 975 2338; x_wconf 85' lang='lat' dir='ltr'><em>juramento</em></span> <span class='ocrx_word' id='word_1_223' title='bbox 995 2257 1106 2318; x_wconf 91' lang='lat' dir='ltr'><em>divino</em></span> <span class='ocrx_word' id='word_1_224' title='bbox 1130 2275 1176 2319; x_wconf 91' lang='lat' dir='ltr'><em>ro·</em></span> <span class='ocrx_word' id='word_1_225' title='bbox 1229 2278 1344 2318; x_wconf 78' lang='lat' dir='ltr'><em>nornen</em></span> <span class='ocrx_word' id='word_1_226' title='bbox 1359 2260 1429 2333; x_wconf 77' lang='lat' dir='ltr'><em>ejus</em></span> <span class='ocrx_word' id='word_1_227' title='bbox 1444 2259 1555 2317; x_wconf 85' lang='lat' dir='ltr'><em>desub</em></span> <span class='ocrx_word' id='word_1_228' title='bbox 1570 2260 1658 2325; x_wconf 82' lang='lat' dir='ltr'><em>coeio,</em></span> <span class='ocrx_word' id='word_1_229' title='bbox 1673 2264 1884 2316; x_wconf 84' lang='lat' dir='ltr'><em>eteonsamat</em></span> <span class='ocrx_word' id='word_1_230' title='bbox 1899 2273 1973 2312; x_wconf 82' lang='lat' dir='ltr'><em>euru</em></span> 
     </span>
     <span class='ocr_line' id='line_1_19' title="bbox 429 2355 1973 2437; baseline -0.005 -19"><span class='ocrx_word' id='word_1_231' title='bbox 429 2355 765 2434; x_wconf 80' lang='lat' dir='ltr'><em>borata,eonfirmo,id</em></span> <span class='ocrx_word' id='word_1_232' title='bbox 779 2364 836 2432; x_wconf 88' lang='lat' dir='ltr'><em>ost,</em></span> <span class='ocrx_word' id='word_1_233' title='bbox 848 2365 914 2418; x_wconf 92' lang='lat' dir='ltr'><em>rata</em></span> <span class='ocrx_word' id='word_1_234' title='bbox 925 2375 994 2418; x_wconf 89' lang='lat' dir='ltr'><em>esse</em></span> <span class='ocrx_word' id='word_1_235' title='bbox 1006 2363 1172 2437; x_wconf 91' lang='lat' dir='ltr'><em>protestor,</em></span> <span class='ocrx_word' id='word_1_236' title='bbox 1231 2359 1263 2415; x_wconf 81' lang='lat' dir='ltr'><em>in</em></span> <span class='ocrx_word' id='word_1_237' title='bbox 1277 2358 1506 2433; x_wconf 69' lang='lat' dir='ltr'><em>proditionem,</em></span> <span class='ocrx_word' id='word_1_238' title='bbox 1514 2356 1618 2431; x_wconf 75' lang='lat' dir='ltr'><em>juata</em></span> <span class='ocrx_word' id='word_1_239' title='bbox 1641 2355 1881 2414; x_wconf 78' lang='lat' dir='ltr'><em>maledictiones</em></span> <span class='ocrx_word' id='word_1_240' title='bbox 1901 2371 1973 2429; x_wconf 78' lang='lat' dir='ltr'><em>pua</em></span> 
     </span>
     <span class='ocr_line' id='line_1_20' title="bbox 428 2454 1802 2533; baseline -0.004 -17"><span class='ocrx_word' id='word_1_241' title='bbox 428 2459 483 2516; x_wconf 81' lang='lat' dir='ltr'><em>sed</em></span> <span class='ocrx_word' id='word_1_242' title='bbox 503 2458 626 2516; x_wconf 80' lang='lat' dir='ltr'><em>attactis</em></span> <span class='ocrx_word' id='word_1_243' title='bbox 644 2458 855 2533; x_wconf 65' lang='lat' dir='ltr'><em>praesentibus</em></span> <span class='ocrx_word' id='word_1_244' title='bbox 879 2466 908 2516; x_wconf 90' lang='lat' dir='ltr'><em>et</em></span> <span class='ocrx_word' id='word_1_245' title='bbox 934 2456 1128 2523; x_wconf 80' lang='lat' dir='ltr'><em>absentibus,</em></span> <span class='ocrx_word' id='word_1_246' title='bbox 1142 2454 1174 2514; x_wconf 92' lang='lat' dir='ltr'><em>id</em></span> <span class='ocrx_word' id='word_1_247' title='bbox 1231 2457 1265 2513; x_wconf 84' lang='lat' dir='ltr'><em>in</em></span> <span class='ocrx_word' id='word_1_248' title='bbox 1282 2457 1362 2514; x_wconf 85' lang='lat' dir='ltr'><em>libro</em></span> <span class='ocrx_word' id='word_1_249' title='bbox 1378 2456 1456 2530; x_wconf 77' lang='lat' dir='ltr'><em>lepis</em></span> <span class='ocrx_word' id='word_1_250' title='bbox 1472 2455 1570 2530; x_wconf 88' lang='lat' dir='ltr'><em>bujus</em></span> <span class='ocrx_word' id='word_1_251' title='bbox 1585 2454 1802 2513; x_wconf 82' lang='lat' dir='ltr'><em>eontinentur.</em></span> 
     </span>
     <span class='ocr_line' id='line_1_21' title="bbox 428 2550 1973 2634; baseline -0.006 -18"><span class='ocrx_word' id='word_1_252' title='bbox 428 2561 476 2616; x_wconf 98' lang='grc' dir='ltr'><em>θεῖ</em></span> <span class='ocrx_word' id='word_1_253' title='bbox 492 2562 555 2614; x_wconf 92' lang='lat' dir='ltr'><em>tam</em></span> <span class='ocrx_word' id='word_1_254' title='bbox 572 2551 663 2616; x_wconf 92' lang='lat' dir='ltr'><em>vobis</em></span> <span class='ocrx_word' id='word_1_255' title='bbox 679 2571 773 2634; x_wconf 87' lang='lat' dir='ltr'><em>quam</em></span> <span class='ocrx_word' id='word_1_256' title='bbox 792 2553 927 2633; x_wconf 87' lang='lat' dir='ltr'><em>posteris</em></span> <span class='ocrx_word' id='word_1_257' title='bbox 938 2552 1064 2628; x_wconf 76' lang='lat' dir='ltr'><em>vestriS,</em></span> <span class='ocrx_word' id='word_1_258' title='bbox 1074 2551 1175 2613; x_wconf 89' lang='lat' dir='ltr'><em>nasci·</em></span> <span class='ocrx_word' id='word_1_259' title='bbox 1269 2554 1595 2632; x_wconf 78' lang='lat' dir='ltr'><em>Diseetque&#39;sequens</em></span> <span class='ocrx_word' id='word_1_260' title='bbox 1606 2552 1782 2628; x_wconf 72' lang='lat' dir='ltr'><em>generatio,</em></span> <span class='ocrx_word' id='word_1_261' title='bbox 1793 2560 1822 2610; x_wconf 91' lang='lat' dir='ltr'><em>et</em></span> <span class='ocrx_word' id='word_1_262' title='bbox 1836 2550 1973 2628; x_wconf 80' lang='lat' dir='ltr'><em>fitit&#39;qui</em></span> 
     </span>
     <span class='ocr_line' id='line_1_22' title="bbox 429 2649 1972 2730; baseline -0.005 -17"><span class='ocrx_word' id='word_1_263' title='bbox 429 2651 509 2713; x_wconf 85' lang='lat' dir='ltr'><em>turis</em></span> <span class='ocrx_word' id='word_1_264' title='bbox 531 2659 562 2713; x_wconf 85' lang='lat' dir='ltr'><em>et</em></span> <span class='ocrx_word' id='word_1_265' title='bbox 583 2651 807 2714; x_wconf 82' lang='lat' dir='ltr'><em>convertendis</em></span> <span class='ocrx_word' id='word_1_266' title='bbox 826 2653 866 2712; x_wconf 90' lang='lat' dir='ltr'><em>ad</em></span> <span class='ocrx_word' id='word_1_267' title='bbox 888 2652 988 2730; x_wconf 82' lang='lat' dir='ltr'><em>legem</em></span> <span class='ocrx_word' id='word_1_268' title='bbox 1013 2659 1172 2725; x_wconf 80' lang='lat' dir='ltr'><em>vestram3</em></span> <span class='ocrx_word' id='word_1_269' title='bbox 1230 2660 1414 2719; x_wconf 85' lang='lat' dir='ltr'><em>uoseeutur,</em></span> <span class='ocrx_word' id='word_1_270' title='bbox 1429 2653 1570 2710; x_wconf 83' lang='lat' dir='ltr'><em>or&#39;derttes</em></span> <span class='ocrx_word' id='word_1_271' title='bbox 1589 2654 1705 2728; x_wconf 75' lang='lat' dir='ltr'><em>plupas</em></span> <span class='ocrx_word' id='word_1_272' title='bbox 1727 2658 1819 2709; x_wconf 74' lang='lat' dir='ltr'><em>terroe</em></span> <span class='ocrx_word' id='word_1_273' title='bbox 1834 2649 1927 2707; x_wconf 83' lang='lat' dir='ltr'><em>illius</em></span> <span class='ocrx_word' id='word_1_274' title='bbox 1941 2657 1972 2706; x_wconf 87' lang='lat' dir='ltr'><em>et</em></span> 
     </span>
     <span class='ocr_line' id='line_1_23' title="bbox 428 2747 1972 2832; baseline -0.005 -21"><span class='ocrx_word' id='word_1_275' title='bbox 428 2748 489 2825; x_wconf 90' lang='lat' dir='ltr'><em>vel,</em></span> <span class='ocrx_word' id='word_1_276' title='bbox 503 2757 534 2811; x_wconf 89' lang='lat' dir='ltr'><em>et</em></span> <span class='ocrx_word' id='word_1_277' title='bbox 549 2748 690 2832; x_wconf 77' lang='lat' dir='ltr'><em>prelatis</em></span> <span class='ocrx_word' id='word_1_278' title='bbox 708 2749 868 2828; x_wconf 87' lang='lat' dir='ltr'><em>lignorum</em></span> <span class='ocrx_word' id='word_1_279' title='bbox 883 2748 1066 2824; x_wconf 84' lang='lat' dir='ltr'><em>caesoribus,</em></span> <span class='ocrx_word' id='word_1_280' title='bbox 1085 2756 1117 2810; x_wconf 88' lang='lat' dir='ltr'><em>et</em></span> <span class='ocrx_word' id='word_1_281' title='bbox 1132 2747 1175 2809; x_wconf 90' lang='lat' dir='ltr'><em>al·</em></span> <span class='ocrx_word' id='word_1_282' title='bbox 1228 2751 1447 2826; x_wconf 82' lang='lat' dir='ltr'><em>infirmitates,</em></span> <span class='ocrx_word' id='word_1_283' title='bbox 1465 2751 1581 2827; x_wconf 84' lang='lat' dir='ltr'><em>quibus</em></span> <span class='ocrx_word' id='word_1_284' title='bbox 1600 2769 1670 2809; x_wconf 91' lang='lat' dir='ltr'><em>eom</em></span> <span class='ocrx_word' id='word_1_285' title='bbox 1692 2749 1847 2823; x_wconf 64' lang='lat' dir='ltr'><em>afflixerit</em></span> <span class='ocrx_word' id='word_1_286' title='bbox 1864 2747 1972 2807; x_wconf 86' lang='lat' dir='ltr'><em>Domi-</em></span> 
     </span>
     <span class='ocr_line' id='line_1_24' title="bbox 429 2844 1972 2929; baseline -0.002 -20"><span class='ocrx_word' id='word_1_287' title='bbox 429 2847 581 2910; x_wconf 89' lang='lat' dir='ltr'><em>latoribus</em></span> <span class='ocrx_word' id='word_1_288' title='bbox 596 2867 696 2929; x_wconf 85' lang='lat' dir='ltr'><em>aquae.</em></span> <span class='ocrx_word' id='word_1_289' title='bbox 1228 2869 1300 2918; x_wconf 87' lang='lat' dir='ltr'><em>nus,</em></span> <span class='ocrx_word' id='word_1_290' title='bbox 1318 2847 1348 2908; x_wconf 96' lang='lat' dir='ltr'><em>id</em></span> <span class='ocrx_word' id='word_1_291' title='bbox 1374 2855 1422 2909; x_wconf 89' lang='lat' dir='ltr'><em>est</em></span> <span class='ocrx_word' id='word_1_292' title='bbox 1447 2847 1583 2909; x_wconf 92' lang='lat' dir='ltr'><em>ultiones</em></span> <span class='ocrx_word' id='word_1_293' title='bbox 1607 2845 1705 2909; x_wconf 89' lang='lat' dir='ltr'><em>lactas</em></span> <span class='ocrx_word' id='word_1_294' title='bbox 1729 2846 1763 2906; x_wconf 89' lang='lat' dir='ltr'><em>iu</em></span> <span class='ocrx_word' id='word_1_295' title='bbox 1785 2853 1849 2908; x_wconf 88' lang='lat' dir='ltr'><em>tam</em></span> <span class='ocrx_word' id='word_1_296' title='bbox 1873 2844 1972 2925; x_wconf 90' lang='lat' dir='ltr'><em>impio</em></span> 
     </span>
     <span class='ocr_line' id='line_1_25' title="bbox 470 2943 1974 3027; baseline -0.004 -18"><span class='ocrx_word' id='word_1_297' title='bbox 470 2950 517 3009; x_wconf 90' lang='lat' dir='ltr'><em>No</em></span> <span class='ocrx_word' id='word_1_298' title='bbox 531 2949 573 3007; x_wconf 88' lang='lat' dir='ltr'><em>sit</em></span> <span class='ocrx_word' id='word_1_299' title='bbox 591 2949 675 3007; x_wconf 84' lang='lat' dir='ltr'><em>inter·</em></span> <span class='ocrx_word' id='word_1_300' title='bbox 688 2967 740 3006; x_wconf 87' lang='lat' dir='ltr'><em>vos</em></span> <span class='ocrx_word' id='word_1_301' title='bbox 757 2949 808 3006; x_wconf 77' lang='lat' dir='ltr'><em>on</em></span> <span class='ocrx_word' id='word_1_302' title='bbox 823 2957 881 3006; x_wconf 90' lang='lat' dir='ltr'><em>aut</em></span> <span class='ocrx_word' id='word_1_303' title='bbox 899 2949 1027 3015; x_wconf 75' lang='lat' dir='ltr'><em>mutim,</em></span> <span class='ocrx_word' id='word_1_304' title='bbox 1038 2947 1173 3022; x_wconf 83' lang='lat' dir='ltr'><em>familia</em></span> <span class='ocrx_word' id='word_1_305' title='bbox 1228 2945 1358 3008; x_wconf 90' lang='lat' dir='ltr'><em>bomine</em></span> <span class='ocrx_word' id='word_1_306' title='bbox 1373 2964 1429 3007; x_wconf 92' lang='lat' dir='ltr'><em>seu</em></span> <span class='ocrx_word' id='word_1_307' title='bbox 1445 2943 1564 3027; x_wconf 93' lang='lat' dir='ltr'><em>populo</em></span> <span class='ocrx_word' id='word_1_308' title='bbox 1579 2944 1811 3019; x_wconf 89' lang='lat' dir='ltr'><em>idololatrante,</em></span> <span class='ocrx_word' id='word_1_309' title='bbox 1824 2951 1856 3006; x_wconf 89' lang='lat' dir='ltr'><em>et</em></span> <span class='ocrx_word' id='word_1_310' title='bbox 1872 2943 1905 3004; x_wconf 93' lang='lat' dir='ltr'><em>in</em></span> <span class='ocrx_word' id='word_1_311' title='bbox 1921 2943 1974 3004; x_wconf 90' lang='lat' dir='ltr'><em>ha·</em></span> 
     </span>
     <span class='ocr_line' id='line_1_26' title="bbox 428 3042 1976 3125; baseline -0.006 -15"><span class='ocrx_word' id='word_1_312' title='bbox 428 3055 486 3106; x_wconf 88' lang='lat' dir='ltr'><em>out</em></span> <span class='ocrx_word' id='word_1_313' title='bbox 509 3047 621 3116; x_wconf 84' lang='lat' dir='ltr'><em>tribas,</em></span> <span class='ocrx_word' id='word_1_314' title='bbox 639 3046 733 3122; x_wconf 80' lang='lat' dir='ltr'><em>cujus</em></span> <span class='ocrx_word' id='word_1_315' title='bbox 753 3065 807 3103; x_wconf 83' lang='lat' dir='ltr'><em>cor</em></span> <span class='ocrx_word' id='word_1_316' title='bbox 821 3065 969 3104; x_wconf 85' lang='lat' dir='ltr'><em>auersum</em></span> <span class='ocrx_word' id='word_1_317' title='bbox 985 3054 1029 3103; x_wconf 86' lang='lat' dir='ltr'><em>est</em></span> <span class='ocrx_word' id='word_1_318' title='bbox 1045 3045 1139 3103; x_wconf 80' lang='lat' dir='ltr'><em>bodie</em></span> <span class='ocrx_word' id='word_1_319' title='bbox 1154 3045 1209 3108; x_wconf 86' lang='lat' dir='ltr'><em>ao</em></span> <span class='ocrx_word' id='word_1_320' title='bbox 1228 3043 1438 3107; x_wconf 87' lang='lat' dir='ltr'><em>bitationibus</em></span> <span class='ocrx_word' id='word_1_321' title='bbox 1448 3063 1484 3106; x_wconf 87' lang='lat' dir='ltr'><em>uc</em></span> <span class='ocrx_word' id='word_1_322' title='bbox 1496 3042 1750 3125; x_wconf 85' lang='lat' dir='ltr'><em>possessionibus</em></span> <span class='ocrx_word' id='word_1_323' title='bbox 1760 3043 1976 3123; x_wconf 81' lang='lat' dir='ltr'><em>ejus,sulfuro</em></span> 
     </span>
     <span class='ocr_line' id='line_1_27' title="bbox 427 3140 1976 3216; baseline -0.002 -12"><span class='ocrx_word' id='word_1_324' title='bbox 427 3146 566 3204; x_wconf 63' lang='lat' dir='ltr'><em>minino</em></span> <span class='ocrx_word' id='word_1_325' title='bbox 581 3147 646 3204; x_wconf 87' lang='lat' dir='ltr'><em>Deo</em></span> <span class='ocrx_word' id='word_1_326' title='bbox 665 3153 774 3214; x_wconf 86' lang='lat' dir='ltr'><em>oestro,</em></span> <span class='ocrx_word' id='word_1_327' title='bbox 788 3141 910 3204; x_wconf 86' lang='lat' dir='ltr'><em>seilicet</em></span> <span class='ocrx_word' id='word_1_328' title='bbox 927 3141 1036 3205; x_wconf 88' lang='lat' dir='ltr'><em>volens</em></span> <span class='ocrx_word' id='word_1_329' title='bbox 1052 3143 1092 3203; x_wconf 92' lang='lat' dir='ltr'><em>ad</em></span> <span class='ocrx_word' id='word_1_330' title='bbox 1108 3140 1175 3204; x_wconf 91' lang='lat' dir='ltr'><em>ido-</em></span> <span class='ocrx_word' id='word_1_331' title='bbox 1227 3154 1257 3203; x_wconf 88' lang='lat' dir='ltr'><em>et</em></span> <span class='ocrx_word' id='word_1_332' title='bbox 1270 3146 1346 3203; x_wconf 81' lang='lat' dir='ltr'><em>solis</em></span> <span class='ocrx_word' id='word_1_333' title='bbox 1361 3145 1476 3203; x_wconf 85' lang='lat' dir='ltr'><em>ardore</em></span> <span class='ocrx_word' id='word_1_334' title='bbox 1490 3143 1676 3203; x_wconf 80' lang='lat' dir='ltr'><em>comburens</em></span> <span class='ocrx_word' id='word_1_335' title='bbox 1692 3160 1774 3216; x_wconf 87' lang='lat' dir='ltr'><em>eam,</em></span> <span class='ocrx_word' id='word_1_336' title='bbox 1792 3141 1824 3203; x_wconf 93' lang='lat' dir='ltr'><em>id</em></span> <span class='ocrx_word' id='word_1_337' title='bbox 1845 3149 1895 3203; x_wconf 89' lang='grc' dir='ltr'><em>θεῖ</em></span> <span class='ocrx_word' id='word_1_338' title='bbox 1915 3148 1976 3202; x_wconf 80' lang='lat' dir='ltr'><em>sle-</em></span> 
     </span>
     <span class='ocr_line' id='line_1_28' title="bbox 428 3238 1971 3320; baseline -0.003 -16"><span class='ocrx_word' id='word_1_339' title='bbox 428 3241 585 3304; x_wconf 90' lang='lat' dir='ltr'><em>lolatriam</em></span> <span class='ocrx_word' id='word_1_340' title='bbox 604 3240 777 3316; x_wconf 89' lang='lat' dir='ltr'><em>declinare,</em></span> <span class='ocrx_word' id='word_1_341' title='bbox 795 3251 824 3300; x_wconf 86' lang='lat' dir='ltr'><em>et</em></span> <span class='ocrx_word' id='word_1_342' title='bbox 841 3260 880 3303; x_wconf 90' lang='lat' dir='ltr'><em>ne</em></span> <span class='ocrx_word' id='word_1_343' title='bbox 895 3243 936 3301; x_wconf 85' lang='lat' dir='ltr'><em>sit</em></span> <span class='ocrx_word' id='word_1_344' title='bbox 954 3243 1037 3300; x_wconf 85' lang='lat' dir='ltr'><em>inter</em></span> <span class='ocrx_word' id='word_1_345' title='bbox 1055 3260 1106 3300; x_wconf 90' lang='lat' dir='ltr'><em>oos</em></span> <span class='ocrx_word' id='word_1_346' title='bbox 1121 3262 1175 3300; x_wconf 86' lang='lat' dir='ltr'><em>ra·</em></span> <span class='ocrx_word' id='word_1_347' title='bbox 1229 3241 1318 3304; x_wconf 91' lang='lat' dir='ltr'><em>rilem</em></span> <span class='ocrx_word' id='word_1_348' title='bbox 1337 3241 1469 3315; x_wconf 85' lang='lat' dir='ltr'><em>iaciens,</em></span> <span class='ocrx_word' id='word_1_349' title='bbox 1486 3239 1568 3302; x_wconf 90' lang='lat' dir='ltr'><em>sicut</em></span> <span class='ocrx_word' id='word_1_350' title='bbox 1590 3239 1746 3302; x_wconf 85' lang='lat' dir='ltr'><em>subvertit</em></span> <span class='ocrx_word' id='word_1_351' title='bbox 1760 3238 1971 3320; x_wconf 86' lang='lat' dir='ltr'><em>Pentapolim.</em></span> 
     </span>
     <span class='ocr_line' id='line_1_29' title="bbox 428 3337 1977 3421; baseline -0.003 -19"><span class='ocrx_word' id='word_1_352' title='bbox 428 3343 489 3402; x_wconf 77' lang='lat' dir='ltr'><em>oin</em></span> <span class='ocrx_word' id='word_1_353' title='bbox 499 3343 690 3418; x_wconf 63' lang='lat' dir='ltr'><em>premittens</em></span> <span class='ocrx_word' id='word_1_354' title='bbox 700 3341 745 3416; x_wconf 78' lang='lat' dir='ltr'><em>fei</em></span> <span class='ocrx_word' id='word_1_355' title='bbox 758 3350 788 3400; x_wconf 88' lang='lat' dir='ltr'><em>et</em></span> <span class='ocrx_word' id='word_1_356' title='bbox 803 3339 1113 3408; x_wconf 80' lang='lat' dir='ltr'><em>amaritudinem,id</em></span> <span class='ocrx_word' id='word_1_357' title='bbox 1127 3344 1175 3400; x_wconf 84' lang='lat' dir='ltr'><em>esi</em></span> <span class='ocrx_word' id='word_1_358' title='bbox 1229 3341 1334 3421; x_wconf 88' lang='lat' dir='ltr'><em>ltaque</em></span> <span class='ocrx_word' id='word_1_359' title='bbox 1355 3343 1462 3399; x_wconf 74' lang='lat' dir='ltr'><em>(licem</em></span> <span class='ocrx_word' id='word_1_360' title='bbox 1483 3338 1516 3400; x_wconf 89' lang='lat' dir='ltr'><em>hi</em></span> <span class='ocrx_word' id='word_1_361' title='bbox 1538 3347 1568 3400; x_wconf 81' lang='lat' dir='ltr'><em>ei</em></span> <span class='ocrx_word' id='word_1_362' title='bbox 1588 3359 1695 3398; x_wconf 83' lang='lat' dir='ltr'><em>ornnes</em></span> <span class='ocrx_word' id='word_1_363' title='bbox 1715 3349 1823 3416; x_wconf 70' lang='lat' dir='ltr'><em>gentes</em></span> <span class='ocrx_word' id='word_1_364' title='bbox 1849 3338 1910 3400; x_wconf 81' lang='lat' dir='ltr'><em>ista</em></span> <span class='ocrx_word' id='word_1_365' title='bbox 1931 3337 1977 3398; x_wconf 85' lang='lat' dir='ltr'><em>vi-</em></span> 
     </span>
     <span class='ocr_line' id='line_1_30' title="bbox 428 3436 1977 3519; baseline -0.003 -17"><span class='ocrx_word' id='word_1_366' title='bbox 428 3438 577 3502; x_wconf 86' lang='lat' dir='ltr'><em>vitiosum</em></span> <span class='ocrx_word' id='word_1_367' title='bbox 600 3437 796 3519; x_wconf 90' lang='lat' dir='ltr'><em>propositum</em></span> <span class='ocrx_word' id='word_1_368' title='bbox 818 3437 953 3499; x_wconf 89' lang='lat' dir='ltr'><em>aliorum</em></span> <span class='ocrx_word' id='word_1_369' title='bbox 970 3436 1169 3512; x_wconf 89' lang='lat' dir='ltr'><em>inlectivum,</em></span> <span class='ocrx_word' id='word_1_370' title='bbox 1228 3441 1369 3501; x_wconf 85' lang='lat' dir='ltr'><em>dentes:</em></span> <span class='ocrx_word' id='word_1_371' title='bbox 1397 3441 1503 3507; x_wconf 77' lang='lat' dir='ltr'><em>Qeoare</em></span> <span class='ocrx_word' id='word_1_372' title='bbox 1527 3438 1603 3513; x_wconf 86' lang='lat' dir='ltr'><em>feeit</em></span> <span class='ocrx_word' id='word_1_373' title='bbox 1627 3440 1674 3496; x_wconf 89' lang='lat' dir='ltr'><em>sie</em></span> <span class='ocrx_word' id='word_1_374' title='bbox 1695 3440 1855 3498; x_wconf 83' lang='lat' dir='ltr'><em>Dominus</em></span> <span class='ocrx_word' id='word_1_375' title='bbox 1882 3448 1977 3498; x_wconf 67' lang='lat' dir='ltr'><em>nara</em></span> 
     </span>
     <span class='ocr_line' id='line_1_31' title="bbox 425 3533 1973 3619; baseline -0.002 -20"><span class='ocrx_word' id='word_1_376' title='bbox 425 3546 460 3600; x_wconf 90' lang='lat' dir='ltr'><em>et</em></span> <span class='ocrx_word' id='word_1_377' title='bbox 485 3537 612 3619; x_wconf 88' lang='lat' dir='ltr'><em>pariens</em></span> <span class='ocrx_word' id='word_1_378' title='bbox 638 3535 768 3598; x_wconf 82' lang='lat' dir='ltr'><em>felleum</em></span> <span class='ocrx_word' id='word_1_379' title='bbox 796 3533 982 3597; x_wconf 77' lang='lat' dir='ltr'><em>idololatria</em></span> <span class='ocrx_word' id='word_1_380' title='bbox 1008 3535 1116 3609; x_wconf 92' lang='lat' dir='ltr'><em>ritum,</em></span> <span class='ocrx_word' id='word_1_381' title='bbox 1134 3535 1173 3596; x_wconf 93' lang='lat' dir='ltr'><em>ad</em></span> <span class='ocrx_word' id='word_1_382' title='bbox 1228 3539 1330 3598; x_wconf 74' lang='lat' dir='ltr'><em>leuia?</em></span> <span class='ocrx_word' id='word_1_383' title='bbox 1346 3541 1387 3598; x_wconf 77' lang='lat' dir='ltr'><em>n&#39;t</em></span> <span class='ocrx_word' id='word_1_384' title='bbox 1406 3537 1641 3612; x_wconf 84' lang='lat' dir='ltr'><em>respondebunt</em></span> <span class='ocrx_word' id='word_1_385' title='bbox 1658 3557 1669 3594; x_wconf 94' lang='grc'><em>.·</em></span> <span class='ocrx_word' id='word_1_386' title='bbox 1692 3539 1775 3604; x_wconf 82' lang='lat' dir='ltr'><em>Quia</em></span> <span class='ocrx_word' id='word_1_387' title='bbox 1796 3538 1973 3616; x_wconf 76' lang='lat' dir='ltr'><em>amotique-</em></span> 
     </span>
     <span class='ocr_line' id='line_1_32' title="bbox 428 3634 1972 3717; baseline -0.003 -19"><span class='ocrx_word' id='word_1_388' title='bbox 428 3655 525 3717; x_wconf 87' lang='lat' dir='ltr'><em>quem</em></span> <span class='ocrx_word' id='word_1_389' title='bbox 548 3642 732 3716; x_wconf 90' lang='lat' dir='ltr'><em>sequoretur</em></span> <span class='ocrx_word' id='word_1_390' title='bbox 752 3634 949 3696; x_wconf 89' lang='lat' dir='ltr'><em>amarissima</em></span> <span class='ocrx_word' id='word_1_391' title='bbox 965 3634 1019 3696; x_wconf 89' lang='lat' dir='ltr'><em>lloi</em></span> <span class='ocrx_word' id='word_1_392' title='bbox 1036 3634 1171 3716; x_wconf 90' lang='lat' dir='ltr'><em>punitio.</em></span> <span class='ocrx_word' id='word_1_393' title='bbox 1228 3646 1307 3696; x_wconf 87' lang='lat' dir='ltr'><em>runt</em></span> <span class='ocrx_word' id='word_1_394' title='bbox 1328 3645 1461 3714; x_wconf 86' lang='lat' dir='ltr'><em>paetum</em></span> <span class='ocrx_word' id='word_1_395' title='bbox 1485 3635 1619 3693; x_wconf 85' lang='lat' dir='ltr'><em>Domini</em></span> <span class='ocrx_word' id='word_1_396' title='bbox 1642 3635 1727 3712; x_wconf 80' lang='lat' dir='ltr'><em>quod</em></span> <span class='ocrx_word' id='word_1_397' title='bbox 1746 3635 1875 3710; x_wconf 73' lang='lat' dir='ltr'><em>pepioit</em></span> <span class='ocrx_word' id='word_1_398' title='bbox 1898 3656 1972 3694; x_wconf 85' lang='lat' dir='ltr'><em>oum</em></span> 
     </span>
     <span class='ocr_line' id='line_1_33' title="bbox 430 3732 1971 3815; baseline -0.003 -19"><span class='ocrx_word' id='word_1_399' title='bbox 430 3734 481 3796; x_wconf 89' lang='lat' dir='ltr'><em>Sic</em></span> <span class='ocrx_word' id='word_1_400' title='bbox 496 3743 527 3797; x_wconf 91' lang='lat' dir='ltr'><em>ct</em></span> <span class='ocrx_word' id='word_1_401' title='bbox 537 3733 706 3815; x_wconf 86' lang='lat' dir='ltr'><em>Apostolus</em></span> <span class='ocrx_word' id='word_1_402' title='bbox 721 3732 759 3794; x_wconf 91' lang='lat' dir='ltr'><em>ad</em></span> <span class='ocrx_word' id='word_1_403' title='bbox 771 3733 934 3794; x_wconf 77' lang='lat' dir='ltr'><em>Hcltreos:</em></span> <span class='ocrx_word' id='word_1_404' title='bbox 952 3733 1174 3814; x_wconf 88' lang='lat' dir='ltr'><em>Contemplan-</em></span> <span class='ocrx_word' id='word_1_405' title='bbox 1224 3736 1373 3811; x_wconf 78' lang='lat' dir='ltr'><em>patribus</em></span> <span class='ocrx_word' id='word_1_406' title='bbox 1388 3753 1509 3802; x_wconf 83' lang='lat' dir='ltr'><em>eorum,</em></span> <span class='ocrx_word' id='word_1_407' title='bbox 1519 3741 1549 3791; x_wconf 89' lang='lat' dir='ltr'><em>et</em></span> <span class='ocrx_word' id='word_1_408' title='bbox 1563 3732 1745 3791; x_wconf 76' lang='lat' dir='ltr'><em>servimunt</em></span> <span class='ocrx_word' id='word_1_409' title='bbox 1760 3734 1826 3792; x_wconf 84' lang='lat' dir='ltr'><em>diis</em></span> <span class='ocrx_word' id='word_1_410' title='bbox 1840 3734 1971 3799; x_wconf 79' lang='lat' dir='ltr'><em>aliems,</em></span> 
     </span>
    </p>
   </div>
   <div class='ocr_carea' id='block_1_3' title="bbox 312 3830 1974 3913">
    <p class='ocr_par' dir='ltr' id='par_1_3' title="bbox 312 3830 1974 3913">
     <span class='ocr_line' id='line_1_34' title="bbox 312 3830 1974 3913; baseline -0.002 -18"><span class='ocrx_word' id='word_1_411' title='bbox 312 3843 318 3858; x_wconf 85' lang='lat'>&#39;</span> <span class='ocrx_word' id='word_1_412' title='bbox 428 3843 488 3910; x_wconf 89' lang='lat' dir='ltr'><em>tes,</em></span> <span class='ocrx_word' id='word_1_413' title='bbox 502 3833 617 3913; x_wconf 90' lang='lat' dir='ltr'><em>inquit,</em></span> <span class='ocrx_word' id='word_1_414' title='bbox 630 3850 669 3893; x_wconf 91' lang='lat' dir='ltr'><em>ne</em></span> <span class='ocrx_word' id='word_1_415' title='bbox 685 3850 748 3912; x_wconf 89' lang='lat' dir='ltr'><em>qua</em></span> <span class='ocrx_word' id='word_1_416' title='bbox 764 3830 852 3892; x_wconf 87' lang='lat' dir='ltr'><em>radix</em></span> <span class='ocrx_word' id='word_1_417' title='bbox 869 3831 1091 3893; x_wconf 90' lang='lat' dir='ltr'><em>amaritudinis</em></span> <span class='ocrx_word' id='word_1_418' title='bbox 1106 3851 1175 3893; x_wconf 92' lang='lat' dir='ltr'><em>sur·</em></span> <span class='ocrx_word' id='word_1_419' title='bbox 1228 3843 1257 3891; x_wconf 87' lang='lat' dir='ltr'><em>et</em></span> <span class='ocrx_word' id='word_1_420' title='bbox 1272 3836 1490 3892; x_wconf 77' lang='lat' dir='ltr'><em>adorauerunt</em></span> <span class='ocrx_word' id='word_1_421' title='bbox 1505 3850 1555 3889; x_wconf 90' lang='lat' dir='ltr'><em>eos</em></span> <span class='ocrx_word' id='word_1_422' title='bbox 1570 3849 1647 3908; x_wconf 84' lang='lat' dir='ltr'><em>quos</em></span> <span class='ocrx_word' id='word_1_423' title='bbox 1662 3831 1854 3899; x_wconf 80' lang='lat' dir='ltr'><em>nesciebant,</em></span> <span class='ocrx_word' id='word_1_424' title='bbox 1871 3830 1903 3892; x_wconf 92' lang='lat' dir='ltr'><em>id</em></span> <span class='ocrx_word' id='word_1_425' title='bbox 1925 3840 1974 3892; x_wconf 89' lang='lat' dir='ltr'><em>est</em></span> 
     </span>
    </p>
   </div>
   <div class='ocr_carea' id='block_1_4' title="bbox 422 3927 1974 5388">
    <p class='ocr_par' dir='ltr' id='par_1_4' title="bbox 422 3927 1974 5388">
     <span class='ocr_line' id='line_1_35' title="bbox 430 3927 1974 4012; baseline -0.001 -20"><span class='ocrx_word' id='word_1_426' title='bbox 430 3950 500 3992; x_wconf 91' lang='lat' dir='ltr'><em>sum</em></span> <span class='ocrx_word' id='word_1_427' title='bbox 523 3929 706 4010; x_wconf 82' lang='lat' dir='ltr'><em>germinans</em></span> <span class='ocrx_word' id='word_1_428' title='bbox 726 3929 890 4010; x_wconf 91' lang='lat' dir='ltr'><em>impediat,</em></span> <span class='ocrx_word' id='word_1_429' title='bbox 907 3936 937 3990; x_wconf 91' lang='lat' dir='ltr'><em>et</em></span> <span class='ocrx_word' id='word_1_430' title='bbox 953 3948 1009 4010; x_wconf 91' lang='lat' dir='ltr'><em>per</em></span> <span class='ocrx_word' id='word_1_431' title='bbox 1025 3929 1112 3992; x_wconf 93' lang='lat' dir='ltr'><em>illam</em></span> <span class='ocrx_word' id='word_1_432' title='bbox 1129 3931 1175 3991; x_wconf 90' lang='lat' dir='ltr'><em>in-</em></span> <span class='ocrx_word' id='word_1_433' title='bbox 1229 3938 1358 4012; x_wconf 89' lang='lat' dir='ltr'><em>propter</em></span> <span class='ocrx_word' id='word_1_434' title='bbox 1382 3929 1462 4010; x_wconf 88' lang='lat' dir='ltr'><em>legis</em></span> <span class='ocrx_word' id='word_1_435' title='bbox 1486 3928 1603 3990; x_wconf 71' lang='lat' dir='ltr'><em>divinia</em></span> <span class='ocrx_word' id='word_1_436' title='bbox 1630 3927 1915 4006; x_wconf 87' lang='lat' dir='ltr'><em>transgressionem</em></span> <span class='ocrx_word' id='word_1_437' title='bbox 1941 3939 1974 3990; x_wconf 88' lang='lat' dir='ltr'><em>ct</em></span> 
     </span>
     <span class='ocr_line' id='line_1_36' title="bbox 430 4027 1974 4112; baseline -0.002 -21"><span class='ocrx_word' id='word_1_438' title='bbox 430 4029 603 4112; x_wconf 90' lang='lat' dir='ltr'><em>quinentur</em></span> <span class='ocrx_word' id='word_1_439' title='bbox 619 4027 721 4090; x_wconf 89' lang='lat' dir='ltr'><em>multi.</em></span> <span class='ocrx_word' id='word_1_440' title='bbox 737 4031 904 4107; x_wconf 81' lang='lat' dir='ltr'><em>Quumque</em></span> <span class='ocrx_word' id='word_1_441' title='bbox 919 4032 1064 4089; x_wconf 77' lang='lat' dir='ltr'><em>audierit</em></span> <span class='ocrx_word' id='word_1_442' title='bbox 1083 4033 1173 4089; x_wconf 89' lang='lat' dir='ltr'><em>oerba</em></span> <span class='ocrx_word' id='word_1_443' title='bbox 1228 4029 1404 4091; x_wconf 90' lang='lat' dir='ltr'><em>alienorum</em></span> <span class='ocrx_word' id='word_1_444' title='bbox 1420 4027 1541 4090; x_wconf 87' lang='lat' dir='ltr'><em>cultum</em></span> <span class='ocrx_word' id='word_1_445' title='bbox 1554 4027 1695 4101; x_wconf 83' lang='lat' dir='ltr'><em>deorum,</em></span> <span class='ocrx_word' id='word_1_446' title='bbox 1703 4028 1819 4106; x_wconf 84' lang='lat' dir='ltr'><em>quibus</em></span> <span class='ocrx_word' id='word_1_447' title='bbox 1830 4048 1894 4087; x_wconf 88' lang='lat' dir='ltr'><em>non</em></span> <span class='ocrx_word' id='word_1_448' title='bbox 1905 4029 1974 4104; x_wconf 84' lang='lat' dir='ltr'><em>fuc-</em></span> 
     </span>
     <span class='ocr_line' id='line_1_37' title="bbox 422 4124 1970 4206; baseline 0 -18"><span class='ocrx_word' id='word_1_449' title='bbox 422 4129 610 4206; x_wconf 82' lang='lat' dir='ltr'><em>juramenti</em></span> <span class='ocrx_word' id='word_1_450' title='bbox 624 4127 734 4204; x_wconf 78' lang='lat' dir='ltr'><em>bztjus,</em></span> <span class='ocrx_word' id='word_1_451' title='bbox 748 4125 780 4187; x_wconf 95' lang='lat' dir='ltr'><em>id</em></span> <span class='ocrx_word' id='word_1_452' title='bbox 796 4133 844 4187; x_wconf 86' lang='grc' dir='ltr'><em>θεῖ</em></span> <span class='ocrx_word' id='word_1_453' title='bbox 860 4125 938 4205; x_wconf 85' lang='lat' dir='ltr'><em>legis</em></span> <span class='ocrx_word' id='word_1_454' title='bbox 955 4126 1045 4188; x_wconf 88' lang='lat' dir='ltr'><em>istius</em></span> <span class='ocrx_word' id='word_1_455' title='bbox 1061 4128 1172 4191; x_wconf 88' lang='lat' dir='ltr'><em>divino</em></span> <span class='ocrx_word' id='word_1_456' title='bbox 1228 4138 1304 4188; x_wconf 87' lang='lat' dir='ltr'><em>rant</em></span> <span class='ocrx_word' id='word_1_457' title='bbox 1319 4129 1481 4196; x_wconf 82' lang='lat' dir='ltr'><em>attributi,</em></span> <span class='ocrx_word' id='word_1_458' title='bbox 1499 4125 1532 4186; x_wconf 92' lang='lat' dir='ltr'><em>id</em></span> <span class='ocrx_word' id='word_1_459' title='bbox 1554 4132 1602 4187; x_wconf 88' lang='grc' dir='ltr'><em>θεῖ</em></span> <span class='ocrx_word' id='word_1_460' title='bbox 1622 4124 1776 4205; x_wconf 89' lang='lat' dir='ltr'><em>deputati.</em></span> <span class='ocrx_word' id='word_1_461' title='bbox 1793 4125 1860 4187; x_wconf 88' lang='lat' dir='ltr'><em>Non</em></span> <span class='ocrx_word' id='word_1_462' title='bbox 1883 4127 1970 4188; x_wconf 89' lang='lat' dir='ltr'><em>enim</em></span> 
     </span>
     <span class='ocr_line' id='line_1_38' title="bbox 430 4222 1972 4306; baseline -0.003 -19"><span class='ocrx_word' id='word_1_463' title='bbox 430 4224 612 4288; x_wconf 90' lang='lat' dir='ltr'><em>testimonio</em></span> <span class='ocrx_word' id='word_1_464' title='bbox 634 4224 857 4305; x_wconf 70' lang='lat' dir='ltr'><em>comprobatae,</em></span> <span class='ocrx_word' id='word_1_465' title='bbox 876 4227 1039 4285; x_wconf 68' lang='lat' dir='ltr'><em>boninieat</em></span> <span class='ocrx_word' id='word_1_466' title='bbox 1058 4228 1121 4285; x_wconf 84' lang='lat' dir='ltr'><em>sibi</em></span> <span class='ocrx_word' id='word_1_467' title='bbox 1136 4229 1172 4288; x_wconf 83' lang='lat' dir='ltr'><em>in</em></span> <span class='ocrx_word' id='word_1_468' title='bbox 1190 4231 1212 4291; x_wconf 90' lang='lat' dir='ltr'><em>l)</em></span> <span class='ocrx_word' id='word_1_469' title='bbox 1228 4234 1318 4288; x_wconf 89' lang='lat' dir='ltr'><em>erant</em></span> <span class='ocrx_word' id='word_1_470' title='bbox 1332 4225 1479 4288; x_wconf 78' lang='lat' dir='ltr'><em>israelita</em></span> <span class='ocrx_word' id='word_1_471' title='bbox 1489 4222 1632 4306; x_wconf 91' lang='lat' dir='ltr'><em>deputati</em></span> <span class='ocrx_word' id='word_1_472' title='bbox 1648 4228 1703 4284; x_wconf 87' lang='lat' dir='ltr'><em>s&#39;eu</em></span> <span class='ocrx_word' id='word_1_473' title='bbox 1719 4223 1916 4305; x_wconf 87' lang='lat' dir='ltr'><em>appropriati</em></span> <span class='ocrx_word' id='word_1_474' title='bbox 1931 4227 1972 4288; x_wconf 84' lang='lat' dir='ltr'><em>ad</em></span> 
     </span>
     <span class='ocr_line' id='line_1_39' title="bbox 429 4321 1970 4412; baseline 0.002 -28"><span class='ocrx_word' id='word_1_475' title='bbox 429 4328 522 4385; x_wconf 81' lang='lat' dir='ltr'><em>eorde</em></span> <span class='ocrx_word' id='word_1_476' title='bbox 531 4344 594 4390; x_wconf 89' lang='lat' dir='ltr'><em>suo,</em></span> <span class='ocrx_word' id='word_1_477' title='bbox 603 4322 635 4384; x_wconf 92' lang='lat' dir='ltr'><em>id</em></span> <span class='ocrx_word' id='word_1_478' title='bbox 647 4329 864 4412; x_wconf 91' lang='lat' dir='ltr'><em>est,prospera</em></span> <span class='ocrx_word' id='word_1_479' title='bbox 880 4321 942 4383; x_wconf 91' lang='lat' dir='ltr'><em>sibi</em></span> <span class='ocrx_word' id='word_1_480' title='bbox 957 4325 1121 4404; x_wconf 87' lang='lat' dir='ltr'><em>promittat</em></span> <span class='ocrx_word' id='word_1_481' title='bbox 1133 4325 1172 4387; x_wconf 91' lang='lat' dir='ltr'><em>de</em></span> <span class='ocrx_word' id='word_1_482' title='bbox 1227 4325 1431 4388; x_wconf 89' lang='lat' dir='ltr'><em>serviendum</em></span> <span class='ocrx_word' id='word_1_483' title='bbox 1446 4323 1508 4386; x_wconf 95' lang='lat' dir='ltr'><em>diis</em></span> <span class='ocrx_word' id='word_1_484' title='bbox 1523 4322 1647 4397; x_wconf 90' lang='lat' dir='ltr'><em>alienis,</em></span> <span class='ocrx_word' id='word_1_485' title='bbox 1657 4323 1712 4384; x_wconf 91' lang='lat' dir='ltr'><em>sed</em></span> <span class='ocrx_word' id='word_1_486' title='bbox 1723 4341 1797 4385; x_wconf 90' lang='lat' dir='ltr'><em>vero</em></span> <span class='ocrx_word' id='word_1_487' title='bbox 1807 4323 1888 4386; x_wconf 86' lang='lat' dir='ltr'><em>Deo:</em></span> <span class='ocrx_word' id='word_1_488' title='bbox 1907 4344 1970 4388; x_wconf 92' lang='lat' dir='ltr'><em>non</em></span> 
     </span>
     <span class='ocr_line' id='line_1_40' title="bbox 428 4418 1973 4505; baseline 0.001 -20"><span class='ocrx_word' id='word_1_489' title='bbox 428 4422 629 4486; x_wconf 84' lang='lat' dir='ltr'><em>exsecutione</em></span> <span class='ocrx_word' id='word_1_490' title='bbox 645 4420 694 4482; x_wconf 89' lang='lat' dir='ltr'><em>sui</em></span> <span class='ocrx_word' id='word_1_491' title='bbox 711 4421 876 4502; x_wconf 90' lang='lat' dir='ltr'><em>propositi,</em></span> <span class='ocrx_word' id='word_1_492' title='bbox 885 4423 994 4482; x_wconf 83' lang='lat' dir='ltr'><em>dicens</em></span> <span class='ocrx_word' id='word_1_493' title='bbox 1003 4425 1097 4484; x_wconf 82' lang='lat' dir='ltr'><em>:Pau</em></span> <span class='ocrx_word' id='word_1_494' title='bbox 1110 4425 1172 4484; x_wconf 85' lang='lat' dir='ltr'><em>erit</em></span> <span class='ocrx_word' id='word_1_495' title='bbox 1226 4424 1312 4505; x_wconf 92' lang='lat' dir='ltr'><em>quod</em></span> <span class='ocrx_word' id='word_1_496' title='bbox 1326 4423 1398 4486; x_wconf 77' lang='lat' dir='ltr'><em>alian</em></span> <span class='ocrx_word' id='word_1_497' title='bbox 1412 4430 1522 4504; x_wconf 86' lang='lat' dir='ltr'><em>gentes</em></span> <span class='ocrx_word' id='word_1_498' title='bbox 1538 4420 1657 4482; x_wconf 87' lang='lat' dir='ltr'><em>luerint</em></span> <span class='ocrx_word' id='word_1_499' title='bbox 1671 4440 1709 4483; x_wconf 83' lang='lat' dir='ltr'><em>ex</em></span> <span class='ocrx_word' id='word_1_500' title='bbox 1722 4418 1832 4483; x_wconf 84' lang='lat' dir='ltr'><em>divina</em></span> <span class='ocrx_word' id='word_1_501' title='bbox 1845 4422 1973 4486; x_wconf 87' lang='lat' dir='ltr'><em>ordina·</em></span> 
     </span>
     <span class='ocr_line' id='line_1_41' title="bbox 428 4519 1965 4600; baseline 0.002 -18"><span class='ocrx_word' id='word_1_502' title='bbox 428 4523 523 4592; x_wconf 71' lang='lat' dir='ltr'><em>inibi,</em></span> <span class='ocrx_word' id='word_1_503' title='bbox 532 4519 558 4582; x_wconf 93' lang='lat' dir='ltr'><em>si</em></span> <span class='ocrx_word' id='word_1_504' title='bbox 574 4519 844 4600; x_wconf 91' lang='lat' dir='ltr'><em>impleveroquod</em></span> <span class='ocrx_word' id='word_1_505' title='bbox 860 4521 1170 4600; x_wconf 90' lang='lat' dir='ltr'><em>propono,quamvis</em></span> <span class='ocrx_word' id='word_1_506' title='bbox 1226 4523 1312 4586; x_wconf 90' lang='lat' dir='ltr'><em>tione</em></span> <span class='ocrx_word' id='word_1_507' title='bbox 1327 4522 1390 4585; x_wconf 90' lang='lat' dir='ltr'><em>diis</em></span> <span class='ocrx_word' id='word_1_508' title='bbox 1404 4520 1517 4583; x_wconf 86' lang='lat' dir='ltr'><em>alionis</em></span> <span class='ocrx_word' id='word_1_509' title='bbox 1532 4527 1587 4581; x_wconf 89' lang='lat' dir='ltr'><em>aut</em></span> <span class='ocrx_word' id='word_1_510' title='bbox 1606 4519 1700 4581; x_wconf 92' lang='lat' dir='ltr'><em>idolis</em></span> <span class='ocrx_word' id='word_1_511' title='bbox 1721 4519 1893 4596; x_wconf 82' lang='lat' dir='ltr'><em>attributa,</em></span> <span class='ocrx_word' id='word_1_512' title='bbox 1911 4524 1965 4585; x_wconf 92' lang='lat' dir='ltr'><em>scd</em></span> 
     </span>
     <span class='ocr_line' id='line_1_42' title="bbox 428 4616 1969 4703; baseline 0.002 -22"><span class='ocrx_word' id='word_1_513' title='bbox 428 4621 468 4681; x_wconf 90' lang='lat' dir='ltr'><em>sit</em></span> <span class='ocrx_word' id='word_1_514' title='bbox 484 4626 594 4682; x_wconf 91' lang='lat' dir='ltr'><em>contra</em></span> <span class='ocrx_word' id='word_1_515' title='bbox 610 4616 762 4695; x_wconf 87' lang='lat' dir='ltr'><em>legem,ot</em></span> <span class='ocrx_word' id='word_1_516' title='bbox 777 4618 944 4676; x_wconf 85' lang='lat' dir='ltr'><em>ambutabo</em></span> <span class='ocrx_word' id='word_1_517' title='bbox 956 4619 991 4676; x_wconf 89' lang='lat' dir='ltr'><em>in</em></span> <span class='ocrx_word' id='word_1_518' title='bbox 1003 4622 1170 4694; x_wconf 79' lang='lat' dir='ltr'><em>pravitate</em></span> <span class='ocrx_word' id='word_1_519' title='bbox 1224 4621 1310 4703; x_wconf 88' lang='lat' dir='ltr'><em>quod</em></span> <span class='ocrx_word' id='word_1_520' title='bbox 1327 4621 1391 4681; x_wconf 90' lang='lat' dir='ltr'><em>illis</em></span> <span class='ocrx_word' id='word_1_521' title='bbox 1405 4621 1490 4700; x_wconf 85' lang='lat' dir='ltr'><em>juste</em></span> <span class='ocrx_word' id='word_1_522' title='bbox 1506 4616 1636 4694; x_wconf 75' lang='lat' dir='ltr'><em>relictiS,</em></span> <span class='ocrx_word' id='word_1_523' title='bbox 1653 4624 1686 4679; x_wconf 89' lang='lat' dir='ltr'><em>et</em></span> <span class='ocrx_word' id='word_1_524' title='bbox 1706 4635 1739 4678; x_wconf 91' lang='lat' dir='ltr'><em>se</em></span> <span class='ocrx_word' id='word_1_525' title='bbox 1760 4617 1839 4699; x_wconf 89' lang='lat' dir='ltr'><em>ipsis</em></span> <span class='ocrx_word' id='word_1_526' title='bbox 1854 4631 1969 4701; x_wconf 83' lang='lat' dir='ltr'><em>sponte</em></span> 
     </span>
     <span class='ocr_line' id='line_1_43' title="bbox 426 4715 1967 4791; baseline 0.003 -13"><span class='ocrx_word' id='word_1_527' title='bbox 426 4720 532 4779; x_wconf 81' lang='lat' dir='ltr'><em>cordis</em></span> <span class='ocrx_word' id='word_1_528' title='bbox 549 4717 669 4785; x_wconf 80' lang='lat' dir='ltr'><em>mei,·et</em></span> <span class='ocrx_word' id='word_1_529' title='bbox 684 4725 827 4774; x_wconf 86' lang='lat' dir='ltr'><em>assumat</em></span> <span class='ocrx_word' id='word_1_530' title='bbox 841 4717 931 4774; x_wconf 85' lang='lat' dir='ltr'><em>ebria</em></span> <span class='ocrx_word' id='word_1_531' title='bbox 945 4716 1120 4786; x_wconf 78' lang='lat' dir='ltr'><em>sitientem,</em></span> <span class='ocrx_word' id='word_1_532' title='bbox 1136 4717 1168 4780; x_wconf 91' lang='lat' dir='ltr'><em>id</em></span> <span class='ocrx_word' id='word_1_533' title='bbox 1223 4718 1472 4782; x_wconf 85' lang='lat' dir='ltr'><em>attribuentibus</em></span> <span class='ocrx_word' id='word_1_534' title='bbox 1496 4717 1595 4779; x_wconf 87' lang='lat' dir='ltr'><em>cultui</em></span> <span class='ocrx_word' id='word_1_535' title='bbox 1620 4715 1788 4791; x_wconf 90' lang='lat' dir='ltr'><em>idolorum,</em></span> <span class='ocrx_word' id='word_1_536' title='bbox 1817 4715 1870 4779; x_wconf 91' lang='lat' dir='ltr'><em>isti</em></span> <span class='ocrx_word' id='word_1_537' title='bbox 1897 4718 1967 4783; x_wconf 84' lang='lat' dir='ltr'><em>lue·</em></span> 
     </span>
     <span class='ocr_line' id='line_1_44' title="bbox 426 4811 1965 4897; baseline 0.001 -18"><span class='ocrx_word' id='word_1_538' title='bbox 426 4824 484 4888; x_wconf 87' lang='lat' dir='ltr'><em>est,</em></span> <span class='ocrx_word' id='word_1_539' title='bbox 503 4834 543 4877; x_wconf 89' lang='lat' dir='ltr'><em>ne</em></span> <span class='ocrx_word' id='word_1_540' title='bbox 558 4831 693 4896; x_wconf 91' lang='lat' dir='ltr'><em>persona</em></span> <span class='ocrx_word' id='word_1_541' title='bbox 708 4811 871 4894; x_wconf 90' lang='lat' dir='ltr'><em>proposito</em></span> <span class='ocrx_word' id='word_1_542' title='bbox 888 4811 1112 4876; x_wconf 91' lang='lat' dir='ltr'><em>idololatrandi</em></span> <span class='ocrx_word' id='word_1_543' title='bbox 1127 4825 1171 4878; x_wconf 92' lang='lat' dir='ltr'><em>at·</em></span> <span class='ocrx_word' id='word_1_544' title='bbox 1224 4826 1298 4879; x_wconf 90' lang='lat' dir='ltr'><em>runt</em></span> <span class='ocrx_word' id='word_1_545' title='bbox 1313 4815 1493 4897; x_wconf 86' lang='lat' dir='ltr'><em>specialiter</em></span> <span class='ocrx_word' id='word_1_546' title='bbox 1503 4835 1522 4876; x_wconf 92' lang='lat' dir='ltr'><em>a</em></span> <span class='ocrx_word' id='word_1_547' title='bbox 1532 4815 1595 4876; x_wconf 87' lang='lat' dir='ltr'><em>Deo</em></span> <span class='ocrx_word' id='word_1_548' title='bbox 1608 4833 1683 4876; x_wconf 91' lang='lat' dir='ltr'><em>vero</em></span> <span class='ocrx_word' id='word_1_549' title='bbox 1698 4812 1737 4875; x_wconf 90' lang='lat' dir='ltr'><em>ad</em></span> <span class='ocrx_word' id='word_1_550' title='bbox 1753 4832 1846 4874; x_wconf 90' lang='lat' dir='ltr'><em>suum</em></span> <span class='ocrx_word' id='word_1_551' title='bbox 1863 4819 1965 4880; x_wconf 78' lang='lat' dir='ltr'><em>vocati</em></span> 
     </span>
     <span class='ocr_line' id='line_1_45' title="bbox 426 4909 1965 4997; baseline 0.002 -21"><span class='ocrx_word' id='word_1_552' title='bbox 426 4933 489 4995; x_wconf 85' lang='lat' dir='ltr'><em>que</em></span> <span class='ocrx_word' id='word_1_553' title='bbox 513 4913 641 4975; x_wconf 79' lang='lat' dir='ltr'><em>malitiae</em></span> <span class='ocrx_word' id='word_1_554' title='bbox 665 4910 740 4973; x_wconf 87' lang='lat' dir='ltr'><em>lello</em></span> <span class='ocrx_word' id='word_1_555' title='bbox 770 4909 935 4985; x_wconf 87' lang='lat' dir='ltr'><em>inebriata,</em></span> <span class='ocrx_word' id='word_1_556' title='bbox 963 4911 1024 4972; x_wconf 89' lang='lat' dir='ltr'><em>sibi</em></span> <span class='ocrx_word' id='word_1_557' title='bbox 1049 4911 1169 4977; x_wconf 89' lang='lat' dir='ltr'><em>alliciat</em></span> <span class='ocrx_word' id='word_1_558' title='bbox 1223 4915 1423 4997; x_wconf 89' lang='lat' dir='ltr'><em>obsequium.</em></span> <span class='ocrx_word' id='word_1_559' title='bbox 1440 4914 1602 4990; x_wconf 75' lang='lat' dir='ltr'><em>Praeterea,</em></span> <span class='ocrx_word' id='word_1_560' title='bbox 1618 4913 1702 4994; x_wconf 88' lang='lat' dir='ltr'><em>quod</em></span> <span class='ocrx_word' id='word_1_561' title='bbox 1719 4913 1752 4973; x_wconf 92' lang='lat' dir='ltr'><em>in</em></span> <span class='ocrx_word' id='word_1_562' title='bbox 1770 4921 1855 4974; x_wconf 79' lang='lat' dir='ltr'><em>textu</em></span> <span class='ocrx_word' id='word_1_563' title='bbox 1871 4913 1965 4979; x_wconf 80' lang='lat' dir='ltr'><em>habe</em></span> 
     </span>
     <span class='ocr_line' id='line_1_46' title="bbox 425 5009 1962 5094; baseline 0.001 -19"><span class='ocrx_word' id='word_1_564' title='bbox 425 5012 604 5094; x_wconf 84' lang='lat' dir='ltr'><em>simplicem</em></span> <span class='ocrx_word' id='word_1_565' title='bbox 620 5010 741 5072; x_wconf 86' lang='lat' dir='ltr'><em>discere</em></span> <span class='ocrx_word' id='word_1_566' title='bbox 757 5009 949 5090; x_wconf 89' lang='lat' dir='ltr'><em>cupientem,</em></span> <span class='ocrx_word' id='word_1_567' title='bbox 968 5017 999 5071; x_wconf 90' lang='lat' dir='ltr'><em>et</em></span> <span class='ocrx_word' id='word_1_568' title='bbox 1021 5029 1093 5072; x_wconf 92' lang='lat' dir='ltr'><em>eum</em></span> <span class='ocrx_word' id='word_1_569' title='bbox 1115 5013 1168 5075; x_wconf 90' lang='lat' dir='ltr'><em>de-</em></span> <span class='ocrx_word' id='word_1_570' title='bbox 1223 5025 1284 5091; x_wconf 92' lang='lat' dir='ltr'><em>tur,</em></span> <span class='ocrx_word' id='word_1_571' title='bbox 1311 5013 1461 5076; x_wconf 87' lang='lat' dir='ltr'><em>Videntes</em></span> <span class='ocrx_word' id='word_1_572' title='bbox 1487 5011 1595 5094; x_wconf 91' lang='lat' dir='ltr'><em>plagas</em></span> <span class='ocrx_word' id='word_1_573' title='bbox 1623 5019 1722 5087; x_wconf 80' lang='lat' dir='ltr'><em>terra,</em></span> <span class='ocrx_word' id='word_1_574' title='bbox 1749 5010 1868 5093; x_wconf 90' lang='lat' dir='ltr'><em>quibus</em></span> <span class='ocrx_word' id='word_1_575' title='bbox 1893 5033 1962 5076; x_wconf 89' lang='lat' dir='ltr'><em>eam</em></span> 
     </span>
     <span class='ocr_line' id='line_1_47' title="bbox 424 5107 1964 5193; baseline 0.001 -20"><span class='ocrx_word' id='word_1_576' title='bbox 424 5111 542 5193; x_wconf 71' lang='lat' dir='ltr'><em>cipiet,</em></span> <span class='ocrx_word' id='word_1_577' title='bbox 559 5109 619 5186; x_wconf 89' lang='lat' dir='ltr'><em>vel,</em></span> <span class='ocrx_word' id='word_1_578' title='bbox 633 5108 809 5182; x_wconf 76' lang='lat' dir='ltr'><em>sitientem,</em></span> <span class='ocrx_word' id='word_1_579' title='bbox 821 5107 853 5168; x_wconf 96' lang='lat' dir='ltr'><em>id</em></span> <span class='ocrx_word' id='word_1_580' title='bbox 870 5117 917 5169; x_wconf 90' lang='lat' dir='ltr'><em>est</em></span> <span class='ocrx_word' id='word_1_581' title='bbox 932 5127 1167 5191; x_wconf 89' lang='lat' dir='ltr'><em>quemeumque</em></span> <span class='ocrx_word' id='word_1_582' title='bbox 1220 5112 1375 5175; x_wconf 83' lang='lat' dir='ltr'><em>afflixerit</em></span> <span class='ocrx_word' id='word_1_583' title='bbox 1390 5110 1554 5186; x_wconf 89' lang='lat' dir='ltr'><em>Dominus,</em></span> <span class='ocrx_word' id='word_1_584' title='bbox 1571 5109 1692 5172; x_wconf 88' lang='lat' dir='ltr'><em>sullure</em></span> <span class='ocrx_word' id='word_1_585' title='bbox 1707 5118 1738 5172; x_wconf 90' lang='grc' dir='ltr'><em>θῖ</em></span> <span class='ocrx_word' id='word_1_586' title='bbox 1754 5110 1830 5173; x_wconf 89' lang='lat' dir='ltr'><em>solis</em></span> <span class='ocrx_word' id='word_1_587' title='bbox 1849 5112 1964 5175; x_wconf 91' lang='lat' dir='ltr'><em>ardore</em></span> 
     </span>
     <span class='ocr_line' id='line_1_48' title="bbox 423 5207 1963 5287; baseline -0.002 -14"><span class='ocrx_word' id='word_1_588' title='bbox 423 5210 585 5273; x_wconf 81' lang='lat' dir='ltr'><em>curiosum</em></span> <span class='ocrx_word' id='word_1_589' title='bbox 607 5215 639 5268; x_wconf 85' lang='lat' dir='ltr'><em>ot</em></span> <span class='ocrx_word' id='word_1_590' title='bbox 663 5224 798 5287; x_wconf 87' lang='lat' dir='ltr'><em>pronum</em></span> <span class='ocrx_word' id='word_1_591' title='bbox 821 5207 860 5267; x_wconf 88' lang='lat' dir='ltr'><em>ad</em></span> <span class='ocrx_word' id='word_1_592' title='bbox 884 5225 985 5281; x_wconf 83' lang='lat' dir='ltr'><em>nova3</em></span> <span class='ocrx_word' id='word_1_593' title='bbox 1007 5218 1036 5268; x_wconf 85' lang='lat' dir='ltr'><em>ot</em></span> <span class='ocrx_word' id='word_1_594' title='bbox 1056 5212 1166 5270; x_wconf 87' lang='lat' dir='ltr'><em>Domi-</em></span> <span class='ocrx_word' id='word_1_595' title='bbox 1221 5211 1423 5285; x_wconf 84' lang='lat' dir='ltr'><em>comburens,</em></span> <span class='ocrx_word' id='word_1_596' title='bbox 1442 5211 1490 5269; x_wconf 87' lang='lat' dir='ltr'><em>itu</em></span> <span class='ocrx_word' id='word_1_597' title='bbox 1510 5211 1653 5268; x_wconf 75' lang='lat' dir='ltr'><em>uitulina</em></span> <span class='ocrx_word' id='word_1_598' title='bbox 1669 5228 1733 5267; x_wconf 85' lang='lat' dir='ltr'><em>nou</em></span> <span class='ocrx_word' id='word_1_599' title='bbox 1752 5220 1890 5281; x_wconf 69' lang='lat' dir='ltr'><em>seratum,</em></span> <span class='ocrx_word' id='word_1_600' title='bbox 1909 5231 1963 5270; x_wconf 80' lang='lat' dir='ltr'><em>ricc</em></span> 
     </span>
     <span class='ocr_line' id='line_1_49' title="bbox 423 5304 1961 5388; baseline -0.001 -17"><span class='ocrx_word' id='word_1_601' title='bbox 423 5330 485 5370; x_wconf 86' lang='lat' dir='ltr'><em>nus</em></span> <span class='ocrx_word' id='word_1_602' title='bbox 505 5328 570 5368; x_wconf 87' lang='lat' dir='ltr'><em>uon</em></span> <span class='ocrx_word' id='word_1_603' title='bbox 588 5309 729 5384; x_wconf 67' lang='lat' dir='ltr'><em>ignoscat</em></span> <span class='ocrx_word' id='word_1_604' title='bbox 746 5307 787 5376; x_wconf 82' lang='lat' dir='ltr'><em>ei,</em></span> <span class='ocrx_word' id='word_1_605' title='bbox 803 5304 860 5386; x_wconf 87' lang='lat' dir='ltr'><em>qui</em></span> <span class='ocrx_word' id='word_1_606' title='bbox 883 5314 969 5367; x_wconf 84' lang='lat' dir='ltr'><em>tanta</em></span> <span class='ocrx_word' id='word_1_607' title='bbox 992 5307 1165 5370; x_wconf 84' lang='lat' dir='ltr'><em>vitiositate</em></span> <span class='ocrx_word' id='word_1_608' title='bbox 1222 5311 1328 5370; x_wconf 85' lang='lat' dir='ltr'><em>uirens</em></span> <span class='ocrx_word' id='word_1_609' title='bbox 1347 5309 1522 5388; x_wconf 84' lang='lat' dir='ltr'><em>quidpiam</em></span> <span class='ocrx_word' id='word_1_610' title='bbox 1537 5307 1707 5384; x_wconf 66' lang='lat' dir='ltr'><em>germinet,</em></span> <span class='ocrx_word' id='word_1_611' title='bbox 1725 5308 1761 5366; x_wconf 88' lang='lat' dir='ltr'><em>iu</em></span> <span class='ocrx_word' id='word_1_612' title='bbox 1779 5313 1961 5387; x_wconf 70' lang='lat' dir='ltr'><em>exemplum</em></span> 
     </span>
    </p>
   </div>
   <div class='ocr_carea' id='block_1_5' title="bbox 0 0 2160 6259">
    <p class='ocr_par' dir='ltr' id='par_1_5' title="bbox 0 0 2160 6259">
     <span class='ocr_line' id='line_1_50' title="bbox 0 0 2160 6259; baseline 0 4"><span class='ocrx_word' id='word_1_613' title='bbox 0 0 2160 6259; x_wconf 95' lang='lat' dir='ltr'><em> </em></span> 
     </span>
    </p>
   </div>
  </div>
 </body>
</html>
