4309 6259
440 471 500 535 458
750 492 923 541 monitorio
945 494 974 541 ut
996 496 1064 541 CAP.
1088 495 1165 542 XXlll
1184 494 1380 543 nfflhonutt.
1403 515 1443 525 -
1464 496 1534 541 ant.
1557 495 1675 541 Xffllll

442 662 521 725 vitio
546 663 733 727 idololatria
756 664 903 728 obnoxia.
925 665 1105 747 [licantque
1129 665 1224 728 ati-A
1240 664 1384 730 lihidinis
1401 666 1554 730 loeditate.
1563 664 1730 746 Gregorius
1745 681 1893 745 qnoque:
1910 662 1984 725 lllti-

440 760 507 843 qui,
526 763 611 843 quod
627 763 747 825 idolum
764 763 806 825 sit
822 763 926 844 imago
944 762 1024 826 iacta
1040 765 1079 826 ad
1096 763 1185 825 simi-
1239 783 1382 842 noceres,
1399 764 1516 846 inquit,
1534 773 1629 827 tantae
1650 772 1698 827 est
1721 762 1931 838 fortitudinis,
1947 771 1984 823 ut

440 859 607 923 litudinem
624 862 761 943 alicujus
777 862 823 924 rci
839 861 1036 937 exsistentis3
1055 862 1185 925 simula·
1238 863 1326 926 nulla
1342 864 1528 927 venantium
1544 864 1687 946 capiatur
1703 862 1829 938 virtute,
1848 862 1905 923 sed
1920 860 1981 938 vir·

440 977 528 1020 erum
549 977 635 1035 vcro,
653 960 758 1042 imago
778 960 861 1023 laeta
880 962 919 1023 ad
940 960 1183 1023 similitudinem
1237 980 1277 1041 go
1293 962 1399 1044 puella
1416 962 1614 1044 proponitur,
1632 979 1704 1042 que
1717 959 1859 1022 venienti
1879 960 1980 1041 aperit

440 1057 485 1119 rei
508 1076 570 1120 non
591 1059 783 1121 exsistentis.
805 1058 914 1122 Glossa
936 1080 1012 1123 vero
1030 1060 1110 1123 dicit
1128 1078 1184 1141 op
1238 1061 1357 1137 sinum,
1375 1060 1408 1121 in
1429 1078 1493 1141 quo
1515 1060 1579 1132 ille,
1597 1059 1684 1121 omni
1705 1058 1870 1121 ferocitate
1886 1058 1979 1139 depe

441 1156 544 1238 posito
569 1158 673 1233 modo,
694 1178 793 1239 quum
818 1167 849 1221 et
874 1160 1042 1241 Apostolus
1067 1159 1152 1222 dieat
1174 1178 1181 1221 τ
1239 1159 1310 1235 sita,
1327 1167 1423 1240 eaput
1443 1158 1554 1240 ponit;
1571 1158 1681 1239 sieque
1699 1165 1877 1239 soporatus,
1895 1156 1978 1217 velut

295 1268 425 1319 reorent.
440 1255 523 1317 Nihil
540 1264 588 1319 est
603 1256 724 1319 idolum
742 1258 773 1320 in
791 1259 921 1321 mundo.
934 1258 1003 1321 Alia
1019 1258 1184 1321 translatio
1238 1257 1371 1321 inermis
1401 1277 1474 1321 mox
1500 1258 1635 1339 capitur.
1661 1257 1887 1319 Verumtamen
1918 1264 1978 1317 tarn

440 1354 535 1417 habet
551 1355 617 1417 sic:
636 1356 702 1419 Non
719 1356 779 1418 erit
796 1356 884 1419 labor
900 1356 932 1419 in
947 1357 1122 1434 Jacob,nee
1138 1356 1185 1419 vi·
1239 1357 1403 1420 indomita
1421 1364 1470 1419 est
1490 1364 1620 1432 naturae,
1645 1364 1680 1417 ut
1701 1356 1776 1431 dum
1798 1363 1912 1435 captus
1933 1352 1979 1416 lu-

440 1452 569 1516 debitur
584 1454 674 1517 dolor
691 1454 724 1516 in
740 1455 845 1519 lsrael.
858 1456 914 1519 Per
929 1475 1000 1538 quac
1013 1456 1110 1519 verba
1125 1464 1184 1518 sta·
1238 1456 1309 1531 erit,
1339 1454 1438 1518 teneri
1463 1473 1527 1519 non
1552 1463 1669 1536 queat;
1695 1464 1751 1516 aut
1776 1453 1803 1515 si
1825 1461 1977 1523 teneatur,

442 1560 491 1613 tus
513 1554 628 1615 luturaa
649 1553 721 1616 vitm
740 1554 957 1630 denuntiatur,
978 1564 1013 1617 ut
1032 1553 1184 1633 Origenes
1239 1554 1410 1637 impatiens
1425 1554 1506 1617 meri
1527 1554 1673 1636 protinus
1695 1553 1822 1615 dieitur.
1840 1552 1912 1615 ldeo
1927 1550 1979 1613 alii

417 1702 420 1709 .
440 1651 581 1732 exponit.
599 1652 631 1713 ln
648 1652 707 1715 hac
722 1653 840 1716 etenim
858 1654 921 1717 vita
942 1654 1031 1717 labor
1045 1662 1076 1717 et
1094 1653 1184 1717 dolor
1238 1655 1361 1731 dieunt,
1385 1655 1470 1734 quod
1495 1654 1537 1716 sit
1561 1652 1825 1735 superbissimum
1850 1650 1978 1725 animal,

440 1748 615 1812 abundant.
633 1753 791 1811 Dominus
807 1755 892 1813 Deos
906 1754 975 1830 rjus
990 1774 1063 1813 mato
1077 1774 1112 1813 eo
1126 1762 1183 1824 est,
1240 1752 1283 1814 ita
1303 1751 1479 1832 quoddam
1500 1756 1610 1813 contra
1631 1768 1719 1812 suam
1741 1746 1978 1827 inclinationem

441 1847 473 1910 id
496 1857 553 1925 est,
575 1868 668 1912 verus
690 1850 772 1913 Deus
794 1869 850 1931 per
872 1851 1018 1932 gratiam,
1036 1869 1130 1933 opem
1152 1860 1183 1913 et
1202 1853 1375 1926 itte-netur,
1393 1868 1432 1912 ex
1452 1847 1671 1929 indignatione
1690 1847 1774 1910 cadit
1788 1855 1819 1910 et
1834 1845 1978 1911 moritur.

441 1948 671 2029 protectionem
691 1949 779 2010 adest
801 1949 919 2031 populo
940 1949 1041 2015 huie:
1065 1950 1183 2013 idcireo
1239 1949 1382 2030 Denique
1396 1949 1570 2011 seeundum
1581 1947 1865 2023 Albertum,cornu
1881 1945 1981 2008 rhino

442 2046 585 2128 superari
609 2064 672 2109 non
698 2055 812 2128 potest,
834 2047 896 2109 nisi
919 2050 1017 2112 Deum
1040 2048 1182 2111 ollende
1239 2046 1355 2110 ceretis
1378 2046 1587 2127 longitudinis
1606 2053 1654 2109 est
1676 2044 1844 2108 duodecim
1866 2045 1978 2126 pedum

442 2141 501 2213 rit;
520 2155 550 2205 et
569 2149 703 2222 elongor
719 2148 862 2207 victorio»
878 2149 962 2222 repis
983 2149 1016 2207 in
1036 2150 1095 2207 illo
1112 2158 1157 2207 est
1173 2169 1184 2207 .·
1239 2155 1271 2209 et
1286 2146 1435 2227 ampliuS,
1446 2146 1531 2228 quud
1545 2154 1594 2208 est
1607 2153 1681 2207 unte
1692 2144 1784 2206 valde
1799 2152 1939 2219 acutum,
1951 2151 1980 2205 et

443 2242 473 2303 id
500 2251 558 2319 est,
579 2242 725 2324 quamvis
749 2242 801 2306 hic
824 2244 961 2326 populus
984 2263 1047 2307 non
1071 2245 1185 2308 habeat
1240 2246 1372 2328 plenum
1397 2263 1453 2307 seu
1479 2243 1627 2319 solidum,
1650 2262 1713 2307 non
1739 2261 1935 2313 eoncavum;
1951 2252 1980 2305 ct

443 2360 549 2421 regern
581 2352 753 2421 terrenum,
781 2352 886 2406 tamen
913 2344 1071 2426 adjutorio
1102 2346 1185 2425 regis
1241 2345 1274 2406 in
1300 2342 1368 2406 basi
1394 2342 1450 2405 ubi
1474 2342 1681 2424 conjungitur
1704 2341 1814 2423 capiti,
1830 2340 1981 2417 diameter

443 2440 581 2504 coelestis
599 2441 741 2521 undique
757 2442 917 2524 prevalet,
931 2443 1041 2524 sicque
1056 2444 1185 2523 clangor
1240 2443 1310 2524 ejus
1325 2451 1374 2505 est
1388 2442 1460 2524 plus
1475 2460 1570 2523 quam
1592 2440 1701 2523 palmi,
1718 2440 1804 2521 quod
1824 2439 1982 2519 egreditur

443 2539 595 2616 victorias,
614 2540 646 2602 id
667 2549 715 2603 est
737 2540 888 2622 praeelara
909 2541 993 2605 lama
1017 2542 1183 2625 triumphi,
1240 2543 1280 2605 ad
1296 2539 1540 2603 similitudinem
1551 2539 1741 2621 gladii.ldeo
1752 2538 1808 2600 alii
1820 2548 1978 2601 asserunt:

441 2637 675 2702 eonvenithuio
689 2638 925 2721 plebi.Clangor
935 2650 1040 2708 autem
1058 2641 1186 2723 proprie
1240 2638 1409 2703 Unieornis
1425 2639 1458 2700 in
1474 2638 1580 2701 media
1590 2636 1695 2701 trente
1707 2636 1790 2717 gerit
1804 2656 1903 2700 cornu
1919 2647 1979 2699 tam

444 2735 561 2799 dicitur
574 2755 671 2800 sonus
686 2737 845 2815 tubarum,
858 2746 890 2801 et
906 2738 968 2803 lilii
981 2740 1074 2803 lsrael
1090 2739 1186 2803 certis
1241 2748 1370 2802 acutum
1389 2745 1421 2801 et
1436 2737 1590 2813 validum,
1607 2746 1642 2800 ut
1663 2735 1820 2818 quidquid
1841 2735 1982 2818 impetie

443 2834 529 2898 tubis
545 2836 715 2898 utebantur
727 2856 764 2899 ac
777 2837 990 2918 personabant
1003 2839 1036 2899 in
1049 2839 1183 2921 praeliis:
1242 2838 1294 2914 rit,
1317 2846 1372 2900 aut
1397 2836 1541 2913 ventilet,
1564 2844 1619 2898 aut
1644 2834 1794 2918 perforet.
1817 2834 1898 2897 Cum
1922 2836 1983 2898 ele

442 2934 499 3015 qui
524 2951 621 2997 sonus
647 2934 708 2997 luit
733 2935 858 3013 signum
882 2935 1022 2999 vietoriae
1044 2936 1091 2999 eis
1115 2957 1188 3020 pro·
1242 2936 1415 3019 phantibus
1440 2936 1521 3000 solet
1546 2953 1698 3017 pugnare,
1715 2952 1795 3014 quos
1819 2934 1852 2995 in
1875 2942 1982 2997 ventre

443 3030 548 3095 missa
573 3052 592 3095 a
616 3032 699 3112 Rege
723 3032 889 3097 coelorum.
913 3033 1118 3116 Septuaginta
1140 3036 1186 3100 sio
1204 3039 1225 3102 C
1242 3036 1389 3099 vulnerat
1402 3054 1439 3097 ae
1452 3034 1677 3117 prosternit,et
1688 3033 1782 3095 buxei
1798 3033 1901 3096 lertur
1914 3053 1982 3097 csse

443 3131 676 3194 transtulerunt
701 3149 708 3193 :
734 3132 884 3195 Praeelara
905 3133 1087 3215 principum
1114 3154 1187 3197 eum
1242 3134 1369 3198 coloris.
1387 3134 1476 3196 Unde
1497 3132 1700 3214 omnipotens
1720 3132 1802 3195 ueus
1821 3133 1862 3194 ad
1881 3142 1983 3195 osten·

445 3229 515 3312 ipso
541 3237 625 3293 sunt.
648 3230 786 3294 Potestas
807 3230 934 3308 eximia,
953 3232 1189 3315 victoriosaquc
1242 3234 1378 3297 dendam
1395 3232 1559 3295 infinitam
1575 3250 1640 3294 suaa
1656 3231 1877 3295 excellentiam
1897 3240 1983 3313 pote

445 3348 552 3411 pugna
564 3328 743 3392 consistunt
759 3329 791 3390 in
807 3330 978 3393 israelitico
995 3332 1125 3413 populo.
1242 3332 1344 3408 statis,
1360 3332 1555 3394 mentionem
1577 3330 1701 3393 inducit
1720 3330 1760 3392 de
1784 3329 1982 3393 rhinocerote

485 3416 643 3489 Dominus
659 3431 745 3489 Deus
759 3431 873 3490 viluerit
887 3451 972 3502 eum,
990 3430 1114 3494 seilicet
1133 3450 1189 3514 po·
1242 3434 1281 3497 ad
1306 3432 1383 3495 lob:
1401 3430 1573 3511 Numquid,
1590 3428 1749 3511 inquienS,
1768 3428 1853 3493 volet
1877 3430 1982 3492 rhino-
2004 3451 2109 3493 toron.

446 3526 557 3609 pulum
574 3520 682 3601 istum,
700 3529 739 3586 de
754 3528 896 3605 AEpppto
914 3548 970 3609 per
986 3530 1076 3609 signa
1092 3539 1188 3611 atquc
1243 3549 1332 3595 ceros
1347 3528 1466 3593 servire
1481 3528 1563 3591 tibit
1579 3528 1738 3609 Numquid
1759 3526 1911 3591 fiduciam
1931 3528 1982 3590 ha·
1995 3516 2055 3560 ''¹'’

446 3624 601 3707 prodigia,
623 3626 717 3703 'crtjes
736 3626 894 3702 fortitudo
915 3630 1035 3688 similis
1056 3639 1102 3690 est
1123 3632 1189 3690 rhr'-
1243 3629 1335 3693 bebis
1351 3629 1383 3690 in
1399 3645 1515 3707 magna
1530 3626 1718 3689 tortitudine
1732 3627 1824 3707 ejust

445 3726 610 3785 noveratis.
623 3724 710 3798 Quod
726 3727 781 3803 ait,
794 3724 891 3805 Cujus
908 3723 1071 3803 fortitudo,
1086 3736 1189 3810 potest
1283 3729 1390 3809 ltaque
1401 3726 1428 3787 si
1439 3725 1634 3806 comparatio
1645 3725 1705 3788 ista
1716 3726 1757 3789 ad
1767 3724 1982 3788 fortitudinem

446 3822 557 3886 reterri
584 3824 651 3887 sive
674 3826 713 3887 ad
738 3827 850 3901 Deum,
878 3824 945 3887 sive
969 3826 1009 3887 ad
1034 3826 1188 3908 populum
1244 3825 1465 3900 rhinocerotis,
1482 3824 1639 3888 referatur
1653 3824 1693 3885 ad
1708 3824 1916 3886 lsraeliticum
1932 3844 1985 3905 po

445 3922 546 3985 lsrael.
559 3922 677 3985 Dicitur
691 3933 796 3987 autem
813 3924 997 3987 rhinoceros
1009 3922 1063 3987 lat
1077 3938 1126 3987 ree
1141 3933 1186 4010 ῥίς,
1245 3925 1368 4009 pulum,
1385 3942 1498 3987 sensus
1513 3931 1572 3999 est,
1588 3922 1673 4004 quod
1692 3922 1774 3985 sieut
1793 3922 1983 3986 rhinoceroti

410 4055 414 4061 ·
445 4022 531 4102 quod
549 4029 596 4083 est
620 4021 717 4099 naris,
738 4031 769 4085 et
790 4026 882 4105 κέρας,
902 4022 987 4103 quud
1008 4031 1056 4085 est
1077 4042 1187 4100 cornu,
1245 4024 1334 4088 nulla
1359 4041 1441 4106 pene
1465 4021 1567 4085 bestia
1590 4021 1708 4103 poterit
1732 4021 1915 4103 praevalere,
1941 4022 1985 4083 sie

446 4120 538 4201 quasi
553 4120 672 4182 animal
689 4139 802 4200 gerens
818 4139 918 4183 cornu
931 4120 963 4183 in
976 4122 1114 4196 naribus,
1123 4121 1191 4184 sive
1246 4124 1335 4186 nulla
1349 4141 1428 4205 gens
1445 4120 1525 4182 liliis
1541 4120 1646 4196 lsrael,
1663 4119 1817 4201 quamdiu
1832 4120 1896 4183 [leo
1916 4120 1987 4183 obe

447 4227 483 4280 ut
497 4218 553 4279 alii
570 4219 691 4295 dieunt,
710 4219 793 4282 intor
808 4219 917 4283 oculos
933 4238 996 4282 seu.
1009 4220 1041 4281 in
1059 4219 1165 4283 lronte
1182 4238 1189 4281 :
1208 4222 1375 4298 Ddierint,
1396 4220 1568 4303 prevalere
1592 4219 1723 4282 valeret.
1746 4218 1777 4282 Si
1803 4237 1879 4283 vero
1904 4237 1987 4281 eom-

448 4316 1190 4403 quodflraeocvooaturpoenaeueapooequod
1247 4320 1368 4404 paratio
1398 4320 1459 4382 ista
1488 4316 1645 4381 celeratur
1673 4319 1712 4380 ad
1738 4318 1847 4394 Deum,
1875 4318 1987 4381 merito

447 4426 496 4479 est
517 4435 629 4493 unum,
652 4424 683 4479 et
706 4420 798 4501 κέρας,
819 4416 910 4498 quasi
936 4416 1066 4479 unicum
1091 4436 1190 4479 cornu
1247 4419 1410 4501 quaeritur,
1428 4417 1503 4499 quid
1520 4434 1671 4495 magnum
1686 4415 1898 4497 omnipotenti
1918 4415 1986 4479 Cre

443 4515 578 4578 habens.
597 4517 639 4579 lle
661 4516 721 4580 hoe
743 4515 873 4579 animali
898 4516 1053 4611 scribunt,
1074 4516 1130 4598 qui
1154 4518 1192 4581 de
1246 4518 1337 4593 atori,
1358 4517 1384 4579 si
1412 4514 1565 4579 fortitude
1586 4516 1655 4595 ejus
1676 4513 1856 4580 tortitudini
1878 4512 1988 4575 bestia

447 4615 695 4699 proprietatibus
720 4616 908 4679 animalium
935 4624 1082 4692 tractant,
1106 4616 1191 4697 qued
1246 4616 1487 4690 assimilaretur,
1504 4612 1567 4675 nisi
1588 4612 1621 4677 in
1642 4614 1693 4675 his
1717 4612 1794 4694 quid
1819 4612 1986 4694 mysticum

447 4715 488 4777 sit
509 4715 625 4777 animal
647 4714 856 4778 fortissimum
878 4723 972 4796 atque
987 4715 1189 4792 acerrimum,
1247 4714 1462 4793 intelligatur:
1480 4711 1628 4775 videlieet
1643 4712 1727 4793 quod
1739 4710 1834 4788 Virgo
1850 4709 1987 4774 mundis-

447 4813 692 4877 subtilissimum
721 4813 840 4876 habens
868 4822 974 4896 eaput,
1000 4822 1031 4876 et
1060 4814 1191 4877 unicum
1246 4813 1327 4876 sima
1342 4821 1438 4893 atque
1453 4810 1653 4875 sanctissima
1665 4805 1985 4890 Omnipotentemeui

447 4930 546 4977 cornu
567 4911 600 4973 in
621 4930 717 4985 nare;
733 4920 844 4993 estque
864 4912 936 4974 talis
957 4922 1088 4989 natnrae,
1106 4913 1191 4993 quod
1247 4912 1355 4976 nullus
1371 4920 1475 4994 potest
1491 4910 1648 4985 resistere,
1661 4928 1718 4971 sua
1732 4906 1923 4981 humilitate,
1939 4925 1987 4969 ea-

449 5009 556 5074 nullus
584 5016 714 5073 venator
743 5010 846 5091 ipsum
874 5030 986 5092 capere
1014 5010 1109 5086 valet,
1136 5012 1191 5073 scd
1247 5012 1351 5085 ritate,
1369 5020 1401 5073 ct
1416 5010 1542 5072 interno
1558 5008 1672 5071 decore
1688 5006 1720 5067 in
1737 5026 1771 5067 se
1787 5005 1893 5080 traxit,
1908 5013 1938 5067 et
1954 5004 1984 5065 in

448 5109 537 5188 virgo
560 5107 592 5168 in
616 5126 727 5189 eampo
750 5108 928 5190 exponitur,
946 5128 1009 5191 qua
1030 5108 1109 5186 visa,
1127 5129 1193 5173 orn-
1247 5128 1305 5172 suo
1315 5118 1426 5172 ventre
1435 5127 1472 5170 ae
1483 5106 1604 5188 gremio
1621 5104 1819 5187 requiescere
1835 5102 1920 5177 lecit,
1927 5103 1986 5182 jux·

447 5225 521 5271 nem
544 5204 702 5268 feritatem
719 5206 861 5288 deponit,
879 5216 911 5269 et
931 5207 1022 5288 quasi
1043 5208 1193 5271 humilia·
1248 5218 1279 5271 ta
1301 5207 1392 5283 illud,
1408 5206 1619 5286 Concupiscet
1641 5224 1695 5269 rex
1717 5205 1863 5267 decorem
1886 5210 1984 5276 tuum,
1998 5220 2109 5265 amec.

448 5315 509 5384 tus,
528 5304 612 5371 cedit
628 5304 660 5366 in
676 5304 745 5389 ejus
761 5306 936 5391 amplexus
950 5316 1055 5370 tamen
1071 5308 1193 5389 absque
1247 5305 1397 5388 quoniam
1416 5304 1484 5386 ipse
1499 5312 1548 5367 est
1561 5304 1714 5367 Dominus
1729 5302 1811 5363 licus
1829 5310 1914 5363 tuus.
1927 5298 1987 5363 Sic·
