4309 6259
522 533 527 540 ·
568 520 745 566 enarrarre
767 520 798 565 m
820 520 888 566 cxr.
912 520 966 566 xxi
987 521 1124 567 unrrrrcr.
1147 541 1187 551 -
1208 523 1278 569 aar.
1302 523 1352 569 xm
1671 505 1730 568 277

183 709 229 766 re,
249 710 308 754 nec
331 690 470 770 frigidus
495 711 513 754 a
533 689 693 773 spirituali
717 689 850 765 aflectu,
868 707 932 751 non
948 689 974 751 A
988 689 1085 753 verbo
1101 691 1263 755 insinuare
1274 693 1410 769 videtur,
1419 694 1504 774 quod
1521 692 1623 775 iniqui
1635 700 1666 756 et
1677 711 1732 774 pu·

182 789 286 852 clatus
301 799 357 852 aut
372 792 525 865 tumidus
543 809 607 852 non
624 788 760 852 lascivus
776 795 830 850 aut
845 786 934 868 cupi·
988 789 1052 850 silli
1069 808 1134 852 non
1149 800 1302 853 vocentur
1317 792 1423 871 magni
1445 792 1479 854 in
1495 791 1666 874 Scripturis
1681 811 1732 854 ea·

182 889 264 962 dus;
296 891 351 951 sed
382 889 470 953 omni
501 888 697 965 humilitate,
730 885 930 961 liberalitate,
988 888 1124 951 nonicis.
1149 889 1185 950 Et
1210 889 1356 969 quamvis
1381 891 1412 952 id
1439 909 1509 953 raro
1536 890 1728 968 inveniatur,

181 986 394 1062 continentia,
418 987 549 1050 caritate
572 987 722 1068 repletus,
747 985 834 1048 onmi
856 1003 933 1066 pon·
987 986 1161 1069 aliquando
1184 995 1289 1050 tamen
1313 988 1486 1064 invenitur,
1503 1008 1603 1070 quum
1626 989 1730 1070 primo

183 1085 260 1146 dere
271 1085 328 1148 irae
342 1094 374 1148 et
385 1085 603 1168 impatientiae,
615 1085 704 1148 omni
720 1104 816 1148 onere
827 1101 933 1166 prave
987 1085 1105 1164 Regum
1127 1087 1165 1148 de
1181 1085 1275 1148 Nabal
1299 1087 1420 1166 legatur
1438 1105 1445 1148 :
1463 1088 1536 1149 Erat
1557 1088 1653 1151 bomo
1675 1088 1730 1152 ille
1754 1104 1875 1163 ineam,

182 1183 324 1247 tristitiae
340 1203 452 1247 carens
472 1184 504 1245 in
526 1185 632 1247 corde.
650 1187 724 1246 Non
740 1185 933 1276 contamine-
987 1201 1121 1264 magnus
1147 1184 1253 1246 nimis.
1270 1185 1308 1246 Et
1323 1186 1366 1246 in
1392 1185 1564 1248 Zacharia:
1587 1185 1662 1260 Ouis
1681 1195 1728 1263 tu,
1743 1170 1852 1284 {mm
1870 1266 1874 1276 Ι

183 1292 240 1342 tur
254 1286 402 1342 sacerdos
417 1285 454 1342 in
471 1283 627 1342 mortibus
643 1283 767 1342 civium
786 1301 933 1349 suorum,
987 1300 1079 1345 mons
1090 1299 1210 1361 magne,
1222 1301 1327 1346 coram
1339 1284 1531 1348 Zorobebell
1543 1284 1575 1346 in
1587 1285 1728 1366 planum.

183 1380 293 1458 idest,
313 1380 452 1462 peccatis
475 1380 610 1443 aliorum
634 1378 723 1443 nullo
740 1380 834 1442 modo
849 1397 934 1442 eom·
987 1381 1046 1443 [lbi
1062 1400 1119 1462 per
1135 1390 1275 1444 montem
1290 1400 1453 1461 magnum,
1470 1384 1509 1445 ad
1526 1382 1663 1446 litteram
1679 1385 1733 1446 de-

182 1479 339 1542 municet.
582 1530 584 1533 .
990 1480 1135 1561 signatur
1155 1479 1311 1544 diabolus.

222 1577 460 1658 Praetereaque
470 1578 510 1639 de
524 1594 640 1656 magno
651 1576 814 1639 sacerdote
828 1575 935 1638 dicun·
1029 1577 1172 1659 Denique
1192 1578 1335 1641 Christus
1353 1596 1416 1642 non
1437 1587 1484 1642 est
1500 1579 1734 1644 contaminatus

184 1684 237 1737 tur
259 1676 294 1738 in
322 1684 421 1752 textu,
438 1674 589 1755 Origenes
610 1675 692 1737 bene
712 1683 744 1736 et
765 1673 935 1754 allegorice
989 1675 1023 1737 in
1040 1684 1129 1756 patre
1149 1683 1204 1737 aut
1225 1685 1337 1753 matre,
1354 1676 1430 1757 quia
1449 1696 1487 1739 ex
1502 1678 1565 1742 Deo
1579 1677 1668 1742 Patre
1687 1689 1735 1742 est

183 1773 317 1856 exponit
339 1775 379 1837 de
400 1773 537 1850 Christo,
560 1772 616 1853 qui
640 1791 715 1835 vere
738 1779 770 1834 et
790 1771 935 1835 absolute
989 1775 1116 1854 genitus
1141 1775 1180 1838 ab
1201 1784 1330 1852 eterno,
1349 1796 1406 1839 nee
1431 1777 1526 1840 llater
1549 1778 1637 1858 virgo
1661 1798 1734 1841 eum

184 1872 247 1934 luit
264 1881 297 1935 et
312 1881 505 1951 estmagnus
517 1880 548 1934 et
559 1890 703 1933 summus
719 1870 934 1933 SacerdosDe
954 1871 1138 1952 Beoneepit
1160 1881 1214 1935 aut
1239 1873 1363 1956 peperit
1381 1875 1414 1936 in
1430 1883 1571 1957 peccato.
1589 1876 1645 1938 llic
1670 1895 1734 1939 non

99 2003 125 2034 ..,
148 1991 167 2032 a.
182 1991 250 2053 quo
264 1971 394 2034 Gabriel
405 1970 485 2032 dixit
503 1989 510 2032 :
527 1971 583 2033 llic
598 1969 659 2033 erit
674 1987 819 2049 magnus.
832 1967 934 2031 Ceteri
992 1971 1053 2034 nisi
1068 1972 1225 2052 virginem
1246 1973 1334 2035 ducit
1352 1992 1492 2050 uxorem,
1505 1973 1581 2055 quia
1595 1974 1655 2036 etsi
1671 1973 1736 2036 ani-

183 2070 351 2153 peceande
367 2068 444 2132 iacti
460 2078 534 2131 sunt
550 2069 652 2150 parvi.
664 2068 829 2130 Peccatum
845 2067 936 2149 quip
990 2089 1059 2131 mas
1079 2070 1271 2152 peccatrices
1291 2079 1454 2134 convertat
1474 2079 1506 2134 et
1525 2071 1653 2153 copulet
1673 2071 1735 2138 sibi

183 2188 224 2251 pe
250 2167 359 2232 ellieit
388 2167 552 2230 bominem
582 2186 717 2250 parvum
748 2174 843 2248 atque
871 2166 935 2228 exi·
990 2167 1301 2246 misericordissime,
1320 2177 1424 2231 tamen
1436 2177 1607 2251 antequam
1623 2169 1735 2232 unian-

182 2286 285 2348 guum
305 2291 313 2340 3
339 2266 458 2343 virtus,
485 2284 636 2346 magnum
666 2273 698 2328 et
727 2264 932 2328 eminentem.
990 2274 1041 2327 tur
1056 2265 1087 2327 ei
1102 2284 1159 2347 per
1179 2266 1359 2347 amplexum
1381 2266 1553 2344 internum,
1571 2275 1685 2349 purgat
1704 2277 1735 2330 et

182 2366 458 2440 Quemadmodum
472 2384 611 2446 namque
621 2363 764 2446 corporis
780 2363 935 2444 egritudo
989 2370 1083 2426 ornat
1097 2364 1235 2440 easdem,
1245 2373 1340 2446 atque
1355 2385 1412 2447 per
1427 2364 1538 2443 iidem,
1551 2384 1650 2447 spem,
1659 2366 1736 2428 cari·

182 2465 291 2527 reddit
307 2464 388 2526 illud
410 2463 560 2544 exiguum
577 2471 609 2525 ct
631 2462 724 2540 exile,
742 2463 861 2525 sanitas
882 2483 936 2526 au-
991 2471 1087 2525 tatem
1104 2463 1228 2525 reducit
1242 2482 1295 2525 eas
1310 2464 1349 2526 ed
1366 2463 1562 2545 spiritualem
1575 2463 1737 2544 integrita-

181 2572 248 2626 tem
265 2563 375 2626 lantum
390 2571 422 2626 et
444 2563 585 2625 validum
604 2580 611 2624 :
629 2562 675 2624 sic
690 2561 844 2642 aegritudo
865 2580 936 2642 pec·
991 2569 1055 2622 tem
1071 2567 1103 2622 et
1118 2559 1235 2623 mentis
1250 2560 1478 2641 virginitatem.

182 2663 247 2726 eati
264 2662 370 2725 reddit
385 2662 526 2724 animam
549 2679 681 2743 parvam
704 2669 736 2723 et
749 2659 867 2733 vilem3
887 2679 935 2722 sa·
1030 2659 1202 2735 Postremo,
1217 2660 1303 2740 quod
1328 2658 1448 2722 dietum
1471 2670 1530 2738 est,
1555 2662 1629 2724 Noe
1651 2681 1738 2738 egre-

182 2762 269 2824 nitas
285 2779 364 2823 vero
379 2760 542 2824 interioris
557 2759 709 2835 bominis,
726 2758 933 2822 excellentem
989 2759 1099 2817 dr'etcr
1112 2761 1152 2817 de
1166 2759 1296 2820 Sanctia
1306 2775 1317 2818 :
1331 2759 1506 2822 secundum
1522 2760 1608 2840 quod
1625 2759 1739 2822 asserit

183 2868 215 2922 et
231 2877 394 2939 magnam.
410 2858 554 2920 Christus
571 2876 646 2938 ergo
662 2865 711 2920 est
732 2875 866 2938 magnus
882 2857 935 2919 Sa-
989 2855 1140 2934 Origenes
1155 2864 1187 2917 et
1202 2855 1326 2936 probat,
1341 2875 1405 2918 non
1422 2865 1526 2938 potest
1541 2857 1671 2939 proprie
1686 2877 1739 2921 ve-

182 2959 299 3020 ecrdos
316 2957 399 3020 inter
415 2956 529 3019 lratres
545 2975 630 3033 suos,
644 2956 676 3017 id
691 2963 739 3018 est
755 2955 933 3037 Apostolos,
990 2951 1114 3015 riiieari
1139 2954 1178 3016 de
1199 2954 1361 3018 sacerdote
1387 2972 1502 3034 magno
1523 2954 1556 3016 in
1583 2954 1663 3036 lege,
1681 2955 1736 3037 qui

126 3088 168 3123 xx.
184 3055 363 3138 dequibus
380 3055 505 3119 locutus
521 3062 569 3117 est
581 3071 588 3115 :
601 3054 698 3129 Vade,
715 3053 766 3117 dic
783 3053 934 3116 tratribus
949 3051 972 3114 (l
989 3050 1147 3131 virginem
1172 3050 1302 3131 jubetur
1333 3051 1366 3112 in
1392 3051 1562 3134 conjugem
1592 3072 1735 3131 sumere,

62 3138 79 3176 ⁷·
184 3155 279 3217 meis.
298 3154 400 3236 Super
415 3154 508 3234 cujus
527 3160 624 3234 eaput
640 3151 748 3214 iusum
766 3160 814 3214 est
828 3153 934 3215 oleum
989 3168 1086 3230 quam
1107 3149 1140 3210 in
1162 3148 1402 3212 tabernaculum
1425 3167 1489 3213 non
1512 3149 1616 3232 potuit
1642 3151 1738 3215 intro

185 3252 351 3316 unctionis
362 3269 369 3313 :
381 3251 458 3332 quia
468 3251 556 3314 cordi
573 3251 642 3332 ejus
655 3250 874 3333 copiosissime
887 3258 936 3312 est
989 3249 1105 3310 ducere
1129 3255 1225 3328 atquc
1245 3265 1454 3328 eognoscerc3
1473 3249 1537 3311 imo
1554 3267 1611 3331 pro
1627 3250 1737 3312 multis

185 3351 333 3414 inlusum
349 3350 455 3413 oleum
472 3359 589 3412 sanetae
603 3349 825 3430 jucunditatis,
838 3348 936 3410 abun·
990 3345 1095 3408 causis
1112 3346 1328 3408 sanctuarium
1344 3345 1431 3409 exiit.
1446 3345 1505 3410 Sed
1517 3346 1669 3410 Dominus
1686 3367 1738 3413 no

185 3449 299 3512 dantia
322 3448 428 3512 omnis
454 3448 585 3529 superni
610 3447 822 3522 charismatis,
847 3447 936 3527 juxta
990 3452 1054 3506 ster
1077 3444 1168 3506 lesus
1189 3443 1331 3507 Christus
1358 3463 1484 3526 semper
1508 3446 1683 3526 permansit
1703 3447 1736 3509 in

52 3549 274 3629 n.1m.a.quod
298 3547 454 3628 scriptum
479 3553 552 3609 est:
575 3545 671 3607 Unxit
694 3553 725 3608 te
743 3545 835 3622 lleus,
853 3544 935 3606 Deus
991 3541 1134 3605 Sanctis:
1153 3542 1186 3603 in
1203 3541 1320 3604 sanctis
1337 3543 1447 3624 utique
1462 3543 1734 3622 meditationibus,

184 3655 272 3722 tuus,
290 3646 362 3709 oleo
382 3645 510 3707 letitiae.
527 3644 617 3706 Unde
642 3662 699 3725 per
722 3643 834 3705 isaiam
859 3642 936 3706 fate
991 3639 1099 3702 verbis
1124 3649 1156 3702 et
1176 3639 1310 3717 actibus,
1335 3640 1391 3721 qui
1417 3659 1578 3722 sponsam,
1603 3641 1663 3705 boc
1687 3651 1737 3706 est

63 3762 137 3812 nm.
151 3768 169 3807 ι.
185 3752 237 3805 tur
254 3763 262 3806 ε
281 3743 420 3826 Spiritus
442 3741 568 3805 Domim
590 3760 686 3823 super
711 3760 772 3817 me,
790 3759 828 3803 eo
848 3742 935 3821 quod
990 3738 1143 3814 animam,
1165 3737 1257 3800 valde
1277 3757 1387 3820 puram
1411 3747 1444 3801 et
1465 3738 1558 3802 valde
1578 3739 1735 3805 sinceram

185 3842 316 3906 unxerit
330 3860 392 3904 me.
402 3842 534 3923 Propter
543 3841 630 3921 quod
641 3840 790 3921 princeps
801 3839 936 3922 aitnpo·
991 3836 1144 3918 requirit3
1163 3835 1239 3916 quia
1259 3855 1330 3917 quta
1355 3836 1383 3899 ei
1406 3837 1625 3919 conjungitur,
1651 3859 1735 3904 unus
1762 3859 1871 3914 icem,

56 3957 170 4009 ausas.
185 3942 343 4006 stolorum
368 3941 401 4002 in
426 3939 537 4002 Actis:
564 3939 660 4001 Unxit
683 3957 757 4002 eum
782 3939 935 4001 Dominus
991 3953 1098 3998 seeum
1129 3932 1273 3996 eflicitur
1303 3933 1445 4016 spiritus.
1471 3935 1605 3998 Pulchra
1628 3956 1647 3998 a
1671 3937 1734 4002 lleo
1749 3926 1783 3968 ¹⁷·

185 4040 308 4122 Spiritu
328 4039 444 4102 Sancto
464 4046 496 4101 et
513 4039 641 4100 virtute.
990 4040 1095 4096 creata
1109 4040 1157 4094 est
1172 4031 1289 4094 anima.
1302 4031 1381 4094 Vide
1396 4051 1492 4114 quam
1508 4033 1650 4115 pulchra,
1663 4055 1735 4118 qum

224 4139 316 4202 Circa
326 4136 789 4218 baecloquiturtlrigenes:0ui
801 4153 935 4215 magnus
990 4133 1029 4196 ad
1049 4130 1221 4211 imaginem
1242 4138 1273 4193 et
1294 4130 1539 4194 similitudinem
1555 4133 1609 4196 Dei
1629 4143 1735 4198 ereata

183 4245 245 4313 est,
258 4255 323 4299 non
339 4236 580 4311 scandalizatur,
594 4237 648 4298 sed
660 4235 715 4315 qui
726 4234 863 4316 pusillus
874 4244 932 4297 est.
950 4231 975 4293 D
990 4239 1048 4293 est.
1065 4230 1152 4291 Hanc
1167 4228 1439 4310 pulchritudinem
1455 4231 1568 4294 videns
1589 4232 1734 4300 diabolus

182 4334 244 4409 Qui
259 4351 397 4414 magnus
407 4342 461 4408 est,
468 4334 693 4415 quodcumque
702 4332 935 4413 videritquod-
989 4337 1021 4390 et
1035 4326 1140 4406 angeli
1152 4325 1232 4407 ejus,
1245 4326 1493 4406 concupiscunt3
1505 4336 1538 4390 et
1552 4329 1627 4409 quia
1643 4349 1735 4410 spon-

183 4451 325 4513 cumque
336 4451 448 4514 passus
459 4431 566 4507 luerit,
577 4450 641 4493 non
657 4431 797 4493 declinat
811 4430 935 4493 avirtu-
989 4425 1016 4487 si
1028 4426 1097 4505 ejus
1115 4423 1187 4486 lieri
1204 4433 1378 4504 nequeunt,
1397 4443 1469 4487 cum
1485 4445 1523 4488 ea
1538 4427 1734 4490 meretricari

182 4540 225 4594 te.
238 4530 299 4605 Qui
310 4538 418 4593 autem
433 4529 571 4611 pusillus
582 4537 641 4605 cst,
650 4529 834 4592 occasiones
848 4547 934 4610 quae-
988 4522 1195 4584 desiderant:
1214 4521 1331 4602 quibus
1353 4521 1379 4582 si
1400 4522 1595 4603 acquieverit
1615 4532 1646 4586 et
1661 4543 1734 4587 eon·

181 4629 226 4690 rit
251 4629 413 4708 quomodo
439 4627 680 4689 scandalizetur.
704 4627 833 4688 Talibus
859 4643 933 4706 ergo
988 4621 1124 4684 senserit
1139 4621 1257 4697 anima,
1276 4619 1495 4684 meretricatur
1515 4639 1587 4684 eum
1609 4620 1684 4697 illis,
1702 4630 1734 4684 et

180 4734 378 4808 oportetnos
389 4725 527 4788 maxime
537 4724 768 4806 pmspicerane
780 4723 930 4785 labantur.
987 4720 1151 4783 adulteros
1166 4719 1374 4800 amplexatur.
1393 4717 1425 4780 Si
1442 4717 1573 4801 spiritus
1589 4717 1655 4794 ire,
1669 4719 1734 4801 spi·

180 4825 230 4886 An
242 4823 393 4886 ostendes
405 4822 484 4884 mibi
496 4824 536 4886 de
547 4822 731 4904 Scripturis‚
744 4821 799 4884 ubi
815 4820 932 4902 aliquis
989 4817 1068 4880 ritus
1085 4815 1253 4899 superbie,
1267 4815 1399 4898 spiritus
1410 4815 1618 4898 impudicitiae
1635 4823 1733 4879 tenta-

180 4929 333 5004 peeeator
354 4929 410 4982 aut
433 4919 540 4984 meriti
566 4919 668 5003 parvi,
685 4918 865 5001 appellatus
891 4919 933 4980 sit
987 4915 1069 4978 verit
1089 4935 1171 4991 eam,
1188 4923 1220 4978 et
1241 4915 1310 4997 ipsa
1326 4915 1534 4992 consenserit,
1552 4913 1733 4976 meretrica-

180 5023 343 5100 magnust
358 5018 430 5081 Hane
445 5017 608 5099 Origenes.
620 5016 678 5091 Oui
694 5017 727 5079 in
743 5017 803 5080 boc
820 5017 932 5078 ultimo
988 5023 1127 5078 turcum
1143 5014 1220 5076 illis.
