4309 6259
1028 317 1055 356 a*

420 481 480 548 684

701 507 875 554 unannmo
896 509 926 554 IN
948 509 1016 554 GAI’.
1039 506 1139 553 XXXIII
1158 507 1392 554 namnnonoun.
1416 527 1456 536 -
1476 507 1547 554 ant.
1569 507 1688 553 XXXVIII

423 678 469 732 tes
485 676 678 756 expugnavit
689 677 722 739 in
733 697 838 741 eruce.
851 681 893 740 Et
908 681 1040 756 adjutor
1054 673 1205 739 control
1221 676 1339 739 intuitu
1349 687 1381 740 et
1391 681 1561 740 amoroHi
1569 679 1788 738 custodierunt
1799 677 1967 754 eloquium

422 773 626 834 adversarios
640 778 709 853 ejas
724 779 796 849 erit,
815 778 847 839 id
863 785 922 852 est,
932 778 1075 840 Christus
1092 795 1166 838 suos

425 866 538 932 fideles
553 881 663 936 contra
674 874 817 938 visibiles
827 884 859 938 ct
869 875 1048 938 invisibiles
1060 875 1166 938 hostes

277 975 324 1020 Luc
334 979 409 1027 nott
423 967 558 1047 juvabit.
571 971 700 1055 Propter
715 976 801 1055 quod
817 974 895 1037 dixit
913 993 920 1036 :
938 974 1003 1055 Ego
1018 973 1100 1036 dabo
1115 992 1167 1036 vo-

424 1065 474 1128 bis
489 1086 524 1130 os
540 1077 571 1131 et
586 1071 786 1153 sapientiam,
803 1073 854 1135 oui
871 1092 934 1136 non
951 1079 1101 1155 poterunt
1122 1090 1168 1134 re-

424 1163 535 1229 sistcre
560 1177 591 1230 et
616 1171 831 1234 contradicere
857 1190 968 1234 omnes
992 1169 1166 1232 adversarii

283 1264 593 1328 1=.1·x.2⁰.vestri.ne
613 1267 673 1329 hoo
693 1269 788 1330 isaias
811 1268 956 1351 praedixit
973 1285 980 1330 :
998 1269 1097 1330 Illittet
1120 1268 1167 1330 eis

423 1361 611 1427 salvatorem
637 1375 669 1428 et
691 1375 956 1449 propugnatorem
978 1367 1032 1448 qui
1055 1367 1168 1428 liberet

424 1479 488 1523 eoa.
516 1461 734 1544 Tropologice,
758 1485 814 1548 per
838 1466 950 1528 Iudam
975 1465 1167 1546 intelllgitur

423 1559 565 1623 Ecclesia
581 1581 635 1624 seu
656 1583 865 1646 quaecumque
886 1564 992 1627 lidelis
1018 1583 1164 1646 persona,

422 1659 516 1738 cujus
531 1661 690 1724 orationes
706 1681 742 1726 aa
758 1663 917 1744 preconia
934 1663 1013 1725 Deus
1033 1662 1167 1744 suscipit

423 1757 578 1837 gratiose;
597 1767 627 1822 et
652 1760 690 1822 ad
713 1762 865 1843 populum
884 1781 988 1838 suum,
1010 1762 1041 1824 id
1058 1770 1107 1828 est
1127 1761 1166 1822 ad

1222 787 1352 845 totamm
1366 775 1500 853 Christe,
1515 776 1546 837 id
1561 784 1610 837 est
1624 775 1809 856 evangelica
1824 783 1879 835 tua
1892 793 1968 836 con-

1221 874 1304 950 silia,
1315 885 1345 935 cl
1356 885 1490 952 pactum
1510 886 1604 935 tunm
1618 884 1838 944 seruauerunt,
1857 873 1965 943 idest,

1221 973 1436 1053 evangelicam
1454 973 1731 1054 Iegem,quantum
1747 973 1785 1034 ad
1802 973 1873 1052 ejus
1890 990 1969 1052 praL

1220 1081 1332 1154 cepta3
1350 1081 1460 1154 utpote
1477 1074 1612 1150 judicia
1629 1083 1697 1145 tuo,
1713 1094 1730 1131 o
1744 1074 1854 1142 Jacob,
1871 1071 1902 1132 id
1919 1079 1966 1132 est

1221 1189 1258 1232 ea
1273 1189 1343 1252 qua
1352 1171 1604 1234 Dominuslesus
1619 1170 1773 1251 judicavit
1788 1188 1859 1231 esse
1874 1168 1968 1230 valdo

1220 1270 1424 1332 accommoda
1438 1271 1477 1332 ad
1493 1269 1699 1332 obtinendam
1721 1267 1965 1350 perlectionem,

1221 1385 1240 1429 o
1256 1367 1373 1449 popule
1388 1368 1608 1449 supplantator
1621 1367 1799 1448 culparum,
1815 1375 1846 1425 et
1868 1371 1968 1442 legem

1222 1476 1325 1535 tanin,
1340 1487 1357 1525 o
1373 1471 1485 1537 Israel,
1498 1467 1530 1528 id
1545 1474 1594 1527 est
1609 1465 1710 1545 legem
1726 1464 1889 1544 Evangelii
1909 1462 1966 1524 libi

1221 1565 1338 1641 datam,
1362 1583 1381 1627 o
1403 1564 1495 1647 plebs
1520 1565 1617 1626 lleum
1641 1563 1706 1625 lide
1731 1563 1965 1644 contemplans.

1221 1663 1257 1724 lli
1274 1672 1348 1724 sunt
1362 1664 1418 1744 qui
1435 1663 1606 1725 observant
1623 1662 1758 1725 consilia
1771 1661 1902 1737 Christi,
1920 1661 1968 1722 di·

1221 1763 1322 1824 centis
1340 1781 1347 1825 :
1364 1762 1422 1836 Qui
1448 1781 1512 1824 nou
1538 1761 1698 1824 renuntiat
1720 1760 1871 1824 omnibus
1894 1780 1968 1842 quae
2000 1784 2051 1826 ιιι.
2066 1796 2103 1822 ω.

425 1855 674 1938 triumphantem
692 1858 876 1938 Ecclesiam,
894 1861 943 1924 vel
967 1862 1007 1923 ad
1031 1860 1165 1922 aliorum
1185 1857 1208 1918 B
1223 1860 1374 1942 possidet,
1387 1881 1451 1924 non
1467 1869 1571 1943 potest
1585 1881 1675 1923 meus
1690 1879 1759 1922 esse
1774 1859 1966 1940 discipulus.
1982 1850 2015 1888 ³³·

424 1955 683 2033 conversionem,
710 1958 779 2020 sive
806 1959 844 2020 ad
871 1958 996 2041 mystici
1025 1957 1167 2039 eorporis

426 2051 542 2114 Christi
573 2055 848 2138 participationem
881 2056 1052 2119 introducit
1082 2074 1168 2118 eam·

427 2151 520 2226 dem3
538 2154 630 2234 cujus
650 2174 763 2217 manus
786 2163 929 2237 pugnant
951 2172 1009 2237 pro
1024 2175 1071 2231 ea,
1094 2153 1170 2234 quia

284 2260 300 2303 ΙΙ
311 2261 411 2309 nune·
428 2250 656 2314 tentationibus
672 2254 855 2329 reluctatur,
873 2254 976 2316 scIens
997 2253 1082 2334 quod
1106 2270 1169 2314 non

427 2350 634 2412 coronabitur
650 2351 711 2413 nisi
727 2351 782 2432 qui
800 2351 1171 2432 legitimeoertaverit‚et

293 2458 411 2509 toleti.
426 2448 512 2528 quod
535 2448 650 2511 militia
675 2449 716 2511 sit
741 2450 805 2512 vita
829 2448 968 2512 hominis
994 2467 1089 2530 super
1110 2457 1171 2510 ter-

427 2564 504 2608 ram.
523 2547 609 2609 Unus
631 2565 758 2629 quoque
784 2548 929 2611 lidclium
952 2548 985 2609 in
1011 2546 1170 2628 spirituali

427 2644 600 2707 certamine
616 2644 713 2707 alium
728 2645 818 2726 juvat
836 2646 966 2724 orando,
984 2644 1171 2726 exemplari-

426 2750 475 2804 ter
500 2743 734 2820 oonversando,
760 2744 972 2820 admonendo,
999 2753 1030 2806 ct
1059 2743 1172 2805 merita

428 2860 485 2903 sua
501 2841 638 2906 invicem
653 2842 917 2907 communicando
935 2861 941 2904 :
960 2843 1036 2924 quia
1050 2861 1107 2924 per
1121 2861 1173 2903 ca-

429 2939 554 3002 ritatem
571 2940 683 3002 merita
698 2940 909 3022 singulorum,
922 2950 996 3003 sunt
1012 2941 1173 3002 universo

281 3110 315 3150 θ’·
429 3155 487 3217 ego
503 3157 573 3200 sum
590 3138 733 3201 omnium
750 3139 931 3202 timentium
949 3147 989 3215 te,
1008 3146 1066 3201 ete.

475 3237 555 3298 Levi
576 3257 700 3316 quoque
721 3240 780 3298 nit.
804 3237 860 3299 Pcr
885 3236 959 3300 Levi
985 3235 1173 3318 exprimitur

429 3333 534 3395 clerus
560 3333 719 3411 Ecclesia,
746 3336 935 3412 sacerdotes,
962 3333 1114 3415 religiosi,
1141 3342 1173 3395 et

429 3451 539 3494 omnes
556 3433 588 3494 in
605 3433 703 3495 saeris
719 3433 890 3496 Ordinibus
905 3433 1081 3509 constituti,
1095 3451 1173 3513 quo

429 3550 499 3592 rum
516 3532 714 3594 uniuersitati
738 3553 793 3595 seu
814 3533 910 3595 coetui
935 3532 1052 3594 dicitur
1070 3551 1076 3594 :
1095 3536 1173 3594 Per-

427 3632 524 3708 seon'o
541 3641 608 3702 tuo,
621 3649 716 3711 quam
734 3631 831 3693 habes
848 3631 880 3692 in
897 3631 1125 3706 conversando,
1143 3642 1172 3691 et

428 3731 590 3799 doctrina,
615 3748 679 3810 qna
701 3729 779 3792 alios
805 3731 909 3806 doceS,
927 3751 948 3789 o
973 3731 1044 3790 or'ro
1063 3741 1172 3790 sancto

430 3837 496 3892 tao,
512 3826 618 3902 idest,
635 3846 654 3889 a
668 3827 792 3890 Christo
810 3827 866 3889 tibi
883 3827 1004 3889 collatae
1019 3836 1104 3903 sunt,
1117 3827 1172 3908 qui

429 3925 462 3986 in
478 3925 650 4006 Evangelio
672 3925 897 4000 te‘inlormat3
921 3947 1013 4005 pacm
1031 3928 1174 4002 probasti

430 4023 560 4086 lidolcm
578 4023 636 4092 tibi
652 4042 722 4086 esse
737 4042 793 4105 per
811 4025 919 4102 gratiae
938 4043 1003 4086 suae
1019 4024 1173 4086 auxilium

430 4125 465 4184 ln
482 4125 656 4184 tentatione
671 4141 883 4204 quacumque,
896 4141 990 4203 quam
1007 4122 1171 4197 devicisti3

1224 1958 1259 2019 Et
1277 1978 1409 2024 rursus:
1427 1959 1485 2033 Qui
1511 1977 1574 2022 non
1599 1959 1667 2022 odit
1682 1966 1802 2040 patrem
1820 1977 1913 2019 suum
1936 1967 1968 2018 rt
1998 1978 2093 2021 ratres.

1224 2063 1357 2118 matrem
1379 2065 1411 2119 et
1436 2057 1566 2119 lratrem
1591 2065 1623 2118 et
1644 2075 1784 2119 sororem
1809 2065 1842 2118 et
1866 2056 1967 2131 lilios,

1226 2173 1289 2216 non
1306 2163 1408 2236 potest
1430 2173 1519 2218 meus
1542 2174 1611 2218 esse
1633 2155 1820 2235 discipulus.
1849 2155 1882 2216 ln
1898 2155 1971 2235 qui-

1225 2255 1284 2316 bus
1310 2254 1458 2317 omnibus
1485 2272 1548 2316 non
1573 2253 1720 2329 odienda,
1747 2253 1803 2314 sed
1833 2253 1971 2314 amanda

1226 2360 1301 2413 sunt
1315 2351 1399 2414 dona
1414 2361 1535 2414 naturae
1549 2361 1580 2414 ot
1604 2351 1723 2432 gratita,
1741 2351 1879 2413 odienda
1894 2370 1971 2413 vero

1226 2451 1309 2512 mala
1323 2450 1436 2532 eulpa,
1454 2461 1485 2513 et
1500 2449 1704 2513 retractiones
1720 2449 1840 2530 quibus
1854 2468 1972 2512 conan-

1226 2557 1277 2610 tur
1294 2567 1352 2611 nos
1367 2569 1385 2610 a
1401 2549 1451 2611 via
1471 2548 1679 2630 perfectiouis
1700 2549 1873 2610 retrahere.
1890 2548 1972 2610 Prae

1225 2655 1312 2709 terea
1331 2648 1477 2728 quamvis
1497 2647 1676 2710 sacerdotes
1697 2654 1729 2708 et
1749 2646 1858 2708 clerici
1873 2665 1973 2708 saeeu-

1225 2745 1318 2821 lares,
1328 2745 1368 2806 ad
1378 2745 1474 2806 vitam
1486 2743 1687 2808 claustralem
1697 2745 1776 2806 etad
1787 2744 1974 2823 evangelica

1226 2842 1360 2906 consilia
1375 2861 1438 2905 non
1454 2842 1646 2921 obligentur,
1657 2842 1759 2905 nihilo
1769 2841 1877 2903 miuus
1892 2843 1974 2905 obli-

1225 2951 1341 3022 gantur
1363 2943 1401 3004 ad
1424 2941 1524 3004 multa
1542 2941 1737 3020 generalium
1759 2941 1974 3004 conciliorum

295 3044 412 3096 reum,
430 3057 511 3116 rum,
534 3039 624 3120 juxta
645 3041 731 3121 quod
754 3041 907 3122 scripturn
928 3048 986 3118 est,
1013 3039 1172 3121 Particops
1190 3039 1323 3122 Catque
1348 3059 1544 3103 summorum
1570 3039 1772 3116 Pontificum,
1791 3040 1974 3122 provincia-

1228 3139 1307 3201 lium
1322 3139 1417 3201 etiam
1434 3140 1626 3221 synodorum
1641 3157 1779 3202 canones
1794 3147 1827 3201 et
1842 3146 1972 3213 statuta,

1227 3257 1265 3300 ex
1280 3238 1398 3320 quibus
1413 3237 1655 3317 adstringuntur
1670 3237 1709 3299 ad
1720 3237 1817 3299 vitam
1830 3255 1894 3299 non
1906 3256 1976 3299 mo

1229 3337 1299 3398 dice
1314 3337 1489 3399 virtuosam
1505 3343 1537 3398 et
1551 3336 1726 3417 plurimum
1742 3335 1972 3417 exemplarem:

1227 3455 1297 3516 quaa
1322 3435 1455 3517 implore
1480 3453 1543 3497 non
1568 3442 1728 3515 poterunt,
1755 3434 1816 3495 uisi
1842 3452 1973 3496 omnem

1227 3534 1386 3597 carnalem
1411 3542 1443 3595 et
1468 3532 1683 3596 inordinatum
1714 3530 1868 3594 allectum
1893 3531 1975 3610 abji-

1226 3633 1323 3708 ciant,
1341 3632 1542 3714 potissimum
1559 3629 1758 3706 allectioueS,
1776 3629 1854 3691 vitia
1866 3630 1973 3692 carnis

1227 3740 1259 3792 et
1273 3730 1528 3810 avaritiamque
1543 3737 1592 3790 est
1607 3727 1742 3815 servitus
1758 3727 1972 3803 idolorum,ut
1997 3750 2102 3792 cnm.

1227 3849 1264 3891 ex
1287 3829 1444 3891 sententia
1465 3827 1570 3889 dicere
1592 3826 1681 3906 digni
1704 3826 1793 3887 sint:
1817 3825 1973 3888 Dominus
1987 3817 2098 3919 &pm

1227 3947 1300 4009 pars
1322 3926 1505 3988 hereditatis
1530 3943 1608 3988 meaa
1628 3932 1660 3986 et
1679 3924 1788 3986 calicis
1819 3923 1894 3986 mei.
1911 3927 1973 3985 Po

1227 4036 1304 4086 neret
1321 4027 1502 4101 tbymiama
1516 4026 1552 4083 in
1568 4027 1681 4103 furore
1698 4033 1764 4092 tuo,
1780 4022 1886 4097 idest,
1904 4041 1973 4084 ora·

1229 4124 1350 4186 tionum
1367 4141 1495 4184 suarum
1510 4121 1671 4185 oblatione
1693 4129 1724 4183 et
1741 4129 1971 4203 praeceptorum

428 4233 457 4283 et
470 4223 633 4300 judicasti
654 4225 697 4282 ad
718 4243 818 4302 uqtras
842 4224 1124 4294 t'ontrodietionia,
1141 4222 1172 4284 id
1189 4221 1405 4305 Dexpletione
1420 4220 1592 4302 placabunt
1607 4227 1647 4294 te,
1665 4219 1804 4293 Domine,
1822 4219 1899 4300 quia
1914 4238 1972 4301 pro

429 4329 487 4397 est,
506 4320 642 4384 llumina
663 4321 890 4383 adversitatum
912 4329 943 4383 et
959 4321 1094 4403 impetus
1119 4321 1173 4384 bo

430 4419 526 4481 stium
550 4419 834 4482 contradicentium
860 4427 922 4482 tuae
947 4419 1053 4495 saluti,
1081 4419 1174 4481 susti-

431 4518 535 4581 nendo
555 4525 701 4600 expertus
722 4535 755 4579 es
781 4526 811 4580 et
836 4516 1012 4596 cognovisti
1035 4536 1093 4598 pro
1110 4537 1174 4581 oer-

432 4625 472 4694 to,
499 4636 594 4698 quarn
620 4615 784 4678 caritative
809 4625 840 4678 et
870 4615 921 4697 pic
947 4615 1004 4677 tibi
1035 4615 1175 4678 adiuerit

286 4725 415 4778 iconias.
432 4715 594 4791 cominus,
611 4713 665 4796 qui
691 4731 754 4775 non
780 4713 925 4795 permisit
946 4721 977 4776 to
992 4715 1075 4776 ultra
1091 4715 1175 4777 vires

431 4814 556 4891 tentari,
575 4813 639 4875 imo
656 4811 733 4874 lecit
755 4831 828 4874 cum
852 4812 1025 4876 tentatione
1041 4831 1175 4895 proven-

430 4921 510 4975 tum.
532 4915 596 4982 Qut
619 4913 708 4972 dimit
725 4914 819 4988 patri
839 4931 895 4971 sno
919 4922 948 4972 et
974 4913 1073 4972 rrtutrt'
1096 4933 1175 4980 actm,

431 5012 543 5074 Nescio
570 5031 642 5081 vom·
665 5020 695 5071 ot
716 5011 876 5089 fratribus
899 5011 979 5078 suis,
996 5012 1113 5086 ignoro
1139 5011 1177 5068 it-

433 5115 498 5182 los,·
516 5119 546 5170 et
565 5111 747 5169 nescierunt
768 5111 855 5186 filios
876 5127 962 5176 socos,
983 5106 1014 5168 id
1037 5115 1095 5182 est,
1120 5107 1176 5187 qui

432 5227 557 5272 omnem
568 5206 726 5269 carnalem
739 5224 878 5268 amorem
891 5212 1057 5287 parentum
1066 5214 1098 5268 et
1108 5224 1178 5286 pro-

433 5308 472 5370 lis
488 5327 524 5370 ac
546 5313 751 5386 cognatorum
775 5303 902 5386 penitus
922 5303 1107 5384 abjecerunt
1123 5291 1177 5366 Ilei

1228 4320 1347 4404 populo
1361 4318 1479 4400 jugiter
1494 4326 1596 4393 orant,
1613 4317 1766 4398 psallunt,
1789 4315 1971 4380 sacriIicant

1229 4428 1261 4483 et
1275 4418 1430 4493 laborant,
1449 4416 1530 4478 sicut
1544 4416 1590 4477 ait
1603 4415 1772 4497 Apostolus
1790 4433 1797 4476 :
1814 4415 1877 4497 lpsi
1902 4434 1973 4496 per·
1998 4443 2100 4485 uelem.

1229 4517 1363 4598 vigilant
1378 4523 1528 4595 tanquam
1545 4514 1698 4577 rationem
1723 4531 1780 4597 pro
1804 4513 1972 4576 animabus
1987 4509 2019 4548 ¹⁷·

1230 4616 1344 4680 vestris
1360 4614 1533 4686 reddituri;
1549 4624 1578 4674 et
1591 4617 1809 4673 holocausta-m
1823 4633 1920 4691 super
1929 4617 1973 4672 ol-

1232 4727 1299 4777 nzre
1315 4724 1421 4781 tuum,
1436 4711 1588 4793 quoniam
1603 4729 1719 4792 corpus
1738 4718 1769 4772 εῖ
1784 4711 1970 4791 sanguinem

1232 4812 1403 4876 Salvatoris
1418 4818 1616 4885 consecrant,
1635 4815 1765 4870 sumunt
1779 4817 1810 4870 ct
1830 4808 1973 4871 olleruut

1232 4930 1327 4992 super
1351 4909 1460 4985 altare,
1478 4907 1533 4970 ubi
1555 4916 1587 4969 et
1601 4913 1751 4982 mactant,
1769 4905 1973 4987 olloruntque

1232 5030 1266 5072 se
1287 5009 1372 5089 ipsos
1391 5006 1504 5086 grandi
1527 5005 1773 5088 compunctione
1793 5024 1830 5067 ac
1853 5005 1973 5083 integra

1233 5105 1412 5170 devotione.
1437 5106 1587 5175 Benedia,
1611 5107 1758 5175 Domina,
1782 5104 1974 5180 fortitudini

1233 5208 1315 5283 ejus,
1325 5205 1357 5265 id
1368 5213 1427 5280 est,
1440 5203 1606 5285 spirituale
1618 5201 1714 5264 robur
1729 5201 1806 5264 cleri
1817 5200 1971 5264 conforta.

1234 5307 1370 5366 Percote
1379 5305 1474 5362 dorso
1488 5303 1695 5362 r'nr'mr'corum
1704 5301 1773 5375 ejus
1783 5321 1794 5359 .·
1804 5299 1973 5362 enormiter
