4309 6259
797 498 983 544 teutranno
1003 499 1034 543 ΙΝ
1056 500 1124 545 GAP.
1147 498 1201 545 xxi
1221 500 1417 547 ttttttssuontttt.
1439 518 1480 529 -
1500 499 1571 544 aur.
1594 499 1677 545 XXXV

979 912 1305 998 ARTICULUS
1343 913 1500 997 XXXV

653 1184 808 1231 ssxrostrto
831 1184 1005 1230 bl'l'iEssAblS
1028 1184 1166 1229 cartrutt
1188 1183 1317 1229 VlGESIHl
1339 1183 1422 1229 ruint
1446 1184 1452 1227 :
1476 1183 1555 1237 QUOD
1575 1183 1656 1237 Quutt
1678 1183 1826 1228 auutsser

994 1282 1184 1326 tenuamus
1205 1281 1264 1325 REX
1286 1282 1381 1341 Alibi),
1406 1282 1470 1327 Ero.

528 1560 736 1624 ROCESSUS
751 1560 894 1622 filiorum
911 1559 1016 1633 lsrael,
1029 1567 1060 1620 et
1075 1566 1208 1621 eventus
1224 1555 1249 1618 Α
1303 1561 1346 1619 At
1361 1562 1464 1621 Israel
1479 1571 1548 1621 voto
1562 1581 1594 1621 sc
1608 1563 1747 1621 Domino
1763 1564 1919 1638 obliyans,
1929 1566 1977 1623 ait
1991 1584 2002 1622 .·

536 1678 679 1721 coruma
699 1666 806 1721 monte
820 1658 883 1720 Hor
903 1675 1003 1737 usque
1024 1657 1062 1718 ad
1083 1673 1209 1737 campe
1263 1658 1303 1717 Si
1325 1660 1501 1718 tradideris
1516 1662 1675 1736 poputum
1697 1661 1796 1719 istum
1816 1659 2002 1722 Chananeo

463 1756 541 1819 stria
556 1756 643 1819 Moab
659 1776 715 1839 per
731 1757 871 1819 diversas
888 1755 1069 1817 mansiones
1086 1754 1206 1830 etuias,
1263 1772 1333 1815 rum
1355 1756 1392 1815 in
1408 1776 1509 1816 mano
1529 1777 1599 1816 mea
1619 1756 1657 1818 ad
1673 1755 1896 1835 occidendum,
1910 1776 2001 1839 quem

463 1856 603 1936 capitulo
627 1855 688 1918 isto
710 1853 911 1916 describitur.
930 1856 1020 1921 Quod
1035 1874 1137 1931 qoam
1153 1874 1208 1911 an·
1263 1852 1384 1914 viribus
1399 1852 1479 1914 meis
1501 1872 1624 1935 nequeo
1645 1873 1815 1936 superarc;
1831 1859 1934 1915 delebo
1949 1878 2002 1916 cr-

462 1956 558 2013 disset
581 1957 782 2015 (iliauouceus
804 1974 862 2012 rer
882 1956 986 2021 Arari,
1002 1954 1061 2030 qni
1083 1953 1208 2011 bobilo·
1262 1952 1311 2009 bes
1334 1952 1415 2027 rjus,
1443 1952 1596 2034 populum
1620 1953 1806 2030 occidendo,
1832 1962 1864 2015 ct
1887 1954 2000 2035 oppida

463 2054 515 2113 batt
540 2056 584 2113 ad
606 2054 787 2123 meridient,
813 2054 935 2111 troisse
958 2053 1078 2111 scilieet
1102 2053 1206 2111 Israel
1262 2048 1474 2112 demoliendo.
1498 2050 1598 2123 Quum
1622 2059 1730 2114 votum
1753 2051 1795 2113 sit
1818 2052 1942 2134 proprie
1962 2052 2000 2114 de

458 2170 518 2228 per
537 2156 778 2228 emplorcttoruut
799 2152 898 2220 uictu,
915 2150 1075 2226 palpitavit
1094 2158 1206 2208 contra
1261 2144 1346 2209 bono
1361 2147 1487 2229 majori,
1499 2149 1658 2228 quomodo
1674 2148 1758 2211 istud
1775 2150 1879 2230 potuit
1894 2151 2001 2213 cadere

325 2267 447 2319 omnu-
462 2250 570 2309 ittam.
582 2249 615 2310 ln
631 2248 743 2311 Genesi
762 2248 887 2329 legitur,
900 2248 986 2328 quod
1002 2246 1151 2309 Chanaan
1169 2245 1207 2307 ii·
1261 2243 1321 2306 sub
1340 2253 1414 2307 voto
1428 2249 1440 2306 l
1456 2245 1494 2306 Et
1515 2246 1784 2328 respondendum,
1800 2249 1887 2329 quod
1909 2248 2003 2310 idolo

316 2332 349 2373 ¹⁸·
464 2346 525 2408 lius
540 2346 637 2409 Cham
654 2345 716 2408 iilii
732 2346 802 2422 Noe,
816 2346 927 2408 babuit
941 2345 1091 2408 undecim
1107 2344 1204 2421 iiiios,
1261 2342 1349 2405 latrat
1371 2342 1423 2405 isti
1446 2352 1537 2405 erant
1559 2353 1623 2405 tam
1643 2343 1799 2420 scelerati,
1817 2347 1901 2426 quod
1920 2346 1999 2409 Deus

462 2445 616 2526 aquibus
638 2444 836 2508 disseminati
857 2454 931 2505 sunt
953 2444 1065 2527 popuii
1086 2444 1206 2506 Cbana-
1261 2440 1363 2503 voluit
1377 2460 1432 2503 eos
1451 2442 1553 2505 occidi
1574 2443 1615 2504 ab
1631 2442 1801 2505 israelitica
1823 2444 1926 2525 plebe,
1942 2444 2002 2507 sic-

463 2561 614 2620 uteorum,
632 2550 665 2605 et
681 2543 763 2605 inter
779 2542 927 2604 undecim
949 2541 1035 2605 filios
1055 2542 1204 2604 Chanaan
1260 2557 1324 2619 quc
1353 2538 1480 2602 illorum
1505 2540 1624 2603 occisio
1649 2538 1712 2602 fuit
1739 2548 1829 2603 actus
1858 2542 1997 2623 justitia.

463 2660 545 2703 unus
560 2650 690 2705 vocatus
706 2650 753 2703 est
767 2641 912 2703 AradiuS.
924 2640 1042 2704 Idcirco
1058 2660 1114 2723 pcr
1129 2640 1205 2703 Cha·
1261 2639 1397 2697 tractati
1401 2640 1507 2716 nilque
1517 2641 1676 2700 Dominus
1686 2659 1794 2718 preces
1804 2644 1999 2703 Israel.·nam

463 2758 608 2803 nanaeum
639 2758 745 2819 regem
772 2739 869 2817 Arad,
897 2739 1089 2818 intelligitur
1120 2758 1205 2801 nunc
1261 2744 1374 2816 praeter
1390 2744 1498 2799 votum
1514 2736 1594 2799 illud
1611 2735 1809 2799 fuderuntet
1825 2739 1999 2821 precesve!

461 2837 671 2901 determinata
694 2855 839 2920 persona,
860 2845 932 2899 nata
954 2856 992 2900 ex
1011 2837 1111 2920 stirpe
1130 2839 1205 2900 Ara·
1224 2841 1246 2903 Β
1262 2842 1368 2897 votum
1381 2834 1461 2896 illud
1473 2834 1534 2896 iuit
1543 2833 1771 2916 aequivalenter
1781 2838 1932 2911 orati03et
1943 2849 2003 2899 tra-

462 2936 517 3013 dii,
535 2956 606 3018 quae
622 2936 766 3018 regnavit
782 2936 815 2999 in
833 2944 914 2998 terra
931 2945 962 2997 ct
978 2955 1076 3017 regno
1092 2937 1174 2999 Arad
1195 2955 1202 3000 τ
1259 2934 1347 2991 didit
1358 2935 1589 3005 Chananaeum,
1605 2934 1664 2997 hoe
1679 2943 1727 2997 est
1742 2935 1897 3016 populum
1913 2935 2000 2997 illum

461 3052 531 3115 quae
547 3035 635 3118 regio
651 3035 711 3096 sita
727 3033 789 3096 iuit
804 3035 836 3097 in
853 3034 946 3116 plaga
962 3035 1148 3110 meridiana,
1161 3054 1206 3098 re
1261 3028 1422 3108 Aradium,
1440 3030 1588 3093 manibus
1606 3032 1739 3095 Israelis·
1758 3037 1857 3102 Quem
1881 3037 1937 3094 itte
1955 3037 2002 3093 io·

461 3142 571 3215 spectu
588 3143 678 3196 terrie
693 3132 923 3215 promissionis
936 3132 1031 3195 Porro
1047 3152 1104 3216 per
1117 3134 1201 3196 viam
1261 3130 1396 3205 terserit,
1418 3132 1576 3190 subversis
1590 3132 1722 3191 urbibus
1736 3131 1819 3208 ejus,
1833 3143 1863 3192 et
1879 3136 2001 3194 uocauit

460 3231 843 3313 exploratorum,intelligi
860 3240 961 3313 potest
972 3232 1023 3294 via
1038 3252 1203 3314 perquam
1259 3229 1352 3287 illius
1369 3230 1429 3287 loci
1448 3249 1575 3299 nomen,
1597 3232 1732 3301 Horma,
1755 3232 1855 3291 idest
1874 3235 2002 3292 ancile

461 3330 521 3392 iter
544 3338 676 3411 egerunt
698 3330 913 3411 exploratores
935 3331 1024 3393 missi
1047 3351 1065 3393 a
1087 3332 1201 3413 Moyse.
1259 3344 1433 3405 ma.·quam
1444 3325 1739 3407 interpretationem
1749 3328 2001 3410 adjunxittrans-

460 3428 528 3490 Non
551 3427 636 3489 cuim
661 3425 722 3489 titii
742 3426 835 3489 lsrael
857 3426 974 3508 ubique
998 3436 1053 3490 aut
1078 3447 1204 3511 semper
1259 3423 1351 3486 lator.
1375 3423 1435 3487 Sed
1456 3424 1556 3504 quaeri
1579 3433 1693 3506 potest,
1719 3426 1758 3488 de
1779 3445 1844 3507 quo
1868 3427 1937 3491 loeo
1959 3428 1999 3489 sit

459 3526 661 3589 declinarunt
679 3546 698 3588 a
715 3532 799 3587 recto
820 3524 934 3588 itinere
952 3546 958 3589 :
977 3525 1048 3589 ideo
1064 3527 1202 3608 objectio
1258 3521 1342 3584 istud
1369 3522 1612 3603 intelligendum
1630 3544 1637 3587 :
1655 3543 1696 3586 an
1721 3525 1761 3587 de
1787 3533 1851 3588 tota
1877 3526 1932 3589 illa
1956 3546 1999 3589 re

459 3624 623 3704 cujusdam
641 3633 750 3686 contra
765 3624 995 3705 expositionem
1012 3624 1117 3702 istam,
1136 3645 1200 3688 non
1257 3621 1362 3702 gione,
1380 3639 1420 3681 an
1443 3620 1550 3683 forsan
1566 3621 1605 3683 de
1626 3622 1713 3703 regia
1727 3624 1797 3704 eJus
1817 3625 1995 3707 metropoli,

460 3722 620 3804 prevalet.
638 3722 706 3799 Vel,
725 3722 776 3784 via
794 3722 1040 3804 exploratorum,
1064 3724 1125 3785 luit
1144 3725 1202 3788 ali·
1257 3737 1313 3781 seu
1338 3719 1400 3781 alio
1420 3718 1533 3799 quovis
1558 3718 1639 3782 loco.
1665 3720 1811 3801 Magister
1835 3730 1940 3784 autem
1964 3723 1997 3784 in

459 3840 520 3902 qua
541 3821 592 3885 via
610 3821 800 3901 generaliter
822 3820 867 3882 sic
887 3830 1008 3898 vocata,
1026 3841 1063 3884 cr
1083 3831 1200 3885 everrtu
1256 3817 1401 3880 historiis
1420 3816 1533 3887 scribit
1551 3834 1558 3878 :
1575 3817 1667 3880 Forte
1683 3818 1742 3881 istc
1761 3828 1810 3882 est
1825 3819 1925 3899 locus,
1943 3822 1997 3902 qui

459 3938 672 4000 quocumque,
690 3919 766 4001 quia
781 3938 838 4001 per
854 3919 938 3980 viam
956 3920 1042 3982 illam
1060 3922 1201 4003 explora·
1256 3934 1352 3996 supra
1375 3934 1431 3997 per
1448 3915 1710 3997 anticipationem
1731 3916 1835 3980 dictus
1856 3928 1906 3981 est
1925 3920 1998 3983 llor-

458 4020 503 4082 tio
518 4019 690 4100 aliquando
705 4018 818 4081 nocive
833 4026 865 4079 et
884 4018 998 4082 callide
1019 4018 1104 4083 facta
1127 4019 1198 4099 iuit,
1216 4022 1238 4085 C
1255 4032 1318 4074 1¹¹³·
1340 4012 1499 4095 Scriptum
1518 4022 1566 4075 est
1585 4014 1672 4076 (1111111
1692 4034 1787 4096 supra
1805 4033 1811 4077 :
1829 4016 1998 4080 Descendit
2025 4030 2114 4073 nm.

458 4126 513 4180 aut
528 4116 601 4180 lieri
621 4116 916 4197 consuevitttliqui
933 4136 1008 4181 vero
1023 4128 1138 4200 putant
1152 4138 1202 4182 ex·
1255 4111 1443 4174 Amalessiles
1467 4120 1499 4175 θῑ
1522 4111 1728 4190 (311111111ῡῶΠῆ
1756 4123 1788 4175 el
1812 4125 1998 4196 persecutus
2010 4097 2040 4135 ἦ

458 4216 633 4298 ploratores
649 4214 701 4277 bic
716 4214 873 4277 nominari
890 4234 955 4293 eos,
972 4216 1028 4297 qui
1045 4218 1199 4298 populum
1256 4218 1304 4271 est
1322 4229 1377 4273 sos
1399 4229 1500 4291 usque
1525 4211 1649 4273 Horma·
1676 4210 1794 4274 Rursus
1813 4213 1847 4274 in
1873 4212 1998 4277 Schola-

457 4314 551 4377 lsracl
576 4321 805 4396 praecesserunt
829 4314 868 4375 ad
893 4314 1126 4395 providendum
1151 4337 1202 4380 ca.
1255 4308 1335 4370 stica
1358 4308 1491 4371 historia
1518 4308 1619 4371 fertur
1645 4327 1652 4371 :
1679 4310 1856 4373 Anatbema
1882 4312 1998 4375 dicitur

457 4420 594 4475 strorum
617 4411 732 4473 locum.
750 4410 905 4491 Pugnavit
919 4422 1029 4475 contra
1052 4413 1155 4491 illum,
1171 4427 1201 4477 et
1254 4407 1295 4470 ab
1310 4406 1462 4478 ἀναθεῖναι,
1480 4407 1542 4471 boc
1556 4416 1602 4470 est
1618 4428 1745 4497 sursum
1765 4428 1895 4491 ponere,
1912 4413 1997 4493 quod

457 4513 558 4572 victor
572 4512 737 4579 assistens,
752 4512 850 4569 <teuit
870 4531 908 4569 esc
925 4513 1200 4589 camarlancus
1254 4513 1303 4568 est
1317 4506 1476 4583 devotare,
1494 4524 1550 4568 scu
1567 4515 1641 4569 voto
1654 4526 1796 4570 seorsum
1813 4508 1930 4572 abusu
1947 4531 2000 4573 no

457 4610 539 4673 Deus
554 4608 700 4690 permisit
715 4608 869 4689 populum
887 4608 977 4670 illum
995 4610 1079 4673 vinci
1096 4612 1201 4673 acha.
1255 4613 1320 4667 stro
1342 4623 1500 4685 separare,
1524 4606 1600 4667 dum
1621 4606 1743 4669 scilicet
1767 4625 1817 4668 res
1839 4617 1924 4685 vota,
1943 4630 1998 4672 seu

458 4708 577 4771 nanaeis
599 4705 769 4789 praeiatisl
791 4715 823 4768 et
845 4705 900 4767 ubi
923 4716 999 4770 tunc
1016 4707 1077 4769 tuit
1098 4710 1200 4773 oratio
1255 4701 1949 4785 111011ῑὲ11111611111ῑὸ,1101161111”115111811111
1966 4709 1998 4769 in

456 4803 591 4886 Moysis?
606 4804 672 4866 Dici
689 4811 804 4885 potest,
825 4803 910 4883 quod
927 4813 1056 4885 propter
1072 4814 1200 4886 peccata
1255 4801 1394 4882 templis.
1416 4801 1495 4863 Hinc
1515 4801 1569 4863 alii
1596 4803 1730 4865 dicunt:
1748 4804 1927 4868 Destructio
1950 4827 1999 4869 ur·

455 4918 512 4961 sua
537 4898 674 4980 populus
696 4897 788 4959 lsrael
816 4899 968 4960 damnum
994 4898 1079 4961 istud
1106 4900 1200 4961 susti·
1254 4897 1303 4961 bis
1318 4899 1433 4962 Horma
1448 4900 1577 4982 proprie
1592 4900 1785 4978 nominatur,
1803 4904 1932 4982 quando
1948 4906 2000 4967 ba·

454 4996 534 5073 nuit,
552 5004 583 5057 et
605 5004 734 5077 propter
755 4996 864 5057 eadem
882 4994 959 5057 vitia
979 5005 1103 5078 poterat
1122 4996 1200 5060 eiic—
1253 4996 1443 5059 bitatoribus
1468 4998 1538 5077 ejus
1560 4998 1691 5074 necatis,
1708 5000 1815 5081 prada
1839 5001 1928 5064 urbis
1952 5004 1998 5065 di-

453 5104 522 5157 ctus
533 5094 685 5157 orationis
695 5094 808 5175 Moysis
820 5094 967 5175 impediri
984 5096 1022 5157 ad
1035 5096 1195 5158 modicum
1255 5095 1329 5158 vino
1344 5095 1444 5158 cultui
1461 5095 1648 5177 applicatur.
1658 5098 1746 5161 Unde
1756 5098 1864 5161 Acban
1880 5100 1998 5164 dicitur

453 5202 579 5275 tempus
596 5211 602 5256 :
621 5192 759 5254 creditur
773 5192 905 5273 quippe,
922 5194 1006 5273 quod
1023 5212 1119 5275 parva
1135 5194 1198 5256 init
1213 5197 1238 5258 l)
1252 5213 1423 5276 usurpasse
1443 5195 1483 5257 de
1504 5196 1705 5259 anathemate
1719 5197 1856 5275 Jeriobo,
1868 5199 1930 5262 boc
1949 5211 1998 5264 est
2008 5218 2108 5265 ratem.

453 5292 509 5354 iila
523 5290 776 5355 adversariorum
791 5290 934 5353 victoria.
1252 5293 1291 5355 de
1315 5292 1427 5374 spoliis
1450 5293 1520 5374 ejus
1544 5293 1607 5356 Deo
1632 5293 1755 5358 dicatis.
1773 5295 1862 5359 Nunc
1889 5306 1997 5362 tamcn
