4309 6259
313 1693 445 1743 Nummus.

345 2878 397 2922 bnt
417 2881 450 2928 2³,

318 2955 336 2986 c.
350 2954 356 2982 r
369 2945 390 2984 et
404 2952 450 2996 sep.

319 3004 374 3049 bist.
386 3007 419 3056 25,
432 3018 451 3048 c.

319 3169 374 3214 Luc.
382 3183 410 3220 tv,
416 3171 450 3214 ΩΒ.

321 4557 451 4661 ¹¹⁷lfattltnv,

823 510 996 557 nunnunrto
1018 509 1049 554 IN
1070 508 1138 554 CAP.
1162 508 1192 552 lll
1213 507 1410 553 nuncnottun.
1433 506 1565 551 -·All'f.
1589 505 1641 550 Vlll

999 917 1325 1004 ARTICULUS
1363 918 1469 1001 VIII

796 1195 982 1241 sPtttlttttttls
1008 1192 1199 1238 Exeunttnvto
1225 1191 1357 1236 tttusoeu
1383 1192 1493 1246 Qunuvt
1520 1191 1667 1237 ceettutt.

463 1476 818 1676 Ouuunuttonuu
833 1497 870 1540 ex
883 1475 1071 1559 precedenti
1083 1495 1120 1537 ac
1132 1461 1245 1556 preb
1262 1473 1292 1534 iu
1309 1491 1513 1554 quocumque
1528 1472 1639 1537 ordine
1654 1491 1742 1535 sacro
1753 1471 1999 1542 constituuntur,

543 1576 625 1640 senti
648 1584 735 1658 patet
756 1575 915 1657 capitulis
933 1574 1049 1636 levite
1071 1572 1207 1654 duplici-

461 1685 509 1738 ter
534 1685 566 1738 et
590 1674 639 1736 bis
665 1674 820 1737 numerati
843 1683 927 1736 sunt.
949 1673 1064 1748 Primo,
1081 1671 1122 1733 ab
1143 1690 1206 1733 uno

461 1794 570 1838 mense
585 1783 616 1836 et
632 1793 747 1856 supra;
765 1774 915 1850 seeundo,
930 1773 969 1835 ab
984 1790 1068 1834 anno
1085 1770 1206 1833 tricesi-

460 1893 513 1938 mo
539 1893 640 1955 usque
669 1873 707 1935 ed
738 1871 1040 1953 quiuquagesimum
1072 1889 1203 1932 annum.

460 1973 624 2036 Littereles
650 1973 763 2035 horum
790 1972 928 2034 renones
955 1971 1092 2032 inducte
1117 1978 1203 2031 sunt.

460 2073 588 2155 Mystiee
613 2092 688 2136 voro
714 2091 770 2153 per
801 2071 936 2154 primam
963 2071 1048 2132 illam
1075 2071 1115 2133 ab
1143 2089 1205 2132 uno

460 2189 569 2233 meuse
584 2176 616 2232 et
631 2189 727 2251 supra
742 2167 1004 2241 numerationem,
1022 2167 1207 2249 prefigura-

461 2276 529 2330 tum
546 2275 703 2342 consetur,
722 2267 806 2347 quod
828 2265 861 2326 lri
879 2265 1080 2347 potissimum
1101 2266 1140 2326 ad
1161 2284 1207 2326 sa·

461 2383 532 2428 cros
554 2373 628 2426 sunt
643 2364 775 2427 Ordines
796 2363 1014 2444 promovendi,
1033 2363 1206 2443 divinoque

462 2463 563 2527 cultui
584 2461 798 2544 mancipandi,
817 2461 860 2522 ita
881 2470 915 2523 ut
934 2461 1014 2523 allos
1034 2461 1207 2543 corripiant

463 2571 494 2624 et
514 2562 680 2644 castigent,
703 2560 848 2624 erudiant
870 2569 901 2622 et
923 2560 1112 2642 gubernent,
1136 2580 1208 2642 pur-

1259 1571 1369 1634 divino
1391 1571 1540 1652 Dionysio
1557 1580 1751 1653 protestante
1770 1591 1807 1633 ac
1831 1577 1998 1639 asserente,

1260 1671 1327 1732 Non
1343 1679 1391 1733 est
1410 1672 1590 1733 audendum
1612 1671 1684 1732 aliis
1706 1670 1777 1733 fieri
1799 1671 1923 1744 ducem,
1941 1670 2002 1731 nisi

1259 1770 1333 1850 quis
1358 1770 1390 1831 in
1417 1771 1502 1832 omni
1530 1769 1648 1834 virtute
1676 1771 1840 1833 deiformis
1868 1769 2002 1833 effectus

1260 1869 1321 1944 sit3
1347 1869 1452 1932 nihilo
1475 1870 1581 1932 minus
1605 1871 1637 1932 in
1662 1872 1720 1933 hac
1743 1869 1940 1952 perfectione
1959 1871 2004 1932 di-

1260 1969 1343 2031 versi
1366 1979 1440 2032 sunt
1462 1972 1589 2051 gradus.
1613 1970 1746 2045 Quidam
1769 1989 1907 2051 namque
1931 1979 2004 2032 sunt

1259 2067 1319 2129 viri
1337 2070 1528 2132 excellenter
1546 2069 1666 2133 heroici
1687 2079 1719 2132 et
1738 2069 1851 2139 divini,
1869 2089 2004 2151 quorum

1262 2167 1371 2231 omnia
1400 2167 1518 2230 mentis
1544 2168 1696 2231 interlora
1721 2168 1754 2230 in
1784 2166 2006 2231 sincerissime

1260 2266 1401 2329 caritatis
1424 2266 1547 2329 viscera
1569 2275 1644 2328 sunt
1667 2285 1831 2342 conversa,
1854 2274 1950 2348 atque
1972 2267 2004 2328 in

1261 2384 1376 2446 purum
1398 2365 1495 2428 totius
1515 2365 1590 2427 boni
1612 2364 1737 2427 honesti
1759 2364 1932 2428 effectum:
1949 2365 2004 2445 qui

1262 2464 1377 2526 summi
1399 2473 1431 2526 et
1453 2464 1585 2526 increati
1608 2472 1640 2526 et
1661 2463 2006 2544 incircumscriptibilis

1262 2562 1338 2626 boni
1361 2571 1470 2625 sancto
1492 2581 1600 2625 amore
1619 2561 1797 2630 assidueet
1812 2562 2006 2644 incompara-

463 2669 548 2740 gont‚
566 2669 762 2737 convertent,
781 2669 812 2722 et
832 2660 1040 2724 reconcilient
1059 2661 1133 2733 Deo,
1151 2660 1207 2742 qui
1225 2654 1370 2724 Bbiliter
1398 2662 1511 2724 ardent
1528 2687 1535 2737 3
1564 2661 1639 2724 boni
1670 2679 1797 2742 quoque
1826 2660 2006 2724 communis

465 2760 499 2822 in
515 2759 697 2823 innocentia
711 2759 892 2841 baptismali
908 2768 1093 2822 manserunt
1106 2778 1113 2822 ι
1126 2759 1208 2822 sicut

465 2860 504 2922 de
529 2860 589 2922 hoc
613 2859 644 2920 in
668 2859 798 2922 llecreto
823 2859 931 2921 multe
953 2857 1156 2920 auctoritates
1178 2867 1209 2920 et

466 2957 708 3022 constitutiones
734 2959 894 3040 leguntur.
919 2957 1008 3021 Tales
1033 2959 1119 3020 enlm
1145 2976 1209 3020 non

466 3057 584 3120 habent
598 3057 684 3138 quod
701 3056 893 3139 increpetur,
907 3076 965 3120 nee
981 3057 1079 3137 objici
1096 3057 1141 3119 cis
1157 3074 1211 3140 po-

467 3165 546 3220 test:
559 3155 687 3233 lledice,
705 3175 780 3218 cure
797 3163 827 3216 te
843 3155 959 3236 ipsum.
973 3155 1208 3231 Verumtamen,

465 3255 541 3337 quia
561 3255 620 3318 hoc
640 3253 750 3336 paucis
771 3273 956 3316 eoncessum
973 3260 1031 3328 est,
1049 3253 1083 3314 hi
1100 3253 1209 3314 saltem

465 3361 711 3436 promoveantur
723 3354 895 3428 dumtaxat,
906 3352 961 3434 qui
979 3353 1010 3413 in
1026 3351 1039 3412 f
1041 3352 1092 3414 ide
1104 3371 1211 3432 super-

464 3452 655 3516 beatissime
676 3460 706 3514 rt
727 3451 1059 3533 incomprehensibilis
1081 3452 1211 3513 adorau-

463 3554 511 3615 de
522 3550 697 3627 Trinitatis,
709 3559 805 3632 atque
822 3570 878 3632 per
894 3570 983 3632 spem
1000 3558 1030 3612 et
1047 3551 1210 3612 caritatem

464 3651 677 3733 impleverunt
696 3649 897 3731 Decalogum,
915 3657 947 3710 et
963 3668 1021 3731 pro
1037 3648 1104 3710 suis
1122 3649 1210 3710 satis-

464 3750 609 3814 fecerunt
634 3748 783 3831 peccatis,
808 3756 840 3812 et
860 3749 965 3824 corde,
983 3766 1037 3810 ore
1057 3766 1093 3810 ac
1114 3765 1209 3828 opere

463 3848 619 3912 stabiliter
635 3855 709 3910 sunt
724 3847 890 3921 conversi;
908 3846 965 3928 qui
980 3846 1044 3926 jam
1063 3847 1095 3908 in
1112 3846 1210 3908 virtu-

1263 2760 1427 2834 desiderio,
1438 2759 1503 2822 imo
1518 2760 1729 2842 preestuanti
1744 2759 1862 2822 effectu
1877 2778 2007 2822 eonver-

1263 2859 1363 2923 sionis
1383 2859 1559 2941 salutisque
1583 2859 1726 2922 omnium
1747 2858 1864 2940 jugiter
1885 2859 2007 2920 inarde

1264 2966 1368 3034 scunt,
1381 2958 1745 3040 cruciantur,suspirant
1753 2957 1804 3019 Isti
1816 2958 1856 3020 ed
1866 2957 2009 3038 mystice

1266 3057 1432 3137 theologie
1453 3056 1604 3132 visiones,
1628 3057 1667 3118 ad
1691 3057 1846 3120 theoricas
1868 3065 2009 3119 contem-

1265 3156 1434 3240 plationes,
1451 3156 1491 3218 ad
1511 3155 1778 3218 considerandum
1798 3154 1931 3236 limpide
1952 3155 2010 3216 rni-

1267 3253 1379 3316 rabilia
1405 3253 1483 3333 legis
1509 3253 1625 3315 divine
1648 3273 1685 3315 ac
1711 3252 1789 3316 fidei
1813 3253 2008 3324 orthodoxe,

1266 3353 1456 3415 excellenter
1486 3351 1632 3433 dispositi
1660 3361 1745 3428 sunt,
1764 3351 1827 3414 imo
1855 3351 2010 3414 facillime

1265 3451 1430 3513 elevantur
1452 3470 1488 3513 ac
1513 3450 1680 3532 rapiuntur
1702 3450 1734 3512 in
1758 3451 1853 3513 Deum
1873 3451 1954 3512 :sed
1978 3459 2010 3512 et

1267 3549 1448 3630 frequenter
1478 3549 1716 3631 preveniuntur
1746 3549 1779 3610 in
1804 3549 1874 3624 hoc,
1900 3558 1932 3611 et
1962 3549 2008 3612 sie

1265 3656 1372 3710 mente
1392 3648 1667 3730 prestringuntur,
1690 3656 1722 3710 et
1741 3646 1827 3710 velut
1847 3647 2009 3729 rapidissi-

1265 3765 1316 3808 mo
1342 3745 1560 3808 coruscamine
1587 3744 1718 3806 luminis
1745 3745 1877 3808 increati
1901 3745 2008 3807 valide

1264 3852 1537 3926 praeoccupantur,
1561 3851 1733 3923 tanguntur
1755 3863 1791 3905 ac
1813 3845 2009 3925 perfundun-

463 3948 548 4010 tibus
565 3945 738 4022 exercitati,
757 3945 905 4025 ingratia
922 3944 1071 4021 roborati,
1090 3945 1208 4007 divinis
1225 3946 1247 4008 C
1266 3953 1326 4020 tur,
1344 3952 1379 4005 ut
1393 3943 1487 4006 etiam
1505 3944 1531 4004 si
1550 3943 1652 4005 velint
1668 3940 1762 4004 reniti
1777 3951 1832 4004 aut
1848 3942 2005 4019 resistere,

462 4046 707 4110 charismatibus
723 4047 801 4108 adeo
817 4054 892 4107 sunt
906 4045 1031 4127 repleti,
1043 4053 1077 4106 ut
1094 4045 1132 4107 de
1144 4044 1210 4125 ple-

466 4145 611 4207 nitudine
641 4164 697 4205 sua
722 4144 793 4205 aliis
819 4152 937 4224 queant
961 4144 1207 4213 communicare,

465 4243 614 4318 influere,
633 4251 664 4305 et
685 4242 746 4304 sibi
766 4241 953 4305 commissos
974 4261 1122 4323 purgare,
1140 4242 1210 4303 illu-

465 4343 597 4418 minere‚
612 4340 788 4423 perficere:
805 4341 890 4422 quod
908 4348 1009 4402 tofum
1026 4340 1210 4420 designatur

466 4461 522 4524 per
540 4441 789 4503 numerationem
806 4439 846 4502 ab
861 4458 944 4502 anno
961 4439 1133 4509 tricesimu,
1152 4439 1208 4519 qui

467 4540 627 4624 perfectus
648 4550 695 4604 est
717 4559 867 4602 numerus
886 4557 892 4602 :
912 4539 944 4600 in
965 4558 1028 4619 que
1048 4547 1139 4601 etate
1155 4538 1211 4599 llo

467 4641 572 4702 minus
589 4648 620 4702 et
635 4639 775 4702 Salvator
796 4638 1083 4718 universorumque
1103 4637 1210 4699 condi-

466 4749 522 4816 tor,
533 4739 565 4800 in
580 4747 743 4820 assumpta
757 4736 953 4799 humanitate
969 4754 1058 4798 orsus
1075 4744 1123 4798 est
1134 4755 1210 4817 pre

1264 4051 1435 4124 nequeant.
1445 4042 1481 4103 lli
1492 4060 1567 4122 ergo
1579 4060 1634 4124 per
1650 4060 1807 4102 summem
1823 4049 1855 4103 et
1870 4040 2008 4122 primam

1264 4141 1412 4204 levitice
1427 4139 1536 4222 stirpis
1552 4140 1730 4222 portionem
1741 4148 1774 4203 et
1783 4140 1937 4213 ordinem,
1949 4141 2009 4204 hoe

1264 4247 1312 4302 est
1337 4259 1394 4321 per
1415 4241 1540 4321 Moysen
1562 4249 1594 4302 et
1616 4239 1731 4313 heron,
1754 4238 1887 4320 ejusque
1908 4238 2008 4315 lilios,

1264 4337 1319 4418 qui
1340 4339 1554 4401 adorientem
1576 4337 1673 4398 silum
1694 4337 1865 4413 hebebant,
1882 4337 2012 4416 signan-

1266 4445 1326 4499 tur.
1340 4437 1376 4499 lli
1388 4438 1610 4520 ingrediuntur
1620 4437 1654 4499 in
1670 4437 1885 4500 sanctuarium
1900 4437 1969 4509 Ilei,
1979 4447 2009 4499 et

1266 4535 1299 4597 in
1320 4536 1433 4599 Sancta
1455 4545 1635 4600 sanctorum
1659 4554 1666 4598 :
1687 4535 1892 4617 quoniamin
1907 4555 2011 4598 scere

1266 4644 1330 4697 tum
1347 4645 1473 4698 eterne
1484 4635 1652 4718 Sapientiae
1664 4634 1905 4711 transferuntur,
1914 4636 2009 4716 eujus

1265 4734 1421 4797 immenso
1436 4734 1742 4816 circumplectuntur
1757 4734 1936 4815 splendore,
1954 4755 2009 4797 au·

318 4849 448 4898 Gonnum.
464 4839 594 4912 dicare;
625 4836 741 4918 loseph
771 4853 899 4917 quoque
929 4835 1060 4897 evidens
1090 4834 1206 4898 Christi
1263 4831 1419 4912 diuntquc
1433 4833 1544 4895 auditu
1560 4835 1685 4896 interno
1701 4832 1880 4895 ineffabilia
1895 4836 2003 4910 verba,
2031 4858 2120 4900 neom

318 4947 448 5003 irrepet.
463 4936 579 5018 figure,
597 4936 729 5017 AEgyptu
750 4934 897 5016 prelatus
919 4941 976 5010 est,
999 4942 1030 4996 et
1050 4933 1147 4996 David
1169 4934 1208 4995 ls-
1262 4939 1294 4991 et
1315 4949 1351 4992 ea
1373 4951 1444 5011 que
1466 4931 1647 4994 christiane
1669 4940 1744 4994 sunt
1767 4929 1853 5007 fidei,
1871 4933 1910 4994 arl
1931 4955 2006 5016 qrre
2019 4927 2039 4965 ⁴·

318 5051 447 5103 uncum.
463 5035 604 5098 raelilico
619 5034 754 5116 populo;
768 5031 910 5094 Ezechiel
927 5031 1021 5094 etiem
1038 5032 1204 5094 vaticinari
1262 5031 1415 5092 naturalis
1435 5050 1499 5093 nou
1524 5031 1607 5094 velet
1629 5031 1810 5112 pertingere
1832 5033 1921 5109 ratio,
1940 5035 2004 5097 cla-

462 5133 592 5216 incepit.
1220 5130 1387 5192 Drissimo
1413 5139 1509 5212 atque
1538 5130 1716 5193 certissimo
1745 5125 2004 5213 contemplantur

500 5233 662 5306 Preteree,
687 5229 832 5312 quamvis
856 5227 933 5291 tales
960 5228 1134 5291 consistere
1155 5230 1205 5290 de·
1259 5228 1378 5290 intuitu
1398 5246 1405 5290 :
1425 5229 1468 5290 ita
1494 5237 1528 5290 ut
1547 5229 1594 5290 eis
1616 5229 1697 5291 nihil
1721 5237 1784 5291 tam
1806 5238 1924 5292 certum
1947 5234 2001 5306 sit,

460 5331 555 5394 beant
570 5329 711 5392 universi
727 5329 782 5410 qui
799 5327 913 5390 ceteris
930 5325 1162 5408 preficiuntur,
1173 5337 1204 5390 et
1260 5328 1304 5388 nil
1321 5335 1385 5388 tam
1402 5327 1600 5403 rationabile,
1618 5326 1813 5410 profundum
1834 5338 1864 5391 et
1885 5347 2003 5394 eonve-
