4309 6259
589 509 765 557 manuario
787 509 817 556 ut
839 511 908 557 car.
932 512 942 556 1
963 512 1100 558 uevrrrcr.
1125 533 1163 543 -
1185 511 1255 559 nur.
1280 513 1309 559 vr
1663 491 1721 556 tas

59 695 155 745 austu.
170 679 248 758 uati,
262 681 686 763 procuraveruntChristum
703 681 921 745 occiditdulta
936 682 961 743 h
976 702 1032 764 per
1053 701 1172 763 agnum
1196 684 1393 762 anniculum,
1421 691 1550 766 propter
1573 683 1722 746 innoeen-

170 797 299 861 quoque
311 780 512 843 sacerdotum
524 779 627 857 turba,
638 789 709 862 post
719 780 836 843 Christi
854 801 921 863 pas·
976 783 1063 859 tiam,
1079 783 1368 860 mansuetudinem,
1380 791 1584 864 sanctamque
1599 781 1721 865 simpli-

170 878 294 942 sionem
314 887 347 942 et
366 877 474 942 Sancti
493 878 630 961 Spiritus
645 879 831 942 missionem
847 899 921 942 ceu·
974 880 1102 944 citatem
1119 891 1166 944 est
1183 882 1350 962 figuratus¹
1369 883 1410 943 lle
1430 900 1494 963 quo
1516 881 1719 943 beatissimus

169 997 272 1055 versa,
290 978 481 1060 sanguinem
496 977 613 1040 Christi
640 977 811 1040 salubriter
836 999 921 1040 sum·
974 980 1018 1041 ait
1041 981 1178 1042 loannes
1206 999 1212 1041 :
1239 981 1319 1042 Eccc
1342 981 1450 1059 Agnus
1475 980 1530 1042 Dei
1554 980 1610 1060 qui
1635 979 1864 1050 tollitraannsav.

169 1077 243 1158 psit,
257 1085 290 1138 et
305 1077 487 1140 sacerdotes
498 1077 689 1157 evangelicae
701 1078 780 1158 legis
796 1097 869 1140 eum
886 1077 919 1139 in
975 1088 1102 1161 peccata
1117 1079 1239 1141 mundi.
1252 1079 1288 1141 Et
1305 1079 1373 1160 ipse
1389 1099 1444 1161 per
1458 1077 1626 1142 leremiam
1636 1097 1643 1140 :
1654 1079 1718 1159 Ego
1740 1094 1862 1148 termas.

169 1195 225 1238 sua
240 1194 278 1238 ac
294 1174 443 1239 fidelium
459 1196 514 1239 ora
529 1196 586 1258 per
600 1195 713 1260 gyrum
724 1176 833 1238 altaris
849 1176 920 1238 lun·
973 1177 1065 1258 quasi
1081 1197 1182 1258 agnus
1203 1177 1356 1240 innocens
1378 1179 1492 1239 ductus
1515 1197 1585 1239 sum
1605 1177 1645 1239 ad
1661 1177 1719 1239 im-

169 1275 260 1337 dunt.
285 1278 378 1344 Quod
397 1287 442 1337 est
463 1287 537 1337 ante
560 1278 679 1337 ostiam
705 1278 916 1337 tabernaculi.
973 1276 1169 1339 molendum.
1193 1277 1276 1339 ldem
1300 1276 1446 1358 ipseper
1468 1276 1593 1338 hircum
1618 1277 1720 1359 expri-

168 1373 274 1436 Petest
303 1393 361 1456 per
391 1373 632 1437 tabernaculum
661 1373 757 1450 istud,
790 1374 919 1437 coelcste
973 1375 1071 1437 mitur
1096 1383 1226 1457 prepter
1251 1375 1494 1438 similitudinem
1519 1375 1623 1438 carnis
1649 1395 1719 1458 pec-

169 1472 326 1556 palatium
348 1493 405 1536 seu
424 1473 626 1554 triumphans
642 1473 781 1536 Ecclesia
803 1472 916 1554 accipi,
973 1474 1046 1551 cati,
1065 1474 1129 1536 imo
1150 1483 1182 1536 et
1206 1483 1335 1556 prepter
1359 1474 1534 1555 agilitatem
1556 1475 1637 1537 hirci
1662 1494 1718 1538 seu

169 1580 243 1635 aute
258 1573 347 1654 quod
367 1582 415 1635 est
434 1572 532 1634 altare
554 1571 723 1634 militantis
743 1572 915 1635 Ecclesia:
973 1593 1086 1655 capras,
1108 1575 1197 1655 juxta
1218 1573 1298 1636 illud
1323 1573 1356 1635 in
1376 1573 1539 1638 Cantieis:
1561 1573 1657 1656 Euge,
1675 1574 1721 1636 di·
1749 1589 1867 1638 aenaea,

170 1670 247 1751 quia
272 1671 330 1752 qui
354 1689 431 1734 vere
456 1668 570 1732 fideles
596 1678 682 1747 sunt,
709 1670 918 1752 triumphanti
974 1673 1054 1735 lcete
1069 1673 1125 1749 mi,
1144 1673 1258 1734 similis
1281 1681 1348 1736 esto
1369 1692 1500 1755 capreae,
1518 1673 1718 1754 hinnuloque
1736 1654 1769 1695 Η·

172 1777 247 1831 sunt
262 1769 414 1832 Ecclesia
428 1767 578 1851 proximi,
594 1768 659 1830 imo
672 1769 739 1850 jam
755 1788 920 1833 conversa·
973 1790 1151 1835 cervorum.
1184 1773 1316 1854 lnsuper
1345 1773 1528 1852 designatur
1558 1791 1615 1855 per
1644 1792 1718 1836 aves

171 1867 293 1931 tionem
309 1866 429 1931 habent
445 1867 478 1929 in
493 1867 601 1942 eoelis3
620 1876 720 1929 status
740 1886 868 1950 queque
889 1876 919 1930 et
937 1869 1130 1934 Bturturcm
1146 1879 1176 1933 et
1198 1871 1389 1949 columbam,
1408 1880 1537 1954 propter
1557 1891 1622 1935 suae
1645 1891 1720 1936 con-

172 1967 278 2028 cultus
299 1967 491 2046 evangelicae
516 1965 607 2047 legis,
624 1967 804 2029 evidentem
825 1967 921 2028 habet
974 1968 1189 2050 templationis
1224 1969 1467 2047 sublimitatem,
1503 1971 1719 2034 omnimodam

174 2065 348 2146 imaginem
358 2065 508 2128 Ecclesiae
519 2065 757 2147 triumphantis,
767 2067 860 2146 eujus
871 2066 920 2127 lex
974 2067 1163 2144 castitatem,
1180 2067 1341 2131 salubrem
1367 2068 1539 2146 tristitiam,
1555 2069 1718 2151 planetum

175 2165 321 2227 umbram
338 2164 479 2244 gerebat,
495 2165 585 2245 juxta
600 2164 679 2226 illud
696 2164 736 2227 ad
751 2164 918 2227 llebraeos:
975 2175 1007 2230 et
1021 2167 1186 2246 gemitum.

48 2275 159 2328 uerear.
174 2262 326 2326 Umbram
342 2263 464 2326 habens
481 2263 531 2326 lex
551 2263 730 2327 futurorum
751 2262 920 2339 bonorum,
1015 2265 1168 2328 Praeterea
1183 2275 1286 2348 potest
1302 2267 1368 2330 haee
1384 2267 1488 2330 littera
1508 2267 1587 2329 alios
1607 2282 1718 2349 parere
1757 2275 1865 2330 ttiisriri·

175 2382 239 2426 non
255 2363 359 2446 ipsam
375 2362 547 2444 imaginem
568 2382 685 2425 rerum.
976 2384 1100 2440 seusus,
1118 2365 1194 2446 quia
1214 2366 1385 2449 multiplici
1406 2366 1521 2447 tegitur
1541 2366 1715 2429 intellectu.
1731 2341 1799 2447 {ff
1820 2353 1866 2383 ⁸⁰²*

214 2467 427 2542 Detractupue
438 2465 652 2539 pettebustioe,
664 2464 801 2523 artasia
813 2463 923 2539 frusta
975 2462 1105 2544 Propter
1120 2465 1206 2544 quod
1216 2463 1366 2545 Origenes
1381 2464 1540 2528 subtiliter
1555 2465 1618 2528 ait:
1632 2465 1719 2528 Sicut

176 2563 353 2622 macideat.
371 2560 429 2623 Per
444 2560 538 2642 pellis
558 2560 798 2637 detractionem,
819 2558 924 2642 praeli-
978 2561 1010 2622 in
1028 2562 1209 2624 novissimis
1225 2563 1338 2626 dicbus
1349 2564 1487 2627 Verbum
1504 2564 1559 2626 Dei
1574 2583 1612 2626 ex
1626 2563 1721 2627 llaria

176 2667 288 2738 gurata
302 2658 432 2723 videtur
448 2657 623 2739 flagellatio
639 2658 844 2721 sacratissimi
859 2677 925 2720 cor·
978 2660 1103 2741 virgine
1127 2680 1222 2724 carne
1238 2662 1387 2725 vestitum
1408 2662 1563 2745 processit
1583 2663 1616 2725 iu
1636 2664 1722 2727 hunc
1808 2709 1812 2716 ,

177 2758 263 2840 poris
288 2756 405 2822 Christi
432 2777 532 2840 usque
562 2758 602 2819 ad
632 2757 845 2820 miserandam
874 2756 923 2841 sui
979 2760 1146 2836 mundum,
1164 2769 1194 2823 et
1209 2761 1297 2823 aliud
1312 2769 1379 2824 erat
1394 2763 1478 2843 quod
1502 2762 1669 2826 videbatur
1689 2762 1722 2824 in

177 2856 438 2921 dilacerationem
452 2882 459 2933 ;
476 2875 533 2938 per
549 2855 765 2919 membrorum
781 2875 855 2920 vero
870 2857 926 2919 he
980 2877 1028 2935 co,
1041 2858 1129 2920 aliud
1145 2861 1230 2939 quod
1247 2859 1503 2938 intelligebatur:
1518 2860 1622 2923 carnis
1638 2879 1736 2922 nam-·

178 2955 245 3018 stiae
270 2955 465 3020 divisionem
490 2955 522 3017 iu
550 2955 662 3031 frusta,
690 2955 867 3019 vulneratio
889 2975 926 3018 ac
980 2977 1043 3037 quc
1058 2957 1227 3041 adspectus
1243 2958 1276 3019 iu
1293 2978 1329 3021 co
1350 2958 1499 3022 omuibus
1520 2959 1632 3041 patuit,
1650 2978 1725 3040 pau-

178 3054 344 3136 dissipatio
359 3054 458 3118 totius
474 3074 539 3116 suas
554 3053 733 3116 tenerrima
748 3054 863 3130 carnis,
881 3074 926 3116 se·
941 3058 964 3121 C
981 3055 1026 3117 cis
1052 3076 1127 3118 vcro
1152 3064 1183 3120 et
1207 3057 1317 3120 electis
1342 3059 1477 3121 dabatur
1506 3057 1631 3120 deitatis
1659 3075 1723 3119 suaa

52 3155 321 3218 tun1,e.cuudum
348 3153 429 3215 illud
454 3153 487 3214 in
513 3152 595 3214 libro
624 3152 682 3215 lob
710 3172 717 3216 :
744 3153 926 3215 Tenuerunt
979 3153 1174 3233 agniti03ita
1188 3148 1264 3238 dum
1282 3176 1337 3239 per
1347 3156 1518 3239 Prophetas
1533 3165 1587 3218 aut
1599 3154 1723 3236 lloysen

181 3253 337 3316 cervicem
360 3272 475 3329 meam,
494 3251 720 3330 confregerunt
741 3271 803 3329 me,
825 3260 856 3314 et
875 3271 927 3334 po
981 3251 1203 3332 legislatorem,
1223 3254 1354 3318 verbum
1370 3256 1424 3318 Dei
1441 3255 1602 3337 prolertur
1616 3254 1656 3316 ad
1671 3253 1725 3314 ho·

181 3361 313 3416 suerunt
332 3371 385 3414 me
409 3350 471 3413 sibi
493 3350 585 3432 quasi
608 3350 642 3412 in
668 3350 793 3430 signum
807 3375 815 3426 3
831 3360 926 3432 atque
980 3353 1094 3428 mines,
1113 3371 1177 3415 non
1203 3353 1324 3434 absque
1345 3353 1599 3435 competentibus
1625 3351 1726 3434 expri-

54 3451 213 3518 merem
234 3451 361 3514 Psalmo
385 3468 392 3512 :
420 3450 508 3512 Sicut
531 3468 615 3531 aqua
639 3448 763 3512 ellusus
788 3467 870 3524 sum,
896 3456 928 3510 et
981 3451 1078 3514 mitur
1104 3451 1311 3515 indumentis.
1337 3453 1414 3514 Nam
1440 3452 1521 3515 sicut
1551 3451 1596 3514 ibi
1621 3451 1725 3514 carnis

182 3551 325 3633 dispersa
351 3557 427 3612 sunt
447 3548 556 3612 omnia
576 3567 648 3612 ossa
668 3567 748 3610 mea.
769 3551 808 3609 Et
827 3549 928 3625 aacbji-
982 3549 1140 3612 velamine
1167 3550 1283 3630 tegitur
1304 3550 1443 3612 Verbum
1465 3550 1530 3626 Dei,
1549 3550 1593 3612 itu
1618 3557 1649 3611 et
1673 3549 1726 3611 hic

182 3653 264 3712 creat
280 3653 317 3711 in
333 3651 437 3711 attari
453 3651 571 3726 r'pnem,
587 3658 675 3709 strue.
691 3650 856 3725 liquorum
872 3668 928 3707 aa·
982 3668 1070 3712 saera
1087 3649 1248 3731 Scriptura
1264 3648 1422 3713 velamine
1443 3648 1566 3725 litterae,
1585 3657 1615 3710 et
1636 3648 1727 3730 spiri-

182 3761 207 3810 te
220 3747 501 3827 corapositalguis
517 3755 564 3809 est
577 3744 684 3809 fervor
698 3744 928 3808 ardentissima
983 3748 1077 3810 tualis
1099 3767 1211 3810 sensus
1234 3755 1416 3827 tegumento
1438 3747 1656 3828 intelligentiae
1678 3746 1728 3808 lit-

181 3847 322 3911 caritatis
338 3846 371 3908 iu
387 3845 492 3922 altari,
507 3844 537 3907 id
554 3851 602 3906 est
617 3845 652 3907 in
666 3843 928 3927 praestantissimo
983 3846 1101 3909 teralis.
1135 3847 1242 3927 ltaque
1272 3855 1385 3928 praeter
1416 3846 1600 3928 prehabito,
1622 3845 1726 3908 adhue

182 3949 273 4009 corde
289 3944 420 4021 Christi,
438 3944 552 4027 inquo
569 3944 637 4026 ipse
652 3944 827 4006 secundum
843 3943 928 4024 quod
982 3945 1174 4028 perlloysen
1191 3945 1380 4026 intelligitur
1395 3945 1564 4026 allegorice
1575 3945 1727 4016 Christus,

182 4045 285 4122 homo,
306 4043 525 4106 indesinenter
547 4042 665 4107 obtulit
679 4041 773 4119 Patri,
792 4042 855 4104 imo
878 4061 930 4104 su·
982 4045 1073 4126 cujus
1100 4051 1208 4126 typum
1225 4043 1342 4126 bloyses
1368 4044 1401 4104 in
1426 4044 1535 4106 multis
1561 4043 1726 4125 expressit.

183 4141 432 4224 perbeatissimus
443 4140 590 4203 Trinitati
606 4140 801 4204 sacrificium
818 4139 928 4218 laudis
982 4141 1252 4215 Quemadmodum
1269 4160 1343 4222 crgo
1358 4143 1453 4225 lloysi
1470 4143 1594 4206 locutus
1611 4149 1658 4205 est
1672 4143 1729 4203 Do

185 4239 671 4324 thymiamaorationis,ettotam
684 4259 771 4301 suam
784 4247 929 4300 naturam
944 4246 969 4308 Ι)
984 4240 1090 4302 minus
1116 4241 1155 4303 ‹lc
1180 4240 1384 4303 tabernaculo
1402 4242 1587 4318 testimonii,
1614 4241 1653 4303 tle
1678 4259 1730 4304 va-

184 4348 390 4422 assumptam.
416 4339 524 4415 Porro,
548 4357 605 4421 per
625 4347 745 4401 struem
771 4338 930 4419 lignorum
984 4340 1032 4402 rio
1054 4340 1118 4401 ritu
1140 4339 1408 4416 holocaustorum,
1427 4341 1472 4403 sic
1488 4341 1570 4402 Deus
1592 4339 1729 4401 Trinitas

185 4439 404 4522 compositam,
421 4437 645 4519 intelliguntur
666 4438 823 4513 homines,
850 4456 930 4518 quos
984 4438 1108 4502 Christo
1133 4438 1256 4500 homini
1281 4438 1321 4501 ab
1348 4438 1574 4501 incarnationis
1601 4438 1730 4501 exordio

186 4537 327 4600 Christus
350 4537 496 4613 redemit,
514 4545 546 4599 et
568 4557 626 4598 sua
650 4537 780 4600 caritate
803 4554 931 4598 succan·
986 4537 1165 4619 inspiravit,
1192 4556 1329 4617 eumque
1355 4557 1411 4618 per
1435 4537 1659 4601 allocutionem
1686 4537 1732 4598 in·

187 4637 240 4715 dit,
258 4637 316 4719 qui
333 4644 365 4700 et
379 4655 437 4719 per
453 4635 616 4698 caritatem
632 4636 714 4698 uniti
735 4643 766 4698 et
788 4634 932 4716 incorpo·
985 4645 1107 4699 ternam
1124 4635 1260 4711 edocuit,
1278 4635 1415 4716 qualiter
1430 4635 1567 4718 populus
1588 4634 1731 4697 christia·

187 4736 243 4798 rati
259 4743 337 4798 sunt
352 4735 394 4798 ei.
987 4755 1047 4797 nus
1072 4733 1281 4815 spiritualiter
1311 4733 1475 4797 immolare
1505 4733 1619 4797 debeat
1643 4733 1731 4796 holo·

232 4839 324 4904 Quod
344 4837 375 4895 si
395 4837 435 4895 de
455 4837 623 4912 pecoribus
646 4836 763 4895 ohtatr'e
785 4843 840 4895 est.
868 4832 934 4896 Sal·
987 4841 1096 4897 causta
1112 4833 1151 4894 de
1166 4839 1351 4894 armentoet
1365 4849 1470 4912 grege,
1480 4832 1539 4894 hoe
1556 4840 1604 4894 est
1614 4831 1729 4908 bobus,

189 4942 275 4998 vator
300 4933 391 4997 omni
412 4932 610 5015 perfectione
632 4933 784 5015 repletus,
808 4932 864 5013 qui
886 4941 935 4995 est
989 4931 1093 5014 capris
1109 4940 1163 4992 aut
1184 4930 1309 4993 ovibus.
1327 4930 1429 5011 Atque
1452 4932 1490 4993 de
1512 4931 1573 4993 hoc
1588 4929 1733 4993 Christus

190 5053 348 5096 summum
363 5040 395 5096 et
411 5031 510 5096 liuale
532 5030 740 5109 sacrificium,
756 5050 813 5114 per
834 5051 934 5092 unum
990 5031 1022 5093 iu
1039 5029 1211 5110 Evangelio
1232 5029 1421 5091 documenta
1436 5028 1601 5111 expressit,
1619 5048 1735 5111 prace-

191 5140 243 5194 aut
257 5151 360 5216 pauca
375 5129 537 5194 sacrificia
552 5129 754 5193 sullicienter
775 5129 936 5209 designari
990 5139 1044 5212 pta
1059 5128 1202 5208 digessit,
1220 5127 1353 5191 consilia
1367 5128 1464 5190 dedit.

191 5249 252 5294 non
267 5229 386 5295 valuit:
397 5229 469 5292 ideo
484 5248 541 5312 per
555 5228 683 5291 diversa
696 5227 856 5290 sacrilieia
868 5228 937 5310 ipse
1031 5229 1130 5290 Homo
1146 5226 1253 5306 itaque
1270 5225 1309 5288 dc
1324 5226 1430 5302 lsrael,
1448 5226 1507 5288 hoc
1523 5233 1572 5288 est
1586 5225 1626 5289 de
1641 5225 1736 5307 plebe

192 5337 222 5393 et
235 5349 292 5393 sua
302 5329 453 5413 mysteria
467 5327 768 5412 praefigurabantur.
779 5327 848 5410 lpse
863 5344 937 5408 crgo
992 5324 1196 5391 christifideli
1213 5324 1312 5388 Deum
1333 5323 1474 5388 fideliter
1493 5323 1734 5407 contemplanti,

313 5463 346 5515 T.
364 5463 389 5515 2.
1583 5459 1613 5510 10
