4309 6259
553 514 727 561 meamne
748 514 779 559 nr
800 513 868 560 ear.
891 514 923 561 rr
942 512 1177 561 ncurnaouonu.
1199 532 1240 544 —
1260 514 1331 561 aar.
1354 516 1374 558 v
1672 496 1733 559 ooo

184 694 305 748 uantur
328 687 368 749 ad
389 686 619 769 operationem.
636 684 742 763 Porro,
759 687 836 748 dum
856 683 932 748 linis
947 684 974 745 A
989 685 1176 749 cedendum.
1190 684 1242 747 Sic
1257 693 1288 747 et
1303 684 1334 747 S.
1346 686 1482 749 loannes
1498 686 1532 749 in
1543 686 1731 769 Apocalypsi

183 794 417 868 praeceptorum
430 786 547 848 dicitur
558 804 638 867 opus
650 803 706 847 seu
716 784 865 867 operatio,
876 804 932 867 per
988 784 1032 849 ait
1050 802 1057 846 :
1076 784 1108 847 Si
1131 784 1204 866 quis
1228 785 1412 867 apposuerit
1435 787 1474 848 ad
1499 786 1577 862 hacc,
1594 793 1733 868 apponet
1754 798 1879 871 tuor-xxo.

183 884 404 965 operationem
436 902 492 947 seu
523 883 694 946 lectionem
724 882 932 963 intelligenda
989 901 1180 966 supereum
1202 884 1284 945 Deus
1305 884 1414 965 plagas
1437 884 1571 965 scriptas
1591 885 1624 945 in
1650 883 1732 947 libro
1748 864 1824 913 Μ·

183 991 234 1046 est
256 1002 320 1045 non
343 984 447 1046 solum
468 983 615 1059 exterior,
634 984 689 1045 sed
707 982 783 1046 item
800 983 932 1045 interior
988 983 1060 1046 isto.
1077 983 1116 1043 Et
1134 983 1161 1043 si
1186 981 1260 1062 quis
1284 982 1481 1060 diminuerit,
1507 982 1630 1045 eulerot
1652 984 1732 1045 Deus

182 1082 288 1145 actio:
307 1082 373 1145 imo
389 1081 584 1165 principales
599 1081 740 1144 actiones
757 1081 845 1158 fidei,
863 1082 931 1163 spei
989 1088 1111 1164 partem
1129 1081 1198 1161 ejus
1220 1082 1260 1143 de
1281 1079 1362 1144 libro
1384 1081 1469 1143 vitae
1488 1081 1594 1161 ltaque
1613 1082 1732 1164 Moyses

181 1188 214 1243 et
231 1180 385 1258 caritatis,
403 1190 477 1243 sunt
491 1188 581 1242 ectus
596 1179 774 1257 interiores,
784 1180 933 1243 videlicet
988 1180 1153 1261 prohibuit
1168 1179 1235 1241 suis
1245 1179 1351 1242 verbis
1366 1179 1488 1261 aliquid
1504 1180 1576 1242 addi
1592 1187 1647 1242 aut
1661 1179 1733 1243 sub

181 1280 324 1357 eredere,
338 1298 476 1361 sperare,
490 1280 634 1359 diligere.
647 1279 799 1342 Similiter
815 1280 933 1362 princi·
989 1279 1083 1356 trahi,
1102 1296 1166 1341 non
1183 1278 1215 1339 in
1231 1286 1385 1359 quantum
1401 1286 1491 1341 erant
1506 1278 1602 1341 rerba
1618 1279 1730 1361 ipsius,

181 1379 272 1461 pales
286 1388 377 1441 actus
399 1378 552 1441 virtutum
575 1378 743 1443 moralium
760 1387 844 1455 sunt,
863 1400 933 1462 pas·
989 1378 1043 1439 sed
1066 1376 1216 1459 quoniam
1239 1386 1330 1439 erant
1346 1377 1443 1440 verba
1468 1376 1603 1459 Spiritus
1626 1377 1732 1441 Sancti

181 1478 292 1540 siones
308 1477 502 1539 intrinsecus
518 1477 681 1540 celrenare
695 1496 731 1539 ac
748 1476 929 1541 reformare.
988 1494 1045 1556 per
1060 1475 1165 1556 ipsum
1182 1474 1352 1556 loquentis.

180 1576 225 1638 De
255 1576 431 1638 virtutibus
455 1594 582 1657 quoque
607 1574 876 1641 intellectualibus
901 1584 932 1639 et
1029 1575 1190 1633 Corstodtte
1210 1576 1368 1633 mundato
1387 1574 1521 1634 Domini
1540 1576 1601 1635 Del
1623 1577 1732 1643 vestri,

180 1674 277 1737 donis
292 1682 427 1751 constet,
444 1674 531 1755 quod
546 1682 634 1736 ectus
650 1692 758 1737 eorum
776 1675 932 1757 principa·
987 1693 1059 1751 qum
1073 1692 1128 1748 epo
1139 1673 1295 1748 precipio
1310 1673 1410 1741 vobis,
1425 1670 1458 1732 in
1474 1670 1627 1734 memoria
1642 1680 1673 1733 et
1687 1671 1733 1735 el-

182 1773 240 1847 les,
259 1780 335 1834 sunt
352 1772 531 1835 interiores.
552 1775 647 1833 Vives
667 1791 723 1854 per
738 1773 882 1853 gratiam,
901 1782 932 1837 et
988 1768 1087 1832 lectu.
1114 1771 1206 1830 Oculi
1230 1771 1328 1829 vestrl
1349 1772 1503 1830 culmum
1526 1772 1637 1830 omm'u
1661 1792 1732 1849 quoe

180 1870 280 1932 ctiam
297 1870 387 1932 vivas
403 1870 468 1933 vita
484 1878 606 1932 natura
626 1870 773 1951 longiori,
791 1872 866 1951 quia
883 1872 932 1934 lex
947 1869 970 1930 B
987 1869 1064 1948 feeit
1088 1869 1247 1929 Deruinus
1270 1878 1382 1927 contro
1407 1870 1599 1944 Beelphepor
1614 1887 1625 1927 .·
1645 1869 1731 1948 quod

180 1976 275 2031 vetus
302 1968 422 2031 directe
439 1977 471 2031 et
492 1967 657 2031 evidenter
682 1968 829 2049 promisit
848 1969 932 2033 bona
987 1972 1218 2047 consequenter
1237 1965 1417 2047 exponitur.
1436 1969 1595 2033 Quomodo
1614 1969 1732 2026 cono-i-

182 2074 322 2142 lerrcna,
340 2065 638 2148 diuturniorcmque
654 2066 752 2129 vitam
775 2067 807 2129 in
822 2086 933 2149 corpo-
987 2066 1070 2125 uerit
1085 2084 1191 2123 omues
1205 2069 1340 2125 cultores
1358 2065 1430 2139 ejus
1448 2066 1487 2123 cte
1502 2066 1606 2123 medio
1621 2066 1732 2133 vestri,

182 2164 329 2227 re.Unde
344 2163 569 2245 subjungitur:
587 2175 616 2225 et
630 2166 826 2241 ingrediens,
835 2167 932 2243 possi·
988 2162 1020 2224 id
1045 2170 1104 2238 cst,
1121 2160 1257 2243 qualiter
1281 2162 1363 2225 Deus
1388 2161 1524 2243 peremit
1545 2159 1659 2224 lratres
1683 2181 1732 2225 ve

180 2266 257 2323 deus
285 2274 406 2325 terram
431 2262 633 2345 promissam,
657 2284 753 2342 quum
773 2266 932 2325 Dominus
988 2268 1081 2336 stros,
1100 2259 1156 2341 qui
1177 2260 1216 2321 ad
1237 2260 1469 2339 suggestionem
1492 2259 1729 2323 bladienitarum

181 2364 269 2421 neus
280 2371 418 2438 patrum
433 2370 612 2421 vestrorum
626 2364 766 2421 daturus
780 2372 824 2422 est
835 2364 929 2423 vobis.
988 2360 1200 2422 adoraverunt
1216 2357 1336 2421 idolum
1352 2358 1474 2439 Phogor
1484 2376 1491 2419 :
1502 2366 1631 2439 proptor
1645 2359 1731 2439 quod

181 2458 411 2521 Verumtamen
423 2457 482 2520 sub
499 2457 615 2520 talibus
629 2457 795 2539 promissis
805 2477 842 2521 ac
858 2478 933 2539 prae
989 2458 1092 2520 scelus
1107 2456 1250 2538 percussi
1276 2456 1406 2520 luerunt
1430 2457 1470 2519 de
1494 2456 1612 2537 populo
1637 2456 1730 2519 lsrael
1758 2474 1880 2522 nuum,

180 2556 256 2618 miis
279 2555 491 2637 intelligenda
516 2564 590 2617 sunt
611 2555 831 2638 principaliter
850 2557 933 2620 bona
988 2556 1103 2635 viginti
1125 2564 1260 2637 quatuor
1279 2555 1391 2632 millia,
1409 2564 1444 2617 ut
1464 2554 1496 2615 in
1518 2555 1663 2616 Numeris
1681 2556 1732 2617 de·
1745 2539 1765 2577 ⁹·

181 2653 364 2736 spiritualia
381 2661 413 2715 et
436 2661 555 2716 eterna
576 2662 672 2735 atque
696 2653 837 2717 coelestic
857 2674 934 2737 prae
988 2654 1146 2717 scribitur.
1161 2659 1218 2713 l'os
1228 2664 1335 2715 autem
1345 2656 1404 2733 qui
1412 2656 1584 2715 adderetis
1594 2657 1731 2715 Domino

180 2752 252 2829 mia,
262 2770 363 2832 quum
374 2760 495 2814 certum
513 2751 554 2813 sit
566 2752 648 2815 bona
661 2751 933 2833 corporalie,tem-
987 2758 1051 2815 Deo
1068 2762 1169 2812 vestro
1190 2771 1248 2833 per
1266 2751 1364 2815 lidem
1380 2760 1412 2814 et
1431 2751 1655 2829 obedientiam,
1673 2771 1732 2815 nec

180 2850 305 2932 poralia
316 2858 348 2911 et
359 2858 563 2926 terrena,non
576 2868 645 2912 esse
656 2849 871 2931 spiritualium
884 2852 933 2915 bo·
988 2851 1027 2913 ad
1038 2849 1249 2913 idololatriam
1260 2849 1454 2924 declinastis,
1465 2852 1576 2910 eiu-itis
1587 2853 1733 2911 urzieersi

171 2966 304 3023 -norum,
313 2947 589 3028 virtuosorumque
599 2954 725 3009 actuum
733 2946 788 3010 sul
791 2947 933 3012 licientie
987 2948 1053 3011 rita
1069 2956 1190 3011 naturae
1205 2956 1236 3010 et
1250 2948 1479 3028 gemimusque
1494 2950 1529 3008 in
1543 2959 1732 3027 presentem

180 3045 323 3127 prumia,
337 3044 540 3127 potissimum
555 3045 639 3127 apud
655 3046 764 3122 Deum,
777 3047 833 3127 qui
850 3048 932 3109 ultra
950 3043 972 3107 G
987 3049 1084 3109 diere.

180 3142 378 3223 condignum
405 3150 587 3205 remunerat
612 3142 706 3205 bona.
724 3144 811 3206 ldulti
836 3145 931 3207 etiam
1028 3148 1127 3207 Scitis
1137 3149 1222 3225 quod
1235 3148 1399 3205 docuerim
1415 3167 1466 3207 vos
1479 3156 1636 3224 praecepta
1648 3146 1734 3208 caari-

168 3240 360 3302 sanctiores
377 3238 410 3301 in
426 3240 526 3302 veteri
543 3240 743 3305 Testamento
763 3251 932 3305 caruerunt
988 3243 1140 3306 monialie
1153 3252 1187 3307 ct
1199 3244 1375 3324 judicialia,
1393 3246 1594 3322 etjustitius,
1610 3245 1670 3308 hoe
1685 3252 1734 3307 est

181 3337 303 3400 talibus
324 3338 554 3419 temporalibus
574 3339 725 3420 praemiis,
742 3341 933 3422 prosperita·
989 3350 1148 3425 praecepta
1172 3342 1328 3423 llecalogi,
1354 3361 1425 3423 quae
1454 3351 1529 3405 sunt
1551 3342 1670 3405 directe
1693 3344 1733 3405 dc

183 3434 336 3517 libusque
365 3436 512 3513 terreniS,
539 3436 604 3499 imo
627 3454 738 3515 graves
767 3456 804 3501 ac
829 3438 932 3503 varias
989 3441 1113 3504 actibus
1130 3440 1272 3520 justitiae,
1290 3449 1385 3521 atque
1404 3442 1443 3505 ad
1464 3442 1640 3503 naturalem
1663 3461 1734 3523 per·

54 3545 167 3589 rmum
183 3532 424 3615 persecutiones
446 3542 519 3595 sunt
544 3534 641 3615 pessi,
664 3538 932 3615 quemadmodum
990 3539 1093 3602 tinent
1107 3539 1261 3602 rationem
1282 3548 1314 3601 et
1331 3539 1443 3619 legem,
1459 3542 1542 3601 siout
1562 3544 1734 3603 mondavit

48 3612 166 3725 iffi,
182 3633 223 3694 dc
237 3630 386 3707 Ieremia,
403 3629 483 3707 Elia,
501 3631 638 3713 aliisque
653 3641 740 3714 patet
755 3633 930 3716 Prophetis.
990 3639 1073 3698 ouidi
1087 3640 1246 3699 Dominus
1265 3641 1351 3699 Deus
1373 3659 1462 3698 meus
1479 3656 1491 3699 :
1506 3636 1562 3720 qui
1587 3639 1733 3719 quamvis

224 3732 300 3791 Nou
314 3731 441 3790 caldelis
459 3733 503 3790 ud
524 3732 655 3791 verbum
679 3735 764 3809 quod
779 3734 865 3792 vobis
890 3737 934 3793 te
989 3734 1031 3796 sit
1050 3734 1193 3797 omnium
1215 3736 1297 3798 Deus
1318 3754 1375 3817 per
1398 3736 1591 3799 creationem
1612 3745 1644 3799 et
1663 3738 1734 3799 uni-

180 3846 277 3906 quor,
302 3846 361 3887 uec
385 3828 542 3906 auferetis
563 3848 604 3887 eu
627 3848 672 3889 eo.
698 3829 823 3892 Certum
845 3829 931 3893 enim
988 3833 1142 3895 vcrsalem
1170 3833 1402 3913 provisionem,
1429 3834 1601 3899 electorum
1627 3843 1733 3898 tamen

179 3932 240 4001 est,
259 3925 348 4006 quod
364 3924 536 4007 Scripturae
555 3925 717 3989 canonice
737 3927 818 3990 nihil
839 3927 933 3989 liceat
988 3930 1129 3993 estDeus
1144 3938 1233 3994 tanto
1248 3930 1428 4014 specialius,
1439 3942 1558 4013 quanto
1573 3952 1607 3996 se
1621 3933 1734 4013 gratio

179 4022 300 4085 addere
322 4023 373 4087 vel
398 4022 536 4099 auferre,
556 4031 675 4086 textum
701 4026 863 4101 mutando,
882 4026 931 4088 vel
988 4028 1055 4091 sius
1070 4028 1166 4092 habet
1181 4030 1221 4091 ad
1236 4047 1301 4105 eos,
1319 4037 1351 4092 et
1365 4040 1485 4112 quanto
1505 4030 1678 4114 perfectius
1693 4032 1734 4094 ab

180 4128 334 4202 tanquam
351 4122 391 4184 ad
408 4129 512 4184 textus
528 4121 739 4185 substantiam
755 4123 929 4205 pertinens.
989 4125 1067 4208 ipsis
1082 4134 1206 4189 amatur
1227 4146 1264 4190 ac
1282 4127 1409 4191 colitur.
1426 4132 1483 4191 Sic
1497 4131 1626 4209 som'ett's
1644 4152 1682 4191 ea
1696 4132 1733 4191 iu

178 4220 270 4283 Unde
285 4227 318 4283 et
338 4220 431 4282 divus
448 4219 616 4303 Dionysius
638 4220 683 4282 ait
700 4237 707 4282 :
724 4220 791 4284 Non
815 4230 862 4285 est
881 4241 932 4284 au·
946 4226 971 4288 D
988 4235 1074 4285 terro
1090 4245 1187 4304 quom
1193 4228 1372 4302 possessuri
1387 4230 1474 4297 estis,
1484 4238 1514 4289 et
1527 4230 1733 4290 observubitis

179 4318 323 4381 dendum
338 4317 462 4398 aliquid
483 4319 523 4381 de
538 4319 797 4401 superessentiali
811 4320 931 4383 Deitete
985 4343 1087 4400 opere.
1105 4322 1247 4385 Mandata
1266 4324 1352 4386 enim
1372 4334 1448 4387 sunt
1469 4326 1630 4408 implenda
1644 4326 1733 4407 juxta

178 4434 335 4491 asserere,
363 4424 478 4497 praeter
503 4434 633 4496 eaque
657 4416 751 4480 nobis
776 4418 809 4479 in
834 4419 931 4481 sacris
986 4420 1201 4503 precipientis
1223 4421 1444 4498 intentionem,
1466 4442 1523 4486 uec
1549 4423 1673 4487 suflicit
1692 4426 1732 4487 ad

178 4522 255 4577 sunt
271 4514 391 4595 scripta
406 4514 554 4595 eloquiis
572 4514 656 4578 ldcm
673 4515 777 4597 primo
793 4516 875 4579 libro
890 4517 932 4579 lc·
987 4518 1131 4594 salutem,
1156 4538 1192 4581 ea
1215 4518 1320 4583 laeer'e
1344 4530 1498 4601 quantum
1522 4523 1561 4583 ad
1588 4522 1734 4585 substan-

177 4612 291 4694 quitur
307 4612 532 4675 Damascenus.
549 4612 655 4677 Nihilo
671 4613 777 4675 minus
793 4634 850 4697 per
866 4634 929 4679 mo
988 4616 1062 4679 tiam
1079 4617 1196 4699 operis,
1215 4620 1270 4681 sed
1285 4638 1323 4681 ex
1339 4618 1406 4682 lide
1423 4628 1454 4682 et
1469 4619 1610 4694 caritate,
1630 4620 1733 4684 inten-

170 4713 254 4773 dam
265 4709 726 4792 expositionis,exhortationis
737 4720 766 4774 et
779 4714 931 4777 doctrinae
987 4716 1137 4797 tioneque
1152 4725 1238 4779 recta
1252 4725 1377 4799 oportet
1392 4737 1429 4781 ea
1443 4738 1579 4783 servare.
1597 4724 1675 4781 Iloeo
1687 4730 1733 4780 est

175 4808 319 4891 plurimo
334 4808 408 4869 addi
424 4817 559 4890 possunt
572 4816 603 4871 et
619 4810 726 4872 addila
740 4818 825 4872 sunt.
842 4812 930 4875 Circa
985 4816 1074 4875 enim
1090 4825 1195 4877 cestra
1209 4817 1371 4892 sapientia
1385 4827 1415 4878 et
1430 4818 1608 4878 intellectus
1622 4839 1732 4880 corum

175 4905 236 4968 hoe
252 4906 298 4968 ait
314 4904 425 4969 Glossa
443 4924 450 4968 :
468 4906 526 4969 Per
540 4908 607 4971 haee
626 4908 724 4971 verba
744 4908 862 4991 lloyses
879 4911 931 4973 do
982 4916 1124 4989 populis,
1143 4912 1174 4975 id
1190 4921 1248 4989 est,
1262 4913 1295 4975 in
1312 4914 1371 4977 hoe
1387 4916 1533 4978 consistit
1550 4936 1623 4979 vera
1638 4925 1670 4980 et
1685 4936 1733 4980 sa-

176 5011 227 5066 cet
242 5021 389 5066 normam
405 5004 577 5085 aequitatis,
594 5014 625 5068 et
640 5024 767 5069 omnem
784 5008 928 5070 haerosim
987 5009 1100 5073 lutaris
1116 5011 1274 5093 sapientia
1292 5022 1445 5077 vestreae
1461 5014 1674 5095 intelligentia
1689 5016 1733 5077 in-

176 5101 330 5183 percutit.
355 5101 448 5164 Vetat
471 5102 557 5165 enim
582 5113 675 5167 rectae
697 5105 849 5168 doctrina
873 5106 931 5168 ali·
987 5115 1156 5188 tergentes
1167 5118 1311 5173 etcoram
1324 5110 1581 5195 hominibusqui
1594 5113 1733 5176 viderint

175 5197 256 5280 quid
272 5218 380 5281 prave
396 5200 586 5264 intentionis
601 5203 727 5280 addere,
741 5202 791 5266 vel
808 5202 928 5284 aliquid
986 5225 1042 5268 vos
1066 5206 1097 5267 in
1123 5206 1303 5270 divinorum
1324 5209 1537 5273 observantiis
1563 5220 1732 5293 praecepto·

177 5296 324 5359 veritatis
340 5297 537 5361 subtrahere.
548 5299 644 5379 Regia
654 5300 740 5363 enim
756 5300 807 5363 via
823 5308 871 5363 est
882 5301 930 5363 in·
987 5323 1055 5365 rum
1073 5303 1197 5381 fideles,
1220 5316 1256 5367 ut
1275 5309 1443 5369 audientes
1458 5312 1605 5370 uniuersi
1614 5330 1732 5387 proeco-
