4309 6259
451 469 509 531 372

810 480 982 530 ENAREATlO
1004 483 1034 528 m
1056 483 1124 528 GAP.
1147 482 1168 527 X
1188 483 1383 529 nououonuu.
1406 504 1447 514 -
1466 486 1537 531 ΛΒΤ.
1561 486 1635 532 xvul

449 656 525 719 honi
546 658 585 718 ad
606 657 749 732 meliora,
772 657 804 718 in
831 664 953 718 tantum
979 665 1013 717 ut
1039 655 1192 738 paulatim
1209 652 1381 716 naturae
1395 662 1500 718 locum
1514 680 1608 738 quem
1618 662 1776 720 Dominus
1786 659 1868 722 oeus
1884 667 1989 721 noster

448 755 543 817 etiam
560 755 664 817 vitiosi
688 755 727 817 de
750 756 815 816 suis
832 753 1061 816 vitiositatibus
1081 753 1194 816 erube-

449 861 539 915 scant
553 862 584 915 et
599 860 836 915 convertantur.

488 954 528 1014 Si
546 954 693 1012 euteritis
713 955 757 1011 act
778 954 896 1012 bellum
919 955 957 1011 de
980 961 1065 1012 terra
1089 961 1194 1010 vestra

447 1061 559 1112 contra
575 1053 675 1112 hostes
690 1053 750 1130 qui
764 1051 925 1110 dimicant
939 1053 1111 1110 adversum
1126 1069 1190 1120 cos,

447 1151 601 1226 elongetis
620 1151 825 1209 ululantibus
847 1150 940 1210 tubis.
957 1146 1127 1229 Apostolus
1147 1147 1192 1209 lo-

298 1260 431 1314 nommqs.
447 1245 640 1327 quituerui
657 1247 689 1308 in
705 1266 800 1309 carne
814 1254 899 1322 sunt,
910 1246 972 1309 Deo
985 1245 1111 1327 placere
1126 1263 1190 1307 non

446 1353 590 1427 possunt.
603 1344 662 1419 Qui
677 1344 775 1425 igitur
791 1353 900 1408 contra
915 1343 1190 1424 concupiscentias

444 1443 550 1507 carnis
566 1443 701 1506 viriliter
718 1443 924 1520 reluctantur,
934 1443 973 1504 do
991 1451 1084 1518 terra,
1094 1441 1125 1503 id
1142 1450 1190 1503 est

444 1543 484 1605 de
503 1543 569 1604 suis
589 1542 787 1623 corporibus,
806 1542 1011 1620 egrediuntur
1032 1541 1072 1602 ad
1095 1559 1189 1622 expu-

442 1642 605 1720 gnandum
622 1639 770 1721 spiritum
792 1639 1022 1714 fornicationis
1039 1638 1187 1720 spiritum

443 1739 536 1821 goim,
563 1739 776 1821 spiritumque
804 1738 949 1820 torporis
975 1738 1065 1800 Tales
1090 1737 1188 1817 igitur

1246 758 1385 816 daturus
1394 767 1439 816 est
1453 759 1556 827 uobis,
1565 758 1604 819 ad
1617 758 1798 839 paradisum
1814 757 1987 833 coelestem,

1246 853 1285 914 ad
1302 855 1437 934 patriam
1452 854 1570 917 civium
1587 875 1809 937 supernorum,
1826 856 1866 917 ad
1884 855 1988 918 locum

1247 953 1440 1014 amoenitatis
1455 953 1619 1016 immensae
1634 963 1665 1016 et
1677 954 1889 1036 jucunditatis
1905 962 1990 1016 aeter-

1247 1069 1315 1124 nae3
1334 1054 1409 1112 oeni
1429 1055 1593 1113 uobiscum
1616 1071 1672 1134 per
1697 1052 1796 1115 fidem
1823 1061 1854 1116 et
1879 1052 1990 1116 cariu-

1246 1158 1321 1226 tcm,
1348 1151 1387 1212 ad
1414 1150 1540 1232 plenam
1565 1151 1820 1232 aeternaliterque
1844 1170 1986 1213 securam

1246 1249 1406 1329 pergendo
1422 1248 1618 1325 felicitatem,
1637 1260 1673 1310 ut
1693 1252 1932 1326 benefaciamus
1952 1253 1988 1310 ti-

1245 1349 1287 1417 oi,
1305 1347 1570 1409 communicando
1596 1347 1653 1409 tibi
1678 1348 1710 1409 in
1737 1348 1789 1410 via
1813 1348 1984 1427 gratiarum

1243 1443 1434 1506 charismata
1456 1445 1549 1507 nohis
1570 1445 1695 1522 collata,
1712 1455 1809 1527 atque
1830 1447 1863 1506 in
1884 1446 1984 1527 patria

1243 1542 1459 1622 dona'gloriae
1482 1543 1529 1605 ibi
1554 1545 1742 1625 prestanda.
1764 1544 1853 1618 Quod
1878 1543 1906 1605 si
1931 1545 1984 1606 ille

1243 1640 1394 1718 renuerit,
1413 1659 1477 1703 non
1494 1642 1630 1704 volendo
1648 1650 1771 1705 terrena
1791 1643 1980 1723 relinquere,

1242 1756 1345 1820 neque
1368 1740 1508 1801 carnalia
1532 1741 1707 1821 aspernari,
1726 1741 1889 1802 dicamus:
1908 1743 1983 1803 hou
2056 1825 2060 1830 ι

442 1838 559 1900 debent
579 1838 726 1918 clangere
741 1837 938 1899 ululantibus
958 1836 1054 1912 tubis,
1072 1836 1105 1898 id
1125 1843 1183 1913 est,
1204 1833 1228 1896 B
1243 1858 1298 1896 nos
1311 1840 1515 1917 relinquere;
1528 1840 1620 1920 quasi
1636 1847 1668 1901 et
1683 1858 1741 1902 uos
1756 1839 1826 1920 ejus
1841 1839 1979 1918 indigea-

442 1957 475 1999 se
491 1937 577 2019 ipsos
593 1957 649 2020 per
666 1937 762 1999 verba
779 1956 875 1999 sacre
891 1935 1061 2018 Scriptura
1082 1936 1186 2000 horta-

440 2035 479 2112 ri,
498 2036 650 2112 animare,
663 2036 845 2112 accendere,
858 2044 890 2098 et
905 2055 962 2096 sua
977 2034 1099 2098 deflere
1114 2053 1187 2116 pec·

440 2143 521 2212 cata,
543 2144 578 2197 ut
602 2136 683 2198 Deus
708 2135 750 2196 sit
773 2153 896 2197 memor
921 2153 1041 2211 eorum,
1059 2143 1091 2196 et
1116 2134 1185 2215 ejus

441 2251 501 2314 ope
526 2233 728 2316 praevaleant.
751 2232 784 2294 ln
808 2232 902 2313 epulo
925 2251 1063 2314 quoque,
1081 2232 1113 2293 id
1137 2241 1186 2294 est

441 2331 600 2413 spirituali
620 2331 794 2394 retectione
814 2339 845 2393 et
864 2331 1081 2395 consolatione
1103 2330 1185 2392 divi-

442 2449 493 2507 na,
511 2429 544 2491 in
570 2429 738 2492 sacrificiis
762 2428 995 2504 ecclesiasticis,
1013 2430 1185 2492 observan-

440 2528 559 2608 tiisque
589 2527 744 2590 festorum
774 2528 985 2608 clangendum
1011 2537 1059 2590 cst
1086 2527 1182 2603 lubia,

440 2627 504 2689 Deo
519 2626 683 2689 humiliter
694 2626 810 2707 gratias
826 2627 957 2704 agendo,
969 2626 1185 2709 psallendo,et

440 2725 520 2788 alios
535 2723 749 2786 informando.

480 2827 576 2884 Auno
599 2826 749 2892 secundo,
764 2844 868 2883 meuse
891 2827 1041 2893 secundo,
1056 2827 1178 2883 eleuata

438 2933 483 2984 est
505 2924 602 2982 cubes
620 2925 661 2981 de
681 2924 885 2982 tabernaculo
905 2923 1047 2997 siccioris.
1066 2921 1184 2983 Taber-

1241 1953 1310 1996 mus
1326 1936 1452 1998 ducatu.
1471 1936 1530 1997 Vix
1546 1955 1682 2018 namque
1697 1945 1745 1999 est
1760 1937 1888 2018 aliquis,
1903 1938 1979 2018 quin

1241 2031 1352 2094 saltem
1375 2033 1407 2094 in
1429 2033 1591 2114 aliquibus
1607 2035 1710 2097 valeat
1732 2035 1825 2098 nobis
1847 2036 1979 2098 consitio

1240 2129 1422 2212 auxilioque
1438 2133 1598 2213 prodesse.

1287 2232 1431 2309 Profecti
1456 2242 1533 2292 suut
1559 2251 1632 2308 crgo
1656 2235 1695 2292 dc
1719 2242 1824 2292 monte
1848 2233 1982 2293 Donzim'

1240 2330 1327 2389 oium
1345 2332 1446 2390 trium
1460 2332 1600 2391 dierum.
1612 2329 1699 2394 Mons
1714 2330 1852 2408 Domini,
1865 2340 1914 2393 est
1928 2331 1981 2393 Ec·

1239 2425 1336 2488 clesia
1362 2427 1513 2504 militans,
1536 2429 1575 2491 de
1600 2448 1662 2509 qua
1690 2429 1830 2509 loquitur
1855 2429 1978 2492 isaias:

1239 2523 1307 2585 Erit
1329 2535 1524 2606 preparatus
1546 2545 1638 2589 mons
1660 2526 1784 2589 Domini
1809 2527 1842 2588 in
1864 2529 1981 2592 vertice
2010 2544 2092 2587 ruas

1240 2623 1408 2685 montium.
1421 2623 1467 2684 hh
1482 2624 1543 2686 hoc
1559 2633 1668 2686 monte
1682 2632 1731 2687 est
1747 2626 1981 2706 procedendum

1239 2720 1279 2781 ad
1295 2721 1521 2802 triumphantis
1531 2722 1680 2786 Ecclesia
1691 2723 1920 2788 sublimitatem
1933 2724 1983 2786 ria

1241 2818 1335 2880 trium
1352 2819 1486 2896 dierum,
1505 2820 1536 2882 id
1553 2829 1601 2883 est
1615 2823 1739 2884 actione
1756 2820 1844 2899 fidei,
1863 2823 1932 2905 spei
1953 2833 1983 2886 et

1238 2917 1379 2979 caritatis
1396 2942 1403 2991 3
1422 2937 1477 2980 seu
1502 2937 1559 2999 per
1583 2919 1819 2983 observantiam
1843 2921 1980 3002 triplicis

439 3022 599 3099 naculum,
616 3021 707 3101 juxta
726 3018 909 3102 praehabita,
927 3029 975 3082 est
990 3019 1131 3086 Ecclesia
1153 3028 1184 3082 et
1201 3018 1223 3082 C
1240 3015 1328 3096 legis,
1346 3016 1493 3079 videlicet
1511 3017 1675 3094 naturalia,
1693 3017 1810 3081 divinae
1825 3027 1857 3081 et
1872 3020 1983 3101 positi-

430 3107 648 3201 'quacumque
667 3117 775 3180 fidelis
795 3118 912 3194 anima,
931 3118 963 3179 in
984 3138 1047 3200 qua
1068 3138 1124 3200 per
1146 3118 1185 3180 ii-

440 3218 511 3280 dem
532 3226 563 3280 et
583 3216 745 3279 caritatem
760 3223 973 3278 commoratur
988 3216 1181 3279 ditissimus.

441 3315 546 3378 Nubes
561 3333 637 3378 vero
657 3323 705 3376 est
723 3313 824 3393 gratia
840 3313 976 3396 Spiritus
992 3315 1110 3392 Sancti,
1128 3335 1183 3378 seu

308 3425 426 3479 reum,
441 3413 581 3494 cognitio
591 3413 646 3475 Dei
659 3431 715 3494 per
728 3411 892 3493 speculum
906 3421 937 3474 et
950 3412 1086 3494 aenigma
1096 3431 1102 3475 :
1113 3433 1185 3494 quaa

294 3493 327 3532 ¹²·
440 3513 592 3589 elevatur,
611 3512 686 3573 dum
706 3511 828 3574 animas
849 3518 972 3572 nostras
989 3512 1072 3573 levat
1087 3513 1126 3574 ad
1142 3513 1185 3574 al-

440 3611 532 3688 tiora,
549 3619 585 3673 ut
609 3609 791 3671 intueamur
811 3616 843 3670 et
865 3607 988 3672 fervide
1010 3609 1181 3690 diligamus

439 3718 590 3772 eternam
605 3717 636 3771 et
652 3707 823 3770 increatam
845 3706 1021 3784 veritatem,
1040 3717 1071 3771 et
1093 3709 1184 3772 honi-

440 3815 535 3872 tatem
556 3809 644 3870 illam
668 3806 939 3889 perlectionaliter
959 3807 1087 3888 penitus
1112 3807 1184 3870 inti·

440 3907 559 3969 nitam:
577 3906 662 3986 quod
679 3906 817 3968 secundo
833 3905 937 3985 agitur
952 3924 1046 3981 anno,
1061 3906 1121 3968 hoc
1137 3916 1184 3969 est

439 4005 471 4067 in
498 4002 737 4086 proficientium
759 4011 842 4064 statu
867 4002 991 4083 atejus
1018 4022 1178 4084 processu,

438 4101 515 4184 quia
544 4111 620 4164 tunc
644 4101 757 4182 incipit
784 4100 867 4163 fieri.
892 4101 938 4161 hd
965 4100 1061 4183 hujus
1088 4103 1183 4165 nubis

1238 3133 1302 3186 vau
1316 3133 1371 3195 pcr
1386 3115 1536 3177 exercitia
1550 3115 1609 3176 via
1625 3116 1808 3196 purgativae,
1823 3117 1983 3180 illumina·

1238 3212 1310 3274 tirae
1325 3221 1356 3275 et
1371 3213 1573 3294 perfectivae3
1591 3233 1648 3296 per
1668 3214 1767 3277 fidem
1786 3217 1981 3281 testimonio

1239 3329 1385 3392 rum,per
1394 3311 1654 3393 adimpletionem
1670 3323 1913 3395 praceptorum,
1925 3335 1981 3397 per

1239 3409 1550 3490 supererogationem
1585 3411 1802 3474 consiliorum.
1833 3417 1983 3494 Areaque

1236 3509 1367 3583 foederis
1389 3511 1524 3569 Domini
1545 3513 1740 3586 praecedebat
1761 3532 1811 3571 eos
1830 3533 1893 3589 prr
1919 3523 1979 3572 tras

1236 3607 1315 3667 dies.
1333 3606 1403 3669 Haec
1418 3626 1491 3669 arca
1505 3616 1553 3670 cst
1568 3608 1684 3671 Christi
1700 3609 1891 3686 humanitas,
1910 3631 1980 3692 quae

1237 3703 1271 3764 in
1293 3705 1381 3766 omni
1400 3705 1517 3768 virtute
1536 3706 1697 3787 precessit
1717 3726 1775 3771 nos
1797 3707 1830 3769 in
1854 3728 1911 3771 sua
1932 3709 1980 3772 in-

1239 3801 1349 3878 fantia,
1367 3803 1504 3884 pueritia
1519 3813 1551 3865 et
1566 3805 1789 3882 adolescentia,
1802 3811 1980 3884 prouutens

1237 3911 1416 3962 castrorum
1433 3907 1547 3974 locum,
1565 3905 1831 3984 quemadmodum
1846 3905 1909 3967 ait:
1923 3906 1980 3969 Va·
2004 3929 2113 3972 amns.

1239 3998 1278 4061 do
1303 4019 1414 4081 parare
1436 4000 1526 4063 vobis
1552 4001 1667 4064 locum.
1689 4003 1854 4084 itemque:
1876 4004 1978 4083 Pater,
1995 3994 2114 4040 ²³¹''¹·²‘·

1237 4097 1362 4160 volout
1382 4099 1436 4161 ubi
1456 4119 1526 4161 sum
1547 4115 1618 4181 ego;
1634 4109 1666 4163 et
1686 4101 1733 4162 illi
1754 4102 1819 4163 sint
1838 4122 1977 4167 mecum.

438 4201 588 4262 ducatum
604 4217 714 4262 omnes
726 4217 799 4261 vere
815 4198 972 4275 israelitae,
984 4197 1050 4262 tide
1065 4208 1097 4261 et
1112 4218 1183 4281 ope
1197 4206 1222 4266 t)
1236 4194 1343 4276 ltaque
1353 4197 1409 4278 qui
1421 4217 1454 4260 se
1465 4198 1542 4262 dicit
1553 4198 1586 4260 in
1597 4198 1721 4262 Christo
1732 4219 1870 4278 manere,
1881 4203 1980 4265 dehet
2005 4217 2113 4259 temnas

438 4317 472 4359 re
495 4296 677 4372 Christiani,
701 4295 844 4358 ordinate
868 4305 1044 4377 sequuntur
1066 4317 1104 4360 ac
1128 4299 1182 4361 de-

437 4403 545 4458 center
565 4395 751 4476 procedunt,
769 4393 991 4475 unusquisque
1013 4394 1046 4456 in
1068 4396 1180 4459 ordine

437 4512 506 4569 suo,
519 4493 608 4575 juxta
623 4512 688 4556 suae
701 4493 893 4573 exigentiam
909 4493 1097 4556 vocationis.

475 4592 646 4669 Postremo,
657 4592 801 4672 exemplo
812 4591 935 4673 Moysis,
947 4591 1048 4654 discat
1063 4612 1100 4655 ac
1115 4602 1180 4655 stu-

435 4691 508 4752 deat
530 4689 750 4772 unusquisque
775 4689 936 4771 proximos
961 4709 1045 4766 suos,
1066 4709 1179 4771 cogna-

437 4788 632 4865 tos,amicoS,
643 4788 833 4851 domesticos
849 4787 1013 4850 humiliter
1028 4797 1059 4851 et
1076 4789 1177 4852 facete

434 4885 573 4960 hortari3
591 4895 623 4948 et
642 4905 736 4966 quem
752 4905 808 4968 per
824 4894 964 4968 apertam
987 4887 1177 4968 increpatio

433 5003 505 5047 nem
523 5003 586 5047 non
596 4986 681 5047 valet
695 4985 822 5062 lucrari,
832 5004 889 5067 per
899 4987 1070 5066 quamdam
1087 5004 1178 5049 corre

434 5091 484 5145 tur
500 5083 660 5146 solertiam
673 5084 753 5146 avia
769 5083 958 5166 perditionis
973 5084 1012 5145 ad
1029 5084 1175 5146 semitam

433 5183 582 5244 reducere
608 5182 698 5244 lucis.
720 5183 823 5244 Bonus
849 5183 955 5263 itaque
976 5182 1176 5245 Christianus

430 5279 514 5344 dica't
540 5279 683 5362 proximo
707 5290 739 5342 et
762 5281 967 5363 propinquo:
993 5285 1175 5359 Profietsei-

1236 4294 1336 4356 instar
1356 4296 1457 4377 ipsius
1471 4296 1646 4359 ambulare.
1663 4298 1740 4359 Nam
1758 4298 1826 4380 ipse
1847 4309 1896 4363 est
1911 4301 1976 4378 ria,
1994 4283 2015 4322 ⁶·

1234 4391 1289 4471 qui
1301 4393 1361 4455 ait:
1374 4394 1471 4458 Nemo
1481 4395 1568 4457 venit
1578 4396 1617 4457 ad
1628 4395 1749 4458 Patrem
1766 4397 1828 4458 nisi
1840 4417 1897 4479 per
1911 4418 1975 4462 me.
2001 4416 2113 4459 amas.

1274 4494 1446 4571 Postremo,
1463 4493 1530 4556 zelo
1545 4493 1622 4556 boni
1639 4495 1818 4557 communis
1837 4497 1976 4574 accensi,
1993 4481 2015 4522 ⁶·

1234 4593 1377 4656 dicamus
1400 4611 1471 4655 cum
1498 4593 1623 4674 hloyse:
1643 4595 1757 4670 Surge,
1780 4597 1928 4666 Domine,
1946 4608 1979 4657 et

1233 4694 1432 4768 dissipentur
1453 4693 1583 4751 iuimici
1608 4693 1658 4751 tut
1682 4710 1804 4769 omoeS,
1827 4693 1978 4758 videlicet

1234 4789 1393 4866 infideles,
1404 4789 1529 4870 tyranni
1545 4796 1576 4851 et
1592 4798 1809 4870 persecutores
1824 4790 1977 4856 Ecclesia

1233 4896 1359 4965 sanctae,
1369 4887 1424 4968 qui
1436 4888 1640 4950 destruantur
1655 4897 1687 4950 et
1701 4897 1832 4970 pereant
1847 4889 1881 4951 in
1897 4911 1978 4973 praa

1232 4987 1325 5063 senti,
1343 4995 1497 5068 quantum
1514 4987 1551 5048 ad
1568 4985 1601 5048 id
1616 4987 1701 5067 quod
1722 4986 1925 5051 infidelitatis
1942 5000 1975 5054 et

1232 5085 1415 5148 vitiositatis
1433 5083 1467 5145 in
1487 5083 1565 5165 ipsis
1580 5092 1639 5160 cst,
1657 5093 1693 5146 ut
1707 5085 1877 5149 salubriter
1893 5107 1979 5151 mor-

1233 5184 1405 5258 tificentur,
1434 5192 1466 5245 et
1490 5183 1637 5250 desinant
1667 5183 1745 5245 talos
1769 5203 1838 5247 esse
1862 5187 1977 5267 qualos

1230 5284 1369 5346 luerunt.
1379 5280 1466 5355 Quod
1483 5281 1509 5342 si
1525 5280 1688 5359 obstinati,
1699 5281 1976 5347 inconvertibiles-
