4309 6259
622 492 800 541 sartocarro
821 494 852 539 m
871 492 1122 539 ramarnucrruu.
1146 510 1186 523 --
1207 492 1277 537 aar.
1302 492 1324 539 u
1682 471 1742 537 697

235 668 334 731 Porro
344 668 396 730 lex
411 685 495 731 nova
511 666 544 730 iu
561 666 661 729 tribus
677 685 696 728 a
710 665 810 729 veteri
820 664 942 741 differt,
959 664 985 727 A
999 682 1074 745 crgo
1090 667 1162 729 datu
1181 673 1229 729 est
1243 665 1290 728 eis
1305 672 1433 747 propter
1448 682 1556 727 eorum
1572 661 1740 745 justitiam,

194 786 334 849 eamque
353 766 491 829 excellit.
513 766 629 842 Primo,
647 764 800 847 quoniam
819 764 870 827 lex
889 782 945 827 no·
999 765 1268 845 quemadmodum
1298 763 1331 826 in
1356 762 1599 827 Deuteronomio
1623 760 1742 844 Moyses

194 886 236 929 va
257 865 297 929 ad
315 866 459 929 coelcstia
476 873 507 929 et
523 863 701 948 spiritualia
716 870 812 945 atque
827 871 945 927 aeterna
999 862 1043 927 ait
1061 880 1068 925 :
1090 863 1175 927 Scito
1190 864 1275 944 quod
1292 881 1355 926 non
1371 870 1501 945 propter
1513 861 1652 943 justitias
1672 869 1743 924 tuas
1756 877 1889 925 marma.

194 964 282 1027 bona
302 982 361 1027 nos
380 964 495 1027 invitat
516 972 547 1026 et
569 962 673 1042 erigit.
690 963 778 1025 Unde
800 960 944 1023 Christus
999 963 1152 1027 Dominus
1173 964 1255 1025 Deus
1280 962 1402 1025 dederit
1426 960 1484 1023 tibi
1507 969 1622 1023 terram
1647 960 1740 1037 hano,

195 1081 271 1126 mor
287 1063 322 1126 in
338 1082 403 1127 sucu
418 1062 654 1146 predicationis
665 1060 795 1125 exordio
811 1080 943 1141 reguum
999 1081 1099 1143 quum
1120 1059 1299 1124 durissime
1318 1059 1451 1124 cervicis
1474 1059 1518 1121 sis
1539 1058 1687 1142 populus.
1705 1057 1744 1119 Et

61 1170 179 1245 {latet-m
196 1162 354 1226 coelorum
365 1162 550 1244 spopondit,
560 1162 636 1223 dum
646 1159 942 1225 aitzl>oenitentiam
1000 1180 1110 1223 rursus
1135 1181 1142 1225 :
1167 1160 1281 1223 Dilexit
1304 1161 1456 1223 Dominus
1479 1167 1583 1241 patres
1608 1166 1690 1235 tuos,
1712 1164 1889 1223 stratarum.

54 1238 80 1275 ¹''
195 1262 293 1343 agite,
310 1259 583 1343 appropinquabit
597 1260 684 1323 enim
700 1278 834 1341 regnum
850 1258 945 1321 coelo
1000 1260 1098 1342 elegit
1112 1278 1220 1323 semen
1236 1278 1346 1323 eorum
1366 1267 1438 1341 post
1453 1277 1518 1322 eos.
1535 1257 1679 1332 Quarere
1693 1275 1745 1319 au-

197 1379 281 1421 rum.
308 1360 372 1422 Len
400 1368 507 1422 autem
532 1367 624 1423 retus
649 1359 769 1421 directe
798 1356 945 1439 promisit
1000 1366 1062 1422 tem
1078 1378 1136 1422 our
1156 1359 1261 1441 potius
1282 1377 1319 1421 ex
1336 1358 1390 1421 illo
1411 1357 1530 1440 populo
1545 1358 1627 1420 Deus
1643 1356 1744 1419 incar-

81 1466 141 1508 Devt-
197 1459 388 1541 temporalia
417 1458 514 1536 bona,
542 1467 769 1539 terrenumque
798 1475 941 1537 regnum.
1000 1458 1068 1520 nari
1096 1457 1231 1535 volebat,
1249 1476 1344 1539 quam
1370 1476 1408 1519 er
1431 1456 1493 1519 alia
1518 1454 1620 1538 plebe,
1638 1454 1744 1518 simile

51 1532 178 1578 ¹¹⁸¹”'¹'¹⁴'
196 1558 273 1620 Nam
291 1557 325 1620 in
341 1557 412 1640 ipso
427 1558 507 1637 legis
522 1556 613 1621 initio
629 1557 736 1619 statim
752 1556 889 1639 populus
905 1556 944 1618 ad
999 1566 1053 1620 est
1072 1576 1108 1619 ac
1134 1556 1160 1618 si
1186 1565 1356 1637 quaeratur,
1374 1575 1430 1619 cur
1455 1574 1554 1617 unum
1582 1550 1695 1631 trahat,
1713 1561 1744 1617 et

197 1674 295 1737 regna
319 1656 570 1719 Chanauaeorum
595 1655 759 1719 invitatur.
787 1654 943 1731 Secundo,
999 1656 1098 1719 alium
1116 1675 1180 1720 nou
1203 1656 1306 1719 trahat
1323 1676 1329 1720 :
1348 1656 1434 1737 quod
1449 1674 1547 1738 quare
1567 1654 1742 1735 contingat,

197 1754 249 1817 lex
271 1773 356 1818 nova
376 1754 542 1837 antiquam
565 1754 771 1831 transcendit,
791 1752 943 1835 quoniam
1000 1756 1066 1820 noli
1092 1756 1297 1836 interrogare,
1322 1755 1349 1817 si
1372 1773 1435 1818 non
1458 1754 1507 1817 vis
1531 1772 1647 1817 errare.

198 1874 263 1919 non
286 1856 391 1919 solum
412 1874 543 1918 manum
564 1875 621 1918 seu
640 1874 722 1937 opus
743 1854 875 1931 malum,
892 1853 985 1917 t'cB
1038 1854 1193 1929 Quoniam
1205 1870 1279 1933 ergo
1290 1853 1341 1916 lex
1351 1862 1442 1917 vetus
1453 1851 1654 1917 solisJudaeis
1666 1870 1744 1933 praee

196 1972 270 2015 rum
285 1952 381 2016 etiam
392 1953 535 2016 animum
546 1961 579 2016 et
588 1952 797 2032 cogitationes
807 1952 944 2034 injustas
999 1952 1074 2016 stlta
1090 1952 1161 2030 fuit,
1171 1951 1242 2015 ideo
1257 1952 1313 2015 alii
1324 1971 1388 2016 non
1406 1952 1593 2015 tenebantur
1608 1949 1647 2012 ad
1663 1969 1740 2013 eam.

196 2052 329 2114 damnat
350 2070 387 2115 ac
409 2052 557 2126 cohibet3
575 2059 665 2115 vetus
686 2059 803 2127 autem,
818 2058 852 2112 ut
867 2050 945 2113 diei·
998 2053 1129 2134 Propter
1144 2052 1229 2133 quod
1241 2051 1409 2133 Dionysius
1425 2068 1509 2115 nono
1520 2049 1663 2115 Coelestis
1678 2048 1744 2112 hie-
1824 2090 1834 2099 -

63 2162 180 2213 tzod-nn
199 2157 261 2226 tur,
278 2169 410 2211 manum
430 2150 584 2213 cohibuit.
602 2150 641 2212 Et
650 2166 726 2229 ergo
740 2148 884 2212 Christus
899 2148 944 2211 di·
999 2150 1132 2214 rarchim
1141 2150 1282 2232 capitulo
1292 2150 1564 2227 affirmat,multos
1574 2148 1742 2229 gentilium

53 2240 180 2338 ¹3¹}ng
196 2248 242 2311 cit
259 2266 266 2309 :
284 2249 351 2310 Nisi
374 2248 584 2311 abundaverit
604 2247 730 2330 justitia
745 2256 850 2312 vestra
871 2248 944 2329 plus
1000 2268 1056 2331 per
1071 2248 1287 2311 ministerium
1304 2248 1491 2329 angelorum
1506 2249 1545 2310 ad
1556 2248 1653 2311 Deum
1670 2266 1744 2310 cen-

53 2355 82 2395 aa.
196 2366 293 2428 quam
311 2346 493 2409 Scribarum
508 2354 540 2410 et
554 2347 796 2423 Pharisaeorum,
815 2364 879 2409 non
897 2346 945 2407 in·
998 2346 1331 2411 versossinehlosaiea
1346 2346 1744 2427 lege.Vcrumtamenquia

197 2444 323 2507 trahitis
346 2445 380 2507 in
403 2462 536 2525 regnum
552 2445 717 2509 coelorum.
736 2444 852 2521 Tertio,
869 2443 945 2525 quia
999 2445 1049 2509 len
1063 2454 1156 2508 vetus
1171 2444 1386 2509 manifestatio
1403 2444 1464 2506 fuit
1480 2444 1558 2524 legis
1575 2452 1745 2521 naturae,et

198 2544 248 2607 lex
270 2553 363 2607 vetus
384 2543 510 2606 inducit
530 2544 569 2606 ad
589 2543 802 2607 obediendum
825 2541 944 2605 divinis
998 2545 1107 2626 aliqua
1122 2544 1366 2625 superaddebat,
1384 2543 1502 2606 idcirco
1524 2562 1635 2607 omnes
1658 2550 1744 2607 tone-

82 2657 145 2699 eeu.
196 2641 357 2705 mandatis
372 2642 485 2705 timore
496 2660 764 2725 poenarum,nova
775 2659 851 2705 vero
861 2659 945 2703 amo·
998 2643 1114 2705 bantur
1129 2643 1168 2704 ad
1184 2661 1265 2719 cam,
1283 2650 1437 2722 quantum
1453 2643 1493 2704 ad
1509 2649 1665 2723 praccepta
1681 2660 1745 2704 mo·

53 2724 181 2837 ᾞῘΜΜ
197 2761 231 2804 rc
247 2740 385 2823 Spiritus
400 2740 507 2803 Sancti
521 2760 528 2804 :
540 2741 596 2822 qui
607 2759 664 2822 per
678 2740 812 2821 gratiam
827 2739 944 2804 Christi
1000 2741 1079 2804 ralia
1093 2760 1164 2822 quae
1180 2740 1374 2817 continebat,
1388 2739 1420 2801 in
1438 2747 1560 2803 tantum
1579 2748 1610 2802 et
1625 2758 1662 2803 εο
1678 2759 1745 2803 mo-

197 2840 229 2902 in
247 2858 331 2903 nova
346 2840 415 2921 lege
432 2848 609 2922 praestatur,
627 2839 660 2900 in
676 2840 775 2903 veteri
796 2838 946 2921 praetigu-
999 2840 1051 2916 do,
1069 2847 1223 2920 quantum
1241 2847 1272 2901 et
1287 2856 1351 2919 quo
1367 2838 1461 2901 modo
1476 2846 1567 2902 erant
1586 2847 1745 2920 praeccpta

197 2939 338 3001 robatur.
363 2938 435 3001 ldeo
458 2937 654 3019 Augustinus
675 2938 745 3001 ait:
766 2937 874 3000 Brevis
896 2946 945 3001 est
999 2938 1080 3019 legis
1097 2946 1227 3015 natura,
1246 2955 1309 3000 nou
1325 2937 1402 3019 quia
1417 2944 1507 2999 erant
1530 2944 1687 3018 precepta
1702 2936 1744 2999 lo-

197 3056 288 3101 novae
311 3055 347 3101 ac
368 3036 484 3101 veteris
509 3037 588 3119 legis
610 3036 785 3113 distinctio,
804 3036 898 3100 timor
914 3046 943 3099 et
961 3042 983 3105 C
997 3037 1046 3118 gis
1062 3036 1188 3118 scriptae
1204 3056 1259 3100 seu
1275 3035 1390 3099 veteris
1405 3044 1501 3117 atque
1515 3034 1667 3098 llosaiem.

196 3154 298 3199 amor.
316 3135 388 3199 Sola
403 3153 478 3216 ergo
498 3136 548 3199 lex
563 3136 691 3213 Christi,
709 3144 757 3199 est
778 3136 829 3199 lex
845 3135 945 3217 perfc-
1031 3134 1272 3199 Rationabiliter
1284 3136 1410 3198 demum
1427 3135 1499 3197 data
1515 3143 1562 3197 ost
1576 3134 1627 3196 lox
1639 3142 1741 3209 vetus,

198 3233 315 3298 ctionis
331 3241 362 3296 et
376 3233 497 3315 gratim,
519 3234 571 3297 eui
586 3234 651 3297 alia
673 3234 762 3297 nulla
784 3234 942 3297 succedet.
1000 3254 1063 3298 non
1090 3234 1131 3297 ab
1158 3234 1282 3314 origiue
1308 3234 1418 3296 mundi
1442 3234 1492 3296 vel
1515 3233 1659 3309 Abnoba,
1687 3234 1743 3295 sed

62 3349 183 3399 sumna.
199 3334 266 3396 h'on
283 3332 369 3396 enim
386 3340 434 3395 cst
449 3331 535 3396 aliud
553 3352 669 3396 nomen
685 3333 794 3395 datum
810 3331 946 3394 homiui·
998 3332 1153 3415 Moysiad
1169 3331 1427 3395 confundendam
1445 3330 1743 3413 reprimendamquc

198 3431 271 3508 bus,
288 3432 322 3493 in
346 3450 411 3513 quo
434 3440 579 3513 oporteat
600 3449 655 3494 eos
676 3431 782 3494 salvos
804 3430 888 3506 fieri,
913 3438 945 3493 et
997 3432 1131 3494 humaui
1146 3431 1251 3495 cordis
1263 3430 1641 3514 superbiamDeduobus
1656 3430 1743 3493 enim

198 3548 263 3593 non
278 3538 328 3591 est
343 3530 375 3591 iu
391 3529 456 3592 alio
465 3529 574 3610 aliquo
589 3529 686 3591 salus.
698 3529 803 3592 Potest
817 3546 945 3610 quoque
999 3530 1165 3613 potissime
1189 3530 1284 3593 homo
1309 3528 1496 3611 superbivit,
1524 3529 1674 3592 videlieet
1704 3529 1743 3593 do

196 3634 311 3709 quarta
331 3627 405 3691 addi
421 3626 595 3704 distinctio,
612 3628 765 3709 quoniam
788 3626 838 3689 lex
854 3634 945 3689 vetus
999 3628 1134 3692 scientia
1153 3636 1184 3691 et
1201 3627 1342 3709 potentia
1359 3645 1366 3689 ε
1384 3628 1423 3691 do
1445 3627 1578 3691 scientia
1599 3627 1740 3709 quidem,

72 3740 181 3789 reama.
196 3745 298 3808 quum
314 3725 356 3788 sit
372 3725 570 3809 imperfecta,
592 3734 624 3789 et
645 3726 685 3788 ad
709 3725 811 3807 legem
826 3724 944 3788 Christi
998 3727 1090 3810 quasi
1107 3726 1261 3789 naturalis
1285 3726 1365 3790 ratio
1387 3726 1415 3789 ci
1436 3726 1589 3789 sufficere
1610 3735 1716 3808 posset
1734 3752 1741 3803 ;

57 3805 85 3843 '⁹’
197 3824 435 3907 preparatoria,
453 3825 525 3887 data
547 3831 628 3887 csta
647 3824 710 3887 Dco
731 3843 787 3906 per
801 3822 945 3888 ministe·
998 3825 1038 3887 de
1048 3824 1189 3905 potentia
1200 3842 1337 3906 quoque,
1347 3832 1495 3905 tanquam
1513 3844 1569 3906 per
1581 3824 1742 3905 propriam

70 3936 181 3986 traam..
198 3922 281 3985 rium
307 3922 506 4005 angelorum,
532 3922 658 3985 dicente
682 3922 833 4005 Apostolo
855 3944 861 3988 :
882 3925 944 3986 Lex
999 3931 1187 4006 potestatem
1203 3922 1305 4003 legem
1328 3923 1461 4004 implere
1476 3924 1606 3986 valeret.
1625 3923 1741 3986 florum

56 4002 84 4040 ¹⁹·
197 4023 271 4084 data
285 4029 335 4083 est
350 4040 406 4103 per
425 4020 556 4101 angelos
575 4020 609 4083 in
630 4040 726 4083 manu
746 4021 941 4084 mediatoris.
998 4040 1072 4086 vero
1084 4030 1255 4103 utrumque
1275 4020 1445 4085 manifeste
1461 4021 1577 4085 falsum
1594 4022 1742 4103 apparuit

55 4135 180 4188 nantem.
197 4120 235 4181 Et
250 4120 430 4201 Stephanus
445 4118 524 4183 dicit
542 4120 658 4182 ludaeis
680 4136 687 4181 :
704 4119 880 4201 Accepistis
901 4120 944 4183 le·
998 4129 1140 4202 tempore
1155 4119 1279 4201 Moysis,
1289 4120 1417 4201 quando
1432 4122 1471 4183 ad
1487 4120 1698 4184 idololatriam
1711 4129 1743 4183 et
1783 4137 1860 4182 naor.

196 4236 268 4298 gem
284 4218 318 4279 in
333 4216 544 4299 dispositione
564 4218 762 4299 angelorum.
780 4218 840 4281 Sed
861 4236 942 4283 nova
957 4219 983 4280 D
998 4217 1191 4281 innaturalis
1201 4226 1297 4299 atque
1313 4218 1497 4300 turpissima
1509 4217 1585 4282 vitia
1597 4218 1742 4282 homines
1756 4204 1880 4307 ¹22¹}ss

197 4317 259 4393 lex,
276 4335 376 4397 quum
401 4315 443 4377 sit
466 4335 591 4379 summa
611 4336 648 4379 ac
671 4316 793 4394 ultima,
810 4318 851 4380 ab
872 4318 942 4399 ipso
997 4316 1211 4381 declinabant.
1229 4316 1316 4380 Tunc
1331 4335 1406 4397 ergo
1422 4317 1694 4400 opportunissime
1710 4325 1742 4380 et
1758 4332 1798 4371 te·
1883 4295 1888 4314 ¹

198 4414 251 4477 Dci
268 4414 384 4491 Verbo,
401 4416 550 4478 Deovcro
566 4415 742 4492 incarnato,
760 4415 942 4479 immediate
996 4415 1299 4480 convenientissime
1320 4417 1393 4478 data
1415 4425 1463 4479 est
1485 4416 1546 4493 lox,
1565 4436 1621 4499 per
1645 4434 1740 4498 quam

57 4529 181 4614 'natata
197 4513 314 4576 donata
335 4521 394 4589 est,
413 4512 495 4575 sicut
518 4522 651 4576 testatur
670 4513 840 4595 Apostolus
859 4532 865 4576 :
883 4515 943 4578 No
996 4515 1170 4578 secundum
1183 4513 1369 4596 Apostolum
1386 4522 1434 4577 est
1449 4515 1589 4595 cognitio
1606 4513 1739 4597 peccati,
1755 4540 1886 4589 namma.

197 4610 329 4675 vissime
351 4610 464 4673 diebus
485 4610 555 4675 istis
578 4612 702 4676 loeutus
724 4621 773 4676 est
793 4612 886 4675 nobis
908 4612 940 4674 in
998 4620 1060 4675 tam
1077 4612 1110 4674 in
1127 4612 1320 4694 adjutorium
1341 4612 1445 4690 bonis,
1463 4632 1557 4694 quam
1582 4614 1614 4675 in
1635 4612 1741 4676 convi-

195 4707 289 4772 Filio.
996 4710 1136 4774 ctionem
1161 4710 1321 4791 malignis.
1348 4711 1486 4793 ldeoquc
1514 4712 1553 4774 ad
1584 4712 1741 4775 Romanos

235 4808 268 4871 Si
284 4826 361 4872 vcro
375 4818 546 4890 queratur,
563 4830 620 4873 eur
640 4811 722 4873 Deus
737 4818 876 4874 veterem
899 4810 943 4873 le·
996 4809 1108 4872 scribit
1129 4809 1299 4891 Apostolus
1316 4828 1323 4872 :
1341 4809 1430 4884 Quod
1450 4810 1649 4892 impossibile
1674 4816 1741 4873 erat
1774 4838 1885 4885 prgam,

193 4924 265 4987 gem
296 4906 479 4989 specialiter
504 4909 622 4991 populo
647 4909 796 4992 praestitit
818 4910 941 4972 ludam·
996 4908 1070 4987 legi,
1089 4906 1122 4970 in
1138 4927 1203 4989 quo
1220 4907 1446 4971 infirmabatur
1461 4928 1518 4991 per
1533 4928 1672 4985 earnem,
1687 4908 1741 4971 mi·
1755 4902 1806 4952 ³¹⁴·

195 5026 286 5070 rum:
305 5008 574 5089 respondendum,
588 5008 739 5088 quoniam
761 5010 868 5072 decuit
890 5028 942 5091 po
995 5005 1037 5067 sit
1052 5007 1133 5068 Deus
1149 5006 1263 5068 Filium
1280 5026 1385 5085 suum,
1403 5015 1436 5070 ut
1452 5006 1641 5088 justificatio
1663 5007 1740 5087 legis

194 5102 306 5182 pulum
327 5102 420 5164 illum
437 5104 567 5185 speciali
589 5104 758 5168 sanctitate
774 5105 894 5186 pollere
910 5115 941 5169 et
995 5103 1182 5186 impleretur
1194 5104 1226 5167 in
1239 5105 1331 5169 nobis
1348 5124 1404 5187 per
1417 5106 1584 5168 Dominum
1597 5113 1739 5169 nostrum

193 5200 306 5281 gratia,
323 5219 362 5263 ex
384 5219 448 5282 quo
469 5202 614 5265 Christus
636 5203 724 5266 nasci
748 5203 854 5283 elegit.
872 5204 940 5267 Non
995 5202 1047 5265 Dei
1064 5203 1279 5281 Unigenitum.
