4309 6259
510 530 683 579 ENAllllATlO
705 532 736 577 111
757 530 825 579 GAP.
848 531 944 578 XXXIV
964 532 1160 579 hohahonutt.
1181 552 1222 563 -
1241 533 1312 579 ART.
1336 533 1387 579 tul
1658 509 1718 573 507

170 698 202 761 id
219 707 278 776 est,
296 718 481 784 pergyrum
501 701 659 781 attingent
679 701 918 766 meridionalem
936 702 960 764 A
977 703 1100 786 phrona
1115 702 1604 784 intelligitururbsCilicia,qua
1618 718 1720 781 usque

172 800 823 883 terraepromissaepartempercscensnm
834 805 921 862 Scor·
977 822 1062 865 nunc
1085 803 1272 886 Sephaedum
1295 802 1484 885 appellatur.
1502 801 1591 862 Euan
1613 808 1720 861 autem

165 900 291 975 pionis,
301 898 333 961 id
349 907 397 961 est
412 918 469 982 per
489 906 627 963 montem
647 900 693 963 sic
708 900 918 976 nominatum,
976 900 1063 977 villa,
1083 900 1232 963 Hebraico
1253 900 1375 964 Asiram
1402 908 1614 981 nuncupatur.
1631 897 1721 960 Circa

169 996 325 1076 quoniam
336 996 519 1080 scorpiones
531 998 718 1063 habitabant
728 998 761 1060 in
772 1001 874 1076 catto
885 1009 921 1060 ct
976 1000 1043 1062 hac
1060 999 1162 1062 lertur
1178 999 1211 1061 in
1226 999 1356 1062 Glossa:
1374 999 1489 1061 Dicunt
1508 996 1631 1060 Hebraei
1651 1015 1721 1078 sep

171 1098 919 1170 6666666116866661166116666666616616
977 1098 1200 1160 tentrionalcm
1222 1098 1347 1180 plagam
1370 1099 1511 1179 incipere
1530 1116 1549 1158 a
1568 1094 1648 1157 mari
1664 1094 1721 1156 lla-

169 1194 217 1256 sic
229 1194 405 1272 dictum,et
415 1200 612 1275 pervenient
627 1201 671 1257 ad
687 1198 856 1257 nteridiem
872 1218 922 1257 ns-
976 1215 1050 1277 gno,
1068 1197 1154 1277 quod
1178 1196 1361 1273 Palaestina,
1378 1196 1543 1259 Phrenices
1567 1201 1599 1257 et
1624 1191 1721 1276 Syria

168 1298 292 1372 quenti
310 1296 519 1366 Cadesbcrne,
538 1296 656 1376 dequo
673 1294 743 1359 loco
759 1296 921 1378 scuoppi-
977 1294 1184 1377 pretenditur
1215 1293 1384 1371 littoribus,
1411 1302 1441 1356 et
1471 1312 1528 1375 per
1551 1292 1719 1374 AEgyptum

168 1391 210 1453 do
230 1392 353 1454 dictum
374 1401 433 1455 est.
451 1395 580 1473 Ioitpne
595 1414 655 1471 per
671 1414 792 1471 pyrum
815 1398 921 1455 termi-
976 1392 1079 1456 tendit
1093 1393 1132 1454 ad
1144 1392 1383 1474 LibyamQuod
1398 1401 1503 1455 autem
1516 1389 1722 1466 dicitur,Pcr-

169 1512 232 1551 nns
248 1490 309 1553 iste
324 1492 473 1554 australis
489 1496 528 1553 ob
543 1496 715 1562 Ascalone,
732 1492 763 1555 id
783 1500 831 1555 est
852 1492 921 1556 loco
976 1491 1141 1554 venientes
1166 1510 1268 1572 usque
1289 1492 1328 1553 ad
1351 1498 1492 1554 montem
1516 1489 1719 1563 altissimum,

169 1590 216 1651 sic
239 1598 437 1671 nuncupato,
456 1612 555 1670 nsque
569 1595 614 1651 oct
635 1602 803 1652 torrentem
819 1595 921 1670 AEpp-
976 1598 1143 1652 autumant
1158 1588 1335 1670 significari
1351 1598 1491 1653 montem
1503 1589 1658 1651 Amanum
1670 1586 1720 1650 vel

165 1692 247 1767 pti:
263 1689 350 1771 quod
372 1691 422 1771 (ut
446 1690 577 1772 quidam
601 1690 762 1771 dixerunt)
784 1709 847 1753 non
873 1700 921 1753 est
976 1688 1114 1751 'laurum
1133 1708 1139 1750 :
1157 1690 1242 1771 quod
1259 1688 1367 1751 verius
1382 1688 1518 1751 videtur.

169 1788 418 1870 intelligendum
435 1790 475 1851 dc
490 1788 571 1866 Nilo,
590 1790 645 1852 sed
661 1791 700 1853 (16
718 1790 820 1853 fluvio
840 1790 922 1852 mul·
1017 1787 1226 1869 Subjungitur
1241 1786 1280 1849 de
1301 1786 1446 1849 terminis
1465 1786 1565 1868 partis
1585 1785 1722 1849 orienta-

169 1894 237 1948 tum
265 1886 394 1964 minori,
416 1886 474 1969 qui
501 1887 714 1951 Rhinocolura
739 1888 866 1965 dicitur,
889 1897 920 1951 et
937 1888 960 1949 B
976 1885 1027 1947 lis.
1045 1890 1138 1958 Inde,
1156 1886 1306 1951 videlicet
1327 1906 1345 1948 a
1367 1887 1503 1949 termino
1528 1883 1718 1968 aquilonari,

167 1984 287 2048 dividit
303 1985 388 2047 inter
402 1986 570 2068 AEgyptum
588 1994 619 2049 61
634 1986 843 2064 Palaestinam,
862 1997 921 2050 est·
976 1988 1192 2057 metabuntur,
1211 1985 1242 2047 id
1262 1994 1310 2047 est
1330 1986 1496 2062 ducentur,
1513 1990 1595 2063 fines
1608 1994 1719 2044 eontra

168 2102 233 2165 quc
257 2084 414 2146 terminus
436 2093 528 2147 terra
551 2085 772 2166 promissionis
793 2106 811 2148 a
833 2095 920 2167 parte
975 2085 1164 2144 orientalem
1175 2088 1311 2161 plepem
1325 2088 1365 2144 rie
1380 2087 1462 2144 vitto
1477 2086 1575 2145 Ε666
1590 2084 1655 2164 jam
1677 2080 1721 2141 di·

167 2181 314 2257 australi,
343 2190 377 2243 ut
403 2183 616 2245 sextodecimo
643 2184 681 2245 (16
707 2184 839 2248 Civitato
865 2185 919 2247 hei
976 2188 1036 2258 cta,
1054 2203 1154 2261 napae
1169 2183 1344 2260 Sephcma,
1360 2202 1454 2263 quarn
1476 2182 1598 2245 Hebraei
1613 2180 1721 2262 Apha-

169 2279 280 2343 docuit
295 2280 504 2359 Augustinus.
517 2280 606 2343 Unde
621 2280 778 2345 Geneseos
794 2282 921 2364 quinto
976 2279 1072 2342 miam
1095 2288 1210 2343 vocant
1223 2304 1230 2355 3
1253 2292 1283 2342 ct
1301 2286 1341 2342 de
1356 2284 1519 2358 Sephcma
1533 2282 1721 2341 descendent

39 2388 155 2439 Ger-mtt-
170 2378 299 2441 docimo
314 2378 468 2441 Dominus
483 2378 528 2441 ait
548 2380 586 2441 ad
603 2379 781 2442 Abraham:
800 2381 921 2443 Semini
977 2381 1111 2439 termini
1127 2379 1179 2441 isti
1199 2378 1369 2442 orientales
1385 2383 1422 2440 in
1436 2382 1604 2451 Rehtatha,
1622 2378 1653 2439 id
1674 2386 1721 2440 est

171 2487 227 2541 tuo
242 2477 326 2541 dabo
341 2485 458 2541 terram
475 2479 557 2541 hanc
572 2498 591 2541 a
608 2477 709 2542 lluvio
725 2481 860 2563 AEgypti.
878 2484 921 2542 at
975 2476 1177 2540 Antiochiam
1203 2476 1300 2560 Syria
1328 2498 1367 2541 cx
1395 2478 1457 2540 alia
1487 2486 1586 2559 parte,
1609 2484 1721 2538 contra

170 2578 276 2639 616616
285 2579 404 2654 Mopni
419 2580 526 2639 littore
539 2581 677 2657 finietur
691 2597 765 2661 pars
781 2579 841 2641 ista
856 2599 921 2643 me
974 2578 1110 2654 fontem,
1125 2576 1157 2637 id
1178 2586 1226 2639 est
1245 2595 1283 2639 ex
1303 2577 1451 2660 opposito
1473 2576 1570 2639 lentis
1592 2575 1722 2638 nomine

46 2684 104 2727 inre
112 2699 125 2735 ι.
133 2687 153 2729 ⁴·
169 2675 350 2739 ridionalis.
360 2675 631 2750 Quemadmodum
647 2685 752 2739 autem
770 2677 803 2739 in
813 2678 917 2754 Josue,
975 2677 1165 2753 Daphnim:
1181 2675 1221 2737 (16
1242 2694 1305 2756 quo
1325 2674 1495 2739 Antiochia
1515 2673 1722 2737 abundantis-

169 2774 347 2855 multisque
370 2773 450 2837 locis
471 2774 652 2858 Scriptura,
671 2776 715 2837 ita
737 2784 767 2838 ct
788 2776 841 2839 hic
864 2796 920 2859 per
976 2772 1065 2834 simis
1092 2771 1209 2835 lruitur
1232 2773 1335 2855 aquis,
1358 2774 1533 2837 secundum
1554 2772 1718 2846 Glossam3

169 2872 630 2955 marcldagnum,intclligitur
646 2892 709 2937 non
726 2893 812 2937 mare
827 2874 921 2937 Ocea·
975 2878 1071 2952 atquc
1092 2872 1141 2951 (ut
1164 2870 1279 2951 lcrtur)
1300 2872 1334 2933 in
1359 2872 1420 2936 hoc
1446 2872 1534 2934 lonte
1558 2879 1605 2933 est
1628 2889 1720 2934 verus

169 2990 260 3048 num,
279 2972 366 3053 quod
382 2980 431 3033 cst
446 2970 637 3053 simpliciter
653 2990 803 3052 magnum
820 2991 917 3049 mare,
975 2977 1063 3031 ortus
1077 2969 1235 3046 iordanis,
1248 2970 1400 3051 quoniam
1417 2970 1516 3052 paleae
1531 2969 1576 3031 ibi
1593 2969 1721 3050 imposi-

168 3071 224 3132 sod
252 3089 341 3132 marc
365 3070 640 3147 Mediterraneum,
662 3072 749 3151 quod
774 3079 919 3153 respectu
937 3067 959 3131 C
976 3075 1023 3143 tm,
1035 3067 1233 3149 recipiuntur
1244 3088 1301 3150 per
1314 3069 1578 3131 mediterraneam
1589 3067 1672 3131 viam
1686 3067 1720 3129 in

168 3170 267 3243 maris
283 3169 407 3245 llortui,
425 3168 543 3231 dicitur
558 3189 720 3251 magnum.
976 3164 1064 3228 ionte
1081 3165 1135 3247 qui
1152 3165 1268 3229 dicitur
1284 3168 1361 3243 Dan,
1378 3185 1476 3248 aquo
1496 3176 1526 3229 et
1547 3167 1611 3230 alio
1632 3165 1720 3230 lontc

209 3267 412 3349 Sequiturdc
429 3268 572 3349 ejusdem
589 3276 682 3331 terra
697 3268 919 3351 promissionis
973 3264 1026 3327 Jor
1037 3264 1177 3341 nomine,
1191 3283 1306 3328 nomen
1323 3266 1459 3347 sumpsit
1473 3265 1628 3329 iordanis.
1639 3270 1720 3327 Inde

167 3366 307 3429 termino
323 3366 525 3430 occidentali.
535 3371 642 3445 Piapa
657 3378 764 3428 antem
778 3370 919 3429 occiden-
969 3366 1160 3441 pervenient
1175 3364 1304 3427 termini
1320 3364 1491 3428 orientales
1506 3368 1550 3426 661
1565 3386 1654 3426 marc
1670 3369 1721 3428 Ge-

168 3468 283 3526 taliae
302 3468 390 3526 mori
410 3468 530 3543 Mopno
553 3467 699 3543 incipiet,
716 3476 746 3526 et
767 3467 919 3544 ipso'fine
973 3464 1108 3523 nereth:
1124 3463 1210 3544 quod
1233 3464 1408 3526 secundum
1427 3463 1568 3526 Glossam
1592 3473 1640 3527 est
1661 3474 1721 3526 sta-

166 3568 352 3635 ctandctnr,
371 3562 403 3626 id
419 3573 467 3626 cst
487 3563 624 3626 termino
645 3563 741 3625 maris
762 3564 916 3645 ejusdem,
973 3580 1072 3643 gnum
1097 3580 1153 3625 seu
1178 3580 1265 3624 marc
1290 3562 1477 3639 Tiberiadis,
1497 3571 1608 3643 estque
1633 3563 1720 3626 lacus

168 3662 213 3723 ita
228 3661 315 3743 quod
337 3680 402 3724 non
425 3662 611 3724 extendetur
631 3662 714 3723 ultra
736 3662 796 3725 hoc
819 3682 916 3726 marc.
974 3679 1119 3741 magnus,
1139 3660 1172 3722 in
1195 3661 1287 3742 cujus
1310 3661 1416 3723 littore
1435 3660 1504 3724 sita
1521 3670 1596 3723 sunt
1610 3661 1718 3740 urbes,

167 3760 236 3824 h'on
252 3770 360 3823 autern
378 3768 482 3842 potest
496 3779 553 3843 per
568 3760 919 3840 marchlagnum,mare
975 3758 1104 3821 nominc
1133 3758 1285 3835 Tiberias,
1312 3759 1514 3837 Genesarcth,
1540 3760 1717 3836 Bethsaida,

166 3860 328 3923 Oceanum
339 3859 531 3941 accipi,quia
542 3860 588 3922 sic
599 3858 765 3922 liliilsrael
778 3861 918 3923 nondum
974 3876 1045 3938 qua
1066 3865 1140 3919 sunt
1162 3856 1280 3939 oppida
1299 3856 1446 3921 Galilaeae.
1463 3858 1551 3920 Unde
1569 3858 1601 3919 in
1617 3860 1720 3922 Evan-

166 3959 388 4022 obtinuissent
405 3967 503 4021 totam
522 3967 637 4021 terram
654 3959 699 4021 eis
716 3960 916 4041 promissam.
973 3955 1056 4037 gelio
1082 3955 1266 4019 nominatur
1290 3974 1377 4019 maro
1401 3955 1548 4035 Galilaea,
1565 3960 1717 4039 quoniam
1732 3983 1866 4032 rounam.

208 4056 363 4121 Subditur
376 4058 415 4120 dc
432 4057 577 4124 terminis
594 4057 694 4139 plaga
709 4058 915 4139 aquilonaris.
974 4055 1089 4116 transit
1105 4072 1161 4136 per
1176 4073 1257 4117 cam.
1274 4057 1318 4116 Et
1333 4059 1462 4117 16661661
1477 4078 1577 4136 usqne
1591 4061 1635 4118 ad
1648 4061 1719 4119 Jor-

166 4160 271 4219 Porro
288 4159 333 4216 ad
347 4158 630 4233 septentrionalem
646 4159 780 4233 plepem
796 4178 817 4217 6
832 4158 919 4217 meri
973 4157 1102 4226 donem,
1122 4153 1178 4235 qui
1203 4154 1339 4217 transire
1364 4153 1465 4217 lertur
1489 4175 1546 4237 por
1571 4164 1718 4236 stagnum

167 4258 301 4331 Mopno,
320 4254 353 4315 id
375 4262 425 4315 est
442 4253 680 4329 Mediterraneo,
699 4262 776 4335 puta
795 4254 835 4316 ab
855 4274 918 4317 una
933 4259 957 4320 l)
975 4251 1195 4333 praelatum,et
1210 4255 1254 4312 ad
1269 4255 1423 4315 nltimam
1433 4257 1618 4317 Sataiasimo
1633 4260 1720 4316 clon-

167 4353 238 4434 cjus
262 4360 353 4433 parte
375 4371 486 4415 versus
508 4350 692 4432 aquilonem
716 4352 916 4433 respiciente,
973 4354 1092 4411 dentur
1114 4353 1212 4422 inari,
1231 4351 1316 4431 quod
1342 4350 1404 4413 luit
1430 4353 1462 4414 in
1486 4354 1603 4433 angulo
1628 4362 1720 4418 terras

168 4453 305 4511 termini
328 4451 497 4528 incipient,
510 4452 733 4527 pervenientes
755 4472 854 4530 nsque
875 4454 919 4511 611
973 4448 1122 4510 Chanaau
1152 4448 1300 4510 lsraelitis
1331 4450 1506 4530 promissa,
1533 4451 1718 4515 orientalem

168 4560 309 4611 montem
324 4551 531 4620 citissimam,
543 4548 574 4610 id
586 4557 633 4611 est
645 4548 758 4611 ceteris
773 4548 918 4611 altiorem
974 4554 1096 4628 partem
1112 4566 1184 4609 oum
1201 4546 1390 4609 occidentali
1410 4549 1591 4632 copulante.
1608 4549 1720 4623 Quem·

168 4648 200 4709 in
217 4648 283 4711 situ
299 4655 391 4710 terrae
407 4646 515 4709 illius:
534 4666 590 4730 per
605 4666 700 4728 quern
720 4647 850 4727 quidam
872 4648 918 4710 in·
973 4644 1144 4707 admodum
1161 4644 1246 4707 enirn
1262 4645 1409 4707 australis
1423 4646 1516 4727 plaga
1531 4646 1660 4710 inchoat
1675 4647 1721 4709 in-

166 4745 318 4827 telligunt
338 4752 479 4807 montem
496 4744 618 4821 Libani,
637 4744 692 4826 qui
713 4764 782 4807 esse
803 4744 918 4825 legitur
973 4743 1023 4818 (16,
1041 4742 1073 4804 id
1089 4751 1138 4805 cst
1152 4762 1171 4805 a
1186 4742 1266 4804 mari
1283 4742 1339 4806 illo
1355 4735 1603 4822 Salsissimo‚sic
1618 4745 1720 4809 orion-

165 4845 199 4907 in
216 4844 356 4908 termino
370 4842 552 4925 aquilonari
569 4851 659 4907 terra
676 4844 915 4925 promissionis;
974 4840 1046 4903 talis
1068 4860 1142 4922 pars
1164 4841 1353 4903 terminatur
1377 4843 1417 4905 ad
1443 4842 1559 4924 ipsum.
1577 4843 1720 4925 Denique

165 4966 185 5005 o
202 4964 265 5024 qno
281 4946 412 5003 venient
429 4945 607 5013 inlimatis,
619 4942 649 5003 id
666 4951 831 5023 estusque
847 4961 919 5023 pro-
973 4938 1033 5001 ista
1050 4939 1230 5003 terminatio
1244 4948 1335 5003 terra
1347 4941 1510 5022 promissae
1521 4942 1561 5003 ad
1574 4942 1720 5023 hocque

166 5062 207 5125 pc
228 5040 442 5117 Antiochiam,
461 5061 561 5120 usqne
582 5044 626 5100 ott
649 5042 800 5101 terminos
820 5044 918 5102 Serio-
973 5057 1035 5118 que
1052 5038 1231 5099 necessaria
1246 5037 1318 5113 luit,
1332 5039 1481 5120 quoniam
1499 5048 1586 5102 extra
1602 5048 1717 5103 terram

164 5146 233 5213 ‹io,·
249 5143 406 5219 iteratque
425 5140 568 5217 confinio
590 5160 689 5218 noque
704 5141 874 5216 Zephrona
888 5150 917 5200 et
972 5134 1194 5220 promissionis
1218 5154 1282 5198 nou
1305 5136 1395 5198 licuit
1418 5136 1499 5198 titiis
1523 5138 1616 5201 lsrael
1640 5148 1718 5201 tem-

166 5242 283 5301 611166
301 5240 411 5310 Enna,
431 5237 462 5299 id
483 5247 541 5313 cst,
562 5238 744 5318 pertingent
761 5238 916 5318 usquead
972 5235 1059 5317 plum
1076 5233 1237 5296 adificare
1252 5243 1306 5295 aut
1322 5234 1514 5297 sacrificare.

165 5337 235 5401 loca
261 5336 321 5400 sio·
335 5335 441 5399 dicta:
458 5342 490 5398 et
511 5336 599 5415 juxta
613 5333 767 5411 Glossam,
787 5354 843 5417 per
865 5336 917 5398 Ze·
1011 5335 1054 5395 Et
1069 5334 1117 5392 ait
1133 5332 1292 5393 Dominus
1311 5335 1356 5392 od
1376 5336 1507 5411 Moysen
1523 5337 1623 5396 :Hac
1641 5346 1718 5396 aunt
