4309 6259
589 521 763 570 munusue
784 525 815 570 ur
838 524 906 571 ene.
930 524 959 570 n
981 526 1119 575 curreret.
1142 547 1181 558 -
1202 529 1273 577 nnn.
1298 532 1329 577 ru
1674 515 1729 578 lul

179 690 289 753 omnia
303 692 369 754 ritu
384 692 592 757 oflerebatur.
602 696 692 760 Unde
707 705 738 760 ct
754 697 859 760 littera
870 696 930 758 ista
946 696 971 759 Α
986 696 1042 774 tin,
1059 700 1145 779 quod
1168 697 1228 762 luit
1249 709 1336 764 tanto
1357 702 1529 780 enormius,
1546 712 1666 785 quante
1688 704 1734 766 di-

178 807 218 850 ex
243 790 431 872 praehabitis
455 794 541 856 clara
566 803 625 856 est.
650 799 693 857 m
717 807 849 874 repente
869 817 929 874 pro
984 797 1078 876 gnior
1109 799 1229 860 exstitit
1256 800 1454 882 principatus
1484 801 1596 883 ipsius,
1624 803 1732 866 hircus

177 889 223 947 cis
243 893 416 962 sacerdote,
431 894 598 969 propitius
615 895 679 954 crit
697 896 743 954 eis·
758 896 929 963 uolumus,
985 893 1041 975 qui
1065 894 1128 957 vile
1151 904 1199 959 est
1220 898 1351 974 animal,
1376 899 1610 963 immolabatur.
1629 901 1731 982 hique

177 985 379 1049 multitudini
411 988 618 1070 ignoscendo,
652 991 825 1054 dummodo
856 1009 930 1054 vore
985 1000 1019 1053 ut
1035 993 1149 1056 asserit
1162 995 1272 1058 Glossa
1290 1015 1296 1058 :
1316 997 1372 1059 Per
1388 997 1448 1060 hoe
1470 998 1574 1080 ipsum
1592 999 1731 1078 gravitas

177 1085 334 1166 poeniteat
351 1104 358 1147 :
378 1105 443 1150 non
465 1087 553 1151 enim
573 1089 691 1152 virtute
706 1089 859 1153 sacrificii
875 1091 930 1152 bu·
985 1091 1087 1173 culpae
1103 1093 1258 1176 principis
1275 1095 1466 1173 insinuatur,
1483 1098 1570 1179 quod
1589 1106 1651 1160 tam
1668 1097 1731 1160 vile

175 1183 229 1264 jus
247 1183 383 1264 ignovit,
403 1187 458 1248 scd
475 1187 724 1269 perorationem
744 1189 927 1264 sacerdotis,
984 1208 1082 1271 pecus
1098 1199 1129 1253 ct
1146 1190 1292 1262 ioetidum
1313 1213 1370 1275 pro
1391 1195 1461 1276 ejus
1482 1197 1668 1260 remissione
1683 1195 1732 1259 ol-

176 1283 470 1366 contritionemque
485 1285 683 1368 populi,imo
698 1286 930 1369 etpersacrili·
985 1289 1158 1352 terebatur.
1185 1295 1349 1374 Pouetqne
1368 1316 1503 1355 inuicem
1524 1317 1617 1357 stram
1636 1315 1731 1373 snper

177 1381 277 1458 cium,
297 1383 332 1444 in
354 1392 511 1464 quantum
526 1403 571 1453 ,ex
593 1385 670 1462 lide,
695 1386 877 1450 obedientia
899 1393 930 1449 et
984 1399 1082 1465 ceput
1107 1390 1176 1465 ejus
1192 1413 1205 1460 ,·
1229 1411 1392 1471 quicunque
1416 1395 1633 1454 immolaverit
1657 1415 1730 1454 crem

175 1480 350 1544 devotione
370 1482 481 1565 populi
502 1491 535 1546 et
554 1502 611 1565 per
630 1485 807 1549 orationem
828 1503 930 1548 secer-
985 1505 1042 1568 per
1057 1489 1230 1551 sacerdotis
1246 1488 1445 1572 obsequium,
1464 1494 1498 1552 in
1522 1497 1597 1566 loco,
1615 1493 1671 1552 uhi
1684 1511 1731 1552 so-

175 1579 262 1642 dolis
287 1588 455 1663 acceptum
482 1580 554 1643 tuit.
578 1585 693 1660 Ipsum
715 1595 823 1644 aretem
845 1586 930 1644 citet·
986 1591 1026 1646 iet
1051 1590 1190 1648 citeriori
1210 1589 1430 1651 holocaustem
1452 1612 1560 1652 coram
1581 1595 1731 1662 Domine,

176 1681 260 1748 trem,
276 1677 311 1739 id
327 1687 376 1741 cst
391 1698 502 1743 carnes
518 1680 616 1743 occisi
637 1681 801 1762 oblatique
823 1681 927 1758 vituli,
985 1693 1062 1766 puta
1077 1685 1111 1746 in
1127 1686 1208 1749 atrio
1225 1687 1431 1766 tabernaculi,
1449 1690 1538 1771 juxte
1558 1690 1656 1753 altare
1676 1691 1732 1754 ho—

175 1781 285 1853 efferet
298 1788 393 1838 extre
409 1789 629 1858 cartramtquc
638 1782 798 1840 comburet
809 1778 929 1841 ibidem
986 1784 1131 1861 locausti,
1154 1787 1232 1864 prtia
1251 1807 1313 1864 pro
1330 1799 1457 1864 peceato
1480 1800 1536 1859 est,
1560 1793 1660 1866 tinpet
1681 1811 1731 1851 sa·

175 1874 210 1935 in
233 1875 304 1938 loco
324 1877 457 1952 mundo,
473 1879 558 1937 sicut
572 1887 602 1937 et
613 1880 757 1954 priorem
774 1881 928 1948 vitutem,
947 1881 1092 1944 Beerdoo
1121 1886 1263 1960 clipittrm
1295 1888 1330 1946 r'n
1354 1889 1514 1964 serpente
1538 1891 1648 1950 bustric
1670 1910 1729 1966 pro

175 1971 208 2034 id
233 1980 294 2051 est,
319 1975 589 2056 quemadmodum
614 1976 793 2057 exportavit
817 1995 928 2039 carnes
980 1988 1119 2054 peceato,
1138 1977 1287 2042 videlicet
1306 1980 1387 2042 hirci
1408 1981 1517 2059 oblati,
1537 1993 1678 2061 temperer,
1697 1981 1730 2046 id

175 2071 271 2133 rituli
294 2091 354 2154 pro
377 2091 434 2135 suo
454 2081 585 2154 peccato
604 2067 704 2136 oblati
722 2092 729 2136 :
747 2075 787 2136 de
806 2093 870 2156 quo
885 2074 929 2136 ri-

175 2171 244 2234 tulo
259 2173 328 2253 jam
344 2172 434 2254 prius
449 2172 552 2235 lactus
568 2181 615 2237 est
634 2192 759 2248 scrm03
777 2178 856 2254 qnia
867 2195 928 2252 pro

173 2281 364 2347 percernere
384 2271 671 2341 centumuiralem
693 2279 752 2348 est,
770 2257 928 2354 ⁴quonium

174 2369 300 2430 vitulus
331 2369 391 2431 iste
421 2368 547 2431 oblatus
572 2377 621 2432 est
651 2388 709 2451 pro
739 2370 928 2432 remissione

175 2467 301 2550 peccati
324 2468 427 2550 ipsius
446 2468 583 2550 populi:
607 2477 737 2551 propter
758 2470 843 2551 quod
863 2488 930 2531 om-

175 2567 256 2630 niuo
273 2566 484 2642 comburitur,
502 2567 585 2629 sicut
600 2575 632 2629 et
652 2567 707 2630 ille
729 2568 785 2649 qui
807 2587 864 2649 pro
884 2587 930 2629 sa·

984 2083 1032 2138 est
1053 2076 1208 2157 sanguine
1228 2077 1357 2155 linienS,
1374 2101 1496 2142 cornere
1514 2083 1630 2142 citaris
1644 2085 1730 2142 hele-

960 2250 963 2256 ,
983 2178 1088 2237 causti
1099 2197 1109 2235 .·
1122 2177 1161 2238 de
1172 2177 1326 2257 sanguine
1340 2178 1489 2259 equidem
1506 2178 1617 2243 hostie
1633 2180 1728 2262 hujus

985 2293 1048 2336 non
1075 2274 1256 2356 tingebatur
1286 2276 1384 2340 altere
1415 2278 1642 2359 thymiamatis,
1670 2297 1728 2342 nee

985 2372 1147 2436 ferebatur
1164 2373 1196 2434 in
1213 2374 1464 2438 tabernaculum.
1478 2376 1587 2440 Cetera
1602 2397 1673 2459 quae
1688 2378 1728 2440 de

984 2471 1146 2534 sacrificio
1167 2472 1227 2535 isto
1248 2473 1431 2536 scribuntur
1451 2474 1483 2536 in
1505 2484 1602 2554 textu,
1620 2485 1729 2559 patent

984 2589 1022 2632 ex
1037 2571 1254 2652 praeinductis.

174 2665 318 2728 cerdotis
338 2674 469 2747 peccato
489 2674 537 2728 est
558 2665 753 2743 immolatus,
771 2666 863 2748 cujus
883 2667 929 2728 rei
1025 2663 1175 2745 Sequitur
1191 2666 1230 2728 de
1246 2665 1407 2730 sacrificio
1423 2666 1589 2732 offerendo
1611 2688 1668 2752 pro
1684 2689 1730 2732 re

175 2764 320 2827 rationes
334 2765 402 2846 J'am
418 2773 509 2827 taetre
524 2773 611 2826 sunt.
986 2763 1139 2826 missione
1163 2765 1285 2846 peccati
1308 2784 1452 2847 personae
1474 2767 1617 2848 privatae·
1641 2773 1731 2838 Quod

217 2867 372 2948 Sequitur
394 2867 433 2930 de
454 2866 559 2929 hostia
579 2886 637 2949 pro
658 2867 753 2949 pulpa
774 2867 930 2950 principis
984 2865 1015 2920 si
1034 2866 1215 2939 peroraverit
1240 2867 1353 2924 enimc
1369 2885 1430 2941 per
1449 2867 1670 2942 reuerentiam
1692 2871 1730 2928 de

176 2964 412 3028 ottcrcndast
417 2969 599 3043 peccaverit
606 2967 836 3044 princepsPer
847 2967 931 3048 prin·
982 2965 1103 3038 populo
1128 2972 1229 3033 terrie,
1248 2962 1279 3024 id
1303 2971 1350 3024 cst
1370 2982 1505 3046 persona
1528 2965 1668 3046 vulgaris
1690 2967 1730 3028 ad

175 3064 286 3146 cipem
317 3083 382 3127 non
412 3063 516 3127 solum
546 3064 738 3143 intelligitur
763 3084 929 3147 supremus
947 3069 969 3132 C
985 3060 1141 3141 populum
1159 3068 1248 3122 terrae
1264 3061 1357 3124 lsrael
1378 3063 1552 3144 pertinens
1571 3063 1615 3127 ita
1631 3075 1666 3124 nt
1681 3066 1730 3142 su-

176 3164 344 3246 princepS,
361 3181 418 3226 seu
434 3181 489 3226 rex
509 3171 564 3225 aut
582 3163 679 3244 judex
695 3163 793 3226 totius
809 3162 931 3226 Israeli·
985 3159 1050 3218 rint
1074 3161 1255 3238 quidquam
1280 3181 1320 3219 eu:
1341 3163 1391 3221 iris
1415 3182 1485 3240 qum
1508 3164 1643 3223 Deretini
1664 3166 1730 3239 iepe

178 3261 378 3344 ticaeptebis,
390 3261 553 3325 sedetiam
570 3260 732 3343 principes
745 3261 927 3326 inferiores:
981 3259 1207 3334 preliabantur,
1224 3269 1317 3338 atquc
1337 3261 1517 3339 delinquat,
1533 3271 1562 3320 et
1582 3279 1730 3338 coqueur-

175 3360 255 3441 quia
271 3361 449 3424 secundum
464 3360 636 3442 losephum
652 3369 683 3422 et
698 3360 880 3438 Magistrum
897 3361 930 3422 in
984 3357 1030 3415 rit
1041 3367 1208 3432 peceatum
1222 3377 1330 3418 suern.
1348 3357 1431 3420 luter
1446 3368 1610 3440 peccatum
1627 3367 1658 3422 ct
1675 3361 1731 3422 ‘de-

175 3457 337 3534 historiis,
355 3458 505 3540 princeps
522 3458 575 3520 hic
591 3466 696 3540 potest
711 3458 848 3539 intelligi
865 3459 931 3521 chi·
985 3453 1097 3515 lictum
1127 3454 1207 3517 solet
1237 3455 1424 3518 dillerentia
1453 3457 1621 3537 assignari,
1653 3458 1730 3539 quia

177 3558 334 3634 liarchus,
351 3557 384 3619 id
406 3566 455 3620 est
476 3558 627 3640 prinecps
647 3577 743 3639 super
761 3558 861 3634 mille,
881 3559 929 3621 rel
986 3561 1150 3634 peecatum
1167 3554 1295 3636 proprie
1311 3555 1428 3617 dieitur
1442 3556 1518 3617 mali
1534 3556 1728 3632 commissio,

178 3655 342 3719 tribunus,
355 3658 399 3717 Et
409 3659 523 3736 fecerit
538 3677 641 3717 unum
657 3677 697 3716 cu
707 3658 860 3732 pleribus
871 3677 931 3733 per
985 3651 1138 3714 delictum
1155 3671 1229 3715 vcro
1245 3652 1322 3714 boni
1338 3653 1479 3716 omissio.
1493 3653 1547 3716 l'cl
1566 3663 1730 3736 peccatum

176 3757 418 3832 iquoruntiem,
440 3759 526 3834 qrrod
545 3757 680 3816 Domini
700 3760 765 3832 leffe
782 3757 931 3832 prehibe-
985 3759 1127 3828 vocatur,
1146 3751 1231 3831 quod
1247 3752 1374 3829 gravius
1391 3759 1439 3814 θεῖ
1459 3761 1489 3814 et
1509 3753 1731 3835 eupropositu

178 3865 245 3927 tur,
273 3854 306 3916 id
331 3861 391 3931 est,
418 3854 596 3917 omittendo
620 3854 669 3917 vel
701 3855 930 3917 committendo
987 3848 1107 3911 lactum
1122 3873 1129 3924 ;
1147 3849 1406 3931 delictum,quod
1422 3851 1528 3914 minus
1544 3860 1575 3914 et
1591 3871 1628 3914 ex
1644 3851 1732 3913 inlir-

176 3953 352 4017 violaverit
365 3955 590 4034 quodcumque
605 3953 660 4015 llci
677 3960 931 4034 praeceptum3et
986 3949 1097 4010 mitatc
1122 3956 1177 4010 eut
1202 3949 1381 4029 ignorantie
1406 3957 1633 4032 perpetratum.
1660 3951 1733 4013 Fre-

172 4063 288 4130 postea
303 4053 503 4113 inulteeerit
513 4062 684 4129 peccatum
698 4073 808 4121 serrem,
823 4054 931 4130 offeret
986 4055 1122 4128 quenter
1140 4056 1244 4110 tumen
1261 4067 1360 4109 unum
1376 4047 1509 4111 istorum
1525 4068 1582 4131 pro
1602 4048 1665 4112 elio
1681 4069 1732 4112 su·

176 4154 321 4212 bostiam
336 4171 445 4211 coram
462 4152 612 4221 Domine,
625 4151 753 4210 hircum
769 4152 932 4226 deceperis
987 4146 1095 4207 mitur.
1110 4149 1223 4225 Offerct
1238 4167 1371 4224 caprum
1386 4149 1645 4218 immaculatum,
1660 4167 1731 4230 quae

177 4258 305 4325 natum,
333 4248 384 4312 vel
412 4249 452 4311 de
476 4265 571 4330 grege
601 4247 720 4329 speciei
750 4266 929 4330 caprarum,
946 4247 971 4309 l)
987 4244 1135 4307 subditur
1156 4245 1256 4322 hirco,
1274 4246 1543 4326 quemadmodum
1569 4247 1639 4329 ipsa
1663 4267 1732 4329 per·

177 4350 445 4408 immacutatum.
472 4346 634 4420 Quomodo
659 4346 778 4424 hircus
803 4344 858 4427 qui
884 4353 932 4408 est
987 4363 1064 4407 sona
1079 4343 1219 4424 vulgaris
1235 4344 1384 4426 principi.
1403 4345 1441 4406 Et
1461 4343 1494 4406 in
1514 4346 1574 4408 hoc
1591 4354 1728 4424 notatur,

175 4445 301 4508 animal
327 4444 393 4508 vile
411 4453 445 4508 et
470 4444 628 4521 loetidum‚
651 4453 756 4526 potest
780 4463 849 4507 esse
873 4444 932 4506 im·
986 4445 1072 4526 quod
1088 4441 1181 4524 culpa
1196 4442 1276 4524 cjuS,
1290 4443 1403 4506 ceteris
1419 4442 1560 4524 poribus,
1574 4445 1615 4505 sit
1631 4445 1731 4508 levior

176 4544 387 4607 maculatusl
402 4543 590 4619 Dicendum,
607 4543 694 4623 quod
709 4542 931 4605 immaculatus
987 4562 1084 4624 quam
1105 4541 1261 4623 principis
1282 4541 1386 4623 eulpa.
1403 4545 1447 4602 Et
1468 4545 1645 4603 immolabit
1660 4565 1731 4604 eam

177 4651 327 4719 vocatur,
345 4642 422 4724 quia
441 4641 683 4704 defectuositate
705 4650 737 4703 et
756 4648 933 4705 menstruo·
988 4645 1024 4702 in
1036 4641 1371 4709 tocchelccunstt,etc.
1385 4643 1445 4701 Sin
1459 4652 1566 4701 eutem
1582 4643 1732 4702 obtuterit

178 4742 276 4804 sitate
293 4741 447 4803 reddente
462 4739 607 4821 ineptum
628 4741 667 4801 ad
688 4739 930 4816 immolandum,
988 4743 1156 4801 victimam
1168 4759 1230 4816 pro
1242 4749 1370 4816 perroto
1390 4743 1428 4798 dc
1442 4742 1620 4817 pecoribus,
1637 4739 1734 4802 idest

177 4849 228 4904 θεῖ
243 4858 359 4904 careus
378 4856 385 4899 ε
403 4847 435 4901 et
449 4847 534 4901 recte
550 4857 607 4920 pro
627 4847 757 4920 peccato
777 4838 933 4920 principis

177 4941 294 5004 hircus
304 4937 673 5019 oflerebatur,quoniam
689 4937 797 5000 hircus
813 4937 934 4999 estdux

177 5057 365 5121 caprarum,
383 5036 466 5098 sicut
481 5035 564 5098 aries
579 5034 698 5098 ovium.
710 5035 793 5099 Dicit
807 5054 934 5117 quoque

177 5137 285 5201 Rabbi
308 5135 442 5216 Moyses,
464 5135 551 5216 quod
576 5142 696 5214 quanto
720 5133 849 5215 gravius
872 5132 935 5195 luit

179 5244 364 5319 peceatum,
392 5242 480 5296 tanto
509 5233 605 5298 vilior
634 5233 756 5315 species
785 5231 934 5294 animalis

179 5334 386 5400 oflerebatur
405 5351 463 5414 pro
484 5351 532 5394 eo.
549 5331 628 5394 Nam
645 5349 703 5414 pro
719 5330 875 5413 principis
891 5330 935 5393 ri-

311 5468 344 5522 Τ.
363 5467 387 5518 2.

988 4840 1027 4901 dc
1043 4857 1138 4920 grege
1156 4855 1163 4899 :
1182 4857 1255 4899 nam
1271 4837 1428 4914 subditur,
1439 4857 1527 4898 neem
1541 4827 1661 4900 s'cih‘cet
1677 4841 1734 4899 im-

989 4941 1201 5006 maculatam,
1217 4935 1333 4999 olleret
1350 4935 1388 5012 is,
1401 4935 1457 5018 qui
1473 4936 1598 4998 hircum
1614 4945 1670 4999 aut
1685 4956 1735 4999 ce·

990 5054 1079 5118 pram
1092 5033 1210 5097 babere
1221 5053 1285 5096 non
1297 5041 1430 5116 poterat.
1440 5033 1497 5096 Vol
1510 5033 1642 5097 lorsiten
1655 5035 1736 5098 liber

991 5134 1052 5196 luit
1067 5133 1122 5214 qui
1143 5133 1296 5214 peccavit,
1315 5131 1463 5215 princeps
1484 5152 1540 5196 seu
1559 5133 1734 5216 popularis,

989 5233 1029 5295 ad
1044 5231 1246 5294 offerendum
1264 5238 1444 5312 utrumque,
1462 5249 1518 5294 seu
1533 5232 1666 5295 alterum
1682 5233 1737 5294 bo-

991 5350 1073 5393 rum.
1091 5330 1200 5392 Cetera
1216 5327 1301 5392 clara
1316 5337 1400 5391 sunt.

1580 5465 1609 5518 11
