4309 6259
457 482 516 545 aaa
779 497 952 545 manuario
974 498 1004 543 ru
1026 497 1095 543 car.
1119 496 1184 542 666
1205 495 1401 543 6616666666.
1424 517 1465 526 -
1485 498 1557 543 aar.
1580 498 1686 544 xxavu

455 670 556 733 Rabbi
573 670 720 734 Salomon
738 670 826 747 dicit,
843 671 928 751 quod
945 670 1069 731 Balaam
1086 668 1200 751 prmdi-
1217 666 1241 729 Α
1257 668 1398 731 16611166
1423 689 1528 733 arcam
1552 670 1606 733 Dei
1626 688 1633 731 :
1651 669 1683 732 Si
1710 669 1808 732 ierint
1832 688 1889 750 per
1913 668 1992 730 viam
2012 682 2110 737 tuate.

456 767 501 829 xit
522 768 596 831 1616
621 768 723 845 Β6166,
741 769 826 850 quod
849 776 1036 847 regnaturus
1059 775 1141 829 esset
1168 766 1200 828 in
1258 776 1386 845 rectam,
1404 777 1465 830 etc.

456 866 555 943 Moab,
573 875 605 929 oi
619 867 704 949 quod
721 867 884 948 superavit
899 866 1048 929 Moabitas
1065 884 1121 947 per
1136 885 1201 927 ma·
1300 868 1467 945 Quumque
1484 868 1640 927 uenissent
1654 869 1699 926 ad
1713 870 1866 937 Balaam,
1881 876 1912 925 et
1927 888 1995 926 itan

457 964 643 1029 ledietiones
665 974 696 1028 et
716 964 857 1029 earmina
877 965 1000 1027 Balaam
1025 964 1201 1026 61116666-
1255 974 1379 1024 rassent
1399 966 1563 1026 aloannia
1586 967 1678 1025 verba
1695 968 1797 1024 Butae
1810 964 1876 1044 jam
1900 963 1993 1026 intro

458 1071 504 1126 tra
528 1063 610 1127 illos
628 1064 715 1126 lstud
737 1064 893 1126 incertum
914 1063 1073 1125 asaneus
1095 1070 1200 1125 tamen
1255 1064 1360 1139 ducta,
1377 1072 1409 1126 et
1430 1063 1561 1127 lorsitan
1585 1064 1689 1145 plura,
1705 1064 1781 1145 quia
1803 1063 1912 1126 omnia
1934 1082 1992 1126 non

456 1160 616 1225 interdum
645 1163 731 1244 justo
759 1162 914 1243 permittit
943 1161 1063 1243 judicio
1092 1160 1200 1241 aliqua
1255 1170 1330 1223 sunt
1355 1162 1484 1243 scripta,
1502 1165 1557 1223 itte
1581 1166 1772 1240 respondit:
1793 1166 1922 1224 ,1166616
1946 1165 1995 1221 iric·

456 1258 528 1322 lieri
552 1260 735 1342 hujusmodi
756 1269 833 1336 arte,
851 1268 883 1323 et
902 1260 1027 1341 aliquos
1053 1258 1201 1321 debilita·
1255 1261 1448 1324 nactc.Circa
1463 1262 1523 1324 hoe
1539 1261 1809 1342 scribitquidam:
1822 1261 1897 1323 Erat
1911 1260 1992 1323 onim

456 1358 497 1435 ri,
522 1359 646 1441 aliquos
671 1358 815 1440 adjuvari
842 1376 898 1441 per
922 1358 1055 1439 spiritus
1078 1358 1197 1420 malos.
1255 1360 1410 1441 propheta
1434 1361 1634 1434 daemonum3
1658 1359 1867 1424 revelationes
1891 1369 1992 1423 autem

454 1456 557 1519 Potest
574 1457 703 1539 insuper
719 1456 794 1533 dici,
812 1458 896 1537 quod
913 1457 1037 1519 Balaam
1055 1455 1118 1519 tuit
1135 1466 1201 1519 tan·
1255 1457 1434 1519 damonum
1458 1478 1538 1539 quas
1567 1458 1628 1521 iste
1652 1458 1825 1539 quaerebat,
1852 1457 1936 1519 liunt
1962 1467 1992 1519 ut

456 1564 494 1619 tae
517 1556 675 1633 versutiae,
700 1557 784 1637 quod
807 1565 938 1620 noverat
963 1556 1038 1617 dare
1064 1555 1200 1618 consilia
1254 1557 1468 1619 communiter
1489 1557 1529 1619 de
1551 1566 1654 1631 nocte,
1671 1557 1747 1637 quia
1768 1566 1843 1618 sunt
1864 1556 1992 1638 spiritus

455 1652 600 1736 prolicua
624 1655 663 1716 ad
684 1654 872 1736 juvandum,
900 1662 932 1715 61
957 1653 1053 1717 etiam
1079 1653 1119 1716 ad
1146 1672 1200 1717 no
1255 1653 1468 1716 tenebrarum.
1495 1654 1648 1728 Quocirca
1672 1656 1885 1737 pensandum,
1910 1654 1991 1735 quod

453 1753 601 1829 cendum,
619 1762 649 1816 61
668 1754 745 1815 16166
761 1753 1010 1816 consultationes
1027 1772 1062 1815 66
1084 1752 1200 1835 practi-
1254 1770 1318 1815 non
1334 1752 1436 1815 solum
1453 1753 1706 1829 damonumsed
1723 1753 1816 1815 etiam
1830 1753 1993 1815 11616166

454 1871 506 1915 eas
524 1852 647 1916 vocavit
662 1853 752 1915 Balae
767 1852 1006 1915 henedictiones
1022 1861 1053 1915 et
1069 1852 1199 1915 maledi·
1216 1854 1240 1915 B
1253 1851 1395 1929 gelorum
1411 1852 1621 1915 revelationes
1636 1852 1848 1915 communiter
1861 1850 1943 1912 liunt
1953 1852 1991 1913 de

454 1951 586 2015 ctiones.
1254 1958 1357 2026 noete,
1374 1958 1469 2031 prout
1483 1969 1579 2032 supra
1594 1957 1757 2012 ostensum
1775 1958 1825 2012 est
1843 1969 1939 2031 super
1958 1950 1993 2010 il-

493 2054 775 2131 Perrenmnntqne
788 2053 926 2111 seniores
944 2053 1083 2112 1166161
1099 2052 1199 2127 majo
1254 2048 1327 2111 tud:
1345 2048 1376 2111 Si
1394 2048 1490 2112 luerit
1506 2048 1661 2111 intervos
1677 2049 1841 2131 propheta,
1853 2049 1885 2109 in
1902 2049 2102 2111 6161666666

381 2188 386 2197 -
452 2171 502 2210 res
517 2161 598 2211 nata
610 2152 768 2210 Madian:
781 2148 906 2230 utrique
922 2148 1007 2211 enim
1021 2149 1107 2228 genti
1121 2168 1197 2229 prm·
1253 2166 1293 2209 66
1308 2148 1468 2229 apparebo
1488 2148 1530 2223 61,
1548 2147 1597 2211 vel
1620 2166 1677 2229 per
1700 2147 1858 2210 somnium
1883 2148 1991 2229 loquar

454 2248 515 2311 tuit
529 2248 640 2323 Balac;
658 2248 805 2307 babentes
819 2249 1035 2308 divinationis
1052 2250 1197 2325 pretium
1252 2246 1292 2307 ad
1306 2246 1489 2309 eumUnde
1501 2246 1535 2308 in
1546 2246 1717 2326 Evangelio
1732 2245 1848 2327 legitur
1861 2246 1990 2327 angelus
2020 2262 2080 2302 666
2096 2277 2105 2302 ι.

453 2349 489 2407 ta
505 2350 665 2418 manibus,
676 2346 707 2408 id
723 2353 770 2408 est
787 2345 819 2407 in
836 2345 1097 2428 promptu,quasi
1110 2365 1198 2426 para·
1252 2342 1285 2404 in
1302 2343 1423 2406 somnis
1437 2345 1623 2426 apparuisse
1637 2343 1814 2426 losepb.Et
1829 2348 1991 2422 responde
2002 2328 2037 2428 ᾖξ
2052 2341 2069 2367 “’
2083 2329 2107 2368 “’

453 2444 568 2507 tissimi
582 2446 658 2507 dare
679 2444 739 2526 ipsi
755 2444 878 2506 Balaam
896 2445 1074 2507 mercedem
1091 2444 1196 2526 copio-
1251 2444 1287 2502 do
1302 2444 1464 2521 quidquid
1484 2444 1568 2503 inibi
1582 2445 1705 2502 diacait
1720 2446 1889 2503 Dominus.
1906 2442 1990 2517 Quar-

453 2562 520 2607 sam
535 2562 593 2627 pro
609 2542 816 2618 divinatione,
829 2562 892 2624 qua
909 2543 973 2623 regi
990 2543 1196 2605 annuntiaret
1252 2540 1343 2617 ritur‚
1360 2560 1456 2622 quem
1475 2540 1633 2621 intelligat
1655 2540 1707 2603 116
1723 2542 1847 2604 Balaam
1864 2561 1920 2623 per
1936 2542 1991 2604 Do

452 2643 569 2719 lutura,
587 2641 709 2723 etquid
726 2639 787 2703 sibi
804 2651 887 2704 osset
906 2643 1075 2723 agendum.
1093 2641 1194 2715 Quum
1251 2637 1441 2701 minumdd
1456 2639 1516 2702 hoc
1532 2639 1565 2701 in
1577 2640 1770 2702 Scholastica
1785 2641 1991 2721 respondetur

451 2741 536 2804 onim
554 2739 660 2803 lutura
681 2758 758 2821 pure
778 2740 995 2820 contingentia
1012 2748 1044 2803 et
1064 2740 1196 2804 omnino
1252 2736 1403 2800 historia:
1420 2736 1639 2813 llentiebatur‚
1650 2746 1682 2800 et
1697 2739 1848 2800 mendose
1864 2738 1942 2799 dixit
1959 2757 1991 2799 se

451 2848 581 2915 secreta,
599 2858 658 2921 pro
677 2846 763 2901 certo
784 2855 1050 2919 praecognoscere,
1068 2840 1131 2901 Deo
1154 2839 1196 2900 sit
1250 2854 1319 2898 esse
1336 2837 1521 2918 prophetam
1538 2837 1604 2913 Dei,
1616 2856 1716 2917 quum
1731 2836 1764 2898 in
1780 2835 1989 2899 sacrificando

309 2956 340 3000 n.
352 2958 434 3006 mn.
451 2938 628 3020 proprium,
643 2937 732 3018 juxta
753 2936 833 2999 illud
848 2936 880 2999 in
897 2936 986 3009 lsaia,
1004 2937 1144 2999 Ventura
1165 2947 1196 3001 et
1250 2935 1431 2998 consuleret
1446 2937 1607 2999 daemones
1619 2960 1626 3009 ;
1640 2936 1689 2998 vel
1707 2936 1787 2998 lorte
1801 2934 1988 3010 daemonem,

450 3055 521 3117 quae
538 3035 645 3099 lutura
660 3035 943 3111 sunt,annuntiate
958 3035 1104 3113 nobiset
1119 3030 1231 3100 satec
1250 3034 1306 3114 qui
1332 3034 1393 3097 sibi
1420 3035 1506 3117 loqui
1532 3035 1669 3111 solebat,
1693 3034 1858 3098 dominum
1884 3034 1991 3116 appel-

450 3152 521 3195 mus
543 3132 619 3213 quia
642 3132 685 3193 dii
707 3132 784 3195 estis
805 3150 881 3207 vos;
899 3132 970 3195 idco
993 3132 1048 3214 qui
1072 3135 1195 3216 magica
1251 3132 1339 3194 lavit.

447 3239 515 3293 arte
539 3230 612 3293 talia
634 3230 695 3292 sibi
718 3240 885 3313 usurpant,
902 3230 1004 3293 divini
1028 3241 1192 3296 vocantur.
1289 3231 1384 3295 Porro
1399 3233 1477 3313 Lyra
1494 3232 1577 3295 circa
1592 3232 1659 3295 1666
1674 3232 1735 3294 611;
1747 3232 1853 3311 Aliqui
1869 3232 1989 3314 exposi-

446 3330 669 3393 Verumtamen
682 3329 886 3411 Septuaginta
898 3331 1194 3408 transtulerunt,lla·
1249 3337 1333 3392 tores
1354 3330 1465 3393 dieunt
1487 3329 1618 3392 dubium
1641 3349 1721 3406 esse,
1739 3332 1778 3393 (16
1794 3349 1859 3411 quo
1875 3330 1989 3392 intelli-

337 3494 348 3519 .
446 3427 556 3491 bentcs
577 3428 790 3491 divinationes
812 3428 844 3489 in
867 3428 1026 3491 manibus.
1045 3428 1096 3492 Sic
1116 3449 1193 3511 quo
1248 3436 1340 3508 gatur
1355 3428 1406 3491 bic
1421 3429 1585 3504 Dominus,
1604 3437 1709 3491 utrum
1729 3429 1768 3491 (16
1788 3430 1862 3506 Deo,
1881 3429 1930 3491 vel
1951 3430 1989 3491 de

444 3525 1191 3606 666161616661616166.066(11616666116
1247 3527 1410 3590 daemone:
1427 3527 1579 3609 quoniam
1602 3528 1684 3607 magi
1707 3536 1740 3591 et
1760 3527 1852 3589 arioli
1876 3528 1989 3591 deamo

444 3624 642 3707 exponitur:
666 3625 733 3687 Uno
758 3626 863 3701 modo,
892 3644 948 3707 per
975 3625 1188 3689 divinationes
1247 3643 1319 3687 nem
1345 3625 1406 3687 sibi
1431 3633 1648 3707 apparentem,
1672 3634 1786 3688 vocant
1810 3625 1987 3708 principem

446 3723 654 3805 intelligendo
676 3724 806 3805 prmmia
828 3723 1055 3797 divinationis;
1079 3744 1192 3788 secun·
1246 3724 1296 3786 vel
1322 3724 1499 3799 dominum,
1525 3723 1577 3786 cui
1603 3732 1634 3785 61
1657 3724 1809 3787 exhibent
1840 3744 1986 3789 reveren-

445 3824 496 3899 do,
519 3823 729 3885 instrumenta
754 3822 908 3903 ejusdem,
927 3823 1078 3904 quoniam
1105 3825 1189 3905 magi
1247 3822 1334 3883 tiam.
1352 3822 1413 3885 Sed
1434 3823 1518 3904 apud
1540 3823 1687 3886 Hebraeos
1710 3842 1773 3886 non
1795 3830 1843 3886 est
1865 3824 1904 3885 de
1927 3824 1987 3887 isto

446 3921 615 3985 utebantur
630 3922 724 3985 certis
746 3921 964 3983 instrumentis
984 3924 1023 3985 ad
1044 3922 1191 3985 (1161666-
1247 3919 1563 4002 (1611616166661616
1580 3920 1634 3982 611
1648 3921 1813 3997 16161666,
1824 3922 1985 3995 Dominus,

445 4022 531 4083 dum.
549 4020 627 4082 Hinc
643 4020 705 4083 alia
721 4020 815 4083 habet
838 4020 1011 4097 translatio,
1028 4021 1187 4084 Habentes
1248 4019 1281 4080 in
1300 4019 1430 4082 Hebraeo
1450 4020 1583 4081 habetur
1606 4038 1721 4082 iromen
1744 4020 1868 4083 Domini
1896 4028 1988 4084 totm-

444 4118 644 4181 divinaeula:
662 4138 733 4200 quae
755 4119 928 4182 secundum
949 4118 1089 4182 Glossam
1114 4128 1189 4181 sunt
1246 4126 1455 4198 grammaton,
1472 4118 1557 4198 quod
1575 4136 1639 4181 non
1659 4119 1811 4200 competit
1831 4119 1891 4181 nisi
1912 4138 1987 4183 vero

444 4218 665 4293 instrumenta,
683 4235 753 4298 quae
768 4216 935 4279 curiositas
951 4217 1117 4280 adinvenit
1134 4219 1190 4279 hu·
1203 4222 1229 4285 D
1244 4217 1389 4280 DeoNee
1404 4218 1508 4280 obstat
1523 4217 1608 4299 quod
1624 4217 1749 4279 Balaam
1764 4218 1926 4298 quarebat
1944 4240 1987 4281 re

445 4334 549 4392 mana,
571 4324 602 4378 et
626 4334 644 4377 a
668 4314 842 4397 gentilibus
868 4323 1021 4379 vocantur
1048 4316 1189 4398 tripodes
1244 4315 1418 4378 velationes
1437 4335 1456 4376 6
1472 4315 1626 4391 damone,
1643 4316 1795 4397 quoniam
1817 4318 1984 4381 moriseni

444 4422 497 4476 aut
521 4412 750 4494 cortinaque]
772 4413 893 4477 adhoc
916 4431 973 4475 suo
997 4414 1091 4477 modo
1115 4424 1189 4477 sunt
1243 4433 1418 4495 magorum,
1441 4413 1642 4495 potissimum
1663 4414 1864 4496 cupidorum,
1880 4417 1983 4497 qualis

443 4520 640 4589 consecratu,
651 4511 681 4574 id
694 4519 925 4587 estmoventur
940 4531 976 4574 ae
993 4521 1189 4576 contrectari·
1242 4513 1363 4575 exstitit
1377 4514 1513 4590 Balaam,
1527 4511 1649 4593 lingere
1663 4532 1769 4577 coram
1788 4513 1981 4591 hominibus,

445 4619 494 4672 tur
518 4631 536 4674 a
562 4610 661 4691 magis
687 4610 719 4671 in
745 4609 866 4672 artibus
892 4609 968 4671 suis.
992 4609 1108 4688 Tertio,
1131 4632 1187 4693 per
1241 4613 1327 4693 quod
1344 4611 1553 4675 revelationes
1568 4611 1628 4673 6111
1645 4610 1727 4673 11661
1742 4632 1760 4673 6
1775 4612 1838 4675 [166
1853 4624 1985 4690 vero,ut

442 4710 654 4773 divinationes
673 4708 897 4789 intelliguntur
911 4710 1184 4788 concordationm,
1242 4710 1288 4773 sic
1310 4710 1356 4772 eis
1377 4710 1478 4791 magis
1502 4711 1659 4786 credatur,
1677 4719 1708 4773 61
1733 4712 1836 4792 maius
1858 4712 1981 4775 lucrum

442 4809 559 4890 quibus
572 4808 747 4872 lladianitae
761 4808 844 4870 iuter
860 4827 893 4871 se
907 4808 1130 4885 condixerunt,
1140 4829 1188 4873 se·
1242 4817 1415 4889 reportent.
1433 4809 1658 4871 Verumtamen
1678 4809 1729 4870 his
1749 4809 1878 4873 obviare
1895 4812 1981 4873 vide·

442 4907 582 4969 eundum
606 4908 786 4988 quosdam:
809 4905 840 4968 Si
860 4906 983 4968 Balaam
1011 4926 1084 4969 mox
1108 4927 1185 4970 con·
1242 4916 1302 4984 tur,
1320 4909 1405 4988 quod
1425 4906 1535 4971 Glossa
1554 4906 1606 4970 116
1626 4908 1799 4971 introducit
1819 4928 1858 4971 cx
1880 4910 1983 4991 Brige

441 5005 576 5067 senserit
600 5006 709 5068 venire
739 5004 916 5080 nobiseum,
945 5006 1088 5087 proderit
1116 5006 1185 5089 ipse
1242 5024 1297 5069 ne:
1312 5007 1345 5068 ln
1361 5006 1563 5069 Hebraeorum
1579 5006 1694 5069 litteris
1709 5026 1826 5070 nomen
1842 5008 1909 5084 Dei,
1923 5008 1982 5071 166

441 5102 1187 5177 66116ς61661616(11616166116666611611666-
1240 5113 1288 5167 est
1311 5105 1392 5167 Deus
1411 5104 1462 5167 vel
1483 5105 1645 5180 Dominus,
1667 5105 1880 5170 diversimode
1905 5108 1982 5170 diei-

441 5210 491 5263 tus
506 5202 575 5283 ejus
590 5201 683 5263 nobis
703 5200 878 5282 proficuus.
897 5201 947 5264 Sie
966 5209 997 5263 61
1017 5204 1184 5284 aruspices
1242 5212 1292 5264 tur
1307 5202 1514 5265 scribidliter
1523 5203 1610 5266 enim
1626 5202 1777 5265 scribitur
1785 5204 1979 5286 quicumque

439 5299 670 5364 Philistaeorum
697 5300 844 5362 dixerunt
874 5300 913 5362 (16
937 5300 1042 5364 vaccis
1071 5320 1182 5383 repor·
1240 5303 1330 5379 deus,
1345 5300 1437 5364 aliter
1456 5319 1551 5365 verus
1570 5302 1663 5377 Deus,
1679 5301 1736 5383 qui
1756 5311 1843 5365 certo
1864 5303 1981 5365 littera·
