4309 6259
556 515 730 561 auannsuo
750 515 781 561 ut
801 516 870 562 em.
895 515 948 561 vni
969 516 1105 564 nevrrrcr.
1129 518 1260 564 -nnn
1283 518 1337 566 xix
1660 502 1719 566 iss

169 680 234 759 vel,
253 683 293 745 de
314 692 455 747 extrema
475 685 573 766 janua
594 704 658 766 qua
680 685 857 748 intrabatur
879 686 919 749 ad
933 686 959 748 A
973 687 1178 751 distinctione
1199 688 1250 765 ιδ,
1273 695 1430 752 testetur:
1455 688 1718 769 irrefragabiliter

167 781 300 858 atrium,
318 791 350 844 et
370 801 429 866 per
447 782 527 845 illud
544 783 578 845 in
595 783 847 846 tabernaculum.
867 787 920 844 Us-
973 804 1084 849 verum
1107 795 1155 848 εει
1177 788 1261 868 quod
1284 788 1328 849 ait
1347 787 1537 870 Apostolus:
1556 788 1718 851 Sine-ulla
1734 801 1864 854 seirann-

166 899 231 958 que
245 884 291 940 oct
305 884 393 942 diem
408 903 470 962 quo
485 885 696 960 complebitur
711 893 835 960 tempos
849 903 920 943 eort-
974 885 1226 948 contradictione
1241 887 1327 968 quod
1351 887 1458 949 minus
1480 896 1538 964 est,
1556 907 1574 950 a
1596 888 1717 969 maiore

164 981 359 1040 secretionis
375 980 664 1045 oestrcewidelicet
679 982 835 1062 usquead
852 1000 919 1064 sep
973 984 1184 1047 benedicitur.
1194 985 1355 1059 Quomodo
1371 1005 1446 1066 ergo
1461 987 1630 1070 episcopus
1646 1005 1718 1050 con-

168 1075 286 1139 timum
297 1078 382 1141 diem
395 1078 562 1154 inclusive,
573 1079 617 1141 ita
627 1080 712 1161 quod
725 1089 800 1142 tunc
811 1079 918 1160 egredi
973 1091 1075 1146 socrat
1086 1084 1372 1166 archiepiscopum,
1381 1093 1413 1147 et
1422 1085 1718 1167 episcopusOstien-

166 1178 405 1256 poterant3vel‚
416 1199 518 1261 usque
533 1180 572 1242 ad
583 1188 730 1243 octavum
746 1179 916 1255 exclusive,
973 1181 1017 1242 sis
1039 1201 1201 1244 summurn
1216 1181 1403 1246 Pontificem
1419 1186 1431 1244 l
1450 1183 1497 1245 Ad
1519 1185 1606 1266 quod
1631 1183 1715 1246 idem

166 1273 201 1335 in
218 1294 285 1356 quo
300 1278 498 1342 consecratio
513 1278 745 1360 complebatur,
762 1285 917 1359 quantum
973 1280 1088 1343 [lector
1103 1281 1437 1362 respondetzllerbum
1448 1281 1587 1363 Apostoli
1604 1301 1716 1344 verum

164 1374 205 1435 ad
222 1374 390 1457 hoe,quod
406 1385 483 1439 tune
494 1377 650 1460 processit
665 1377 698 1438 in
715 1386 831 1453 actum,
841 1376 918 1458 quia
973 1387 1031 1454 est,
1049 1378 1257 1459 quodminus
1273 1399 1291 1441 a
1306 1381 1426 1460 majore
1440 1379 1642 1444 benedicitur
1658 1398 1716 1461 pro

165 1481 245 1535 tune
268 1474 315 1536 uti
337 1485 504 1557 coeperunt
526 1473 639 1538 ollicio
662 1475 861 1551 sacerdotali,
883 1484 919 1538 ut
972 1485 1057 1539 statu
1075 1477 1107 1538 in
1124 1496 1188 1558 quo
1208 1477 1428 1541 benedicitur:
1447 1487 1478 1542 et
1499 1479 1569 1542 sine
1588 1487 1717 1541 cuncta-

164 1572 311 1654 capitulo
336 1581 424 1655 patet
453 1573 612 1656 sequenti.
638 1574 841 1638 Consecratio
871 1583 917 1638 ta·
973 1575 1059 1639 tione
1084 1595 1196 1640 verum
1221 1584 1280 1653 est,
1303 1579 1389 1658 quod
1415 1577 1522 1640 nullus
1547 1579 1600 1641 dat
1624 1577 1716 1641 alteri

164 1689 255 1747 men,
269 1680 424 1753 quantum
440 1672 481 1734 ad
495 1692 589 1734 suurn
605 1691 687 1749 esse,
699 1673 918 1755 complebatur
972 1675 1126 1757 majorem
1142 1675 1329 1755 dignitatem
1344 1695 1441 1758 quem
1457 1676 1572 1754 habet3
1587 1696 1645 1740 nec
1660 1676 1718 1747 mi-

164 1768 307 1850 septimo
328 1770 391 1833 die.
410 1771 579 1857 Propterea
601 1771 771 1834 subditur:
789 1775 918 1852 Septem
972 1773 1096 1836 nimum
1112 1774 1257 1837 ordinem
1273 1775 1349 1838 dare
1364 1782 1478 1857 potest,
1489 1775 1545 1856 qui
1561 1794 1634 1838 eum
1651 1794 1714 1839 non

163 1873 258 1929 enim
279 1871 391 1930 diebus
412 1873 533 1947 finitur
554 1872 865 1942 commodassent
888 1870 954 1933 etB
971 1871 1091 1934 babet:
1114 1872 1232 1936 idcirco
1257 1873 1427 1955 episcopus
1453 1892 1643 1937 consecrans
1667 1894 1717 1936 ar-

164 1970 465 2045 t'mproeseotiorum
488 1973 614 2050 sactum
634 1979 689 2040 est,
707 1979 744 2030 ut
762 1973 847 2030 ritus
865 1991 917 2032 so·
968 1969 1209 2054 chiepiscopum
1225 1971 1275 2034 vel
1295 1972 1422 2054 Papam,
1440 1991 1505 2036 non
1525 1973 1578 2035 dat
1598 1973 1628 2036 ei
1650 1973 1713 2035 nisi

162 2069 288 2143 erifieii
302 2071 552 2146 complerentur.
569 2067 676 2149 Aliqui
693 2068 815 2144 dicunt,
833 2069 917 2150 quod
969 2070 1241 2133 consecrationem
1257 2070 1482 2153 episcopalem.
1501 2071 1561 2134 Sed
1578 2071 1633 2135 ille
1648 2091 1717 2136 am-

163 2165 234 2228 sola
249 2166 361 2228 unctio
378 2166 553 2230 iterabatur
567 2174 614 2230 tot
627 2167 752 2230 diebus.
762 2167 917 2249 Josephus
970 2167 1105 2248 pliorem
1116 2168 1336 2232 auctoritatem
1347 2177 1379 2232 ει
1389 2169 1644 2250 jurisdictionem
1662 2171 1716 2234 ha·

163 2283 242 2328 vero
265 2264 422 2341 aliirmat,
440 2267 528 2346 quod
551 2274 615 2328 tam
638 2263 799 2329 sacrificia
820 2285 917 2347 quam
970 2267 1024 2329 bet
1043 2267 1231 2330 acanonica
1252 2267 1451 2331 subditorum
1472 2269 1627 2334 electione
1647 2279 1678 2333 et
1698 2290 1717 2332 a

162 2365 337 2428 unctiones
352 2383 463 2428 eorum
482 2364 679 2426 iterabantur
694 2372 759 2427 tom
774 2364 841 2427 diu.
858 2365 918 2428 Ve
970 2383 1027 2428 suo
1042 2383 1199 2428 consensu
1222 2385 1259 2429 ec
1279 2367 1334 2430 Dei
1356 2367 1568 2445 ordinatione,
1585 2369 1641 2450 qui
1665 2387 1716 2433 or-

162 2471 349 2524 rumtamen
369 2481 424 2524 sex
441 2461 556 2524 diebus
572 2462 691 2544 Moyses
707 2482 771 2526 non
787 2462 918 2526 vestivit
969 2463 1094 2527 dinavit
1121 2464 1247 2527 Petrum
1273 2473 1304 2528 ει
1330 2484 1404 2529 suos
1434 2485 1631 2531 successores
1660 2487 1713 2530 su-

50 2641 54 2648 ,
162 2578 240 2634 eos;
264 2561 320 2623 sed
345 2561 456 2639 semel,
475 2561 507 2623 id
526 2569 576 2624 est
600 2562 704 2644 prima
724 2561 786 2638 die,
812 2561 916 2624 induti
969 2581 1027 2643 pra
1042 2570 1139 2626 totam
1156 2563 1341 2641 Ecclesiam,
1354 2565 1465 2629 volens
1480 2573 1515 2628 ut
1531 2584 1641 2629 omnes
1658 2567 1713 2648 qui

162 2677 273 2722 sacras
284 2667 400 2737 vestes,
411 2667 533 2742 septem
548 2660 663 2724 diebus
679 2678 744 2723 non
760 2667 917 2723 exuerunt
936 2657 939 2664 ’
969 2661 1121 2725 canonice
1137 2661 1229 2726 electi
1247 2661 1377 2740 luerint,
1389 2665 1533 2728 eamdem
1549 2685 1645 2747 quam
1662 2666 1714 2730 Pe-

163 2778 224 2822 nec
239 2759 361 2837 atrium
376 2769 451 2822 suut
465 2759 597 2840 egressi.
614 2762 675 2822 Dte
690 2781 728 2821 oc
742 2769 833 2821 noete
847 2780 917 2821 mo·
970 2767 1048 2837 trus,
1069 2760 1209 2825 habeant
1233 2769 1431 2845 potestatem.
1454 2764 1524 2828 Heac
1548 2765 1712 2828 Bonaven-

162 2861 283 2920 necitis
293 2861 331 2920 ic
342 2862 560 2930 tabernaculo,
571 2859 689 2920 atrium
705 2858 910 2922 includendo.
970 2867 1051 2920 ture.

162 2955 256 3031 Quod
281 2959 309 3020 si
334 2966 505 3040 queratur,
529 2957 587 3021 ubi
612 2957 767 3039 requisita
792 2964 914 3020 nature
1004 2957 1064 3020 Sed
1076 2977 1117 3020 an
1128 2958 1247 3041 Moyses
1263 2958 1325 3021 luit
1340 2961 1497 3039 sacerdos,
1507 2961 1621 3025 merito
1632 2981 1717 3044 quat-

162 3065 318 3137 egerunt:
331 3058 550 3139 respondetur,
560 3057 646 3138 quod
662 3056 771 3120 lorsan
787 3055 832 3118 ibi
848 3055 950 3119 eratC
969 3055 996 3117 ri
1013 3065 1127 3138 potest.
1145 3057 1183 3119 Ει
1198 3076 1236 3120 ex
1250 3057 1357 3121 verbis
1375 3058 1441 3139 jam
1461 3059 1605 3142 allegatis
1620 3061 1711 3141 argui

162 3155 257 3218 locus
270 3156 312 3217 ad
327 3174 365 3218 ea
380 3162 519 3237 paratus.
537 3155 595 3218 Vel
610 3173 703 3217 casus
718 3153 774 3217 ille
796 3154 914 3217 intelli·
969 3163 1073 3236 potest
1094 3157 1179 3238 quod
1205 3155 1280 3236 imo,
1301 3158 1477 3241 praesertim
1501 3179 1600 3242 quum
1623 3169 1655 3224 et
1678 3161 1714 3224 in

162 3253 251 3334 gitur
273 3272 344 3317 esse
365 3261 527 3337 exceptus,
545 3273 646 3336 quum
671 3253 844 3317 necessitas
865 3273 917 3316 ca-
968 3254 1092 3318 Psalmo
1117 3255 1240 3318 dicatur
1257 3273 1263 3317 :
1281 3256 1400 3340 Moyses
1425 3265 1457 3320 et
1478 3257 1582 3321 Aaron
1608 3258 1640 3321 in
1666 3279 1715 3323 sa-
1729 3276 1861 3328 casuue.

163 3362 230 3416 reat
247 3353 320 3434 lege
334 3353 509 3416 communi.
529 3357 735 3417 observantes
755 3355 916 3414 cttstodios
968 3354 1152 3418 cerdotibus
1177 3356 1259 3436 ejus.
1286 3356 1400 3418 lterum
1426 3356 1501 3438 quia
1532 3355 1715 3439 lrequenter

162 3455 314 3525 Domioi,
332 3452 365 3514 id
387 3461 437 3515 est
457 3453 641 3516 mansiones
665 3451 743 3514 istas
768 3471 824 3516 seu
848 3452 915 3534 jus-
970 3450 1099 3516 lunctus
1114 3462 1162 3516 est
1177 3455 1376 3532 sacerdotali,
1393 3455 1457 3519 imo
1477 3465 1508 3520 et
1528 3457 1707 3539 pontificali

162 3551 273 3616 sicces
297 3552 338 3614 ad
363 3552 559 3614 manendum
585 3552 618 3614 in
643 3560 753 3614 sancto
775 3552 846 3615 loco
868 3560 916 3614 tot
969 3549 1089 3625 cilicio,
1099 3561 1130 3614 ει
1145 3552 1235 3616 cibus
1252 3554 1406 3617 sacerdoti
1422 3555 1654 3637 appropriatus,
1665 3556 1715 3619 de·

160 3651 291 3727 diebus,
309 3669 350 3714 ne
368 3651 498 3714 interim
513 3650 788 3714 commisceamini
804 3650 915 3731 vulga·
971 3658 1098 3732 putatus
1114 3659 1162 3713 εει
1177 3650 1218 3726 ei,
1228 3659 1305 3733 puta
1319 3653 1551 3734 pectusculum,
1562 3653 1594 3715 in
1606 3673 1716 3717 conse-

161 3749 266 3826 ribus,
275 3769 334 3813 nec
345 3748 556 3814 involvamini
567 3749 776 3813 saecularibus
787 3749 873 3812 curis
884 3758 917 3813 ει
970 3749 1112 3811 eratione
1128 3750 1326 3813 sacerdotum
1341 3760 1438 3833 atque
1448 3750 1620 3833 pontilicis
1627 3752 1714 3830 lianc

160 3849 338 3911 mundanis
354 3848 502 3928 negotiis,
519 3848 595 3929 quia
609 3846 696 3910 inlra
711 3848 772 3911 hoc
788 3856 915 3932 tempus
971 3855 1077 3910 autem
1102 3847 1310 3928 questionem
1336 3859 1441 3912 movet
1463 3851 1496 3912 B.
1517 3849 1713 3931 Augustinus

161 3945 289 4010 debetis
310 3947 492 4030 specialiter
509 3965 579 4009 esse
594 3945 701 4010 devoti
717 3969 724 4020 ;
741 3967 782 4006 oe
797 3951 916 4011 utorio·
971 3964 1067 4027 super
1083 3945 1319 4028 prmallegatum
1333 3948 1465 4011 verbum
1476 3948 1602 4026 Psalmi,
1612 3949 1714 4012 dicen·

162 4049 263 4108 mini.
280 4049 339 4108 Sic
356 4048 444 4108 enim
466 4047 551 4107 miei
567 4055 764 4122 preceptum
784 4056 840 4109 est.
856 4051 916 4108 Fe·
970 4045 1036 4107 do:
1056 4043 1088 4106 Si
1109 4044 1228 4126 Moyses
1250 4045 1313 4106 tuit
1335 4047 1481 4109 sacerdos
1503 4055 1534 4109 et
1555 4047 1711 4128 pontifex,

160 4155 340 4225 ceramque
353 4147 467 4207 Aaron
481 4154 511 4205 et
526 4146 594 4221 filii
612 4144 683 4221 ejus
702 4155 819 4206 corteto
842 4167 914 4224 quoe
969 4143 1128 4222 quomodo
1150 4143 1191 4206 ab
1207 4144 1310 4206 Aaron
1332 4151 1364 4207 et
1385 4142 1466 4206 liliis
1487 4145 1557 4226 ejus
1580 4145 1714 4228 pontili-

161 4249 291 4306 toeotus
310 4254 355 4304 est
374 4246 534 4305 Dorulaus
550 4262 611 4320 per
625 4263 762 4304 monum
777 4247 911 4322 Moysis.
930 4241 1055 4308 Dcium
1080 4249 1112 4305 et
1135 4242 1348 4306 secerdotium
1372 4243 1451 4324 legis
1477 4247 1665 4327 coeperuntt
1682 4253 1715 4308 et

180 4335 296 4406 'Circa
312 4341 486 4425 praehabita
501 4341 819 4422 quaeritur,qualiter
834 4342 914 4425 Moy·
968 4360 1025 4403 cur
1049 4349 1153 4405 vestes
1180 4360 1284 4404 sacras
1311 4360 1374 4405 non
1402 4342 1514 4406 hebuit
1535 4347 1547 4406 l
1570 4345 1617 4408 Ad
1644 4345 1712 4410 hoe

161 4461 213 4505 ses
228 4460 333 4523 quum
347 4460 408 4504 nec
423 4439 569 4522 pontifex
583 4448 678 4516 esset,
692 4459 796 4521 neque
812 4460 914 4504 secer·
968 4440 1038 4506 sine
1062 4441 1248 4522 prejudicio
1270 4441 1396 4504 videtur
1418 4443 1600 4522 dicendum,
1622 4446 1710 4527 quod

160 4541 231 4617 dos,
255 4539 454 4603 consecravit
473 4538 577 4601 Aaron
601 4539 634 4600 in
658 4538 858 4620 pontificem,
880 4548 913 4604 et
967 4559 1005 4602 ex
1026 4539 1194 4622 privilegio
1217 4539 1286 4602 sine
1309 4542 1548 4605 consecratione
1571 4543 1713 4609 humana

161 4639 336 4720 liliosejus
349 4638 383 4701 in
399 4637 913 4720 sacerdotes.llespondetur,quod
968 4638 1163 4723 pontificalis
1188 4638 1456 4722 sacerdotalisque
1481 4640 1619 4720 dignitas
1643 4644 1712 4707 lue-

158 4738 352 4802 auctoritate
367 4745 399 4799 et
414 4737 484 4800 vice
499 4735 554 4798 Ilei
570 4735 631 4799 boc
647 4733 741 4798 lecit:
755 4737 848 4818 cujus
864 4756 913 4800 ex·
968 4748 1042 4802 runt
1062 4738 1095 4800 in
1114 4737 1228 4820 Moyse,
1246 4738 1341 4800 etiam
1362 4739 1467 4802 altiori
1488 4741 1593 4818 modo,
1610 4760 1706 4823 quam

159 4837 307 4920 emplum
332 4836 433 4918 aliqui
464 4843 599 4918 ponunt,
625 4835 712 4916 quod
737 4835 912 4898 cardinalis
967 4838 1000 4901 in
1019 4839 1123 4901 Aaron
1146 4845 1178 4901 et
1200 4835 1279 4899 liliis
1300 4839 1381 4919 ejus,
1404 4858 1467 4903 non
1491 4848 1597 4903 tamen
1618 4841 1711 4904 altio-

159 4937 317 5001 diaconus
342 4935 461 4997 missus
481 4953 501 4996 a
521 4935 614 5015 Papa,
634 4933 688 4994 dat
714 4932 912 4998 benedictio·
967 4953 1028 4998 res.
1049 4934 1137 5009 Quod
1162 4942 1267 4999 autem
1291 4936 1330 4999 ab
1351 4937 1454 4999 Aaron
1479 4947 1511 5001 et
1536 4936 1616 5000 liliis
1642 4939 1712 5020 ejus

161 5056 237 5099 nem
261 5043 419 5116 praesente
438 5033 590 5115 episeopo
610 5031 643 5093 in
664 5051 722 5094 sua
741 5031 910 5112 legatione,
967 5033 1125 5115 incepisse
1140 5032 1300 5111 dicuntur,
1311 5034 1554 5116 intelligendum
1571 5037 1707 5116 videtur,

160 5135 318 5216 quoniam
340 5131 523 5195 benedictio
543 5130 600 5193 illa
619 5149 683 5194 non
703 5139 751 5194 est
770 5150 837 5208 sua,
857 5131 912 5194 sed
968 5140 1123 5213 quantum
1138 5132 1178 5194 ad
1193 5150 1247 5195 eos
1263 5133 1319 5214 qui
1334 5151 1391 5215 per
1401 5133 1577 5213 legitimam
1592 5144 1624 5200 ει
1639 5155 1713 5201 oon·

161 5233 372 5316 Papre,ouy'us
388 5229 535 5310 iungitur
549 5230 746 5293 auctoritate.
759 5230 913 5293 Praeterea
967 5237 1091 5293 suetam
1123 5229 1356 5293 institutionem
1388 5240 1443 5293 aut
1475 5235 1709 5297 successionem

161 5332 387 5398 bonaventura
396 5348 493 5410 super
502 5337 654 5410 quartum
664 5328 909 5408 Sententiarum,
967 5328 1137 5410 dignitates
1162 5327 1233 5390 illas
1258 5328 1362 5391 sortiti
1384 5337 1470 5391 sunt.
1489 5329 1578 5393 Unde
1599 5349 1710 5410 quem·
