4309 6259
585 485 811 532 mannariora
832 486 900 531 car.
924 484 978 531 xxi
999 485 1102 539 axoni.
1124 505 1165 516 -
1184 488 1256 533 nnr.
1279 487 1342 533 xm
1696 473 1735 538 ld

180 662 323 742 gendum
334 661 375 724 de
390 658 529 735 sola,scd
545 659 586 721 de
601 656 857 721 consuetudinali
869 676 932 719 ma·
947 655 972 717 Α
988 674 1025 719 ex
1040 658 1247 739 percussione
1266 657 1323 721 illa
1339 659 1481 722 decedat.
1498 659 1560 723 Gur
1576 657 1672 739 igitur
1689 657 1735 719 in-

182 758 356 822 ledictione
371 763 658 839 parentum‚quum
671 774 729 837 pro
745 755 807 818 levi
821 773 931 818 eorum

180 857 401 938 percussione,
418 875 490 937 qua
504 854 630 935 gravior
645 861 693 916 est
708 853 932 917 maledictione

180 956 260 1031 sola,
285 949 351 1019 non
375 956 472 1019 fuerit
497 973 582 1017 mors
609 952 798 1035 infligenda.
815 954 932 1017 Contra

180 1057 268 1136 qnod
294 1055 407 1119 scribit
430 1054 531 1117 Rahbi
556 1053 681 1129 PauluS,
709 1053 794 1135 quod
820 1072 932 1116 secun-

180 1156 259 1217 dum
275 1154 376 1219 [labbi
391 1154 516 1236 Moysen
531 1152 769 1223 Gerundensem
788 1151 931 1233 aliosque

179 1254 345 1331 Hebraeos,
377 1252 581 1332 maledicenti
612 1251 799 1333 parentibus
828 1252 931 1333 maior

179 1371 276 1433 poena
291 1352 436 1427 debetur,
456 1370 551 1434 quam
572 1370 626 1415 eos
649 1350 838 1434 simpliciter
861 1368 931 1431 par-

180 1451 328 1527 audenti,
356 1451 432 1532 quia
461 1451 500 1511 ad
530 1449 789 1512 maledictionem
819 1466 929 1511 eorum

181 1550 274 1613 multi
301 1558 377 1611 sunt
401 1548 577 1631 proniores,
605 1548 676 1611 ideo
701 1547 802 1627 magis
833 1546 931 1628 repri-

181 1648 292 1711 mendi
317 1656 393 1710 sunt
417 1647 502 1711 inde.
530 1647 690 1723 8111111110,
718 1644 870 1726 quoniam
897 1644 929 1706 in

111 1794 114 1799 ,
180 1746 408 1810 maledictione
423 1754 591 1828 parentum
609 1762 726 1808 nomen
742 1742 867 1807 Domini
884 1742 931 1805 vi·

988 774 1106 819 nocens
1131 765 1179 819 est
1193 757 1278 840 apud
1294 757 1470 819 humanum
1485 756 1643 838 judicium
1661 755 1733 819 talis

986 855 1459 937 pereussortllicendum,quod
1475 875 1513 918 ex
1528 855 1649 938 duplici
1665 873 1734 918 oon-

986 953 1239 1034 jectura.Primo,
1251 974 1324 1016 nam
1340 956 1468 1035 quando
1483 974 1651 1037 percussus
1667 974 1734 1037 par-

987 1052 1044 1114 tim
1060 1053 1233 1128 convaluit,
1252 1053 1409 1116 incertum
1426 1054 1552 1118 videtur
1566 1073 1608 1116 an
1624 1063 1734 1137 postea

987 1169 1023 1212 ex
1046 1151 1253 1233 percussione
1275 1152 1330 1215 illa
1354 1151 1479 1216 obierit.
1506 1152 1624 1216 Forsan
1646 1152 1732 1216 enim

986 1267 1024 1311 ex
1039 1250 1123 1313 malo
1139 1250 1306 1332 regimine,
1318 1259 1350 1314 et
1365 1250 1546 1313 incustodia
1561 1252 1610 1313 sui
1625 1261 1680 1314 aut
1696 1252 1734 1314 si·

986 1348 1055 1410 mili
1071 1350 1239 1413 occasione
1260 1349 1294 1411 in
1314 1349 1501 1430 languorem
1524 1349 1669 1433 relapsus
1684 1358 1733 1413 est

986 1466 1021 1509 ac
1042 1446 1222 1511 defunctus.
1241 1447 1397 1523 Secundo,
1415 1466 1488 1509 nam
1508 1448 1584 1530 quia
1608 1468 1733 1530 pereus-

986 1565 1039 1609 101
1053 1545 1135 1608 laesit
1150 1564 1223 1607 eum
1247 1564 1353 1627 pugno
1369 1553 1423 1608 aut
1443 1544 1560 1627 lapide,
1578 1564 1642 1609 non
1667 1546 1734 1615 culr

987 1645 1061 1708 tello
1076 1645 1127 1707 vel
1144 1645 1250 1725 gladio
1266 1653 1320 1708 aut
1336 1645 1434 1708 simili
1445 1646 1734 1728 armatura,proba·

985 1743 1050 1806 bile
1066 1743 1215 1824 estquod
1232 1762 1297 1805 non
1313 1744 1480 1826 proposuit
1490 1762 1564 1807 eum
1574 1744 1731 1808 occidere.

180 1846 261 1909 tiose
283 1847 468 1921 assumitur,
492 1845 602 1926 sicque
627 1843 661 1905 in
685 1863 723 1906 ea
747 1843 843 1907 etiam
868 1842 930 1905 lleo
945 1846 969 1907 B
986 1846 1038 1903 Ite
1054 1852 1172 1913 lernen,
1189 1852 1225 1903 et
1245 1863 1356 1921 operas
1375 1844 1446 1920 ejus
1464 1853 1494 1904 et
1510 1845 1672 1923 impensas
1697 1845 1733 1904 in

179 1944 390 2007 irreverentia
406 1943 659 2023 irrogatur.llino
671 1962 741 2005 reor
756 1942 841 2004 istud
856 1940 931 2003 fuis·

180 2062 214 2105 se
229 2042 476 2122 intelligendum
496 2044 536 2105 de
557 2041 781 2104 maledictione
802 2039 930 2123 proprie

181 2150 391 2224 sumptaque
406 2142 479 2222 quis
489 2160 528 2203 ex
543 2138 708 2223 proposito
718 2148 749 2202 et
765 2138 931 2203 aversione

181 2240 343 2304 malitiosa
372 2240 566 2322 imprecatur
595 2239 714 2301 malum
745 2236 931 2320 parentibus

182 2338 249 2401 suis
264 2360 283 2401 a
299 2341 378 2415 llee;
396 2358 460 2403 non
475 2348 582 2402 autem
598 2338 625 2400 si
641 2356 678 2401 ex
692 2338 830 2419 quadam
846 2335 932 2399 festi·

184 2439 294 2501 nantia
309 2437 409 2501 animi
425 2447 456 2501 et
473 2439 594 2519 absque
616 2436 790 2499 deliberata
810 2434 932 2497 malitia

184 2535 355 2601 fecithoc.
378 2536 457 2598 Hinc
480 2535 512 2598 in
534 2535 755 2599 Ecclesiastico
778 2533 931 2615 seriptum

183 2645 232 2698 est
250 2656 257 2699 :
275 2636 331 2698 Est
351 2635 538 2699 maledictus
555 2653 574 2697 a
593 2636 667 2710 fleo,
692 2633 748 2715 qui
769 2639 933 2713 exasperat

67 2743 72 2753 “
109 2790 143 2816 ‚u
162 2808 168 2825 .
185 2744 331 2799 matrem.
342 2735 490 2797 Salomon
507 2752 635 2815 quoque
653 2750 659 2795 :
678 2730 845 2796 Generatio
861 2747 931 2811 quea

184 2834 348 2896 maledicit
363 2833 458 2915 patri,
474 2840 505 2894 et
525 2830 687 2911 generatio
708 2849 779 2912 quae
800 2826 933 2892 maledi-

184 2933 229 2996 cit
253 2932 359 2995 matri.
385 2930 527 3013 Denique
549 2930 686 2992 Thomas
708 2929 740 2991 in
764 2928 867 3010 prima
888 2944 934 2987 se-

986 1943 1121 2001 11111111
1145 1943 1306 2013 restituat,
1334 1941 1365 2003 id
1388 1951 1446 2019 est,
1471 1941 1647 2006 satisfaciat
1669 1961 1734 2004 me-

986 2038 1065 2101 dicis
1081 2056 1139 2121 pro
1160 2056 1269 2103 eorum
1292 2038 1455 2102 laboribus
1476 2050 1509 2103 et
1530 2040 1730 2105 medicinali-

986 2137 1045 2200 bus
1068 2136 1103 2197 in
1128 2136 1220 2199 illum
1245 2138 1408 2219 expositis,
1437 2138 1486 2202 vel
1512 2139 1624 2201 reddat
1647 2140 1733 2220 quod

986 2234 1041 2297 ille
1066 2235 1100 2297 in
1122 2236 1263 2298 medicos
1288 2236 1445 2317 exposuit,
1469 2246 1501 2300 et
1525 2236 1734 2319 impedimen·

986 2342 1053 2396 tum
1078 2352 1212 2417 operum
1232 2335 1373 2416 percussi
1395 2342 1624 2417 recompenset.
1640 2336 1731 2398 Vide

986 2440 1038 2494 tur
1063 2440 1180 2510 tamen,
1208 2433 1293 2515 quod
1319 2432 1352 2495 in
1377 2433 1485 2515 aliquo
1510 2453 1585 2496 casu
1607 2434 1729 2516 aliquid

988 2530 1049 2593 fuit
1070 2532 1211 2594 dandum
1234 2532 1272 2594 ad
1299 2531 1560 2597 satisfaciendum
1584 2551 1641 2614 pro
1662 2532 1733 2594 illa-

989 2638 1019 2691 ta
1034 2629 1164 2694 laesione
1186 2639 1280 2712 atque
1301 2630 1484 2712 injuriant
1505 2649 1544 2693 ex
1558 2630 1630 2693 aliis
1654 2631 1733 2694 locis

987 2728 1085 2809 hujus
1100 2729 1266 2809 scripturae
1280 2728 1417 2790 elicitur.
1684 2722 1685 2725 '

1030 2830 1094 2895 Qui
1103 2830 1297 2905 percusserit
1310 2847 1439 2888 aereum
1452 2850 1550 2890 secum
1568 2833 1617 2889 ecl
1631 2832 1733 2890 ancil·

990 2930 1055 2989 tem
1081 2930 1187 3003 vireo,
1204 2926 1237 2987 id
1257 2935 1305 2989 est
1320 2926 1433 2991 baculo
1457 2936 1513 2991 aut
1536 2928 1599 2992 alio
1615 2930 1734 2993 instru-

183 3032 308 3109 cundae,
329 3030 506 3112 questione
526 3029 596 3105 tob,
619 3036 752 3092 testatur
770 3045 776 3089 :
793 3027 858 3090 Lex
878 3028 968 3091 ve-(l
989 3033 1097 3088 mento
1112 3024 1232 3102 lasivo,
1248 3035 1278 3085 et
1293 3029 1415 3087 abortui
1432 3030 1559 3107 suerint
1575 3030 1610 3089 in
1626 3032 1733 3089 maei-

185 3138 235 3192 tus
251 3149 381 3212 poenam
396 3130 509 3193 mortis
534 3128 568 3191 in
590 3126 791 3209 gravioribus
812 3122 934 3187 inflixit

183 3228 470 3311 criminibns‚pnta
481 3228 514 3291 in
525 3228 576 3289 his
587 3226 705 3308 quibus
716 3226 933 3290 contralleum

184 3338 344 3409 peccatur,
362 3338 393 3391 et
409 3328 443 3389 in
458 3326 615 3389 adulterio
635 3334 730 3407 atque
746 3325 880 3400 incestu,
899 3322 932 3383 in

184 3427 358 3491 homicidio
384 3444 511 3509 quoque
536 3433 566 3487 et
593 3423 680 3487 furto
704 3423 883 3500 hominum,
900 3430 932 3485 et

183 3525 392 3589 irreverentia
407 3524 447 3586 ad
464 3530 622 3607 parentes.

222 3627 263 3687 Si
286 3626 394 3684 rimati
413 3624 541 3700 fuerint
566 3622 634 3681 oiri
657 3627 769 3683 contra
791 3637 825 3681 se
851 3617 932 3679 invi·

182 3742 263 3801 01111,
276 3732 306 3784 11
317 3723 511 3801 percusserit
527 3725 609 3781 efter
619 3720 811 3797 proeimctm
821 3738 929 3787 suaet,

183 3823 215 3885 id
230 3832 279 3886 est
294 3840 377 3884 unus
393 3820 623 3897 alium,tepide
637 3822 687 3879 vet
700 3826 860 3896 papamet
876 3818 931 3877 itte

181 3940 354 4004 percussus
370 3929 516 3981 mertuos
531 3939 597 3979 vioe
612 3920 715 3997 feerit
730 3917 793 3981 cito
810 3926 841 3980 et
867 3916 934 3982 evi:

181 4020 294 4083 denter
309 4038 348 4081 ex
364 4018 418 4079 illa
435 4015 652 4098 percussione,
668 4019 722 4075 sed
730 4017 875 4092 jacuerit
891 4018 927 4077 ie

181 4123 311 4187 betete,
326 4124 456 4199 propter
475 4113 697 4195 egritudinem
718 4132 756 4175 ex
778 4113 834 4176 illa
856 4132 926 4193 per-

988 3128 1045 3187 tes
1060 3126 1141 3202 eJ'ec,
1160 3124 1193 3186 id
1214 3133 1272 3202 est,
1291 3124 1318 3187 si
1333 3124 1413 3187 alter
1432 3144 1543 3189 eorum
1563 3134 1618 3189 aut
1637 3126 1732 3192 ambo

988 3223 1206 3286 exhalaverint
1220 3222 1459 3305 spiritum,mox
1473 3224 1507 3286 in
1524 3225 1593 3307 ipsa
1608 3244 1733 3307 percus

988 3322 1077 3385 sione
1102 3331 1157 3385 aut
1182 3322 1328 3404 protinus
1353 3330 1425 3403 post
1447 3322 1555 3401 hano;
1581 3326 1732 3387 criminis

987 3443 1060 3482 reos
1073 3424 1147 3493 erit,
1166 3421 1271 3498 idest,
1288 3421 1454 3484 homicidii
1477 3442 1606 3504 poenam
1632 3444 1731 3489 mere-

989 3528 1049 3597 tur,
1067 3520 1134 3584 sive
1149 3540 1260 3583 servus
1275 3528 1307 3582 et
1321 3520 1437 3583 ancilla
1452 3521 1573 3585 Hebraei
1596 3524 1672 3601 sint,
1690 3526 1732 3587 si-

987 3639 1025 3684 ve
1041 3620 1187 3703 gentiles,
1204 3619 1310 3701 potius
1327 3626 1431 3682 11111111
1452 3621 1479 3682 11
1499 3622 1653 3685 exsistant
1672 3623 1730 3684 lle-

986 3718 1074 3789 braei,
1097 3721 1137 3781 Si
1155 3728 1263 3780 aetem
1283 3721 1420 3779 11110ιί11
1441 3724 1660 3799 supervixerit
1680 3728 1730 3783 ecl

986 3821 1111 3881 duobus
1125 3837 1235 3882 servus
1249 3826 1304 3881 aut
1318 3818 1434 3880 ancilla
1450 3828 1521 3901 post
1544 3839 1632 3883 suam
1659 3841 1730 3904 per-

986 3918 1178 3995 cussionem,
1201 3939 1266 3979 nen
1287 3918 1459 3995 subjacebit
1475 3939 1592 3996 poenoe,
1616 3920 1648 3983 id
1669 3932 1727 3999 111,

986 4017 1135 4081 dominus
1151 4016 1206 4098 qui
1221 4015 1389 4098 percussit,
1406 4034 1470 4080 non
1485 4016 1547 4079 1111
1563 4018 1729 4084 homicidii

987 4135 1059 4179 reus
1072 4140 1079 4189 3
1098 4118 1176 4193 quie
1186 4116 1329 4192 pecunia
1345 4116 1437 4176 illies·
1450 4126 1494 4177 est
1509 4137 1521 4176 .·
1537 4116 1569 4179 id
1585 4126 1644 4195 est,
1669 4138 1731 4182 ser-

180 4216 330 4281 cussione
346 4215 545 4289 secutam;si
558 4213 737 4273 surrexerit
749 4210 930 4304 aliqualiter
945 4214 969 4276 Ι)
986 4234 1043 4276 vus
1069 4231 1125 4276 seu
1149 4211 1266 4275 ancilla
1288 4222 1337 4275 est
1360 4232 1409 4277 res
1432 4215 1577 4294 quedam
1601 4216 1724 4280 domini

180 4316 379 4391 1111110111111,
392 4323 422 4375 et
436 4312 653 4373 ancbulaoerit
668 4312 751 4388 foris
765 4330 861 4387 seper
877 4313 930 4372 ba·

179 4420 293 4477 celum
316 4434 425 4485 sctum,
451 4410 619 4473 innitendo
644 4409 861 4472 sustentaculo
886 4410 929 4473 ob

180 4533 272 4577 suam
287 4514 394 4575 adhue
409 4511 577 4573 durantem
597 4508 817 4583 debilitatem
834 4511 930 4571 ineo-

179 4634 254 4674 certa
268 4614 366 4675 erite
385 4628 480 4693 poena
501 4606 669 4674 homicidii
692 4609 750 4688 qui
770 4628 931 4686 percusse-

180 4716 238 4775 rit.
257 4710 423 4785 itacham,
441 4706 587 4791 quamvis
609 4707 664 4769 ille
680 4725 930 4788 percussusmo-

181 4812 284 4875 riatur
309 4816 382 4872 ante
407 4826 497 4871 suam
522 4806 730 4869 curationem.
763 4805 927 4883 innocens,

182 4912 327 4991 inquam,
355 4907 416 4971 erit
446 4906 479 4968 in
510 4904 580 4969 foro
608 4904 757 4968 exteriori
786 4923 805 4965 a
834 4923 930 4986 poena

182 5008 315 5081 mortis3
332 5012 551 5070 verumtamen
567 5003 652 5085 apud
666 5004 765 5066 Deum
782 5022 853 5067 rens
869 5004 930 5067 erit

183 5104 350 5171 homicidii
367 5112 397 5167 et
413 5103 525 5167 mortis
547 5110 683 5178 aterne,
702 5100 727 5162 si
746 5100 931 5164 intendebat

160 5205 277 5269 'illum
297 5203 452 5279 occidere,
470 5202 520 5265 vel
541 5201 567 5263 si
584 5200 638 5263 ille
656 5208 728 5282 post
744 5198 931 5264 ambulatio-

183 5324 258 5371 nem
269 5302 436 5387 prefatam
453 5321 560 5373 rursus
577 5301 610 5363 in
626 5300 743 5364 lectum
755 5298 929 5378 decidat‚et

985 4312 1046 4389 sui,
1060 4331 1156 4393 quam
1172 4329 1228 4393 per
1243 4309 1411 4393 pecuniam
1427 4330 1516 4373 suam
1533 4311 1610 4375 fecit
1625 4334 1727 4395 suam,

985 4420 1016 4473 et
1039 4410 1134 4473 habet
1155 4428 1224 4471 eam
1249 4408 1339 4490 quasi
1365 4409 1533 4490 pecuniam
1555 4414 1727 4494 propriam,

985 4529 1040 4573 seu
1070 4510 1141 4575 loeo
1170 4507 1313 4591 pecunia
1342 4525 1400 4590 pro
1424 4527 1458 4571 re
1483 4507 1539 4572 illa
1563 4511 1727 4593 exposita.

984 4608 1071 4683 Quod
1091 4610 1131 4671 de
1153 4626 1244 4672 servo
1265 4614 1296 4670 et
1317 4606 1434 4669 ancilla
1455 4609 1629 4689 gentilibus
1651 4632 1730 4695 prae-

985 4708 1079 4790 cipue
1094 4706 1261 4787 accipitur,
1277 4704 1352 4786 quia
1374 4706 1558 4787 hujusmodi
1584 4729 1728 4792 personia

985 4804 1204 4869 vendebantur
1218 4802 1407 4885 simpliciter
1422 4814 1452 4867 et
1468 4806 1507 4868 ad
1519 4826 1655 4890 semper,
1663 4830 1727 4875 non

985 4913 1092 4968 autem
1107 4902 1239 4966 Hebraei.
1610 4965 1613 4972 .

1025 5004 1141 5066 Contra
1155 5002 1236 5064 hanc
1251 5000 1352 5081 legem
1369 5020 1439 5082 quaa
1454 5002 1636 5084 aliqualiter
1650 5007 1729 5071 dura

985 5108 1128 5183 apparet,
1146 5099 1191 5161 sic
1214 5098 1320 5179 arguit
1335 5097 1471 5162 Thomas
1497 5099 1530 5162 in
1553 5101 1657 5183 prima
1682 5124 1729 5167 se·

985 5200 1098 5263 eundae
1116 5218 1123 5261 :
1140 5198 1203 5261 Lex
1218 5196 1328 5260 divina
1347 5198 1448 5277 magis
1470 5199 1564 5263 debet
1578 5203 1618 5264 ad
1634 5203 1728 5266 mise·

985 5298 1155 5363 ricordiam
1171 5314 1354 5378 provocare,
1371 5316 1468 5378 quam
1490 5298 1541 5361 lex
1566 5300 1727 5378 humana3
