4309 6259
568 504 742 559 manuario
763 513 794 560 ιιι
816 512 883 559 aar.
907 512 994 559 xxrn
1016 514 1118 560 exona.
1140 535 1180 544 -
1200 516 1271 561 aar.
1295 516 1354 561 cru
1694 497 1733 561 aa

182 676 451 761 benignissimum
475 683 573 745 Dcum
600 684 846 767 implacabiliter
872 694 932 748 tuae
946 686 972 749 Α
988 688 1073 768 quod
1091 688 1123 750 in
1140 708 1202 750 una
1220 689 1325 751 tabula
1342 707 1405 751 non
1423 687 1481 750 luit
1500 688 1561 750 nisi
1578 708 1641 751 una
1657 688 1734 751 scri-

181 777 268 859 plabi
285 780 391 858 irasci,
405 783 553 864 quamvis
564 783 675 864 utique
689 785 773 864 juste
785 785 932 849 irascaris

179 878 309 941 eisdem.
324 882 383 949 Na,
395 902 510 960 pertusa,
520 884 633 944 dicarat
648 886 809 961 slr'ppptt'a'‚
824 884 855 946 itl
871 892 930 959 cst,

181 995 322 1058 ragone
345 980 451 1042 doleas
474 981 630 1063 populum
653 990 754 1059 tuum,
777 982 831 1063 qui
859 990 931 1044 tuus

183 1083 230 1139 est
247 1077 360 1141 saltem
377 1079 538 1143 creatione
554 1088 584 1141 et
603 1080 734 1162 speciali
752 1081 928 1154 vocatione,

183 1193 223 1237 nc
238 1176 378 1259 AEgyptii
395 1177 523 1240 dicant:
538 1182 674 1251 Fatttda,
693 1180 724 1241 id
741 1188 789 1241 ost
806 1179 932 1242 lraudu-

184 1272 297 1351 lenter,
315 1278 429 1337 arturit
443 1296 494 1337 eos
509 1296 546 1339 ex
562 1278 705 1359 AEgypto,
723 1288 760 1338 ut
777 1282 931 1356 trrtnrfice-

182 1383 229 1433 net
245 1375 282 1433 in
300 1375 513 1446 montinneio
529 1384 577 1438 cst
594 1375 626 1437 in
643 1384 812 1439 montuoso
828 1377 932 1439 dosor-

184 1480 226 1549 ta‚
244 1473 278 1533 in
294 1472 374 1537 locis
397 1475 539 1551 secretis,
557 1476 647 1558 quasi
675 1474 835 1557 impotens
857 1476 931 1537 darc

182 1571 230 1633 cis
255 1580 373 1635 terram
399 1575 601 1655 promissam,
625 1585 655 1635 et
679 1579 795 1635 deterat
819 1596 868 1635 eos
892 1579 932 1634 (tn

184 1681 281 1733 terra.
312 1675 460 1741 Quiescat
485 1676 537 1735 a'ra
559 1684 627 1745 tua,
651 1684 680 1734 rt
704 1685 765 1735 asto
788 1676 931 1751 placabi-

185 1772 224 1830 lis
248 1792 346 1850 anper
366 1775 513 1853 nequitia
533 1778 651 1851 papuli
675 1775 735 1835 tui.
752 1777 931 1834 Recordare

988 796 1092 868 ptura,
1110 795 1141 849 et
1163 789 1247 868 quod
1271 788 1326 849 illa
1348 788 1408 849 luit
1427 807 1466 849 cx
1487 798 1619 869 utraque
1645 797 1733 870 parta

987 906 1076 966 aquo
1094 886 1243 965 legibilis.
1260 888 1346 960 Quod
1365 886 1475 949 luisset
1492 887 1731 963 miraculosum,

987 985 1139 1065 quoniam
1156 984 1262 1047 littera
1275 986 1305 1046 in
1319 1005 1383 1048 uno
1395 986 1492 1049 latore
1504 987 1632 1068 scripta,
1642 1005 1732 1067 appa-

988 1091 1035 1143 rot
1052 1082 1084 1144 in
1100 1083 1164 1146 alio
1180 1083 1277 1146 latero
1295 1084 1485 1163 figurationc
1502 1085 1658 1166 opposita.
1673 1083 1733 1145 Sed

987 1181 1071 1242 istud
1089 1201 1153 1244 non
1170 1183 1295 1245 ritlctur
1312 1183 1409 1245 textui
1425 1202 1601 1245 consonare
1615 1200 1621 1243 :
1635 1182 1733 1264 siqui-

986 1280 1059 1341 dem
1084 1281 1284 1362 apertissimo
1309 1282 1364 1358 ait,
1385 1282 1524 1363 Scriptus
1540 1300 1579 1343 ex
1599 1290 1733 1361 utraque

987 1388 1086 1460 parte.
1104 1379 1134 1441 Si
1151 1388 1257 1442 autom
1273 1380 1383 1462 opinio
1399 1379 1454 1441 illa
1471 1388 1553 1442 essct
1569 1398 1654 1455 vcra,
1668 1398 1731 1441 non

988 1476 1124 1541 luissent
1141 1478 1255 1541 rabula
1277 1480 1413 1562 scripta,
1432 1479 1494 1540 nisi
1511 1478 1543 1540 in
1565 1498 1627 1539 una
1644 1487 1732 1559 parte

987 1577 1154 1659 utriusque
1169 1598 1289 1640 carum.
1302 1580 1363 1641 Cur
1378 1588 1483 1641 autom
1501 1578 1627 1660 scriptae
1643 1586 1733 1639 crant

987 1676 1019 1737 in
1036 1676 1181 1757 quolibet
1197 1676 1305 1753 latero,
1324 1677 1385 1738 nisi
1403 1686 1438 1738 ut
1454 1677 1507 1739 llci
1523 1676 1673 1738 mandata
1690 1675 1733 1737 lc-

986 1784 1136 1856 gcreutur
1151 1775 1184 1837 in
1201 1776 1247 1839 eis
1268 1786 1331 1837 tam
1353 1776 1393 1837 ab
1410 1775 1459 1837 his
1480 1776 1536 1856 qui
1553 1775 1679 1837 stabant
1694 1793 1733 1836 cx

183 1872 362 1943 ananan,
385 1876 479 1933 Isaac
497 1882 527 1933 et
551 1876 656 1933 Israel
676 1893 842 1932 seruorum
865 1882 931 1933 tuo
947 1868 970 1929 ll
987 1892 1048 1936 una
1065 1882 1354 1956 pomeranensem,
1373 1894 1469 1955 quam
1485 1874 1525 1935 ab
1541 1873 1606 1936 illis
1622 1872 1677 1954 qui
1694 1872 1732 1933 si-

183 1988 272 2039 rurn,
286 1968 319 2030 id
335 1977 394 2047 est,
405 1988 462 2051 per
477 1969 630 2033 ellectum
647 1971 778 2034 ostende
796 1978 825 2031 tc
838 1970 931 2033 misc·
986 1980 1019 2033 tu
1035 1973 1182 2055 opposito
1194 1973 1279 2055 ipsas
1296 1973 1527 2055 respiciebant?
1544 1972 1620 2035 ltcm
1635 1972 1675 2032 ad
1687 1971 1732 2032 in·

183 2065 351 2131 ricorditcr
363 2087 536 2132 memorem
548 2068 735 2131 moritorum
748 2077 929 2132 sauctorum
986 2072 1190 2149 sinuaurlum‚
1203 2073 1289 2153 quod
1305 2072 1344 2134 ad
1359 2071 1526 2152 utriusque
1536 2069 1730 2132 Testamenti

181 2165 434 2229 Patriareharum
452 2168 596 2244 istorum,
607 2170 723 2249 quibus
731 2170 859 2245 jurasti
869 2188 930 2244 per·
985 2170 1140 2252 populum
1156 2170 1369 2253 pertinebant.
1383 2172 1425 2231 Er
1437 2171 1542 2248 factas
1556 2189 1648 2245 opere
1661 2170 1729 2238 Det,

184 2268 396 2344 temetipsum,
418 2269 527 2327 rticcns
543 2288 554 2326 .·
575 2268 801 2343 ,liuttipttcntro
825 2286 929 2326 sennen
986 2269 1016 2330 id
1034 2278 1082 2331 cst
1098 2269 1243 2351 angelico
1258 2269 1447 2331 ministerio.
1461 2268 1536 2330 Nam
1552 2266 1685 2348 angelus
1698 2266 1730 2328 in

183 2375 325 2425 vestrum
350 2368 434 2426 sicut
458 2370 566 2426 stellas
588 2368 672 2435 carli,
688 2375 717 2425 et
743 2367 930 2425 universam
986 2368 1040 2431 Dei
1057 2387 1193 2450 persona
1211 2368 1356 2449 loquens,
1374 2387 1532 2450 apparens
1549 2386 1585 2428 ac
1601 2365 1728 2447 jubcuS,

184 2472 303 2525 terram
329 2467 414 2525 hanc
435 2466 516 2524 [tabo
540 2466 659 2525 sentiat
684 2473 785 2524 vestro
802 2486 813 2523 .·
837 2461 930 2545 quasi
986 2465 1731 2547 tabulasillasformaritatqueinscripsit.Srri·

181 2562 277 2639 dicat,
302 2562 404 2636 Quum
425 2571 459 2626 tu
479 2564 523 2625 sis
545 2564 648 2646 prima
668 2570 700 2625 el
721 2561 930 2624 immutabilis
981 2578 1083 2645 ptura
1099 2588 1223 2647 quoque
1237 2569 1298 2628 Det
1317 2577 1386 2627 crat
1400 2571 1526 2643 scrrlpta
1547 2567 1582 2625 ιἰι
1598 2566 1727 2625 tabulis.

181 2659 317 2734 Veritas,
336 2662 427 2724 decet
441 2662 658 2742 juramentum
675 2669 765 2723 tuum
782 2660 927 2742 impleri3
1025 2668 1172 2727 Auctione
1194 2676 1302 2726 autern
1325 2669 1432 2731 locere,
1453 2664 1509 2745 qui
1533 2666 1583 2743 (ut
1608 2662 1730 2725 dictum

181 2770 210 2819 et
232 2762 437 2839 possz'rlelritis
460 2782 531 2821 eam
555 2782 689 2839 sarrrper.
712 2763 931 2838 Placatusquc
985 2766 1047 2843 nst)
1063 2764 1180 2826 mansit
1195 2763 1279 2827 circa
1297 2763 1436 2827 medium
1449 2762 1618 2837 montisel
1634 2760 1730 2842 lloysi

180 2870 225 2919 eat
244 2862 407 2920 Dominus
426 2880 465 2921 ne
485 2861 605 2936 foraret
627 2864 763 2931 malurn,
781 2862 867 2939 pacat
890 2862 930 2919 to-
984 2862 1190 2925 alcsccndcnti
1214 2862 1362 2938 occurrit,
1381 2862 1444 2924 imo
1460 2860 1602 2942 quotidie
1624 2859 1731 2922 obser-

182 2968 276 3018 cutus
290 2960 402 3035 fuerat
423 2962 577 3019 universus
589 2962 752 3037 poputum
771 2978 879 3028 sunm,
898 2956 928 3018 id
985 2960 1071 3023 ravit
1088 2960 1225 3023 raditum
1241 2960 1321 3040 ejuS,
1334 2964 1507 3020 tnrnratturn
1521 2962 1638 3035 populi
1648 2960 1731 3017 coci-

181 3066 239 3134 est,
258 3057 291 3119 in
310 3065 433 3120 tantum
449 3058 490 3122 ab
514 3056 635 3120 ellectu
655 3056 787 3138 justitiae
806 3075 871 3119 suar
896 3074 929 3118 se
947 3060 968 3122 C
985 3061 1124 3138 serrantia
1139 3078 1177 3121 ex
1199 3057 1288 3121 inani
1304 3058 1424 3132 latitia,
1441 3060 1489 3117 att
1511 3060 1555 3117 nat
1571 3060 1702 3134 Moysen
1718 3077 1729 3116 :

1010 3162 1018 3175 V

1010 3183 1012 3194 t

183 3156 383 3239 temporavit,
401 3158 487 3237 quod
512 3175 575 3220 non
598 3156 707 3218 intulit
731 3154 839 3237 impiis
865 3154 929 3216 illis
990 3162 1142 3219 {tutatus
1154 3178 1274 3236 pupnnr
1290 3159 1429 3217 auditur
1443 3157 1480 3215 in
1497 3158 1621 3216 eastris.
1634 3153 1730 3216 tudi-

184 3263 245 3317 tam
262 3272 359 3335 grave
374 3255 495 3317 malum
506 3272 619 3336 poenae,
632 3263 667 3317 ut
682 3253 786 3317 luerat
801 3254 930 3317 commi·
984 3258 1031 3319 vit.
1047 3256 1134 3319 enim
1150 3275 1242 3320 rocos
1259 3256 1386 3319 illorum
1402 3254 1545 3331 contuse,
1559 3263 1590 3317 et
1605 3254 1730 3335 putavit

183 3364 286 3430 natue,
299 3354 423 3431 diceus,
435 3354 473 3417 Et
489 3353 610 3416 deleam
627 3353 857 3434 eos.Denique,
870 3352 930 3415 sic·
984 3357 1069 3437 quod
1096 3362 1275 3437 pugnarant
1299 3362 1410 3417 contra
1435 3372 1469 3416 sc
1492 3353 1640 3415 invicem.
1666 3353 1730 3421 Qut

182 3462 215 3515 ut
226 3460 357 3515 saumas
374 3460 507 3515 testatur
521 3452 701 3533 Gregorius,
715 3452 786 3514 ideo
801 3469 930 3532 quoque

183 3560 244 3613 tam
272 3551 337 3614 cito
363 3550 482 3633 placari
508 3540 657 3632 dignatus
682 3559 731 3612 cst
755 3550 926 3626 Dominus,

182 3651 255 3732 quia
279 3651 428 3733 praevidit
443 3668 538 3731 quam
562 3649 705 3712 districtc
723 3648 841 3731 lloyscs
861 3648 928 3711 zelo

181 3749 234 3813 llei
252 3749 358 3813 luerat
378 3749 447 3830 ejus
469 3748 632 3830 iujuriam,
650 3748 929 3830 idololatriamque

182 3849 318 3911 ulturus

219 3951 263 4011 Er
286 3969 433 4009 reversas
453 3958 497 4010 est
522 3951 646 4025 Moyses
667 3950 707 4007 de
731 3958 845 4017 rnonte,
871 3946 929 4009 im·

184 4046 274 4129 plens
300 4046 387 4129 quod
412 4046 565 4109 Dominus
588 4046 617 4108 ci
639 4045 805 4128 praecepit,
830 4046 926 4123 Vade,

185 4146 358 4222 descende;
384 4156 519 4226 portans
537 4150 621 4207 duas
647 4148 772 4206 tabutas
796 4148 929 4206 tcstr'rno

984 3457 1148 3533 respondit
1165 3476 1176 3514 .·
1192 3456 1264 3516 Non
1281 3465 1325 3514 eat
1346 3457 1468 3513 clamor
1483 3454 1730 3513 adhortantium

984 3558 1028 3615 aal
1038 3575 1199 3632 pupnarn,
1216 3574 1315 3633 rrepnc
1333 3554 1520 3629 uociferatio
1543 3556 1731 3628 compellen-

985 3656 1066 3714 tr'urn
1084 3656 1128 3713 art
1141 3654 1269 3730 sapam.
1287 3651 1406 3732 lloyscs
1426 3650 1545 3733 quippe
1567 3670 1604 3711 cx
1619 3649 1730 3713 dit-‘ina

984 3750 1178 3815 revelatione
1200 3750 1348 3831 cognorit
1364 3750 1441 3830 quid
1464 3758 1548 3811 esset
1565 3767 1572 3809 ε
1590 3748 1661 3811 idco
1676 3748 1730 3809 ad-

984 3852 1041 3928 dit,
1058 3854 1114 3910 scat
1136 3871 1241 3910 aarum
1263 3851 1469 3909 cunctantium
1492 3869 1546 3925 apo
1568 3849 1678 3917 aratia,
1697 3846 1729 3908 id

984 3958 1031 4013 est
1046 3958 1175 4013 cantum
1187 3947 1414 4011 chorizantium
1426 3966 1532 4009 coram
1545 3946 1726 4009 simulacro.

1025 4055 1194 4128 Quantaque
1223 4050 1511 4127 appropinquasset
1536 4050 1580 4107 art
1603 4056 1727 4117 castra,

984 4150 1069 4210 cidit
1094 4151 1238 4209 vitulum
1252 4157 1281 4207 et
1304 4148 1424 4206 ulturos,
1442 4150 1612 4225 [ratusque
1636 4148 1729 4204 natata

184 4248 233 4305 nii
256 4248 293 4306 in
317 4268 432 4318 manu,
451 4248 588 4324 scriptas
607 4266 646 4305 ea
667 4254 803 4324 utraque
821 4256 925 4323 parte.
943 4248 968 4309 D
984 4248 1051 4310 zelo
1067 4245 1209 4327 justitia,
1219 4264 1317 4327 quum
1329 4245 1442 4308 choros
1454 4263 1509 4307 scu
1521 4244 1653 4306 cltorcas
1664 4243 1729 4305 ido-

185 4344 226 4407 Ex
241 4364 308 4426 quo
325 4344 461 4421 videtur,
478 4344 564 4426 quod
579 4343 729 4425 qualibet
747 4343 852 4405 tabula
869 4343 929 4405 luit
985 4344 1175 4409 lolatrarum'
1186 4344 1337 4407 ritlissct:
1357 4363 1429 4405 nam
1446 4343 1513 4404 visa
1534 4343 1647 4404 lortius
1664 4359 1729 4403 mo

184 4442 369 4526 inutraque
390 4441 563 4525 superficie
577 4462 633 4504 sua
655 4441 769 4505 littoris
790 4451 926 4517 exarata,
985 4452 1071 4519 irent,
1084 4462 1179 4524 quam
1196 4461 1267 4523 qum
1282 4441 1348 4504 sola
1365 4441 1518 4504 relatione
1535 4448 1726 4513 noscuntur3

184 4542 225 4605 ila
254 4544 342 4625 quod
368 4544 477 4606 eadem
504 4542 601 4605 verba
624 4541 870 4605 continebantur
896 4542 927 4603 in
982 4544 1119 4622 projecit
1132 4544 1172 4600 alc
1188 4562 1289 4601 rnarru
1306 4544 1441 4610 tabulas,
1459 4550 1488 4599 at
1502 4542 1661 4616 ronsicpr't
1676 4560 1728 4598 aas

184 4650 270 4723 parte
286 4652 433 4723 utraque.
447 4641 515 4718 Vel,
528 4642 704 4704 secundum
720 4642 881 4721 quosdam,
895 4641 927 4701 in
985 4646 1028 4703 nrt
1048 4644 1173 4701 radetur
1196 4641 1322 4699 rnontts.
1340 4638 1406 4699 Non
1424 4658 1462 4700 ex
1483 4637 1728 4700 immoderantia

186 4760 247 4804 uno
263 4741 364 4804 latere
381 4740 496 4803 tabulae
510 4739 757 4804 continebantur
772 4740 835 4801 duo
853 4758 929 4820 prae·
985 4740 1170 4822 passionum
1186 4736 1326 4800 creditur
1342 4736 1402 4799 hoc
1416 4736 1539 4813 secisse,
1550 4738 1604 4799 sed
1621 4737 1728 4818 potius

185 4850 273 4922 cepta
303 4859 378 4903 cum
408 4839 528 4915 medio,
552 4838 748 4919 totidemque
773 4838 805 4899 in
832 4838 928 4901 latero
984 4840 1051 4903 zelo
1067 4837 1237 4919 aequitatiS,
1256 4845 1406 4918 reputans
1423 4836 1645 4918 impiissimam
1663 4835 1730 4918 plo-

184 4940 256 5017 alio,
274 4938 387 5020 sicque
409 4938 622 5001 delatoribus
646 4936 778 5000 alterius
801 4937 925 5005 tabulae.
984 4938 1056 5001 bem
1078 4939 1230 5019 adspectu
1251 4944 1281 4999 ct
1304 4935 1440 4998 lectione
1460 4935 1637 4998 tabularum
1665 4943 1727 4997 tam

184 5038 275 5103 Porro
292 5038 665 5120 secuudumlosephum,
679 5037 711 5097 in
728 5036 870 5117 qualibet
888 5044 929 5098 ta·
985 5037 1235 5101 venerandarum
1258 5034 1434 5115 indignam.
1451 5034 1540 5097 l'ndc
1565 5043 1596 5097 ct
1612 5035 1666 5096 llei
1684 5034 1730 5095 in-

184 5136 257 5200 hula
273 5136 394 5219 scripta
404 5144 495 5198 erant
510 5134 653 5216 quinque
669 5141 831 5216 praccepta
841 5134 928 5207 Quod
985 5136 1104 5198 stinctu
1116 5135 1176 5197 hoc
1187 5134 1327 5197 creditur
1342 5133 1473 5210 lactum,
1486 5135 1525 5196 ad
1537 5134 1730 5215 presignan-

184 5245 213 5298 ct
227 5236 338 5300 Petrus
354 5236 394 5298 de
405 5234 587 5297 Tarentasia
601 5232 747 5295 affirmat
763 5252 857 5315 super
871 5242 929 5296 ter·
984 5237 1060 5299 dum
1077 5234 1227 5316 mysteria
1243 5233 1276 5295 in
1292 5233 1427 5296 articulo
1438 5243 1590 5314 sequente
1603 5242 1729 5311 tauger-

186 5335 260 5398 tium
273 5334 520 5399 Sententiarum.
530 5333 639 5418 Aliqui
651 5341 756 5397 tamcu
768 5332 927 5410 dixerunt,
985 5336 1035 5399 da.
1063 5336 1297 5413 Arripiensque
1310 5336 1482 5405 citatum,
1509 5334 1678 5393 combussit
1699 5342 1729 5394 ct
