4309 6259
424 492 484 557 600
755 513 927 559 ENARRATlO
949 513 979 558 ut
1001 513 1069 559 GAP.
1092 511 1147 557 m
1166 511 1400 558 nmrnaouorru.
1421 529 1462 542 ·-
1481 511 1554 558 aar.
1575 513 1640 558 uu

425 680 454 743 ei
471 680 664 763 imponendo
679 681 875 760 servitutem,
893 685 972 763 quta
987 684 1170 743 humitiasti
1183 681 1209 742 Α
1224 681 1432 762 peccantibus
1457 681 1582 763 possint
1603 689 1738 745 mortem
1764 691 1819 745 aut
1843 683 1969 746 mutila·
2129 748 2130 751 ,

424 801 506 851 earn,
525 799 561 842 ea
586 781 704 843 utendo
729 790 764 844 ut
789 782 993 864 conjuge:in
1019 799 1084 863 quo
1110 800 1169 842 usu
1226 778 1345 841 tionem
1371 778 1520 859 infligere
1539 779 1669 861 propria
1688 781 1887 858 auctoritate,
1904 781 1969 843 nisi

425 896 504 940 uxor
520 878 620 940 instar
635 879 785 961 patientis
801 888 832 942 et
853 880 987 962 subjecti
1008 899 1042 942 se
1062 879 1168 941 habet..
1226 875 1307 939 forte
1317 877 1447 940 aliunde
1463 877 1527 939 sint
1542 879 1665 959 judices
1680 881 1877 942 eorumdem.

466 979 506 1038 St
520 979 669 1038 habuerit
685 981 776 1044 homo
792 982 874 1039 cletas
889 999 1023 1039 tenores:
1034 979 1120 1059 quod
1136 978 1170 1039 in
1266 979 1401 1045 Quando
1408 979 1598 1056 peccauerit,
1609 978 1642 1039 id
1651 986 1710 1053 est,
1719 979 1880 1059 peccando
1888 997 1971 1042 corn

425 1075 525 1138 veteri
541 1073 610 1156 lege
625 1093 812 1138 concessum
829 1076 889 1138 luit
906 1095 944 1139 ex
958 1075 1169 1158 dispensatio
1226 1074 1359 1150 miserit,
1372 1078 1464 1136 hortm
1479 1076 1708 1156 crimemquod
1723 1087 1822 1138 morte
1832 1081 1970 1154 plecten-

426 1192 466 1234 ne
481 1171 600 1250 divina,
618 1173 694 1253 quia
710 1182 786 1236 tunc
809 1175 950 1256 paucitas
968 1183 1035 1238 erat
1058 1174 1169 1255 populi
1224 1176 1304 1232 dum
1319 1184 1375 1245 cst,
1391 1183 1421 1234 et
1436 1175 1647 1252 adjudicatus
1662 1178 1760 1236 morti
1773 1194 1831 1256 per
1844 1175 1970 1256 judiees

426 1273 523 1333 Deum
549 1291 658 1333 verum
684 1273 829 1350 colentis,
848 1281 879 1336 et
904 1273 1008 1336 cultus
1033 1273 1088 1336 Dei
1114 1291 1171 1354 per
1226 1270 1548 1351 legitime,appensus
1561 1273 1716 1350 suerit-ia
1726 1276 1970 1350 petitam-nou
2077 1351 2081 1356 ,

426 1369 586 1432 carnalem
602 1371 862 1451 propagationem
874 1371 1122 1435 conservabatur
1137 1371 1170 1432 in
1220 1373 1424 1447 permanebit
1445 1374 1583 1431 cadaver
1600 1373 1671 1448 ejus
1690 1374 1727 1432 in
1744 1374 1843 1449 layna,
1859 1377 1915 1433 scd
1935 1377 1968 1434 r'n

427 1467 520 1549 plebe
549 1467 632 1540 illa;
660 1489 761 1529 unam
786 1472 954 1542 dilectam,
980 1481 1010 1530 ct
1034 1474 1171 1531 alteram
1225 1471 1337 1527 eudem
1359 1469 1414 1528 dic
1437 1471 1620 1544 sepelietur,
1639 1471 1720 1548 quia
1740 1472 1932 1530 maledictus
1949 1493 1970 1531 a

365 1597 371 1607 ·
426 1569 583 1636 odiosam,
598 1567 784 1630 ete.Littera
798 1568 893 1650 plana
908 1569 1050 1650 est,quia
1065 1569 1098 1629 in
1114 1568 1171 1630 tali
1226 1568 1291 1626 Deo
1305 1575 1363 1635 cst,
1379 1565 1411 1627 id
1432 1574 1481 1628 est
1502 1565 1571 1628 dire
1594 1567 1734 1647 punitus,
1751 1575 1783 1629 et
1797 1568 1971 1650 opprobrio

427 1683 503 1728 casu
527 1683 591 1727 non
612 1673 715 1747 potest
741 1665 847 1728 lilium
872 1667 995 1729 dilectae
1021 1666 1172 1748 preferre
1227 1662 1473 1745 confusionique
1488 1664 1580 1726 datus
1595 1684 1614 1726 a
1627 1665 1692 1728 Deo
1706 1665 1972 1749 volenteautpcr-

429 1761 499 1825 lilio
513 1763 641 1840 odiosae,
665 1763 690 1825 si
713 1763 804 1826 lilius
820 1765 936 1827 odiosa
957 1764 998 1826 sit
1018 1765 1174 1846 primogo-
1228 1762 1384 1839 mittente,
1397 1762 1502 1825 omnis
1516 1766 1575 1843 qut
1586 1767 1749 1841 perelecta
1765 1768 1854 1842 ttpno
1869 1783 1882 1826 .·
1896 1767 1973 1846 qnia

429 1861 515 1922 nitus
537 1861 596 1924 viri
620 1861 707 1924 illius
727 1863 782 1944 qui
804 1861 1019 1944 primogenito
1042 1881 1100 1925 suo
1122 1863 1209 1926 dell
1228 1879 1313 1922 mors
1329 1860 1402 1923 talis
1417 1861 1627 1943 opprobriosa
1648 1870 1681 1924 et
1699 1863 1778 1924 dura
1796 1872 1846 1926 est
1866 1864 1969 1927 valde.

429 1959 499 2021 buit
514 1969 628 2024 cuneta
650 1962 725 2024 dare
740 1960 891 2043 duplicia.
908 1961 998 2024 Circa
1020 1963 1107 2044 quod
1129 1962 1174 2024 ait
1229 1957 1369 2020 Sumitur
1379 1967 1485 2021 autem
1497 1959 1530 2020 in
1541 1958 1610 2040 lege
1621 1959 1802 2024 maledictio
1812 1962 1973 2025 interdum

429 2057 555 2121 Glossa:
566 2059 628 2122 lloc
644 2060 683 2121 ad
700 2059 837 2122 litteram
854 2061 1042 2122 servandum
1060 2068 1118 2136 est,
1133 2079 1174 2122 ne
1230 2075 1288 2138 pro
1303 2057 1475 2140 opprobrio
1489 2066 1545 2120 aut
1559 2066 1728 2136 tormento,
1745 2061 1922 2122 secundum
1938 2061 1975 2124 il-

430 2164 579 2236 sequatur
599 2156 671 2236 quis
687 2156 786 2219 animi
807 2157 857 2220 sui
873 2165 1006 2234 motum,
1025 2158 1074 2220 vel
1091 2175 1175 2220 amo
1232 2155 1284 2218 lud
1304 2174 1311 2217 ε
1328 2155 1511 2218 Maledictus
1526 2156 1582 2237 qni
1598 2175 1662 2220 non
1682 2157 1848 2239 reliquerit
1864 2178 1974 2223 semen

431 2271 508 2329 rem,
518 2255 703 2332 autodium,
714 2255 769 2318 sed
785 2247 1173 2318 naturam.¹llerumtamen
1232 2254 1264 2316 in
1279 2254 1385 2316 lsrael.
1402 2254 1511 2335 ltaque
1526 2273 1711 2336 suspensus,
1727 2257 1838 2319 eodem
1853 2266 1903 2320 est
1921 2258 1976 2320 die

431 2350 517 2413 istud
535 2351 686 2432 judiciale
701 2362 892 2434 praeceptum
918 2371 981 2416 non
998 2363 1046 2416 est
1068 2373 1176 2417 neces-
1230 2371 1249 2414 a
1263 2351 1407 2434 patibulo
1422 2351 1629 2433 deponendus
1642 2369 1649 2412 :
1661 2353 1752 2434 cnjus
1767 2353 1976 2435 subjungitur

431 2449 515 2512 sario
532 2450 564 2511 in
576 2450 759 2531 evangelica
776 2450 844 2531 lege
855 2453 1176 2534 servandum,quam·
1230 2449 1321 2525 ratio,
1345 2449 1422 2532 quia
1445 2450 1632 2512 maledictus
1656 2471 1676 2513 a
1699 2453 1762 2514 Deo
1785 2460 1844 2530 est,
1869 2454 1902 2516 id
1926 2463 1977 2516 est

431 2546 480 2610 vis
497 2547 595 2629 possit
610 2548 650 2610 ab
670 2548 778 2630 aliquo
798 2551 1017 2612 auctoritatem
1039 2549 1176 2614 habente
1230 2546 1431 2610 sufficienter
1446 2547 1577 2630 punitus
1592 2549 1684 2611 aDeo
1698 2568 1755 2631 per
1768 2550 1977 2632 judieescjns

433 2644 557 2707 institui
573 2665 609 2710 aa
630 2647 761 2709 servari.
779 2647 1050 2721 Quemadmodum
1069 2657 1175 2712 autern
1230 2645 1377 2721 vicarios,
1395 2663 1452 2726 per
1472 2645 1531 2707 hoc
1550 2645 1636 2725 qnod
1655 2645 1699 2708 ita
1719 2666 1893 2728 suspensus
1914 2658 1976 2726 est,

433 2742 522 2806 lilius
538 2762 601 2807 non
618 2745 849 2826 primogenitus
865 2765 928 2809 non
940 2747 1034 2809 debet
1045 2766 1176 2810 eramo
1231 2762 1289 2806 nec
1305 2751 1430 2825 oportet
1443 2761 1516 2805 eum
1532 2743 1565 2804 in
1582 2743 1649 2806 nac
1661 2743 1726 2808 vita
1746 2746 1846 2824 magis
1866 2746 1977 2827 puniri

432 2861 467 2904 re
486 2843 585 2924 patris
601 2843 650 2905 sui
666 2845 706 2906 ad
722 2863 767 2921 se,
791 2845 841 2908 vel
855 2845 895 2907 ad
917 2854 1050 2908 matrem
1072 2866 1173 2924 suam,
1231 2860 1288 2923 per
1303 2841 1479 2920 longiorem
1495 2839 1528 2902 in
1545 2840 1688 2923 patibulo
1703 2843 1902 2924 pensionem.
1922 2847 1980 2913 tu·

431 2941 643 3023 primogenito
658 2943 800 3025 praeponi
817 2961 875 3006 nec
892 2943 1123 3025 primogenitus
1138 2965 1177 3007 ex
1231 2958 1294 3021 que
1318 2939 1378 3001 isla
1403 2938 1574 3002 auctoritas
1599 2958 1664 3003 non
1687 2941 1816 3021 derogat
1835 2941 1976 3018 Christo,

431 3039 505 3102 odio
520 3039 569 3101 sui
585 3047 639 3102 aut
650 3040 760 3102 matris
776 3059 851 3118 sua,
869 3060 927 3104 sno
941 3041 1012 3122 jure
1028 3042 1148 3123 privari
1166 3067 1173 3117 ;
1190 3037 1212 3100 C
1232 3038 1287 3120 qui
1301 3039 1351 3117 (ut
1372 3037 1417 3100 ait
1438 3037 1622 3120 Apostolus)
1641 3049 1770 3121 propter
1791 3058 1850 3104 nos
1873 3040 1978 3104 laeuis
2008 3066 2111 3108 natatu

432 3138 478 3201 sic
493 3138 600 3200 nullus
621 3137 764 3202 liliorum
780 3147 828 3202 ost
843 3159 880 3202 ex
901 3141 1020 3202 carnali
1037 3149 1067 3204 et
1090 3141 1176 3204 inor·
1231 3147 1279 3200 est
1294 3136 1510 3212 maledictum,
1527 3144 1563 3199 ut
1584 3156 1642 3199 nos
1664 3157 1682 3199 a
1704 3138 1873 3202 maledicto
1894 3139 1979 3222 legis
1995 3133 2027 3171 ¹³·
2131 3154 2132 3159 ’

431 3235 541 3299 dinato
555 3255 662 3300 amore
678 3236 834 3301 lovendns
851 3239 884 3299 in
901 3239 1000 3301 vitiis.
1018 3239 1089 3303 ldco
1105 3240 1177 3302 sun
1231 3235 1411 3299 redimeret.
1429 3234 1571 3296 Sumitur
1590 3234 1677 3297 cuim
1697 3235 1749 3299 laic
1769 3236 1979 3301 maledictum

432 3334 518 3396 ditur
536 3354 543 3398 ε
560 3337 601 3396 St
611 3338 761 3412 pcnrtert‘t
781 3339 872 3397 homo
887 3340 997 3415 filium
1011 3348 1177 3399 contume-
1232 3353 1289 3416 pro
1305 3332 1536 3416 poenapeccati
1552 3342 1735 3414 expectato
1755 3343 1875 3412 secula,
1892 3336 1979 3400 sicut

431 3453 497 3492 cem
511 3444 541 3492 et
551 3442 752 3509 protervum,
767 3432 799 3495 id
822 3442 880 3510 est,
897 3435 953 3515 qui
974 3436 1013 3497 ad
1033 3436 1175 3498 adultam
1231 3442 1262 3496 et
1278 3451 1363 3496 mors
1378 3431 1569 3513 quandoque
1579 3440 1709 3493 vocatur
1719 3441 1902 3513 peceatum:
1915 3435 1980 3498 hoc

431 3537 554 3592 aetatem
577 3531 759 3612 perductus,
782 3531 841 3593 liat
860 3533 944 3608 talis,
961 3537 1019 3612 qai
1038 3554 1103 3594 aon
1117 3557 1176 3595 aaa·
1230 3532 1325 3594 modo
1346 3549 1460 3592 manus
1480 3538 1611 3592 vocatur
1626 3530 1783 3611 scriptura
1798 3551 1895 3595 manu
1911 3533 1981 3597 lor-

431 3631 502 3689 diat
524 3632 630 3708 pat-ads
654 3639 684 3690 et
710 3634 824 3692 matria
850 3650 914 3694 suae
940 3635 1116 3710 imperium
1140 3635 1175 3695 in
1232 3639 1327 3706 mata,
1349 3637 1381 3691 et
1405 3627 1531 3708 loquela
1551 3627 1669 3690 dicitur
1690 3628 1809 3708 lingua.
1832 3630 1980 3696 Christus

432 3727 493 3803 his,
520 3727 552 3788 in
578 3726 696 3808 quibus
720 3727 750 3790 ei
776 3739 910 3810 possunt
936 3731 1119 3813 precipere,
1146 3743 1175 3794 et
1230 3729 1351 3810 quippe
1370 3725 1707 3807 ignominiosissimam
1723 3746 1781 3808 pro
1797 3728 1889 3792 nobis
1904 3751 1981 3812 per-

431 3826 596 3895 coerct'tus,
612 3825 643 3887 id
668 3833 717 3887 est
738 3835 903 3907 correptus
928 3827 1122 3908 frequenter,
1144 3839 1177 3894 et
1230 3827 1304 3890 tulit
1318 3833 1463 3890 mortem.

432 3941 488 4004 per
503 3923 619 3986 blanda
634 3943 671 3986 ac
686 3943 798 4006 aspera
814 3945 868 3987 seu
884 3945 941 4008 per
958 3929 1177 3992 comminatio
1270 3927 1422 3988 Praeterea
1442 3923 1575 4005 mystice
1594 3924 1723 4005 quando
1745 3926 1866 4007 praelati
1885 3928 1980 3993 ride-
2014 3948 2086 3990 sm

432 4041 489 4083 nes
504 4022 697 4099 admonitus,
715 4027 842 4084 obedire
862 4029 1085 4103 contempserit
1095 4052 1109 4100 ,·
1122 4049 1177 4106 ap·
1231 4026 1296 4087 rint
1310 4022 1493 4105 qnempiam
1509 4040 1548 4083 ex
1561 4022 1684 4085 credito
1702 4022 1748 4086 eis
1768 4042 1863 4106 grege
1882 4027 1980 4108 spiri·
1992 4012 2096 4067 ‘'lm“

428 4123 628 4198 prctctzdcnt
649 4142 735 4194 cum,
752 4141 852 4204 quum
869 4123 1008 4186 viderint
1030 4144 1104 4187 eum
1128 4126 1177 4189 in·
1232 4123 1360 4186 tualiter
1376 4119 1591 4197 interfectum,
1608 4121 1866 4200 scandalizatum,
1884 4125 1981 4190 dece-

432 4218 647 4299 corrigihilem
665 4218 795 4296 lactum,
805 4231 834 4282 ct
849 4227 965 4283 decent
981 4227 1024 4284 ad
1039 4225 1177 4303 majores
1191 4226 1216 4286 D
1232 4230 1333 4304 ptum,
1350 4237 1478 4283 causam
1493 4217 1656 4299 inquirere
1675 4219 1803 4297 debent,
1820 4229 1917 4303 atque
1937 4227 1981 4287 ad

431 4327 461 4376 ct
475 4319 519 4376 erl
529 4327 658 4393 portam
665 4318 805 4394 judicii,
820 4323 959 4380 dicentes
975 4342 985 4380 :
1001 4324 1110 4383 Ft'lt'tts
1124 4343 1177 4383 no·
1231 4319 1424 4401 expiandum
1435 4317 1474 4378 ad
1484 4315 1601 4378 Christi
1611 4316 1792 4398 passionem
1803 4338 1979 4399 recurrere,

431 4425 496 4474 ster
512 4425 684 4492 protervus
708 4426 738 4476 et
761 4427 937 4478 contemne
960 4431 1015 4491 est,
1036 4428 1097 4482 etc.
1115 4425 1177 4482 La-
1230 4437 1268 4480 ac
1282 4415 1452 4478 Dominum
1469 4432 1526 4495 pro
1542 4413 1635 4476 venia
1651 4432 1791 4493 exorare,
1809 4418 1981 4500 deceptum

428 4515 563 4590 pr'dc'bus
584 4516 693 4574 obruet
715 4535 788 4576 cum
807 4520 947 4594 populus
971 4520 1128 4588 civitatis,
1147 4531 1176 4579 et
1231 4534 1359 4597 quoque
1384 4532 1441 4595 pro
1466 4530 1559 4594 posse
1585 4512 1745 4576 reducere.
1773 4517 1813 4577 Si
1835 4536 1982 4594 epa-essens

432 4614 613 4672 morietur:
629 4612 712 4674 sicut
734 4612 767 4675 in
790 4621 875 4675 textu
897 4614 953 4696 qui
976 4616 1091 4697 planus
1117 4625 1174 4694 est,
1230 4616 1336 4695 fueris
1351 4615 1394 4672 nd
1405 4632 1564 4689 pugnam,
1582 4609 1614 4672 id
1636 4619 1695 4687 est,
1715 4610 1742 4672 si
1765 4611 1798 4673 in
1820 4613 1981 4679 conflictu

431 4709 622 4772 describitur
641 4729 678 4772 ac
692 4711 834 4792 jubetur.
856 4712 989 4794 Expedit
1004 4714 1090 4777 enim
1112 4723 1175 4777 tam
1230 4719 1342 4774 eontra
1362 4708 1559 4772 adversarios
1580 4706 1659 4771 lidei
1682 4709 1732 4771 vel
1755 4711 1981 4778 ecclesiastice

432 4808 532 4889 impio
548 4807 618 4870 lilio
633 4808 679 4870 sic
702 4809 821 4891 puniri,
839 4829 934 4891 quam
957 4821 1020 4874 tam
1043 4814 1177 4876 scelera·
1232 4808 1364 4871 unitatis
1383 4827 1439 4870 seu
1460 4805 1631 4869 individua
1646 4807 1798 4885 caritatis,
1816 4821 1982 4875 converte-

432 4914 462 4969 te
479 4907 599 4968 diutius
615 4907 733 4970 vivere.
755 4906 904 4981 Quamvis
920 4909 1005 4972 enirn
1028 4921 1175 4993 parentes
1232 4909 1276 4970 ris
1290 4908 1429 4988 aliquem
1449 4907 1489 4968 ad
1511 4905 1614 4986 tidem·
1630 4905 1830 4983 catholicam,
1847 4926 1982 4972 conver-

431 5006 602 5087 quamdam
617 5004 753 5067 habeant
771 5015 957 5088 potestatem
969 5017 1000 5072 et
1010 5011 1177 5072 anctorita—
1231 5007 1427 5070 sationemve
1443 5005 1665 5080 virtuosam,et
1676 5006 1798 5065 videris
1808 5011 1980 5070 mutierem

431 5113 496 5166 tem
507 5122 603 5185 super
619 5101 706 5166 lilios
717 5123 798 5181 suos,
810 5108 984 5186 prasertim
997 5127 1061 5171 non
1072 5127 1177 5171 eman·
1226 5109 1412 5183 pulchram,
1429 5104 1461 5165 id
1477 5113 1524 5165 est
1540 5103 1678 5164 animam
1694 5121 1826 5166 summae
1841 5104 1981 5168 Trinita-

430 5201 564 5283 cipatos,
592 5207 624 5264 et
649 5202 801 5283 quamdiu
830 5203 889 5265 sub
918 5223 1027 5269 eorum
1053 5226 1177 5290 perma·
1232 5205 1271 5266 tis
1289 5202 1428 5283 imagine
1440 5200 1638 5280 insignitam,
1648 5209 1680 5262 et
1691 5201 1830 5270 volueris
1840 5220 1909 5264 eam
1922 5214 1980 5270 tuo

431 5309 508 5363 nent
528 5300 627 5382 virga,
651 5319 715 5363 non
741 5309 846 5365 tamen
872 5309 936 5364 tam
961 5323 1119 5385 magnam,
1141 5316 1174 5369 ut
1231 5301 1358 5384 spiritui
1374 5299 1467 5381 quasi
1482 5317 1632 5381 sponsam
1647 5299 1741 5362 unire
1758 5318 1814 5381 per
1833 5311 1977 5366 sancum
