4309 6259
1681 497 1741 561 283

558 519 733 566 suanum
753 521 785 566 tu
806 520 874 566 GAP.
897 519 974 566 xxm
994 520 1131 566 Llill'l'lill.
1154 539 1194 549 -
1215 517 1286 565 ant.
1309 519 1382 566 xant

196 689 304 751 randis
320 690 420 753 altera
436 690 488 753 die
503 698 576 772 post
590 690 727 772 primam
738 690 823 754 diem
840 689 943 753 solen·
957 689 983 752 A
998 691 1173 751 libamento
1188 693 1363 768 offerentur
1377 710 1451 750 oum
1465 710 1513 759 eo,
1528 688 1588 751 hoc
1604 695 1661 764 est,
1678 706 1742 749 ma-

196 788 306 850 nitatis
322 789 494 871 paschalis.
512 793 715 869 boeotosque
728 801 772 850 est
782 793 942 851 Dominus
998 788 1086 850 teriae
1101 788 1224 869 liquere
1239 789 1378 870 perlusa
1393 786 1645 850 immolabuntur
1668 805 1740 850 cum

195 890 239 946 od
254 890 402 965 Moysen,
417 889 552 948 diceros:
568 892 710 969 Loquere
729 889 811 965 filiis
826 891 938 961 Israel,
996 904 1079 964 agne
1106 886 1161 949 illo
1187 905 1193 947 :
1221 888 1261 950 de
1284 886 1403 968 quibus
1428 885 1644 967 subjungitur,
1667 889 1742 946 (too

194 995 223 1044 et
237 988 325 1045 dices
349 989 393 1046 acl
417 1007 467 1046 eos
487 1004 498 1047 .·
516 989 623 1055 Οιιιιιιι
646 989 785 1064 inpressi
807 988 940 1063 fueritis
996 988 1128 1046 decimae
1137 987 1255 1046 similae
1265 1006 1437 1062 conspersae
1447 989 1511 1044 oleo
1523 986 1558 1043 ie
1575 986 1741 1044 incensum

196 1093 331 1153 terram,
342 1106 441 1164 quom
454 1105 509 1162 eqo
524 1089 605 1146 dabo
621 1087 718 1158 nobis,
729 1097 760 1146 et
775 1087 942 1146 messueri-
996 1085 1138 1150 Domini,
1148 1087 1335 1163 odoremque
1344 1085 1582 1144 suavissimum.
1593 1080 1666 1155 Quas
1676 1101 1741 1144 ver-

196 1183 237 1242 tis
252 1193 398 1258 sopetem.
412 1183 520 1264 Aliqui
537 1183 659 1260 dicunt,
672 1185 757 1264 quod
774 1193 850 1245 tunc
866 1201 942 1245 nen·
997 1181 1037 1243 ba
1053 1182 1086 1243 in
1103 1182 1300 1264 expositione
1315 1181 1536 1262 quartidecimi
1552 1178 1683 1262 capituli
1695 1199 1741 1241 sa·
1779 1191 1832 1234 to.
1843 1204 1886 1242 xo.

195 1281 271 1342 dum
297 1282 419 1344 exstitit
443 1282 623 1344 eommunis
648 1290 789 1362 segetum
815 1281 940 1357 messis,
998 1279 1037 1341 tis
1049 1281 1193 1362 exposita
1205 1289 1287 1342 sunt.
1301 1282 1382 1341 Lito
1393 1299 1516 1360 quoque
1526 1280 1611 1348 etei,
1621 1288 1739 1359 quarto
1756 1257 1788 1306 ¹⁰·
1797 1256 1831 1296 ²¹·

194 1389 226 1442 et
241 1380 328 1461 qued
344 1380 408 1442 cito
423 1380 553 1443 evenire
568 1398 631 1444 nen
652 1379 766 1462 potuit,
785 1381 841 1442 sed
856 1380 941 1461 quod
992 1397 1072 1454 pars
1103 1380 1173 1438 din.
1200 1378 1261 1439 llin
1287 1386 1335 1440 est
1359 1396 1475 1440 nomen
1502 1395 1670 1452 mensura,
1696 1385 1740 1438 at-

196 1478 343 1540 bemines
361 1486 436 1540 tune
451 1477 646 1559 colligebant
662 1477 766 1560 spicas
782 1477 944 1540 maturita-
997 1494 1060 1556 qne
1081 1477 1132 1556 (ut
1154 1475 1338 1539 dictumest
1360 1477 1458 1558 sepe)
1477 1493 1634 1537 mensurae
1656 1475 1739 1556 apud

196 1576 218 1637 ti
235 1575 338 1655 magis
359 1576 655 1658 appropinquantes
677 1577 710 1638 in
731 1576 838 1657 aliqua
854 1583 943 1658 parte
997 1574 1142 1637 diversos
1168 1573 1439 1650 diversificantur,
1458 1573 1552 1636 etiam
1582 1572 1645 1635 illae
1670 1591 1741 1654 quea

196 1683 286 1737 terrae
310 1674 409 1750 illins,
427 1683 459 1737 et
481 1675 555 1738 inde
580 1675 763 1738 offerebant
777 1675 855 1736 istas
879 1674 943 1756 pri·
997 1673 1139 1753 ejusdem
1157 1680 1231 1734 sunt
1254 1671 1393 1734 nominis
1412 1689 1419 1732 :
1438 1671 1509 1734 ideo
1530 1671 1740 1752 quantitatem

194 1772 313 1834 mitias.
331 1773 557 1835 Verumtamen
579 1782 673 1854 prout
688 1792 785 1854 super
800 1773 940 1835 Exedum
997 1770 1064 1846 bin,
1083 1770 1350 1833 certitudinaliter
1372 1770 1453 1832 seire
1478 1788 1540 1832 non
1559 1787 1738 1850 possumus.

194 1870 321 1952 scripsi,
333 1871 443 1934 Glossa
458 1880 490 1933 et
510 1871 565 1932 alii
586 1871 690 1947 multi,
704 1871 769 1933 imo
791 1879 822 1932 et
839 1870 942 1950 Augu·
959 1867 1181 1931 Botterehont
1193 1876 1299 1930 autem
1316 1867 1410 1930 eliam
1423 1867 1581 1949 primitias
1598 1885 1738 1928 uvarum.

194 1969 298 2031 stinus
309 1969 403 2031 aliter
414 1969 568 2045 sentiunt,
581 1978 691 2050 utpote
701 1970 785 2050 qued
802 1968 941 2047 regionis
1029 1970 1153 2028 Panem
1165 1971 1370 2044 etpolentom
1381 1977 1410 2026 et
1424 1971 1530 2043 petitos
1544 1986 1607 2026 oon
1620 1968 1741 2025 eomed-

193 2067 282 2129 illius
298 2076 413 2129 natura
427 2076 459 2129 et
473 2067 642 2148 dispositio
653 2067 791 2129 habeant
805 2067 876 2142 boe,
890 2067 940 2128 vel
994 2067 1054 2125 etis
1068 2086 1109 2123 eoo
1123 2075 1233 2142 segete,
1252 2085 1350 2144 nsque
1366 2067 1409 2124 ed
1424 2066 1510 2124 diem
1527 2084 1588 2142 qeeo
1604 2065 1740 2140 offeretis

193 2165 306 2227 saltem
324 2174 400 2227 tunc
411 2165 602 2242 babuerunt,
616 2173 649 2226 ut
659 2173 721 2227 tam
734 2184 827 2227 mane
838 2165 879 2226 sit
895 2165 939 2226 ibi
995 2183 1036 2222 eoo
1051 2185 1089 2223 eo
1104 2166 1169 2223 Boo
1185 2173 1286 2223 oestro
1302 2181 1313 2224 .·
1331 2162 1362 2223 id
1379 2170 1437 2238 est,
1455 2169 1529 2224 ante
1545 2160 1739 2223 oblationem

192 2264 317 2326 messis.
331 2264 395 2326 Hoc
410 2283 538 2345 quoque
553 2272 657 2325 textus
674 2263 799 2325 videtur
814 2263 940 2325 eviden-

192 2370 239 2425 ter
255 2363 466 2443 preetendere.
484 2363 561 2424 Nam
581 2361 637 2437 ait,
654 2361 755 2435 Quum
772 2361 941 2423 messueri-

191 2460 242 2521 tis.
255 2460 325 2521 Nen
337 2469 443 2522 autem
462 2461 499 2522 tit
516 2460 633 2522 messio
648 2467 722 2522 ante
737 2479 938 2522 communem

190 2569 336 2640 segetum
359 2559 585 2621 maturitatem.
604 2558 746 2640 lienique
765 2558 937 2620 subditur:

189 2660 304 2735 freceis
314 2661 501 2734 manipulos
510 2659 675 2735 spicarum
683 2659 854 2734 pri-reitios
865 2679 940 2716 enes-

186 2759 231 2816 sis
242 2767 357 2817 oestroe
367 2759 412 2816 ud
421 2759 624 2816 sacerdotem.
638 2755 720 2835 Ergo
737 2762 811 2817 lune
827 2755 939 2817 messis

188 2855 250 2916 tuit
272 2854 490 2917 communiter
506 2853 562 2915 ibi.
582 2856 645 2922 Qot
668 2856 784 2914 locabit
803 2855 940 2930 foscion-

187 2959 269 3024 lzon,
289 2953 350 3014 boc
364 2960 413 3014 est
429 2952 631 3033 manipulum
648 2951 819 3033 spicarum,
831 2973 939 3011 corono

998 2260 1211 2342 primitiarum
1233 2260 1348 2341 segetis
1364 2279 1465 2336 novae,
1483 2275 1548 2322 non
1571 2260 1741 2321 manduea-

996 2358 1072 2420 bitis
1083 2359 1222 2439 aliquem
1234 2359 1340 2421 eibum
1354 2357 1471 2420 laetum
1483 2377 1520 2420 ex
1532 2365 1637 2437 segete
1648 2375 1737 2430 nova,

995 2466 1030 2518 ut
1054 2458 1093 2519 de
1118 2457 1273 2519 iruetibus
1300 2465 1390 2518 terrae
1414 2465 1526 2519 vestrae
1552 2456 1655 2538 primo
1687 2457 1741 2519 he

995 2555 1184 2618 neriiieetnr
1209 2555 1299 2631 Deus,
1324 2555 1355 2616 in
1381 2555 1629 2633 recognitionem
1654 2555 1739 2635 quod

994 2655 1103 2716 emnia
1128 2663 1203 2715 sunt
1228 2654 1267 2716 ab
1292 2672 1341 2730 ee,
1367 2654 1476 2734 sieque
1500 2654 1596 2716 etiam
1622 2653 1655 2714 in
1680 2653 1739 2715 boc

994 2753 1132 2834 primum
1150 2752 1249 2833 quari
1265 2752 1410 2814 videatur
1425 2771 1558 2832 regnum
1575 2751 1738 2814 eoelorum.
1767 2761 1884 2812 uariam.

994 2850 1123 2913 Pelenta
1138 2858 1243 2912 autem
1261 2869 1346 2912 nune
1368 2849 1431 2911 diei
1448 2856 1550 2930 petest
1570 2869 1642 2912 esea
1657 2848 1738 2910 iacta
1754 2827 1787 2867 ³³·

994 2969 1031 3012 ex
1043 2949 1150 3030 granis
1169 2948 1259 3011 rrovis
1276 2947 1460 3028 testisque
1475 2947 1649 3010 confricata
1664 2955 1738 3008 sunt
1800 2955 1801 2958 ’

187 3053 342 3120 minino,
354 3061 390 3112 ut
404 3052 608 3128 oecqrtobitis
623 3052 666 3110 sit
680 3049 801 3112 oblatio
817 3050 872 3111 illa
877 3070 938 3127 pro
955 3047 977 3109 C
995 3047 1154 3109 manibus.
1168 3046 1269 3127 Super
1279 3045 1454 3109 Levitienm
1471 3063 1546 3108 vero
1562 3045 1621 3107 boe
1637 3052 1737 3106 exstat
1765 3058 1884 3108 emona.

187 3151 286 3210 eoois.
305 3149 457 3211 Sacerdos
481 3167 620 3229 namque
642 3147 760 3210 divinae
780 3148 938 3229 majestati

185 3268 259 3311 eum
276 3247 422 3310 oratione
442 3255 474 3310 et
494 3246 594 3309 oblati
610 3247 787 3309 elevatione
803 3265 940 3327 praesen-

186 3347 268 3409 tavit
290 3346 377 3428 quod
399 3344 528 3419 obtulit,
545 3352 582 3405 nt
604 3364 642 3406 ex
663 3342 739 3421 lide,
758 3344 936 3419 devotione,

185 3453 217 3507 et
243 3443 431 3506 obedientia
456 3442 637 3520 offerentis,
664 3451 697 3504 et
720 3441 843 3505 meritis
875 3461 939 3504 suae

184 3542 344 3607 erationis
359 3561 396 3605 ae
406 3542 663 3617 ministrationis,
676 3541 795 3603 oblatio
810 3540 865 3602 illa
876 3541 938 3603 lieo

186 3641 340 3723 placeret.
354 3644 470 3701 Altera
485 3642 538 3699 die
553 3641 688 3710 sabboti,
701 3640 761 3701 hec
777 3647 824 3700 est
840 3647 939 3701 sexta·

184 3741 313 3802 decima
329 3738 381 3800 die
404 3737 525 3800 mensis
541 3736 649 3819 primi,
667 3756 739 3818 quae
762 3735 825 3798 init
840 3736 939 3798 altera

184 3839 254 3901 dies
277 3836 415 3911 sabbati,
434 3836 467 3897 id
490 3845 539 3897 est
559 3835 718 3917 paschalis
741 3833 935 3911 festivitatis,

184 3937 278 4017 eujus
296 3934 420 4017 primus
437 3933 560 4012 integer
575 3932 644 3994 dies
661 3932 723 3993 tuit
740 3932 938 4013 quintadeci-

184 4053 236 4096 ma
252 4030 351 4115 primi
368 4031 489 4094 mensis
505 4030 585 4094 dice.
598 4030 736 4093 Vocatur
752 4038 858 4092 autem
876 4030 938 4111 pri-

183 4153 236 4194 ma
258 4131 315 4193 illa
331 4129 458 4192 Pascbae
481 4129 550 4191 dics
573 4129 752 4204 sabbatum,
769 4128 845 4209 quia
862 4137 936 4190 tune

994 3143 1186 3226 expositum.
1205 3143 1277 3205 Puls
1293 3163 1367 3206 vero
1384 3152 1513 3204 voeatnr
1528 3143 1618 3206 cibus
1635 3142 1737 3205 lactus

993 3263 1031 3305 ex
1057 3240 1160 3304 farina
1185 3250 1215 3304 et
1239 3261 1322 3322 aqua
1347 3261 1403 3304 seu
1428 3241 1519 3303 laete.
1537 3244 1739 3318 Procopium

992 3343 1291 3417 ostsempitereum,
1302 3340 1333 3401 id
1350 3348 1396 3401 est
1407 3339 1524 3420 jugiter
1539 3340 1737 3416 duraturum,
1827 3323 1829 3330 ’

994 3441 1128 3502 durante
1141 3437 1333 3500 Testamenti
1350 3437 1465 3500 veteris
1481 3456 1586 3512 eursu,
1600 3441 1634 3498 in
1649 3461 1740 3514 pene-

993 3539 1175 3598 rotionibus
1199 3538 1384 3615 cunctisque
1399 3539 1594 3596 habitaculis
1615 3541 1737 3600 vestris.

1034 3634 1182 3715 Sequitur
1198 3634 1237 3695 de
1253 3633 1444 3696 solennitate
1454 3633 1663 3697 Pentecostes.
1673 3639 1741 3698 Nn-

993 3735 1159 3793 mercabilis
1172 3751 1245 3808 erpo
1256 3734 1295 3792 ab
1306 3736 1407 3790 altero
1417 3733 1471 3791 die
1480 3733 1615 3801 sabbati,
1626 3735 1662 3793 ire
1678 3757 1740 3814 quo

992 3833 1153 3892 obtulistis
1165 3831 1372 3906 manipulum
1380 3831 1683 3907 printitiernm,hoe
1694 3841 1741 3893 est

992 3949 1010 3992 a
1027 3929 1168 3991 seeundo
1185 3928 1236 3990 die
1252 3927 1452 3990 solennitatis
1468 3928 1637 4009 paschalis,
1656 3929 1740 3991 diem

994 4028 1086 4089 illum
1110 4027 1286 4089 seeundum
1311 4026 1515 4102 ineludendo,
1533 4038 1649 4105 septem
1670 4031 1742 4088 lteb-

991 4128 1148 4186 domodes
1165 4123 1288 4186 dierum
1299 4128 1505 4204 plenosque
1520 4125 1657 4186 reddunt.
1672 4125 1740 4188 dies

184 4229 371 4292 cessabatur
396 4248 414 4289 a
439 4227 566 4290 cunetis
590 4226 753 4308 operibus,
776 4246 795 4288 a
819 4227 935 4307 quibus
952 4228 976 4288 b
991 4222 1203 4305 quadraginta
1235 4240 1348 4284 novem
1368 4242 1374 4296 ;
1404 4243 1502 4301 esque
1531 4227 1575 4283 ed
1603 4229 1739 4284 alteram

182 4326 411 4410 quiescebatur
435 4325 469 4386 in
496 4325 702 4398 sabbatedit
720 4327 936 4401 sanctificabit

185 4428 295 4497 illum,
313 4424 374 4487 boc
389 4431 449 4498 est,
462 4422 662 4504 manipulum
678 4422 788 4484 divino
805 4423 936 4503 deputa-

184 4523 232 4586 bit
242 4521 371 4597 bonori,
384 4529 416 4584 ct
432 4519 504 4582 usui
516 4519 699 4582 sacerdotis.
713 4523 818 4598 Atqeo
827 4523 934 4580 oedem

181 4624 237 4682 die
251 4641 315 4701 quo
332 4622 522 4696 manipulus
537 4629 754 4687 consecratur,
770 4618 802 4679 id
818 4626 875 4694 est,
889 4617 936 4680 oi·

183 4720 287 4782 fertur
307 4727 341 4781 et
361 4715 582 4780 sanctificatur
604 4716 698 4778 mede
719 4715 861 4798 praelate,
879 4738 935 4778 ece-

180 4823 292 4886 detor,
304 4817 365 4879 boe
380 4823 429 4878 est
443 4814 644 4890 mactabitur,
658 4835 762 4890 agnus
777 4815 933 4874 immoen-

182 4923 270 4978 latus
290 4917 482 4982 anniculus,
498 4913 531 4974 id
547 4920 606 4987 est,
623 4913 678 4993 qui
700 4930 763 4973 non
787 4912 828 4973 sil
850 4911 934 4974 ultra

179 5033 303 5076 annum
324 5031 426 5074 unum
445 5011 567 5073 habens
582 5018 720 5085 aetatem,
733 5012 769 5068 in
786 5011 932 5070 liotoooe·

176 5125 265 5174 atum
284 5112 430 5173 Domini.
444 5109 529 5170 lslud
546 5116 669 5171 nonest
685 5108 929 5188 intelligendum

178 5214 221 5274 de
235 5229 319 5291 agno
341 5207 496 5291 paschali,
515 5207 570 5287 qui
586 5205 784 5269 oflerebatur
805 5215 930 5286 quarta-

176 5309 305 5373 decima
320 5306 375 5370 die
389 5306 510 5368 mensis
526 5305 622 5386 primi
638 5305 678 5367 ad
693 5323 872 5384 vesperum.
888 5308 929 5366 Et

990 4323 1077 4381 etiem
1093 4323 1286 4398 impletionis
1306 4322 1512 4381 hebdomade
1531 4322 1684 4397 septimio,
1707 4321 1739 4383 id

991 4428 1156 4500 estusque
1179 4419 1217 4480 ad
1238 4417 1322 4480 diem
1347 4417 1529 4479 immediate
1552 4427 1737 4498 sequentem

992 4518 1140 4580 ultimum
1164 4517 1247 4579 diem
1271 4516 1398 4578 illarum
1423 4524 1543 4598 septem
1569 4517 1739 4580 hebdoma-

992 4617 1115 4691 darum,
1127 4618 1162 4675 icl
1176 4625 1221 4674 est
1236 4616 1479 4694 qeeioqeopiota
1493 4617 1562 4674 dies
1573 4637 1584 4674 :
1594 4615 1636 4676 ita
1653 4618 1738 4696 quod

993 4714 1060 4776 dies
1077 4713 1132 4774 illa
1143 4731 1279 4792 sequens
1297 4710 1444 4772 ultimum
1456 4711 1539 4773 diem
1557 4711 1735 4792 praelatum,

991 4820 1039 4874 est
1064 4810 1350 4893 quinquagesimus
1373 4809 1452 4871 dies.
1470 4811 1512 4870 Et
1533 4813 1579 4870 sie
1601 4814 1738 4890 offeretis

989 4912 1132 4988 sacrifici
1136 4931 1189 4968 ιιιιι
1201 4911 1466 4969 oooomoomtoo
1476 4929 1516 4966 ece
1527 4911 1675 4969 emreibees
1685 4912 1737 4971 be-

990 5010 1141 5068 bitoootis
1153 5008 1276 5077 uestris,
1295 5005 1325 5067 id
1338 5014 1385 5067 est
1402 5005 1589 5088 principalis
1606 5025 1643 5068 ex
1659 5027 1736 5088 qna-

989 5107 1067 5168 libet
1089 5107 1204 5178 d0m0;
1223 5125 1325 5180 panes
1344 5107 1573 5182 primitiarum
1594 5109 1684 5176 eleos,
1702 5107 1734 5168 id

988 5213 1036 5267 est
1050 5205 1130 5266 dues
1147 5221 1244 5283 panes
1256 5221 1293 5263 ex
1308 5201 1481 5282 primitivis
1498 5202 1653 5284 novisque
1670 5203 1733 5264 iru-

986 5303 1101 5378 etibus,
1125 5319 1162 5363 er
1178 5298 1296 5380 quibus
1318 5299 1351 5360 in
1367 5298 1484 5361 Paseba
1504 5317 1603 5379 grana
1617 5300 1731 5362 obtuli-
