4309 6259
602 529 779 575 arnoberto
800 530 831 574 ΙΝ
852 530 1103 577 pentateuchon.
1126 551 1165 561 -
1186 532 1257 577 Alll'.
1281 534 1310 577 Vl

1663 517 1722 580 709

175 705 265 759 stum
282 699 387 780 primo
403 698 582 780 patefactus
596 708 655 776 est,
666 718 729 762 non
740 696 877 762 habebat
892 700 926 760 in
942 700 1067 763 henim
1083 720 1121 763 cx
1137 702 1341 783 corruptione
1356 703 1525 766 humorum
1542 712 1573 766 et
1588 703 1725 785 putrefa-

175 795 251 875 lege
269 797 369 860 veteri
391 797 454 860 sibi
476 799 728 879 correspondens
751 817 927 860 sacramen·

176 903 259 957 turn.
286 895 522 958 Matrimonium
547 905 654 958 autern
680 896 742 957 fuit
769 896 802 957 in
827 896 926 959 veteri

175 992 261 1074 lege,
271 1002 368 1075 prout
383 1004 432 1057 est
447 993 596 1057 officium
613 1003 743 1071 natura,
755 1014 817 1058 non
832 1004 926 1076 prout

175 1100 227 1155 est
252 1102 487 1155 sacramentum
507 1093 622 1156 Christi
645 1102 741 1174 atque
765 1093 924 1155 Ecclesia.

175 1189 256 1252 Nam
279 1198 356 1253 tunc
378 1192 512 1253 dabatur
535 1190 663 1254 libellus
688 1192 822 1272 repudii,
841 1192 926 1272 quod

79 1350 119 1369 μ,
175 1297 227 1350 est
242 1298 355 1351 contra
371 1290 526 1353 rationem
543 1290 743 1353 sacramenti.

217 1386 330 1449 Cultus
345 1406 422 1451 vero
438 1388 492 1450 Dei
509 1397 557 1451 est
572 1389 700 1470 duplex,
713 1388 864 1451 videlicet
879 1388 926 1449 in-

175 1485 288 1563 terior,
307 1486 342 1548 in
358 1487 475 1549 mentis
491 1488 661 1551 devotione
676 1487 854 1550 consistens
872 1505 878 1548 :
895 1496 927 1549 et

176 1583 266 1647 hunc
292 1584 510 1666 impediebant
535 1584 618 1648 facta
642 1585 758 1667 quibus
779 1585 926 1649 homiues

148 1733 151 1737 .
177 1682 282 1763 pollui
307 1684 507 1760 dicebantur,
530 1692 566 1746 ut
590 1684 778 1760 idololatria,
795 1683 926 1747 homici-

177 1780 281 1857 dium,
297 1782 501 1859 adulterium,
519 1791 593 1860 etc.,
610 1802 628 1845 a
643 1783 761 1864 quibus
778 1782 926 1864 purifica-

981 799 1087 862 ctione
1097 800 1198 863 oritur
1213 801 1302 883 lepra
1316 802 1350 863 in
1361 820 1493 884 corpore
1508 801 1666 880 animalis,
1680 803 1726 865 sic

982 907 1112 980 propter
1127 901 1364 981 corruptionem
1381 909 1476 982 atque
1491 920 1655 964 excessum
1671 901 1727 963 hu-

981 997 1136 1060 miditatis
1151 999 1200 1062 vel
1219 998 1370 1061 siccitatis
1388 999 1425 1061 fit
1442 1000 1600 1063 interdum
1622 1018 1727 1064 corro-

981 1096 1029 1158 sio
1046 1096 1078 1157 in
1097 1096 1257 1177 lapidibus
1273 1098 1386 1161 domus
1403 1118 1458 1161 seu
1469 1098 1725 1179 vestibuS,quam

982 1194 1145 1276 Scriptura
1160 1196 1280 1277 lepram
1296 1196 1446 1277 appellat,
1457 1197 1533 1277 quia
1546 1198 1651 1260 omnis
1662 1215 1728 1259 cor-

981 1292 1087 1374 ruptio
1109 1294 1147 1355 ad
1169 1293 1405 1356 immunditiam
1431 1294 1579 1376 pertinet.
1597 1295 1635 1356 Et
1650 1295 1726 1376 quia

980 1391 1117 1471 gentiles
1141 1399 1252 1455 contra
1273 1391 1367 1455 talem
1392 1393 1628 1474 corruptionem
1648 1394 1725 1456 deos

981 1488 1042 1550 sibi
1064 1490 1225 1570 ponebant
1244 1498 1338 1571 atquo
1358 1490 1515 1569 colebant,
1533 1491 1651 1554 idcirco
1674 1491 1725 1554 lex

979 1586 1075 1668 iussit
1090 1588 1219 1651 domum
1237 1588 1270 1649 in
1284 1608 1349 1670 qua
1369 1598 1452 1651 esset
1472 1590 1558 1671 lepra
1578 1609 1724 1671 perseve-

981 1705 1065 1757 rans,
1075 1687 1206 1762 destrui,
1219 1694 1250 1749 et
1265 1696 1384 1751 vestem
1401 1689 1722 1769 comburi,quatenus
1762 1714 1815 1756 ιιι.
1825 1727 1868 1763 ιιιι,

981 1783 1168 1846 idololatriae
1185 1785 1348 1848 tolleretur
1363 1785 1498 1849 occasio.
1511 1785 1614 1849 Simili
1630 1786 1723 1850 ratio·
1737 1778 1774 1826 ⁵²³
1784 1779 1867 1827 Μ·

177 1879 298 1941 bantur
314 1899 371 1961 per
387 1880 566 1944 sacrificia:
585 1900 649 1944 non
664 1882 749 1962 quod
767 1881 962 1943 sacrificiaB
981 1902 1022 1944 ne
1038 1882 1099 1944 fuit
1113 1884 1257 1963 quaedam
1275 1876 1478 1946 immunditia
1489 1903 1723 1966 vasorumque·
1750 1908 1868 1959 Νιιιιι.ιιι,

179 1979 238 2041 illa
259 1978 400 2042 carnalia
421 1979 486 2041 vim
509 1980 658 2062 expiandi
681 1988 809 2061 peccata
831 1980 926 2042 habc-

178 2086 264 2154 rent‚
282 2078 337 2140 sed
353 2078 429 2158 quia
446 2079 616 2158 signabant
635 2078 845 2160 expiationem
870 2098 927 2161 per

180 2176 344 2239 Christum
373 2176 524 2255 futuram,
550 2178 642 2258 cujus
669 2177 841 2259 participes
869 2178 927 2242 fie-

179 2273 258 2336 haut
268 2275 404 2356 antiqui,
412 2276 615 2357 protestando
628 2275 725 2339 fidem
742 2276 927 2359 Redempto

179 2374 225 2436 ris
238 2372 273 2436 iu
285 2372 516 2437 sacrificiorum
530 2392 659 2437 suorum
671 2373 795 2453 figuris.
804 2377 829 2437 h
839 2376 889 2438 cul
895 2385 927 2439 tu

180 2481 289 2535 autem
300 2471 355 2535 Dei
367 2472 592 2555 exteriori,qui
609 2473 642 2533 in
659 2472 827 2536 sacrificiis
843 2475 928 2538 obla-

179 2570 390 2653 tionibusque
414 2571 570 2648 consistit,
593 2570 848 2654 impediebantur
872 2573 928 2636 ho

51 2690 165 2735 canai
180 2670 287 2732 mines
303 2688 359 2751 per
370 2670 550 2752 corporales
567 2670 928 2747 immunditias,scilicet

37 2758 165 2857 {precene
181 2770 317 2850 lepram,
335 2769 480 2845 cadaver,
490 2777 670 2833 contactum
688 2769 857 2847 immundi,
869 2770 925 2833 flu·

179 2886 321 2949 xumque
336 2868 479 2930 seminis.
491 2868 646 2932 Pretiosas
662 2868 781 2931 etenim
797 2888 847 2932 res
863 2888 925 2932 non

179 2966 286 3030 solent
309 2966 494 3046 contingere
518 2968 574 3047 qui
600 2967 757 3030 immundi
782 2976 867 3029 sunt.
890 2968 927 3029 Et

981 1982 1138 2044 rumdam.
1156 1982 1344 2061 figuraliter
1360 2002 1435 2047 vero
1456 2002 1512 2065 per
1533 1984 1652 2065 lepram
1669 1984 1724 2046 do·
1738 1974 1771 2013 ¹⁵·

981 2100 1063 2156 mus,
1096 2080 1239 2161 signatur
1269 2079 1438 2163 impuritas
1468 2081 1723 2163 congregationis

980 2179 1213 2241 haereticorum.
1230 2178 1287 2241 Per
1302 2199 1356 2242 vas
1372 2198 1499 2262 quoque
1520 2199 1583 2243 non
1603 2179 1723 2243 hahens

980 2278 1217 2359 cooperculum,
1236 2277 1392 2358 liguratur
1407 2279 1503 2342 homo
1519 2298 1582 2342 non
1604 2279 1725 2341 babens

981 2376 1208 2439 taciturnitatis
1219 2377 1376 2454 velamen,
1387 2396 1446 2440 nec
1462 2376 1640 2459 disciplina
1654 2396 1725 2439 cen-

981 2494 1100 2551 suram,
1111 2474 1167 2556 qui
1178 2482 1227 2537 est
1237 2474 1324 2537 velut
1340 2474 1416 2537 urbs
1433 2484 1544 2558 patens
1559 2485 1590 2537 et
1604 2475 1725 2556 absquo
1752 2501 1870 2553 ριιιιιιιι,

980 2572 1093 2649 muris,
1104 2572 1307 2635 inimicorum
1324 2592 1454 2636 suorum
1469 2572 1584 2655 jaculis
1600 2582 1723 2655 patens.
1739 2566 1773 2606 ²⁸·

1021 2670 1223 2734 Offerebatur
1237 2672 1334 2734 etiam
1349 2692 1445 2735 vacca
1464 2672 1537 2734 rufa
1558 2672 1590 2733 in
1610 2690 1726 2735 memo
1752 2698 1870 2751 uranx.

981 2769 1072 2846 riam,
1096 2770 1402 2851 detestationemque
1427 2771 1548 2852 peccati
1572 2770 1725 2833 adoratio
1739 2761 1836 2816 ml·
1875 2788 1877 2793 ’

982 2868 1097 2949 nisque
1120 2868 1294 2932 conflatilis
1319 2868 1424 2945 vituli,
1447 2876 1478 2930 ct
1501 2853 1724 2931 immolabatur

981 2976 1069 3030 extra
1092 2975 1194 3029 castra
1217 2974 1347 3050 propter
1371 2966 1611 3029 detestationem
1637 2966 1724 3028 illius

180 3065 228 3128 sic
243 3065 283 3127 ad
300 3065 509 3128 reverentiam
525 3065 630 3127 cultus
641 3065 743 3128 divini
760 3066 924 3148 pertinuit,
941 3069 963 3133 C
982 3064 1319 3148 peccati.Ubieumque
1330 3083 1405 3128 vero
1421 3064 1519 3127 fiebat
1534 3064 1651 3128 oblatio
1667 3083 1725 3146 pro

180 3164 267 3246 quod
289 3171 418 3246 propter
438 3164 517 3226 tales
536 3164 757 3226 immunditias
781 3164 927 3228 homines

180 3283 199 3325 a
214 3261 335 3325 divinis
350 3262 579 3343 separabantur
592 3288 599 3336 ;
617 3262 713 3325 etiam
728 3264 811 3339 ideo,
821 3271 928 3344 quate·

182 3381 243 3423 nus
258 3380 301 3423 ex·
312 3379 384 3423 raro
399 3361 438 3423 ad
454 3360 563 3425 divina
578 3361 827 3441 accessu,magis
844 3381 928 3425 reve·

182 3466 289 3522 renter
304 3459 493 3522 accederent
509 3460 584 3521 dum
602 3459 722 3536 liceret,
740 3479 928 3541 semperque

181 3565 381 3621 sacramenta
402 3557 458 3619 illa
476 3558 577 3636 magis
592 3557 795 3621 honorarent.
812 3559 928 3621 Omnes

182 3675 259 3719 voro
279 3655 492 3719 immunditiae
511 3656 590 3719 tales
609 3657 800 3737 corporales,
818 3656 930 3738 purifi·

182 3755 340 3819 cabantur
350 3774 408 3836 per
418 3774 508 3835 aquae
523 3754 762 3837 adspersionem
773 3781 780 3831 ;
793 3756 847 3818 sed
858 3774 930 3836 quaa

183 3855 320 3935 majores
350 3853 545 3930 exstiterant,
571 3852 732 3934 aliquibus
762 3853 929 3916 sacrificiis

185 3952 407 4034 expiabantur.

225 4050 409 4132 Spiritualis
425 4057 530 4112 autem
543 4049 623 4113 ratio
633 4049 747 4112 horum
759 4049 773 4111 f
775 4050 821 4112 uit
831 4070 869 4113 ex
878 4068 927 4127 e0‚

185 4149 273 4230 quod
290 4147 449 4229 praedictae
465 4146 677 4210 immunditiae
693 4147 782 4209 varia
802 4155 930 4229 peccata

981 3172 1111 3247 peccato
1123 3163 1346 3239 multitudinis,
1355 3171 1454 3226 totum
1467 3162 1665 3226 cremabatur
1676 3182 1726 3224 ex·
1749 3190 1873 3241 mm.

981 3270 1029 3324 tra
1044 3271 1157 3339 castra,
1176 3262 1208 3323 in
1225 3262 1351 3342 signum
1368 3261 1565 3325 remissionis
1581 3260 1725 3323 omnium
1739 3254 1772 3296 ²¹·

982 3370 1195 3444 peccatorum.
1214 3361 1252 3422 Et
1274 3360 1345 3424 ideo
1368 3361 1514 3423 sacerdos
1530 3360 1665 3439 digitum
1680 3360 1726 3421 in-

983 3458 1077 3521 tinxit
1091 3459 1124 3521 in
1138 3458 1304 3538 sanguine,
1317 3460 1510 3540 adspergens
1523 3458 1639 3540 septies
1655 3476 1727 3521 con·

984 3566 1032 3619 tra
1061 3556 1145 3620 fores
1176 3557 1349 3620 sanctuarii
1378 3574 1385 3617 :
1413 3556 1611 3637 septenarius
1640 3556 1726 3618 enim

984 3674 1135 3718 numerus
1158 3656 1357 3732 totalitatem,
1374 3654 1669 3737 perfectionemque
1688 3654 1729 3715 si·

984 3754 1194 3835 gnificat.Pcr
1204 3772 1330 3816 vaccam
1345 3761 1451 3815 autem
1468 3751 1572 3814 rufam
1585 3752 1728 3833 signatur

984 3852 1127 3915 Christus
1156 3851 1330 3914 secundum
1358 3849 1581 3912 infirmitatem
1605 3869 1728 3912 assum-

984 3958 1082 4032 ptam,
1100 3948 1192 4030 cujus
1215 3948 1403 4029 sanguinem
1423 3948 1510 4012 color
1530 3966 1633 4011 vaccua
1649 3946 1730 4026 figu-

984 4058 1043 4111 rat.
1053 4049 1190 4129 Eratque
1203 4066 1296 4111 racca
1310 4046 1410 4109 relatis
1427 4046 1568 4128 integrae,
1576 4046 1728 4127 quoniam

984 4147 1088 4211 omnis
1104 4146 1220 4209 Christi
1235 4145 1317 4208 actio
1332 4154 1379 4207 est
1394 4144 1555 4226 perfecta;
1573 4145 1642 4207 sine
1664 4164 1729 4207 ma-

185 4246 380 4327 figurabant.
398 4246 473 4308 Nam
494 4246 593 4327 lepra,
612 4264 711 4326 quum
732 4246 773 4307 sit
788 4246 930 4327 contagi—
948 4246 1109 4321 bootae
1122 4262 1194 4326 quae
1209 4263 1273 4307 non
1290 4243 1428 4325 portavit
1441 4244 1565 4325 jugum,
1576 4244 1727 4325 quoniam

183 4364 251 4421 osa,
268 4353 300 4408 ct
323 4345 523 4408 diversorum
548 4344 691 4407 colorum
712 4345 929 4427 apparentiam

183 4444 316 4519 habens,
334 4442 480 4522 designat
499 4442 719 4505 hereticorum
739 4443 927 4519 doctrinam,

56 4550 70 4627 ¹.¹
83 4553 168 4604 rann,
183 4560 256 4623 quaa
266 4541 366 4623 serpit
382 4548 418 4602 ut
432 4559 557 4616 cancer,
566 4548 599 4603 et
608 4540 692 4603 veris
704 4539 784 4602 falsa
799 4541 930 4604 commi-

45 4616 70 4655 ¹'‘
184 4640 325 4703 scet.Per
339 4638 575 4722 immunditiam
587 4656 716 4720 quoque
730 4658 768 4701 ex
782 4647 929 4701 contactu

186 4738 356 4815 immundi,
366 4737 511 4816 signatur
526 4755 699 4799 consensus
715 4736 748 4798 in
764 4746 929 4819 peccatum

185 4836 317 4901 alterius
342 4854 349 4897 ε
379 4836 618 4918 propterquod
646 4834 723 4897 dicit
748 4836 927 4917 Apostolus,

57 4944 169 5023 acore.
185 4936 275 4998 Exite
296 4935 334 4997 de
355 4934 461 4997 medio
481 4952 602 5009 eorum,
620 4941 652 4995 et
675 4934 867 5014 separamini
890 4935 930 4996 ab

47 5012 73 5050 ‘¹'
185 5035 244 5111 eis,
270 5042 302 5095 et
327 5032 527 5095 immundum
554 5051 594 5093 ne
621 5031 798 5111 tetigeritis,
826 5033 932 5095 idest

68 5182 161 5227 ,Mn
185 5134 311 5215 culpam
338 5131 469 5193 alterius
494 5151 550 5213 per
569 5149 771 5193 consensum.
789 5132 863 5192 Erat
887 5133 933 5193 in-

47 5244 68 5281 u
81 5218 170 5302 etseq}
186 5250 283 5313 super
304 5230 507 5292 immunditia
531 5230 677 5310 quaedam
703 5248 807 5291 rorum
833 5230 933 5291 inani-

20 5374 25 5383 ·
47 5312 123 5423 {21³³
135 5316 157 5353 θ’
186 5339 355 5406 matarum,
374 5337 408 5391 ut
434 5328 521 5411 lepra
543 5329 656 5390 domus
672 5336 704 5390 et
718 5328 827 5391 vestis.
846 5328 931 5392 Sicut

984 4344 1127 4408 Christus
1150 4343 1270 4425 peccati
1291 4343 1369 4424 jugo
1390 4342 1552 4423 subjectus
1574 4341 1725 4405 nonfuit.

983 4442 1310 4522 Tradcbaturquoque
1321 4440 1467 4504 Eleazaro
1478 4440 1727 4503 sacerdoti2nam

983 4542 1126 4605 Christus
1142 4539 1288 4601 manibus
1305 4538 1421 4600 summi
1438 4538 1609 4601 sacerdotis
1626 4540 1727 4601 trade-

984 4642 1076 4703 batur
1088 4640 1154 4720 jam
1171 4637 1374 4700 occidendus.
1392 4636 1616 4699 immolabatur
1631 4637 1725 4698 etiam

985 4747 1071 4802 extra
1094 4744 1216 4800 costra:
1233 4735 1375 4798 Christus
1398 4733 1484 4796 enim
1500 4742 1587 4796 extra
1603 4744 1726 4815 portam
1753 4762 1873 4810 notra..

984 4834 1158 4899 crucifixus
1173 4842 1231 4895 est.
1248 4832 1360 4895 Omnia
1375 4850 1450 4895 vero
1465 4850 1537 4912 quaa
1557 4832 1596 4893 ad
1611 4832 1727 4895 Christi
1744 4827 1776 4875 ¹¹·
1788 4826 1819 4865 ¹²·

985 4932 1235 4996 incarnationem
1262 4930 1447 5011 respiciunt,
1466 4938 1541 4991 sunt
1566 4930 1638 5011 igne
1662 4951 1729 4995 cre-

986 5032 1110 5105 manda,
1120 5030 1150 5091 id
1167 5039 1215 5091 est
1230 5028 1438 5112 spiritualiter
1453 5028 1668 5108 intelligenda.
1679 5031 1730 5093 Sa·

986 5131 1096 5193 cordos
1110 5147 1185 5191 vcro
1200 5129 1257 5209 qui
1273 5126 1389 5189 obtulit
1399 5146 1537 5203 vaccam,
1548 5137 1578 5190 et
1588 5130 1644 5210 qui
1660 5148 1728 5191 eam

987 5227 1172 5301 combussit,
1183 5236 1213 5289 ot
1229 5228 1284 5307 qui
1300 5226 1423 5289 cinorcs
1438 5226 1507 5306 ojus
1523 5228 1661 5307 collegit,
1676 5229 1730 5289 im·
1758 5254 1876 5299 Numan,

988 5327 1126 5390 mundus
1144 5324 1205 5387 fuit
1222 5325 1376 5405 usquead
1394 5344 1578 5406 vesperam:
1597 5326 1732 5407 quialu-
1746 5318 1804 5357 ⁷'¹¹·
