4309 6259
549 533 723 583 anananrro
745 534 775 579 ιιι
797 534 865 581 aar.
888 534 965 581 ιιιιιιι
986 535 1088 582 axoni.
1111 556 1151 567 -
1172 536 1242 583 aar.
1265 538 1336 584 aava
1676 524 1714 587 37

164 703 264 780 mino,
282 704 441 768 intellexit
464 724 593 768 sensum
616 723 738 783 corum,
755 714 786 769 et
808 714 914 769 tamen
930 705 1115 786 Alcremia,
1138 708 1338 788 Machabaeis,
1365 712 1538 794 multisque
1563 712 1646 790 aliis,
1674 715 1713 777 de

165 821 229 866 non
253 803 413 867 intellexit
434 823 471 867 ea
492 804 557 867 dici
579 805 619 867 de
640 805 734 868 Josue
751 824 757 868 :
776 806 840 867 imo
861 806 916 867 ad·
970 807 1088 887 quibus
1110 817 1142 871 et
1165 810 1249 872 Elias
1271 819 1464 893 conquestus
1486 820 1534 875 est
1553 812 1710 876 Domino:

166 904 228 965 huo
243 904 370 985 putavit
390 922 424 965 se
444 902 698 966 introducturum
717 904 803 967 filios
819 905 914 967 lsrael
968 906 1142 987 Prophetas
1163 915 1233 971 tuos
1248 910 1450 985 occiderunt;
1467 911 1522 974 sed
1537 912 1614 993 quia
1628 930 1713 976 com·
1757 935 1784 978 ιιι
1801 936 1857 991 aaa.

166 1003 198 1063 in
223 1009 342 1065 terram
369 1000 604 1083 promissionis
628 1020 795 1084 quousque
816 1022 914 1085 quum
970 1006 1109 1068 munitcr
1125 1008 1263 1089 prefatae
1280 1008 1471 1091 temporales
1486 1010 1712 1091 prosperitates
1725 1001 1810 1050 ¹¹¹·¹⁰·

165 1108 330 1185 peccasset
350 1102 390 1165 ad
410 1120 508 1183 aquas
530 1100 809 1179 ContradictioniS,
827 1103 915 1165 audi·
971 1104 1129 1166 dabantur
1152 1105 1329 1169 cultoribus
1354 1107 1421 1184 Dei,
1445 1107 1592 1189 quamvis
1616 1108 1714 1171 inter-

167 1202 213 1263 vit
228 1200 425 1285 oppositum.
970 1203 1045 1265 dum
1063 1224 1101 1265 ex
1117 1204 1248 1286 speciali
1264 1224 1369 1284 eausa,
1385 1206 1497 1270 divina
1513 1207 1715 1289 providentia

206 1304 432 1380 Proecedctque
454 1310 482 1360 te
500 1304 634 1378 capetus
649 1320 750 1371 meus,
766 1310 795 1361 et
816 1303 916 1362 iutro-
970 1301 1063 1365 aliter
1078 1302 1253 1367 ordinavit.

165 1404 260 1461 ducet
277 1410 305 1459 tc
320 1402 365 1460 ad
379 1401 619 1471 Amorrboeum,
637 1409 666 1460 ct
686 1401 869 1472 Hetlrae'um,
886 1411 916 1461 ct
1015 1404 1178 1461 Terrorem
1194 1423 1301 1463 meum
1315 1404 1445 1465 mittam
1461 1406 1498 1463 iu
1513 1423 1716 1482 praecursum

165 1501 388 1570 Paerezaam,
404 1500 687 1578 Chaaauoeumque
702 1506 731 1558 et
748 1500 913 1571 Herceum,
972 1510 1065 1561 tuum
1081 1499 1141 1561 :id
1157 1507 1215 1578 est,
1234 1521 1290 1583 per
1306 1502 1467 1565 mirabilia
1486 1522 1557 1584 quae
1574 1503 1716 1566 facturus

166 1608 196 1658 et
209 1599 403 1667 Jebusaeum,
416 1616 494 1675 quos
510 1616 565 1673 epo
580 1605 753 1657 canaram.
770 1598 844 1657 Nou
861 1600 917 1657 ad-
972 1598 1216 1676 sum,incutiam
1232 1603 1384 1679 grandem
1396 1600 1601 1665 formidinem
1616 1601 1716 1665 cordi-

167 1697 273 1757 orabis
300 1698 373 1755 deas
397 1714 520 1767 eoram,
546 1694 668 1756 cultum
696 1693 797 1757 latriae
830 1693 917 1757 exhi·
972 1699 1032 1761 bus
1046 1698 1362 1776 chananaeorumita
1381 1701 1465 1781 quod
1481 1709 1588 1766 extuo
1603 1701 1717 1763 adven-

167 1794 272 1857 bendo
299 1791 389 1855 falsis
413 1792 476 1853 diis
501 1799 556 1854 aut
580 1792 686 1869 idolis,
714 1814 814 1873 acque
837 1798 916 1853 coles
971 1805 1006 1857 tu
1022 1804 1264 1878 prosternentur
1279 1796 1404 1875 timore,
1411 1800 1500 1880 juxta
1515 1799 1595 1861 illud
1604 1799 1713 1861 Josue:

167 1915 215 1956 eos
232 1892 467 1975 perorationes
486 1899 518 1955 et
538 1891 714 1965 sacrifieia;
736 1913 801 1954 aaa
817 1894 916 1971 facies
935 1894 1066 1957 Blrruit
1081 1894 1115 1956 in
1132 1912 1190 1957 nos
1206 1904 1309 1959 terror
1324 1904 1439 1974 vester,
1457 1906 1488 1960 ct
1506 1898 1716 1978 elanguerunt
1737 1918 1861 1969 tauns.

166 2014 263 2073 opera
283 2012 409 2062 aarum,
425 1991 575 2055 videlicet
589 1992 840 2055 Chananeorum
860 2011 916 2055 seu
972 2012 1084 2057 omnes
1103 1993 1298 2057 habitatores
1319 2003 1410 2058 terrae
1424 2021 1432 2073 ;
1446 2006 1477 2058 et
1490 1998 1635 2058 occidam
1653 2017 1717 2057 om-

167 2094 300 2156 deorum
321 2092 478 2172 ipsorum,
496 2089 528 2152 id
545 2098 593 2153 est
608 2108 706 2172 opera
722 2090 839 2171 placita
854 2090 916 2153 diis
971 2115 1045 2154 uem
1054 2097 1216 2171 populum
1231 2097 1276 2153 ad
1290 2115 1384 2174 quem
1399 2097 1603 2173 inprediera‘s,
1621 2095 1654 2157 id
1670 2104 1719 2158 est

168 2190 367 2274 hujusmodi,
383 2194 437 2251 sed
455 2194 598 2251 destrues
612 2209 673 2260 eos,
689 2200 718 2251 ct
732 2191 917 2267 coasriapes
972 2190 1211 2273 quosdam,imo
1227 2199 1259 2254 et
1272 2192 1365 2255 valde
1380 2192 1498 2255 multos
1513 2194 1552 2256 de
1567 2194 1717 2257 omnibus

166 2300 294 2352 statuas
312 2310 435 2350 eorum.
457 2289 676 2366 Scraictisque
695 2290 832 2349 Domino
853 2291 917 2349 Deo
972 2288 1101 2371 populis
1116 2290 1608 2355 Chananaeorum.Verumtamen
1623 2292 1716 2354 multi

167 2400 282 2461 restro,
304 2387 335 2451 ei
356 2386 415 2451 soli
435 2386 556 2449 cultum
577 2386 677 2448 latriae
694 2386 813 2468 jugiter
833 2386 917 2448 exbi—
972 2406 1082 2451 eorum
1099 2398 1286 2452 manserunt
1302 2390 1635 2473 superstites,propter
1650 2410 1719 2453 cau-

169 2488 274 2553 bcndo
299 2505 306 2549 :
332 2486 388 2568 qui
412 2486 488 2549 licet
512 2484 555 2547 sit
576 2484 721 2549 omnium
742 2485 824 2547 Deus
845 2485 917 2567 jure
973 2506 1023 2549 sas
1038 2488 1192 2565 diversas,
1211 2507 1281 2569 que
1296 2488 1330 2550 in
1346 2488 1545 2570 expositione
1562 2488 1717 2553 librorum

167 2585 341 2651 creationis
356 2592 388 2649 et
402 2583 655 2664 gubernationis
666 2591 713 2647 est
728 2591 834 2647 tamen
851 2603 918 2666 spe
970 2586 1064 2650 Josue
1089 2605 1126 2649 ac
1151 2585 1298 2649 iudicum
1328 2594 1403 2649 sunt
1430 2587 1606 2667 tangendae.
1635 2590 1719 2649 Curr-

167 2686 293 2749 cialiter
312 2691 419 2747 vester
438 2684 521 2745 lleus
541 2701 598 2764 per
617 2683 748 2745 modum
768 2681 917 2763 frequen·
971 2697 1159 2765 etorumque
1176 2687 1388 2746 inimicorum
1409 2696 1539 2748 tuarum
1559 2706 1668 2747 coram
1690 2696 1718 2747 te

167 2790 214 2843 tcr
230 2799 434 2864 expressum3
448 2789 485 2840 ut
499 2782 684 2841 benedicam
694 2782 838 2857 partibus
852 2782 917 2840 iuis
973 2797 1061 2863 terpa
1088 2794 1224 2854 vertam
1248 2786 1395 2845 emitteres
1419 2787 1586 2846 crabrones
1605 2787 1715 2864 prius,

168 2892 195 2942 et
210 2883 321 2961 aquas,
331 2880 363 2942 id
378 2886 427 2943 est
443 2878 671 2941 sustentaculis
686 2879 759 2941 vite
774 2886 847 2956 tuae,
860 2898 916 2941 seu
972 2887 1030 2965 qui
1048 2884 1213 2961 sepedum
1228 2885 1382 2945 Heaoeum
1402 2893 1433 2944 et
1449 2885 1669 2945 Chamavorum
1686 2893 1717 2944 et

168 2979 249 3042 escis
265 2987 298 3041 et
314 2978 536 3060 potibusque
552 2996 609 3059 per
623 2996 738 3059 panem
755 2984 787 3039 et
801 2995 915 3059 aquam
973 2986 1143 3046 Hctltacum
1158 2990 1332 3059 antequam
1347 2984 1498 3043 introeas.
1511 2980 1717 3064 Septuaginta

169 3076 382 3140 communiter
405 3076 624 3155 designantur,
646 3085 674 3136 ct
694 3080 845 3156 auferam
866 3079 917 3137 ia·
933 3079 955 3142 C
971 3080 1217 3156 transtulerunt,
1243 3078 1392 3141 Emittam
1418 3098 1549 3161 vespam
1573 3087 1646 3142 ante
1671 3088 1712 3143 te.

168 3180 359 3257 firmitatem
378 3180 418 3236 dc
437 3176 542 3237 medio
563 3177 623 3247 tui,
642 3174 674 3236 id
694 3183 752 3252 est,
770 3192 916 3257 corpora·
970 3179 1059 3241 Unde
1081 3179 1116 3239 in
1136 3176 1219 3239 libro
1240 3175 1409 3258 Sapientia
1431 3177 1548 3256 legitur
1572 3194 1579 3238 :
1603 3177 1714 3240 Misisti
1737 3199 1861 3255 sauma.

170 3277 230 3339 lcm
249 3274 419 3337 sanitatem
436 3273 495 3336 tibi
512 3273 680 3355 prestabo·
700 3276 773 3335 Noa
788 3276 850 3334 erit
865 3275 916 3333 in·
971 3286 1188 3341 antecessores
1208 3274 1365 3338 exercitus
1385 3275 1432 3338 tui
1451 3294 1576 3357 vespas.
1597 3275 1715 3340 Crebro

168 3377 311 3456 fecunda
330 3393 388 3433 uec
406 3374 527 3433 sterilis
543 3382 629 3433 terra
650 3382 717 3444 tua,
735 3372 786 3437 vel
806 3378 842 3433 ut
861 3371 915 3433 alii
971 3384 1076 3439 autem
1100 3381 1148 3437 est
1170 3392 1280 3436 musca
1304 3373 1343 3436 de
1364 3372 1541 3456 putrefacto
1563 3375 1716 3438 cadavere

169 3473 298 3549 babent,
308 3474 346 3531 ia
363 3480 460 3543 terra,
468 3470 501 3533 id
516 3478 575 3547 est,
584 3468 809 3533 fecunditatem
825 3478 915 3533 terre
971 3492 1117 3537 nascens.
1127 3473 1212 3535 lstud
1228 3488 1303 3550 ergo
1318 3472 1450 3552 quidam
1465 3472 1504 3533 ad
1521 3471 1659 3535 litteram
1675 3470 1689 3532 f
1706 3508 1717 3519 ·

170 3570 370 3635 nascentium
394 3577 425 3632 et
448 3569 615 3632 bominum
641 3588 677 3631 ac
697 3569 915 3651 jumentorum
970 3583 1057 3638 ctum
1082 3571 1204 3647 dicunt,
1230 3571 1275 3633 ita
1298 3570 1382 3652 quod
1407 3569 1579 3634 multitudo
1601 3570 1714 3632 talium

169 3669 332 3734 conferam
348 3667 419 3731 tibi·
439 3670 621 3729 Numerum
639 3670 769 3729 dietam
786 3677 915 3728 luorum
972 3690 1154 3736 muscarum
1174 3688 1211 3732 ac
1231 3668 1389 3731 vermium
1405 3667 1451 3731 sic
1467 3668 1716 3731 molestaverunt

172 3772 316 3847 implebo,
328 3766 362 3829 id
378 3774 436 3843 est,
450 3766 550 3829 vitam
565 3766 751 3829 diuturnam
767 3766 826 3829 tibi
842 3784 916 3829 con·
970 3769 1120 3855 prefatas
1141 3774 1264 3848 gentes,
1286 3766 1436 3829 videlicet
1456 3766 1575 3830 multos
1596 3786 1634 3829 cx
1655 3767 1713 3843 eis,

170 3870 290 3933 cedam.
928 3892 929 3895 ¹
971 3870 1056 3952 quod
1074 3866 1225 3948 fugerunt
1240 3885 1259 3929 a
1274 3874 1357 3929 terra
1373 3885 1430 3928 sua
1448 3872 1522 3929 ante
1535 3866 1715 3929 ludaeorum

206 3965 365 4047 Porro(ut
379 3972 498 4027 tactum
515 3972 563 4027 est
578 3964 747 4046 saepe)ista
763 3983 825 4027 non
842 3972 916 4027 sunt
971 3969 1162 4048 ingressum.
1183 3963 1246 4026 Alii
1265 3983 1322 4046 per
1343 3964 1514 4027 crabrones
1532 3963 1717 4043 intelligunt

171 4064 390 4145 intelligenda,
415 4062 506 4144 quasi
530 4063 596 4125 haec
621 4064 809 4145 temporalia
833 4064 916 4125 bona
970 4068 1102 4130 timores
1122 4072 1154 4127 et
1173 4062 1358 4140 anxietates,
1380 4081 1452 4143 quaa
1472 4062 1572 4125 instar
1590 4063 1716 4125 crabro

170 4163 338 4247 promissa,
357 4161 423 4223 sint
440 4160 618 4243 principale
634 4168 728 4243 atque
747 4160 916 4224 sufficiens
972 4184 1049 4229 num
1066 4163 1251 4245 pungebant
1266 4169 1298 4224 ct
1312 4160 1502 4241 affligebant
1517 4169 1626 4241 gentes
1640 4179 1717 4244 pre

171 4262 321 4325 meritum
343 4260 508 4322 servitutis
528 4279 564 4322 ac
583 4260 772 4323 obedientiae
787 4261 850 4324 Deo
866 4280 917 4323 ex·
932 4272 957 4333 D
972 4265 1084 4341 dictas,
1102 4262 1147 4324 ita
1163 4260 1248 4341 quod
1263 4258 1356 4322 multi
1373 4279 1410 4322 cx
1426 4260 1473 4322 eis
1489 4259 1650 4341 fugerunt.

171 4361 280 4424 lribitae
301 4383 308 4433 ;
334 4358 391 4420 sed
417 4358 488 4419 rudi
513 4357 632 4440 populo
654 4358 698 4421 ita
721 4358 844 4422 locutus
869 4368 917 4421 est
1013 4366 1087 4424 Nou
1102 4362 1234 4437 ejiciam
1254 4379 1303 4419 eos
1322 4380 1343 4419 a
1361 4361 1448 4440 facie
1464 4368 1520 4420 tua
1534 4379 1621 4421 arcuo
1636 4379 1713 4420 uua.

171 4458 335 4533 Dominus,
349 4464 506 4537 quatenus
524 4475 582 4538 per
597 4457 784 4539 temporalia
799 4459 837 4519 ad
854 4457 918 4539 spi-
971 4461 1060 4525 Unde
1081 4459 1115 4520 in
1134 4458 1228 4521 Josue
1247 4457 1330 4519 libro
1349 4456 1503 4538 scriptum
1522 4464 1571 4519 est
1592 4474 1599 4517 :
1620 4456 1716 4519 llulto
1729 4480 1867 4529 rumara

171 4557 336 4620 ritualium
356 4574 392 4617 ac
413 4554 595 4619 divinorum
615 4555 818 4618 allicerentur
833 4574 918 4617 amo-
972 4570 1116 4640 tempore
1127 4556 1282 4638 pugnavit
1292 4556 1386 4618 Josue
1397 4563 1508 4618 contra
1522 4572 1612 4634 reges
1627 4554 1713 4618 istos.

172 4661 290 4732 rcm‚et
305 4653 345 4715 ad
360 4652 415 4715 [tei
431 4652 759 4734 obsequiumldoireo
775 4672 831 4735 per
846 4662 920 4717 tem·
973 4661 1021 4722 Ne
1048 4668 1134 4718 terra
1156 4658 1193 4716 iu
1214 4657 1424 4715 solitudinem
1445 4656 1627 4731 rediqatur.
1650 4653 1718 4727 Quo

171 4750 294 4835 poralia
317 4751 389 4828 ista,
414 4750 623 4830 intelligenda
645 4760 719 4813 sunt
741 4752 920 4834 spiritualia
973 4763 1108 4831 constat,
1126 4753 1211 4834 quod
1231 4760 1317 4815 terra
1337 4751 1417 4814 filiis
1437 4752 1532 4814 lsrael
1548 4752 1717 4833 promissa,

173 4852 257 4914 bona
272 4849 609 4930 infratangenda.Nec
624 4850 831 4930 intelligenda
846 4859 920 4913 sunt
976 4854 1038 4917 luit
1059 4853 1153 4916 valde
1180 4868 1295 4931 magna
1319 4858 1350 4913 et
1375 4851 1449 4927 lata,
1475 4850 1521 4912 ita
1544 4850 1630 4931 quod
1655 4869 1719 4913 non

173 4950 383 5032 praeinducta,
406 4948 498 5030 quasi
517 4949 612 5031 justis
631 4949 710 5012 viris
732 4968 768 5013 ac
791 4948 921 5013 feminis
976 4954 1123 5019 obstante
1143 4951 1228 5032 quod
1250 4949 1393 5013 filiorum
1412 4949 1507 5011 lsrael
1526 4957 1617 5012 erant
1635 4949 1722 5031 plus

173 5050 357 5113 Israeliticis
388 5067 553 5130 nunquam
579 5047 751 5111 acciderint
779 5048 922 5112 defectus
978 5071 1074 5134 quam
1095 5055 1244 5113 sexcenta
1263 5048 1367 5110 millia
1388 5047 1542 5125 virorum,
1563 5055 1648 5111 terra
1668 5048 1724 5111 illa

173 5149 238 5211 cibi
254 5158 286 5211 et
302 5156 406 5231 potus,
420 5146 594 5209 infirmitas
609 5146 760 5229 corporis,
774 5148 924 5211 sterilitas
981 5148 1094 5211 fuisset
1119 5166 1177 5229 pro
1203 5164 1318 5226 magna
1343 5154 1433 5227 parte
1458 5146 1492 5207 in
1518 5146 1723 5209 solitudinem

173 5255 278 5325 terrae,
296 5245 516 5311 infecunditas
531 5244 664 5324 ventris,
676 5246 815 5309 brevitas
831 5246 922 5310 vilae:
982 5248 1119 5322 redacta,
1137 5245 1200 5308 nisi
1217 5244 1279 5307 filii
1296 5243 1391 5307 lsrael
1406 5243 1544 5307 fuissent
1559 5244 1631 5326 plus
1646 5245 1726 5306 mul-

176 5354 304 5409 constat
329 5344 418 5408 enim
444 5343 628 5425 oppositum
654 5343 688 5406 in
712 5342 822 5421 David,
846 5344 925 5423 Elia,
983 5344 1120 5427 tiplicati
1145 5345 1184 5407 ad
1210 5344 1398 5426 replendum
1423 5343 1566 5407 eamdem
1597 5342 1726 5405 interim
