4309 6259
587 487 761 534 anseberto
782 489 813 535 lN
835 487 903 532 CAP.
928 485 957 531 lv
979 487 1115 532 tEt'trtcl.
1139 507 1179 516 -
1200 488 1269 534 hut.
1294 485 1326 534 Xl

1670 469 1729 534 159

177 657 265 736 dum,
292 661 379 742 quod
411 659 480 743 ipse
514 662 777 741 transgrediendo
808 630 967 744 praee-A
1021 661 1065 721 Et
1090 662 1218 737 adipem
1243 663 1342 720 vituli
1367 663 1474 739 afferet
1497 680 1557 740 pro
1584 670 1724 740 peccata.

178 759 406 842 ptum,meruit
421 761 522 824 occidi
534 771 566 824 et
576 761 794 824 condemnari.
806 764 927 823 {que-t-

176 869 205 920 et
215 880 340 939 qaoque
349 863 388 920 cle
398 865 559 938 sanprrine
571 864 681 937 rituli,
692 861 724 922 id
735 870 793 937 est,
803 869 926 943 partem

176 958 343 1039 sanguinis
365 959 460 1023 rituli
484 959 639 1023 immolati
663 960 696 1022 iu
719 960 847 1023 vasculo
869 959 928 1021 ali-

176 1076 240 1138 quo
255 1057 397 1136 colliget,
414 1061 558 1136 infereus
574 1062 671 1120 illum
689 1062 723 1119 iu
740 1062 927 1120 tabernacu-

177 1161 245 1217 lam
254 1159 439 1235 testimonii,
450 1167 527 1240 puta
537 1159 570 1219 in
582 1159 718 1241 primam
732 1158 926 1221 tabernaculi

177 1265 299 1338 partem
316 1256 528 1320 exteriorem:
546 1259 632 1338 quod
650 1257 690 1320 de
706 1256 861 1337 sanguine
880 1277 927 1318 sa-

176 1354 375 1418 crificiorum
392 1356 641 1438 praecedentium
653 1375 716 1419 non
733 1356 924 1419 estdiotum.

176 1455 449 1530 Quemadmodum
464 1457 562 1531 enim,
575 1456 688 1518 ceteris
700 1455 842 1538 paribus,
855 1474 927 1537 pec-

177 1565 283 1618 catum
299 1555 474 1618 sacerdotis
490 1563 539 1618 est
553 1554 693 1634 gravius,
712 1555 758 1616 sic
773 1556 812 1616 ad
829 1554 927 1636 impe

177 1656 328 1718 trandum
351 1654 573 1718 remissionem
597 1654 709 1736 ipsius,
729 1653 861 1736 propius
886 1653 925 1715 ad

177 1755 275 1818 Deum
290 1763 417 1837 oportet
427 1756 589 1830 accedere,
602 1762 633 1816 et
644 1753 816 1816 cordialius
826 1753 926 1835 poeni-

981 756 1131 829 Quamvis
1155 766 1237 821 totus
1252 758 1373 822 vitulus
1389 777 1447 841 pro
1470 768 1599 842 peccato
1624 779 1727 822 sacer—

982 856 1066 918 dotis
1082 857 1273 920 remittendo
1283 856 1491 936 oflerebatur,
1505 859 1603 941 adeps
1619 867 1725 921 tamen

983 963 1014 1017 et
1029 964 1134 1019 cetera
1149 977 1219 1038 quaa
1236 967 1423 1039 sequuntur,
1436 977 1495 1041 pro
1510 967 1640 1041 peccato
1656 977 1726 1040 spe·

982 1054 1105 1118 cialiter
1140 1055 1326 1118 dicebantur
1361 1056 1484 1134 offerri,
1507 1057 1540 1118 in
1570 1066 1725 1139 quantum

982 1174 1077 1236 super
1100 1155 1198 1218 altare
1217 1156 1393 1218 holocausti
1414 1158 1453 1219 ad
1468 1157 1523 1219 Dei
1545 1157 1728 1220 cremaban-

984 1261 1033 1313 tur
1053 1254 1217 1316 honorem.
1235 1255 1322 1317 Unde
1345 1255 1549 1336 subjungitur
1567 1274 1573 1320 :
1591 1256 1724 1339 hdipem
1777 1303 1778 1308 η

980 1351 1073 1414 vituli
1097 1351 1213 1416 olleret
1236 1372 1293 1435 pro
1322 1363 1462 1435 peccato,
1481 1365 1546 1416 tam
1568 1376 1642 1416 euru
1663 1355 1726 1417 adi·

980 1469 1053 1532 pem
1074 1456 1132 1530 qut
1150 1454 1252 1530 operit
1271 1454 1401 1522 attalia,
1418 1453 1540 1516 scilicet
1561 1453 1723 1530 intestina,

981 1570 1076 1628 quam
1104 1553 1213 1610 ornrrr'a
1240 1573 1310 1629 pure
1336 1553 1531 1612 intrinsecus
1555 1563 1631 1614 sunt
1650 1571 1661 1614 .·
1685 1553 1725 1615 da

981 1647 1099 1728 quibus
1115 1655 1145 1710 el
1160 1649 1298 1726 additur,
1315 1654 1395 1710 (luas
1415 1655 1619 1723 renrcnculas,
1637 1662 1666 1713 et
1680 1671 1726 1712 re·

982 1749 1119 1807 ticulum
1144 1751 1230 1826 quod
1248 1759 1292 1808 est
1311 1771 1406 1826 super
1421 1771 1470 1810 eas
1487 1751 1591 1828 juata
1606 1753 1680 1823 tua,
1696 1761 1725 1812 et

178 1861 263 1928 tere3
282 1854 338 1916 sed
354 1863 484 1936 propter
505 1853 718 1917 reverentiam
740 1861 772 1916 et
792 1852 926 1933 dignita·
944 1844 967 1905 B
981 1848 1110 1922 adoptem
1118 1847 1238 1921 jecoris
1249 1868 1323 1908 cum
1338 1851 1538 1910 renunculis.
1549 1849 1661 1912 Omnia
1672 1868 1725 1913 no·

981 1943 1068 2004 mina
1094 1943 1154 2006 ista
1180 1944 1246 2024 jam
1272 1954 1346 2009 ante
1371 1947 1512 2029 exposita
1529 1956 1613 2010 sunt.
1631 1950 1725 2011 Sicut

177 1959 240 2014 tem
266 1952 473 2016 sacerdotalis
498 1951 615 2030 oflicii,
640 1953 820 2016 condecens
845 1960 923 2026 erat,

177 2052 262 2132 quod
274 2050 406 2132 sanguis
417 2051 529 2114 hostiae
545 2070 602 2133 pro
619 2051 689 2132 ipso
705 2050 830 2127 oblatae,
842 2050 926 2112 intra

177 2149 418 2213 tabernaculum
433 2148 616 2213 offerretur.
635 2155 804 2228 Quumque
825 2152 925 2210 intin-

176 2251 262 2310 uerit
276 2251 422 2326 debitum
437 2251 474 2308 iu
489 2251 652 2327 sanquine
667 2252 766 2310 vituli
788 2267 846 2331 pro
868 2267 925 2310 suo

177 2357 308 2430 peccato
336 2347 451 2425 oblati,
479 2353 645 2426 adsperpet
673 2370 708 2408 eo
736 2351 848 2426 septies
877 2368 926 2407 co-

177 2469 249 2508 ram
265 2450 425 2509 Domino:
442 2455 476 2509 ut
493 2465 550 2528 per
570 2445 809 2528 adspersionem
833 2445 925 2508 toties

177 2545 356 2629 repetitam,
375 2555 407 2609 et
421 2565 486 2608 suae
508 2545 610 2628 culpae
630 2545 923 2623 demonstrativam,

177 2645 329 2729 impetret
348 2645 410 2707 sibi
426 2645 553 2727 plenam
578 2644 810 2720 remissionem,
826 2645 924 2707 Deum

177 2745 355 2826 placand0;
371 2753 484 2805 contra
500 2748 607 2804 velum
621 2746 819 2813 sanctuarii,
831 2743 862 2804 id
878 2752 926 2806 est

177 2863 215 2906 ex
228 2844 378 2927 opposito
394 2842 469 2920 reli,
486 2851 519 2906 et
534 2861 645 2906 versus
661 2841 741 2903 illud
756 2843 843 2923 quod
858 2851 925 2904 erat

178 2943 210 3006 in
237 2942 444 3005 tabernaculo
473 2961 529 3005 seu
561 2941 753 3019 sanctuario,
777 2940 924 3004 dividens

979 2045 1133 2120 aufertur
1148 2049 1186 2105 cle
1204 2049 1305 2107 vitulo
1321 2050 1431 2109 hostire
1442 2051 1656 2128 pacificorum
1668 2070 1679 2108 .·
1692 2048 1723 2110 id

979 2150 1038 2218 est,
1054 2143 1323 2224 quemadmodum
1347 2139 1408 2208 ista
1435 2166 1520 2210 nunc
1548 2148 1721 2226 nominata,

979 2241 1169 2304 abstrahunt
1190 2246 1369 2308 sacerdotes
1390 2246 1429 2309 de
1444 2246 1546 2310 vitulo
1566 2247 1670 2310 occiso
1693 2254 1724 2310 et

981 2340 1145 2404 immolato
1170 2341 1203 2402 in
1230 2342 1366 2406 hostiam
1396 2345 1565 2426 pacificam
1593 2346 1633 2408 ad
1658 2365 1724 2409 cre-

980 2440 1132 2501 mandum
1148 2459 1184 2502 ea
1206 2440 1238 2503 in
1254 2443 1357 2520 altari,
1374 2451 1410 2505 ut
1426 2444 1616 2526 praecedenti
1640 2445 1724 2508 dice·

980 2536 1073 2600 batur
1089 2538 1229 2621 capitulo
1247 2565 1254 2614 ;
1274 2541 1319 2604 sic
1334 2541 1457 2605 auleret
1473 2544 1618 2606 sacerdos
1634 2544 1724 2606 istas

979 2655 1112 2719 corpore
1133 2638 1225 2701 vituli
1242 2658 1299 2721 pro
1323 2659 1380 2704 suo
1402 2650 1531 2723 peccato
1553 2642 1663 2706 oblati.
1680 2645 1723 2704 Et

980 2738 1116 2797 adolebit
1132 2759 1170 2798 aa
1186 2759 1281 2816 snper
1292 2744 1394 2800 altare
1415 2742 1601 2813 holocausti,
1614 2742 1653 2803 ad
1670 2741 1724 2805 ho

980 2837 1158 2898 norandum
1188 2844 1283 2918 atque
1309 2838 1499 2920 placandum
1523 2840 1722 2921 majestatem

978 2933 1151 3012 Altissimi‚
1184 2955 1280 3017 quam
1311 2937 1471 3018 peccando
1502 2937 1720 3016 inhonoravit,

178 3042 261 3105 inter
287 3041 438 3105 Sanctum
463 3048 647 3103 sanctorum
673 3047 705 3102 et
725 3039 849 3116 Sancta,
868 3059 924 3102 seu
943 3034 1181 3115 Cgruvilerque
1204 3033 1354 3098 offendit.
1372 3039 1491 3098 Pellem
1514 3057 1586 3098 cero
1607 3047 1636 3098 et
1657 3058 1722 3098 orn-

178 3141 260 3204 iuter
282 3141 424 3223 primum
446 3148 478 3203 et
493 3139 668 3203 secundum
692 3139 760 3202 loca
782 3139 925 3202 taberna-

176 3241 239 3302 culi
256 3241 323 3303 hei.
340 3239 404 3303 Nec
420 3258 530 3303 verum
547 3237 673 3303 videt-ur
693 3238 778 3318 quod
794 3237 925 3319 quidam

177 3340 228 3402 hic
250 3339 375 3415 scribit,
391 3339 478 3421 quod
494 3335 623 3418 sanguis
650 3335 709 3399 iste
727 3334 925 3399 inserebatur

177 3439 261 3501 intra
276 3438 393 3501 Sancta
413 3445 609 3512 sanctorum,
626 3444 658 3498 et
673 3436 758 3517 quod
781 3435 852 3498 ideo
871 3435 924 3497 hic

176 3537 311 3613 dicatur,
328 3537 445 3600 Contra
460 3536 584 3610 relum;
598 3535 662 3597 imo
678 3534 764 3616 quod
780 3534 834 3611 ait,
847 3533 925 3597 Con-

177 3645 224 3698 tra
240 3636 360 3712 velum,
378 3634 480 3716 magis
495 3641 587 3696 sonat
601 3632 796 3715 oppositum,
814 3640 924 3715 utpote

176 3736 261 3817 quod
276 3733 496 3816 adspergendo
512 3732 616 3795 stabat
626 3741 713 3794 extra
729 3732 846 3809 velum,
859 3751 923 3794 non

178 3833 271 3895 intra.
291 3832 446 3896 Subditur
468 3850 596 3913 quoque
614 3848 621 3892 :
638 3834 801 3910 Pouetqae
822 3835 862 3890 de
876 3852 925 3891 eo

176 3934 247 3993 mm
268 3933 434 4010 sanquine
454 3951 552 4008 super
572 3951 694 3989 cornua
717 3932 833 3990 altaris
856 3933 924 4007 thy-

178 4033 355 4103 miamatis,
370 4029 401 4091 id
418 4036 467 4092 est
486 4027 589 4090 dulcis
609 4028 727 4104 odoris,
741 4030 925 4102 arctissimi

178 4131 327 4201 Dorrzino,
350 4147 388 4190 ex
414 4135 503 4209 parte
529 4125 608 4188 fidei
630 4135 662 4189 ct
683 4126 862 4189 devotionis
887 4146 924 4188 ac

979 3153 1034 3192 nes
1048 3154 1160 3193 carnes
1170 3133 1275 3210 vituli,
1288 3155 1360 3194 curn
1376 3137 1479 3212 capite
1499 3138 1674 3214 etpedibus
1693 3147 1722 3198 et

978 3233 1142 3293 intestinis
1158 3241 1187 3293 et
1202 3237 1279 3309 fimo
1294 3237 1461 3314 etreliqua
1475 3255 1613 3313 corpore,
1627 3235 1659 3297 id
1675 3243 1723 3299 est

978 3330 1092 3394 ceteris
1108 3332 1260 3394 membris
1277 3351 1331 3395 seu
1348 3333 1503 3415 partibus,
1513 3341 1617 3413 efferet
1629 3346 1721 3398 entra

978 3442 1095 3502 castra,
1121 3430 1153 3492 id
1174 3439 1221 3494 est
1242 3430 1423 3495 habitacula
1444 3452 1500 3496 seu
1520 3435 1667 3512 tentoria,
1685 3437 1722 3496 in

979 3535 1083 3591 lactem
1101 3534 1260 3590 uerendum
1272 3553 1283 3590 .·
1295 3531 1446 3612 quoniam
1462 3532 1523 3594 isla
1538 3532 1601 3596 Deo
1616 3533 1723 3597 oblata

978 3637 1010 3692 et
1025 3629 1235 3706 sanctificata,
1249 3630 1282 3691 in
1299 3630 1368 3692 loco
1384 3632 1530 3711 ponenda
1542 3640 1615 3695 sunt
1631 3651 1723 3695 mun-

979 3730 1019 3791 do
1032 3753 1039 3805 3
1053 3731 1110 3788 arbi
1119 3731 1238 3790 cineas
1250 3728 1283 3790 in
1299 3729 1390 3791 altari
1406 3728 1664 3794 holocaustorum
1675 3751 1723 3795 re-

979 3827 1046 3890 licti
1064 3847 1102 3890 ex
1123 3828 1399 3892 combustionibus
1418 3829 1605 3908 hostiarum,
1620 3837 1723 3909 efficu-

977 3930 1015 3986 ‹li
1029 3931 1129 3987 solent
1138 3951 1152 3998 ,·
1168 3929 1374 4008 incendetque
1388 3949 1426 3990 eu
1446 3949 1542 4006 super
1557 3931 1722 4008 liquorum

977 4035 1111 4096 struem,
1131 4025 1249 4105 quihus
1273 4025 1378 4106 ignem
1401 4035 1570 4108 supponet,
1590 4049 1661 4106 qua
1685 4031 1722 4090 in

979 4128 1042 4183 loca
1072 4129 1247 4201 offensorum
1280 4126 1427 4185 cinerum
1456 4129 1684 4188 crernabuntar
1710 4143 1722 4188 :

176 4227 367 4290 obedientiae
393 4226 600 4290 ollerentium
620 4251 628 4302 ;
649 4229 735 4304 quod
756 4237 800 4287 est
819 4229 856 4285 iu
880 4236 924 4286 tu·
939 4230 964 4291 D
979 4221 1054 4302 quia
1074 4222 1106 4282 in
1130 4223 1200 4286 loeo
1220 4223 1276 4286 illo
1298 4224 1417 4286 mundo
1442 4233 1504 4286 tam
1529 4244 1601 4288 caro
1623 4225 1721 4288 oooisi

176 4329 348 4388 herunculo
364 4309 674 4388 testimoniishltare
689 4323 775 4387 enim
794 4324 925 4406 thymia-

176 4427 281 4505 matis,
300 4427 333 4489 in
356 4444 421 4508 quo
443 4424 546 4487 dulcis
567 4425 645 4487 odor
667 4443 724 4506 per
745 4443 924 4487 conerema-

176 4526 296 4589 tionem
311 4523 534 4606 generabatur,
551 4523 612 4585 luit
629 4542 693 4586 non
710 4523 742 4585 in
758 4522 850 4600 atrio,
868 4524 923 4586 sed

176 4624 209 4686 in
225 4625 297 4707 ipso
313 4623 529 4699 tabernaculo,
549 4623 581 4683 in
605 4622 708 4703 prima
722 4632 754 4684 et
775 4621 923 4685 exteriori

176 4731 266 4805 parte
281 4705 441 4804 ipsius‘ut
458 4740 554 4803 super
570 4721 714 4783 Exodum
732 4721 853 4782 dictum
875 4729 923 4783 est

175 4840 270 4904 saepe.
298 4824 434 4882 Omnem
459 4829 568 4881 cutem
599 4821 763 4898 reliquum
794 4822 924 4896 sanqui-

175 4943 248 4981 nem
280 4918 376 4981 viluli
409 4917 578 4993 immolati,
602 4920 721 4995 fundet
743 4921 777 4978 in
809 4920 921 4989 busim,

176 5019 207 5080 id
222 5028 273 5082 est
283 5018 371 5081 circa
385 5017 595 5099 crepidinem,
608 5019 724 5077 altaris
746 5018 925 5077 holocausti

174 5122 210 5178 in
227 5119 370 5179 introitu
385 5118 597 5187 tabernaculi,
611 5115 643 5176 id
659 5114 750 5176 estin
762 5113 853 5192 atrio,
867 5133 924 5197 per

174 5217 261 5299 quod
282 5216 317 5277 in
333 5214 576 5277 tabernaculum
592 5213 781 5290 intrabatur,
800 5213 833 5275 in
859 5232 923 5295 quo

175 5316 256 5378 atrio
272 5315 373 5377 situm
390 5320 457 5376 erat
471 5313 571 5375 altare
587 5311 775 5375 holocausti.

979 4320 1071 4382 vituli
1088 4340 1160 4383 eum
1177 4322 1330 4383 membris
1345 4342 1381 4385 ac
1398 4323 1543 4405 partibus
1559 4323 1625 4386 suis
1643 4343 1722 4406 prae-

980 4419 1054 4481 latis
1070 4439 1165 4502 quam
1187 4420 1273 4499 ligna
1291 4421 1411 4503 pariter
1426 4441 1527 4504 usquc
1543 4424 1580 4485 ad
1598 4423 1721 4488 cineres

979 4518 1052 4600 igno
1071 4520 1351 4584 consumebantur.

1017 4620 1107 4683 Circa
1122 4620 1188 4682 baec
1204 4619 1305 4682 oritur
1315 4620 1449 4702 quaestio
1460 4621 1592 4703 duplex:
1605 4622 1719 4700 Prima,

978 4719 1138 4800 quomodo
1168 4737 1253 4780 nunc
1277 4719 1428 4782 dicuntur
1451 4719 1603 4784 intestina
1628 4721 1721 4784 rituli

978 4817 1133 4879 immolati
1145 4825 1232 4879 extra
1243 4824 1345 4880 castra
1355 4837 1424 4880 esse
1435 4820 1720 4901 cremanda‚quum

977 4917 1042 4998 jam
1064 4916 1185 4978 dictum
1203 4915 1254 4993 sit,
1272 4917 1358 4998 quod
1378 4916 1412 4978 in
1432 4917 1524 4980 altari
1545 4919 1721 4981 holocausti

978 5014 1130 5077 intestina
1155 5014 1247 5078 rituli
1278 5013 1372 5096 hujus
1403 5015 1467 5078 sint
1496 5016 1722 5080 incendendal

977 5113 1209 5196 Respondetur,
1232 5115 1318 5195 quod
1344 5114 1382 5176 de
1403 5115 1538 5178 diversis
1561 5114 1722 5177 intestinis

978 5213 1121 5295 ejusdem
1138 5211 1229 5275 vituli
1247 5212 1307 5275 ista
1322 5211 1552 5292 intelligantur,
1571 5213 1722 5295 quoniam

978 5310 1111 5373 meliora
1127 5309 1278 5373 intestina
1294 5309 1426 5392 praeiata
1447 5331 1542 5394 super·
1561 5312 1659 5374 altare
1675 5311 1723 5374 in-
