4309 6259
526 479 700 527 aunnnnrro
721 480 751 525 m
773 478 841 525 cnr.
864 477 894 522 ιν
915 476 1150 523 orurcnononn.
1171 496 1212 506 —
1232 479 1303 524 snr.
1326 480 1346 523 r
1647 463 1704 525 bil
1734 452 1737 457 ’

156 653 215 716 Vel
236 672 338 736 usque
358 654 398 715 ad
415 652 531 715 coelum
557 670 696 727 aereum,
714 648 800 730 quod
824 665 906 728 aqua
921 646 947 707 Α
957 648 1124 726 praecepit,
1140 656 1176 707 at
1190 649 1352 724 faciatis*,
1370 647 1533 729 implendo
1551 649 1635 730 quod
1657 649 1707 710 lex
1729 683 1854 738 qm,

156 752 273 814 diluvii
289 750 467 833 occupavit.
482 754 649 831 Eraratqae
664 751 744 809 ineo
761 750 907 815 tenebrae,
960 744 1063 826 jubet,
1090 754 1120 807 et
1145 746 1230 826 quod
1255 744 1360 809 Ioedus
1385 745 1464 809 illutl
1491 745 1651 828 requirit3
1677 757 1707 806 ct

156 850 218 914 hoc
234 859 283 914 est
300 849 501 913 fumositates
519 856 550 911 et
565 865 699 930 vapores
722 844 860 921 obscuri,
878 853 907 904 et
962 848 1067 905 decem
1084 846 1177 905 cerba
1192 865 1264 924 quac
1276 848 1406 923 scripsit
1422 848 1458 906 ia
1475 849 1603 906 duabus
1620 848 1708 907 taba-

157 952 268 1021 rrabes,
290 968 362 1030 qua
383 947 445 1010 luit
467 946 669 1023 densissima,
692 955 722 1005 et
742 947 859 1021 antipa,
875 943 907 1004 id
965 945 1005 1002 tis
1019 946 1168 1019 lapideis,
1184 942 1243 1005 lroc
1259 951 1306 1006 cst
1326 944 1435 1007 decem
1450 952 1618 1026 praecepta,
1637 962 1708 1025 qua

157 1056 207 1110 est
237 1047 378 1109 carentia
404 1045 562 1108 luminis:
583 1063 648 1125 quo
673 1051 797 1107 constat
821 1041 907 1123 quod
963 1040 1067 1121 primo
1084 1060 1140 1122 per
1154 1039 1378 1104 allocutionem
1399 1042 1576 1125 proposuit,
1592 1041 1708 1104 deinde
1734 1082 1853 1126 mn.

158 1146 245 1226 ignis
261 1145 317 1209 ille
343 1144 403 1207 luit
424 1144 581 1221 fumosus,
594 1144 650 1225 qui
669 1152 776 1206 tamen
797 1140 909 1203 habuit
963 1138 997 1199 in
1013 1140 1137 1201 duabus
1152 1139 1286 1222 lapideis
1300 1140 1417 1203 tabulis
1433 1141 1571 1222 scripsit.
1722 1157 1778 1194 ³¹¹¹.
1794 1116 1854 1249 ¹²⁸⁸?

157 1244 283 1325 aliquid
299 1243 503 1320 claritatiS,et
520 1240 581 1304 tuit
597 1241 630 1303 in
642 1260 705 1303 una
721 1247 910 1322 parlemon-
1004 1240 1153 1317 Miles-'que
1171 1241 1342 1299 amadaair
1363 1242 1399 1299 itt
1424 1241 1482 1299 itta
1508 1250 1655 1317 ternpore,
1672 1249 1709 1301 ut
1721 1220 1792 1258 xxnv,
1829 1238 1835 1249 '

159 1342 201 1403 tis
217 1342 346 1405 claritas
366 1342 523 1423 quaedam.
540 1340 620 1402 Hinc
645 1340 678 1401 in
703 1338 810 1401 Exodo
832 1336 910 1415 legi·
964 1340 1108 1397 docerem
1135 1357 1185 1396 cos
1208 1338 1411 1398 carimonias
1434 1348 1464 1399 et
1477 1339 1623 1415 jadtcta,
1639 1360 1710 1418 quac

43 1450 143 1501 mmm,
160 1448 224 1516 tur,
235 1441 333 1503 'lotus
343 1458 435 1503 mons
447 1438 534 1501 Sinai
545 1438 746 1513 fumabat,eo
758 1436 842 1518 quod
858 1436 911 1497 dc-
964 1437 1070 1513 fateare
1085 1438 1237 1497 deberetis
1259 1438 1295 1495 in
1319 1446 1405 1497 tarra
1420 1459 1518 1516 quam
1533 1440 1710 1515 possessuri

33 1518 57 1557 ’δ’
159 1538 339 1601 scendissct
354 1538 506 1601 Dominus
523 1554 705 1619 supereum
728 1536 761 1596 in
783 1534 866 1614 igne,
880 1541 909 1595 et
965 1537 1048 1594 estis.
1066 1532 1168 1607 Quum
1184 1534 1270 1596 enim
1287 1532 1349 1596 lilii
1365 1534 1459 1597 lsrael
1474 1535 1638 1598 audissent
1653 1537 1711 1600 Do-

158 1638 347 1700 ascenderet
364 1636 470 1697 tumus
485 1656 523 1699 ex
539 1654 588 1711 ec,
604 1634 697 1715 quasi
714 1634 753 1695 de
769 1632 908 1695 fornace.
967 1632 1089 1693 minum
1105 1633 1213 1700 decem
1230 1642 1386 1715 praccepta
1403 1633 1587 1697 terribiliter
1597 1653 1712 1717 propo

158 1739 298 1818 Eratque
320 1754 413 1798 mons
435 1736 540 1798 omnis
560 1734 723 1797 terribilis.
748 1734 788 1795 De
809 1731 858 1792 his
880 1738 910 1794 et
967 1730 1228 1806 nentem,timore
1238 1731 1502 1808 concussi,locuti
1513 1740 1587 1794 sunt
1597 1732 1708 1815 Moysi:

158 1834 273 1896 horum
290 1831 395 1894 causis
411 1839 607 1913 pertranseo,
625 1830 701 1911 quia
721 1846 818 1910 super
832 1827 910 1890 Exo—
928 1838 952 1900 Β
967 1830 1108 1911 Loquere
1124 1837 1157 1890 tu
1173 1828 1277 1906 nobis,
1289 1837 1322 1893 et
1337 1848 1401 1893 non
1417 1830 1581 1909 Dominus,
1595 1852 1636 1894 no
1646 1850 1711 1893 mo
1725 1864 1856 1915 pm,

155 1933 234 1994 dnm
250 1930 328 1993 hinc
342 1930 463 1991 dictum
479 1938 527 1991 est
543 1929 680 2011 plenius.
966 1928 1096 1990 riamur.
1113 1928 1215 2008 Atque
1235 1937 1349 1990 extunc
1365 1929 1518 1992 Dominus
1539 1930 1598 1991 soli
1614 1927 1711 2011 Moysi

199 2034 401 2108 Loctrtasqac
420 2037 465 2088 est
480 2029 639 2088 Dominus
663 2030 707 2087 ad
723 2046 775 2086 vos
795 2028 833 2085 de
849 2045 912 2085 mc-
966 2026 1132 2109 proposuit
1146 2027 1372 2089 caerimonialia
1391 2028 1619 2111 judicialiaque
1634 2047 1714 2110 pra-

157 2131 214 2188 dia
230 2128 320 2204 ippis
335 2147 347 2185 .·
363 2125 439 2206 quia
458 2124 492 2186 in
513 2124 569 2188 illo
586 2124 660 2205 igne
680 2131 821 2187 montem
837 2141 912 2204 ope·
967 2133 1069 2207 cepta,
1089 2132 1123 2186 ut
1138 2124 1207 2207 ipsc
1222 2125 1350 2189 doceret
1364 2145 1401 2188 ea
1416 2125 1504 2190 iilios
1515 2127 1715 2203 Israel,sicut

160 2228 276 2301 riente,
294 2223 427 2303 angelus
453 2222 486 2284 in
502 2221 557 2284 Dei
581 2240 717 2304 persona
742 2238 909 2303 apparens
968 2224 1001 2286 in
1023 2223 1130 2286 Exodo
1147 2222 1274 2301 legitur.
1301 2226 1462 2287 Custodite
1485 2245 1558 2302 erpo
1577 2228 1715 2286 sollicite

162 2323 355 2405 loquebatur
377 2340 417 2384 ex
438 2320 507 2383 loco
532 2321 656 2397 eodem,
674 2320 756 2383 sicut
780 2320 815 2381 in
840 2319 912 2399 igno
968 2324 1097 2384 animas
1121 2332 1241 2382 uestras
1259 2322 1300 2384 ab
1325 2321 1413 2384 omni
1429 2322 1612 2387 divinorum
1636 2342 1716 2405 praa

50 2438 147 2488 trama
162 2422 248 2484 rubi.
266 2421 305 2482 Et
326 2428 411 2483 recte
426 2418 590 2495 Dominus,
609 2418 665 2499 qui
691 2418 775 2500 ignis
800 2436 914 2481 consu·
969 2430 1134 2503 ceptorum
1144 2419 1406 2501 transgressione,
1419 2422 1597 2503 pracsertim
1613 2422 1654 2485 ab
1670 2422 1724 2489 in-.

36 2504 61 2542 ³⁸·
163 2539 256 2583 mens
279 2527 421 2595 vocatur,
440 2516 473 2579 in
496 2516 570 2596 igne
591 2518 764 2599 apparuit:
785 2536 856 2579 nam
883 2524 914 2578 et
971 2518 1078 2582 teriori
1105 2520 1300 2601 impuritate.
1319 2523 1393 2581 Non
1417 2524 1546 2583 uidistis
1566 2525 1715 2602 aliquam

163 2619 248 2700 ignis
259 2637 318 2681 sua
328 2615 679 2697 agilitate,actualitate,
689 2616 915 2698 calore,splon-
969 2618 1233 2679 similitudinem.
1251 2618 1447 2699 Exprimitur
1463 2620 1543 2683 ratio
1559 2640 1623 2683 una
1639 2639 1716 2701 prra-

163 2721 253 2795 dore,
266 2716 406 2798 puritate
422 2724 454 2778 et
464 2713 652 2791 subtilitate,
664 2714 782 2778 divinar
794 2722 913 2777 natura
971 2723 1063 2791 tacta,
1087 2733 1145 2777 cur
1166 2716 1317 2778 Dominus
1339 2733 1403 2778 non
1424 2718 1574 2798 apparuit
1597 2719 1716 2800 populo

163 2816 377 2901 proprietates
387 2814 552 2877 evidenter
564 2813 716 2892 designat.
727 2813 834 2876 Voluit
845 2832 916 2894 quo
971 2813 1004 2874 in
1021 2813 1101 2893 legis
1121 2813 1249 2876 datione
1269 2814 1302 2875 in
1322 2814 1430 2895 aliqua
1448 2816 1607 2897 corporali
1628 2816 1716 2878 simi-

163 2934 228 2997 que
243 2916 328 2977 Deus
344 2932 400 2995 pcr
420 2912 605 2992 hujusmodi
626 2911 859 2994 apparitionem
885 2920 916 2974 et
972 2912 1119 2989 litudine,
1140 2910 1263 2975 scilicet
1280 2929 1287 2973 :
1307 2933 1346 2973 rte
1364 2914 1448 2992 forte
1465 2918 1589 2991 decepti
1610 2934 1716 2979 errore

164 3013 395 3077 allocutionem
412 3009 600 3087 terribilem,
612 3028 677 3072 suaa
687 3010 863 3089 maiestatis
878 3010 917 3072 ti-
934 3021 956 3084 (ζ
971 3010 1170 3087 idololatria,
1187 3019 1219 3073 ct
1241 3019 1389 3092 putantes
1404 3012 1502 3075 Deum
1528 3012 1561 3073 in
1587 3013 1716 3095 propria

165 3132 290 3175 morem
305 3110 422 3174 iudeis
443 3109 597 3172 incutere.
615 3109 704 3172 Unde
729 3110 857 3172 demum
883 3110 916 3171 in
972 3129 1029 3172 sua
1044 3118 1157 3171 natura
1175 3128 1244 3171 esse
1263 3109 1470 3188 materialem,
1489 3120 1520 3174 et
1538 3112 1716 3194 corporalia

50 3225 100 3267 rara.
111 3240 150 3269 m,
166 3213 275 3275 Exodo
292 3210 409 3291 legitur
422 3227 429 3271 :
441 3208 508 3271 Jam
524 3209 696 3271 advenerat
707 3209 775 3271 dies
790 3209 914 3286 tertius,
973 3207 1165 3271 lineamenta
1185 3207 1366 3285 habentem,
1383 3211 1516 3285 saciat-is
1536 3213 1622 3269 cobis
1635 3216 1716 3272 scut-

39 3292 63 3329 ’δ’
166 3318 197 3372 et
212 3328 289 3373 ecce
304 3314 471 3390 coeperunt
481 3306 585 3368 audiri
597 3307 746 3383 tonitrua,
757 3315 788 3369 ct
799 3307 916 3370 micare
968 3317 1061 3385 ptam
1082 3309 1347 3379 sinaititadiaem,
1364 3306 1395 3368 id
1418 3316 1466 3370 est
1480 3309 1645 3390 corporale
1665 3329 1717 3372 ex-

165 3408 310 3489 lulgura,
327 3414 358 3469 ct
374 3405 474 3467 nubes
490 3404 680 3467 densissima
695 3406 819 3487 operire
830 3424 918 3468 mon·
972 3405 1104 3487 emplar‚
1116 3406 1155 3467 ad
1172 3406 1264 3485 cujus
1279 3404 1424 3485 eiiigiem
1440 3405 1618 3470 formentur
1632 3407 1717 3471 idola

164 3515 242 3583 tem,
261 3506 457 3587 clangorque
472 3502 615 3566 buccina
633 3504 830 3567 vehementis
846 3523 917 3585 per·
972 3523 1042 3586 quae
1059 3503 1215 3580 colantur,
1232 3514 1290 3565 act
1311 3507 1489 3582 imapiaem
1509 3510 1646 3567 maseati
1666 3512 1717 3567 aet

165 3604 341 3687 strepebat,
351 3611 383 3666 et
395 3602 501 3663 timuit
517 3602 667 3684 populus.
686 3605 796 3663 Vocem
811 3606 916 3663 verbo-
970 3605 1114 3682 femiae,
1140 3602 1173 3663 id
1197 3610 1245 3664 est
1269 3602 1405 3683 alicujus
1431 3603 1581 3666 hominis.
1609 3605 1717 3687 Itaque

164 3703 537 3781 ramejasamttsttaat
552 3704 692 3779 formam
703 3703 836 3777 penitas
851 3722 916 3762 nort
972 3721 1036 3765 non
1067 3699 1191 3763 faciatis
1214 3702 1465 3762 similitudinem
1494 3706 1641 3764 omnium
1657 3707 1718 3782 ju·

165 3804 310 3873 vidistis,
318 3800 378 3863 hoc
389 3806 437 3862 est
448 3798 569 3860 nullam
580 3797 765 3861 sensibilem
777 3799 916 3881 speciem
971 3810 1164 3870 amatorum,
1182 3799 1287 3875 idest,
1306 3799 1425 3861 nullius
1445 3799 1581 3881 jumenti
1604 3801 1718 3865 simili·

165 3902 237 3981 ejus
259 3898 318 3980 qui
336 3896 537 3978 loquebatur.
554 3894 703 3969 Quamvis
723 3896 809 3958 enim
825 3914 917 3975 ange·
973 3898 1116 3961 tudinem
1143 3897 1266 3961 faciatis
1291 3898 1329 3960 ad
1350 3897 1618 3979 colendumque
1639 3911 1716 3962 sunt

166 3998 217 4059 lus
233 3996 281 4059 sic
301 4013 471 4077 appetem,
489 3994 655 4057 consuevit
671 3993 768 4075 Moysi
784 3994 917 4057 sensibi-
971 4018 1066 4074 super
1088 4006 1220 4066 terram,
1236 4000 1286 4056 vel
1300 3998 1413 4057 auium
1433 4000 1492 4056 sub
1513 4002 1589 4059 coeto
1604 4003 1734 4059 volam.

167 4096 241 4158 liter
256 4110 411 4176 apparere
427 4092 460 4153 in
476 4109 609 4172 corpore
623 4100 797 4173 assumpto,
811 4101 917 4155 tamen
973 4096 1067 4165 tizam,
1085 4104 1180 4173 atque
1191 4095 1333 4170 piscium
1348 4097 1406 4173 qai
1419 4097 1575 4156 subterra
1591 4116 1717 4158 moran-

167 4213 226 4277 pro
243 4202 319 4255 tunc
337 4210 401 4254 non
421 4190 561 4254 ostendit
577 4189 654 4251 liliis
670 4190 764 4252 lsrael
785 4191 916 4273 angelus
932 4208 956 4269 Β
973 4202 1026 4252 tar
1042 4194 1078 4251 ira
1094 4193 1189 4269 aquis
1203 4212 1214 4251 .·
1230 4209 1301 4272 quaa
1319 4190 1409 4270 juxta
1430 4192 1515 4273 ripas
1535 4212 1619 4271 suas,
1636 4193 1718 4258 inie-

167 4294 223 4355 ille
248 4291 391 4373 aliquam
417 4288 661 4350 similitudinem
688 4289 884 4370 corporalem
907 4308 914 4353 :
972 4290 1071 4353 riores
1087 4297 1162 4351 sunt
1177 4296 1260 4352 terra
1275 4307 1315 4351 ne
1330 4287 1480 4352 eiiluant.
1493 4290 1717 4355 Verumtamen

166 4392 286 4474 primo,
303 4390 342 4451 ad
359 4387 588 4449 insinuandum
604 4386 721 4449 divinae
736 4394 857 4450 naturas
873 4387 918 4449 in·
971 4407 1062 4470 aque
1077 4387 1111 4449 in
1127 4389 1218 4464 mari,
1232 4386 1265 4449 in
1277 4386 1355 4451 locis
1365 4389 1496 4452 remotis
1506 4409 1525 4451 a
1536 4389 1615 4471 ripa,
1623 4411 1716 4474 supe-

165 4484 503 4568 circumscriptibilem
534 4484 847 4562 immaterialitatem,
872 4495 919 4548 at-
972 4488 1071 4550 riores
1092 4494 1167 4548 sunt
1185 4494 1276 4563 terra,
1295 4486 1360 4549 imo
1380 4494 1412 4549 et
1432 4488 1594 4550 montibus
1612 4498 1714 4569 terrae,

166 4607 230 4671 que
255 4584 463 4669 purissimam
484 4580 742 4663 simplicitatem3
764 4585 915 4661 secundo,
973 4593 1008 4647 ut
1018 4594 1105 4667 patet
1119 4604 1157 4647 ex
1172 4593 1307 4646 tractatu
1321 4585 1361 4647 de
1372 4584 1508 4666 Splraera,
1526 4586 1717 4669 pleniusque

167 4707 208 4750 ne
230 4686 271 4748 ad
295 4681 468 4763 imaginem
490 4680 616 4743 Domini
641 4682 835 4763 apparentis,
854 4682 917 4745 iiiii
972 4684 1106 4767 probavi
1121 4703 1217 4765 super
1232 4684 1311 4746 illud
1328 4683 1615 4767 inPsalmo,Super
1630 4706 1718 4752 mon·
1730 4722 1853 4775 mm,

167 4784 263 4849 lsrael
281 4782 457 4845 formarent
472 4778 535 4842 sibi
550 4780 698 4861 sculptile
708 4780 837 4862 aliquod
851 4782 918 4845 sive
973 4792 1020 4846 tes
1035 4784 1166 4845 stabunt
1179 4802 1281 4864 aquea.

167 4882 348 4957 conflatile,
365 4879 475 4960 sicque
490 4878 691 4941 addiscerent
707 4878 916 4957 idolacolerc,
1015 4885 1063 4943 Nc
1086 4883 1182 4959 sorte,
1207 4881 1267 4944 hoc
1292 4890 1350 4957 est,
1377 4881 1473 4944 etiam
1498 4882 1571 4945 ideo
1595 4885 1716 4948 nullam

169 4991 266 5067 prout
286 4980 384 5064 paulo
409 4984 481 5059 post
500 4976 532 5037 in
556 4984 642 5039 textu
662 4977 859 5059 exprimitur.
877 4982 919 5041 m
975 4980 1109 5044 lormam
1125 4979 1180 5042 Dei
1195 4980 1332 5056 vidistis,
1351 4998 1392 5042 ne
1407 4979 1490 5043 iortc
1503 4985 1604 5042 acatis
1617 4987 1720 5046 eteva-

169 5084 310 5145 ostendt't
321 5080 408 5139 cobis
418 5086 553 5154 pactum
563 5096 670 5147 suum,
683 5076 743 5139 hoc
754 5086 802 5139 ost
817 5078 920 5158 legem
976 5082 1016 5140 tis
1030 5082 1075 5139 cd
1084 5082 1210 5149 catam,
1220 5079 1435 5139 videassotem
1451 5078 1484 5139 in
1493 5079 1555 5156 die,
1564 5091 1595 5141 et
1606 5085 1720 5143 lunam

170 5202 228 5246 seu
245 5180 352 5243 ioedus
367 5176 452 5257 quod
473 5174 546 5237 iniit
564 5174 742 5253 vobiscum,
759 5184 795 5237 ut
809 5177 920 5240 essetis
973 5187 1003 5238 et
1017 5178 1129 5237 amaia
1148 5185 1237 5236 astra
1256 5176 1329 5235 corti
1343 5195 1354 5233 .·
1371 5193 1435 5238 non
1459 5179 1545 5257 quod
1570 5178 1720 5242 universa

170 5284 211 5346 de
236 5288 343 5343 cetero
368 5274 540 5357 peculiaris
564 5274 703 5356 populus
727 5274 807 5355 ejus.
831 5279 921 5345 Quod
975 5276 1079 5339 sidera
1093 5281 1169 5335 sunt
1187 5272 1408 5356 perceptibilia
1429 5274 1513 5352 visu,
1530 5277 1586 5339 sed
1611 5278 1718 5341 distri-
