4309 6259
731 493 904 552 manabile
925 507 956 552 IN
977 507 1045 553 CAP.
1069 509 1142 554 xxiv
1163 510 1397 557 ubmunonouu.
1419 531 1460 541 -
1479 512 1551 557 ΛΒΤ.
1574 512 1658 558 xxvu

933 929 1257 1016 ARTICULUS
1296 933 1461 1015 XXVII

524 1205 701 1252 utvutbarto
722 1205 895 1252 tl't'rffltutts
917 1203 1054 1250 carleuil
1076 1204 1206 1249 vict-:stin
1227 1205 1338 1258 ovanti
1360 1206 1367 1248 ἰ
1392 1207 1420 1251 Sl
1440 1207 1605 1252 accuretur
1626 1208 1708 1253 nollo
1728 1209 1863 1254 uxonffl.

485 1484 692 1547 APITULUM
707 1503 846 1567 praesens
862 1482 1110 1563 docet,qualiter
1120 1481 1169 1546 vir
1183 1480 1209 1541 A
1224 1483 1392 1563 repudiare
1412 1503 1542 1548 uxorem
1560 1504 1567 1549 :
1585 1494 1616 1550 et
1638 1487 1710 1549 talis
1732 1507 1819 1564 usus,
1836 1487 1888 1549 vel
1912 1508 1968 1570 po

496 1583 612 1645 babere
631 1602 665 1644 sc
686 1583 797 1645 debeat
814 1583 852 1644 ad
876 1583 1042 1665 conjugem
1065 1599 1166 1656 suam,
1224 1581 1288 1642 tius
1303 1583 1502 1663 perniciosus
1516 1585 1645 1662 abusus,
1662 1585 1810 1667 usquein
1827 1605 1968 1666 presens

423 1681 566 1762 aliasque
577 1700 740 1763 personas.
760 1684 798 1742 St
813 1684 970 1760 acceperit
986 1683 1076 1740 torreo
1093 1700 1170 1738 ouo·
1225 1679 1308 1743 inter
1323 1700 1377 1744 eos
1393 1682 1536 1745 inolevit.
1550 1683 1619 1746 Haec
1639 1683 1738 1746 Rabbi
1752 1684 1879 1747 Paulus.
1889 1685 1968 1748 lluic

424 1802 504 1849 rem,
519 1791 549 1841 et
563 1783 711 1842 ltabuert't
726 1803 797 1841 eoru
813 1782 851 1843 ad
864 1799 956 1842 usum
967 1778 1122 1860 conjugii,
1139 1789 1169 1837 et
1224 1788 1329 1841 autem
1352 1781 1436 1843 dicto
1456 1781 1555 1844 ltabhi
1578 1782 1666 1844 Pauli
1686 1783 1815 1846 obviare
1828 1783 1965 1861 videtur,

424 1900 489 1940 reon
504 1882 666 1941 invenerit
682 1881 796 1942 mulier
808 1883 954 1957 praciam
970 1890 1044 1940 aute
1064 1883 1169 1938 oeulos
1224 1879 1310 1958 quod
1321 1880 1433 1941 asserit
1445 1880 1638 1959 Augustinus
1648 1889 1679 1944 et
1690 1881 1823 1944 babetur
1838 1882 1871 1942 in
1882 1881 1969 1945 Glos-

422 1980 505 2056 ejus,
528 1979 676 2043 videlicet
698 1979 770 2056 viri,
795 1979 838 2041 ita
860 1980 945 2061 quod
969 1977 1170 2060 displicuerit
1225 1995 1259 2038 sa
1277 1994 1284 2038 :
1302 1978 1334 2039 ln
1354 1977 1423 2059 lege
1438 1978 1545 2042 multae
1562 1988 1652 2042 crant
1667 1999 1768 2042 causae
1783 1980 1967 2043 dimittendi

425 2077 493 2140 viro
508 2077 710 2159 displicentia
726 2085 823 2154 tanta,
842 2097 912 2158 quae
927 2077 1035 2140 odium
1053 2075 1166 2158 pariat,
1224 2094 1365 2138 uxorem.
1382 2077 1526 2139 Christus
1541 2078 1639 2142 solam
1654 2078 1901 2142 fornicationem
1918 2100 1969 2142 ex-

424 2193 460 2236 ac
480 2184 622 2237 mutuam
646 2175 799 2257 impediat
818 2176 1094 2238 conversationem
1117 2193 1169 2255 pa·
1224 2174 1319 2255 cepit,
1337 2175 1369 2236 id
1385 2184 1443 2251 est,
1456 2186 1586 2258 propter
1601 2177 1700 2240 solam
1722 2176 1966 2240 fornicationem

423 2273 562 2350 cilicem,
579 2285 711 2352 propter
726 2277 872 2354 ctr'qrtam
895 2277 1074 2352 faeditatem
1091 2273 1169 2334 ersi·
1225 2272 1392 2354 repudium
1409 2273 1505 2336 licere
1521 2275 1702 2355 perbibuit;
1720 2283 1839 2338 ceteras
1854 2295 1968 2338 causas

424 2381 559 2434 stentem
576 2372 833 2435 inmuliere.Pcr
849 2372 1023 2436 foeditatem
1037 2373 1166 2454 quidam
1220 2373 1317 2452 iussit
1332 2391 1390 2453 pro
1411 2372 1476 2435 fide
1496 2382 1527 2435 et
1548 2373 1692 2436 castitate
1712 2374 1854 2455 conjugii
1875 2375 1969 2437 susti-

424 2469 606 2549 intelligunt
621 2469 1167 2547 deformitatem,monstruositatem
1224 2470 1304 2532 ueri.
1331 2471 1462 2552 insuper
1487 2473 1641 2554 scriptum
1667 2481 1714 2534 est
1744 2472 1777 2533 in
1802 2472 1966 2548 Malachia,

423 2577 478 2630 aut
494 2568 725 2646 infirmitatem,
739 2588 810 2650 qua
827 2577 901 2632 suut
916 2570 1097 2651 corporales
1114 2570 1169 2631 ioe-
1222 2566 1323 2641 Quum
1344 2569 1416 2631 odio
1433 2569 1593 2647 habueris
1613 2570 1740 2632 dimitte
1755 2589 1835 2633 eam.
1858 2571 1967 2652 Aliqui
1989 2589 2102 2635 uernat.

423 2667 548 2742 dilates
567 2667 616 2730 vel
633 2667 727 2728 etiam
745 2667 920 2731 foeditatem
938 2669 1105 2743 inanima,
1123 2662 1205 2730 ιιι-Β
1222 2686 1351 2748 quoque
1375 2667 1569 2749 expositores
1595 2668 1647 2731 bic
1671 2668 1791 2745 dicunt,
1818 2670 1906 2750 quod
1933 2670 1968 2730 in
1984 2653 2016 2695 ¹¹⁵·

424 2775 497 2847 pote
513 2765 744 2828 tortuositatem
760 2766 793 2828 in
815 2767 968 2844 moribus,
991 2768 1169 2830 melancbo-
1223 2765 1323 2828 veteri
1339 2765 1409 2846 lege
1429 2766 1535 2847 plures
1556 2774 1646 2828 erant
1665 2785 1768 2829 causta
1782 2767 1970 2829 dimittendi

424 2863 540 2927 liamve
564 2864 689 2946 capitis.
708 2867 831 2926 Scribat
856 2867 1000 2926 libellum
1023 2869 1166 2943 repudii.
1224 2881 1365 2925 uxorem.
1383 2864 1528 2945 Denique
1547 2864 1682 2928 Thomas
1702 2884 1797 2946 super
1818 2875 1969 2946 quartum

423 2963 535 3024 Mirum
547 2963 574 3024 si
585 2982 642 3044 pro
653 2982 854 3044 quacumque
865 2962 1009 3026 foeditate
1021 2973 1170 3046 praetacta
1224 2961 1458 3023 Scntcntiarum
1479 2970 1610 3024 testatur
1628 2981 1635 3024 :
1655 2963 1798 3026 Proxima
1813 2983 1909 3026 causa
1925 2985 1972 3027 re

424 3061 606 3144 permiserit
623 3061 754 3144 Moyses,
773 3061 837 3125 imo
853 3062 934 3124 fleus
957 3081 1014 3144 per
1029 3062 1166 3145 Moysen,
1224 3060 1314 3142 pudii
1333 3060 1395 3122 luit
1413 3060 1544 3123 evitatio
1560 3061 1748 3136 uxoricidii;
1770 3063 1826 3124 sed
1847 3072 1974 3127 remota

425 3158 498 3221 ficri
517 3159 703 3222 divortium.
726 3160 805 3222 Hinc
825 3159 955 3240 quidam
972 3180 1029 3242 por
1045 3160 1169 3223 foedita-
1223 3177 1318 3221 causa
1334 3158 1396 3221 fuit
1410 3160 1576 3237 odium,ex
1592 3179 1656 3241 quo
1668 3160 1877 3223 uxoricidium
1888 3162 1973 3224 solet

424 3265 487 3320 tem
508 3257 691 3336 intelligunt
711 3258 750 3320 dc
770 3256 913 3320 foedilate
933 3259 1068 3321 multum
1086 3269 1170 3322 nota·
1223 3257 1440 3320 causari'falc
1454 3267 1558 3321 autem
1576 3259 1683 3321 odium
1700 3266 1822 3341 poterat
1837 3277 1901 3321 non
1918 3279 1975 3322 na-

424 3354 482 3417 bili
507 3355 746 3436 supervenienti
776 3355 837 3436 ipsi
858 3357 1019 3439 conjugio,
1042 3367 1074 3420 et
1100 3378 1169 3439 quaa
1224 3355 1268 3418 sci
1285 3355 1388 3418 solum
1407 3376 1444 3418 ex
1461 3356 1603 3419 foeditate
1620 3376 1676 3419 seu
1695 3357 1891 3439 turpitudine
1907 3357 1975 3420 for-

423 3453 543 3516 bonum
568 3452 668 3534 prolis
694 3452 783 3515 tollat
808 3453 875 3516 sive
901 3454 1064 3536 impediat,
1088 3456 1170 3518 sicut
1224 3453 1404 3517 nicationis.
1422 3455 1647 3518 Verumtamen
1671 3455 1824 3518 Dominus
1848 3465 1881 3518 et
1903 3457 1974 3518 Sal-

424 3551 585 3628 sterilitaS,
598 3551 696 3632 lepra,
711 3551 840 3614 morbus
856 3554 993 3616 caducus
1011 3554 1043 3615 in
1061 3574 1170 3637 corpo
1223 3561 1313 3615 vator
1323 3553 1554 3635 edocuit,quod
1566 3553 1655 3615 nulla
1664 3573 1828 3616 causarum
1840 3553 1973 3617 illarum

424 3669 468 3726 re,
490 3649 540 3712 vel
563 3649 749 3712 seandalosa
771 3650 1019 3732 immorigcratio
1041 3653 1166 3730 animae,
1224 3660 1291 3714 erat
1305 3653 1392 3734 justa
1408 3661 1438 3715 et
1461 3651 1660 3715 rationabilis
1681 3653 1720 3715 ad
1742 3653 1971 3716 dimittendum

425 3749 468 3812 ita
487 3750 572 3831 quod
594 3768 631 3812 ex
651 3768 687 3811 ea
708 3748 769 3810 lilii
790 3759 1009 3814 assuescerent
1029 3753 1132 3814 malis.
1224 3769 1365 3826 uxorem,
1383 3749 1445 3812 nisi
1467 3748 1648 3827 fornicatio,
1665 3751 1697 3812 id
1712 3757 1760 3813 est
1775 3751 1971 3814 adulterium

464 3849 569 3925 Porro,
587 3848 620 3909 in
636 3847 767 3910 Hebraeo
781 3867 838 3929 pro
854 3849 1006 3913 Foeditato
1022 3851 1167 3928 habetur,
1184 3847 1206 3910 C
1223 3849 1370 3929 conjugis
1381 3872 1389 3922 ;
1401 3849 1471 3912 aliea
1487 3857 1591 3910 autem
1608 3848 1885 3931 permittebantur.
1897 3850 1973 3912 Am-

425 3946 500 4008 llem
526 3954 661 4028 turpem,
687 3965 742 4008 seu
769 3946 1011 4028 turpitudinem,
1035 3959 1067 4012 ot
1092 3951 1169 4012 satis
1225 3945 1320 4028 plius,
1348 3956 1478 4028 propter
1502 3946 1693 4009 adulterium
1723 3945 1829 4009 lucrat
1852 3948 1973 4011 mulier

425 4045 506 4107 redit
522 4045 554 4106 in
576 4045 670 4107 idem.
683 4045 829 4106 Attamen
846 4045 946 4107 [labbi
961 4046 1075 4109 Paulus
1092 4049 1169 4112 dicit
1223 4045 1399 4106 secundum
1425 4045 1527 4126 legem
1551 4045 1732 4128 lapidanda,
1759 4047 1813 4107 sed
1838 4055 1973 4128 propter

424 4145 484 4206 boe
500 4144 569 4206 loeo
585 4143 707 4219 baberi,
717 4143 971 4224 Turpitudincm,
984 4146 1043 4207 sub
1059 4149 1168 4211 eadem
1225 4141 1401 4206 foeditatem
1417 4151 1470 4205 aut
1492 4143 1736 4225 turpitudinem,
1749 4144 1788 4206 dc
1803 4163 1866 4224 qua
1882 4164 1973 4207 nunc

425 4240 673 4322 significatione,
691 4261 754 4322 qua
777 4249 808 4303 et
830 4241 863 4302 in
880 4243 1029 4322 levitice,
1049 4246 1104 4307 ubi
1129 4249 1169 4310 de
1225 4241 1365 4323 loquitur
1382 4249 1485 4303 letius
1500 4241 1571 4316 isle,
1590 4258 1653 4303 ¹10ss
1671 4240 1887 4322 lapidabatur?
1903 4242 1973 4306 i¹1¹0

352 4366 409 4404 ratu,
424 4339 614 4404 incestuosis
630 4348 660 4402 at
680 4338 866 4401 adulterinis
886 4341 1022 4404 coitibus
1038 4344 1142 4422 agitur
1159 4364 1166 4408 :
1224 4338 1467 4422 permittebatur
1482 4340 1581 4415 abire,
1604 4347 1635 4401 ot
1654 4339 1752 4401 alium
1768 4340 1871 4402 virum
1887 4341 1973 4404 aocl-

424 4457 541 4521 exque
560 4445 656 4519 patet,
676 4437 760 4517 quod
777 4436 975 4501 nullomodo
992 4439 1107 4503 licebat
1123 4462 1170 4505 re·
1224 4457 1299 4520 pere
1317 4455 1324 4499 :
1347 4438 1466 4501 idcirco
1483 4440 1523 4500 dc
1542 4438 1598 4500 illa
1620 4437 1819 4520 turpitudine
1835 4457 1898 4501 uon
1922 4449 1972 4502 cst

424 4539 556 4621 pudiare
576 4555 717 4612 uxorem,
741 4535 803 4598 nisi
828 4545 958 4618 propter
983 4539 1168 4620 hujusmodi
1223 4535 1275 4598 bic
1301 4535 1431 4613 mentio,
1455 4537 1509 4599 sad
1532 4537 1571 4599 de
1596 4535 1669 4613 alia,
1693 4555 1764 4618 qua
1785 4536 1880 4598 etiam
1902 4556 1971 4601 uon

424 4634 745 4717 turpitudinemque
760 4632 1004 4697 fornicationem
1022 4636 1165 4699 includit.
1223 4634 1360 4696 reddidit
1375 4634 1542 4697 mulierem
1560 4634 1734 4698 inhabilem
1749 4635 1789 4697 ad
1803 4634 1891 4697 aliud
1902 4655 1972 4698 ma-

424 4733 600 4796 Talmudici
621 4751 706 4808 vcro,
724 4731 758 4794 id
778 4740 825 4794 est
848 4733 946 4795 ludaei
973 4735 1028 4814 qui
1049 4734 1167 4798 librum
1223 4733 1409 4795 trimonium
1424 4733 1688 4795 contrahendum.

423 4831 556 4894 Talmud
573 4830 752 4912 suscipiunt
767 4849 803 4892 ac
816 4839 1003 4911 sequuntur,
1020 4833 1077 4914 qui
1094 4835 1168 4915 pha·
1261 4832 1369 4912 ltaque
1383 4830 1433 4894 vir
1449 4830 1566 4893 scribet
1586 4830 1731 4893 libellum
1752 4830 1888 4913 repudii,
1904 4831 1970 4896 boc

424 4930 569 4993 risaicam
595 4929 771 4992 doctrinam
798 4936 964 5005 sectantes,
985 4930 1168 5011 frequenter
1221 4938 1279 5006 est,
1299 4930 1330 4990 in
1352 4929 1538 4992 membrana
1557 4929 1735 5012 descripsit,
1752 4937 1807 4992 aut
1827 4930 1968 4993 describi

423 5029 590 5091 irritabant
601 5028 749 5089 mandata
760 5026 963 5108 Dci,propter
981 5030 1166 5093 traditiones
1181 5037 1205 5097 D
1222 5029 1296 5092 fecit
1317 5029 1403 5109 quod
1424 5049 1493 5092 eam
1518 5030 1702 5107 dimitteret,
1719 5040 1749 5090 et
1762 5033 1852 5090 dabit
1877 5030 1969 5094 libel-

423 5147 506 5204 sum,
534 5135 568 5189 ut
592 5127 637 5188 ait
661 5126 802 5188 Christus
828 5145 885 5207 per
913 5127 1103 5205 Matthaeum,
1132 5131 1164 5192 in
1220 5127 1286 5189 lum
1302 5128 1393 5189 illum
1409 5131 1792 5211 inmanuittius,utpote
1808 5129 1965 5207 mulieris,

422 5235 544 5289 tantum
569 5225 778 5290 deviaverunt
802 5245 820 5287 a
843 5225 975 5288 veritate
1000 5225 1060 5289 hoc
1082 5227 1162 5306 loco,
1217 5237 1247 5288 et
1261 5228 1403 5288 clr'rnittet
1417 5231 1537 5288 eamde
1550 5231 1642 5288 domo
1657 5249 1727 5289 sua.
1741 5228 1967 5292 Vemmtamen

421 5327 506 5407 quod
526 5325 675 5388 dixerunt
693 5323 798 5386 virum
819 5341 876 5405 pro
892 5343 948 5388 suo
965 5324 1055 5388 libito
1071 5344 1164 5408 posse
1219 5344 1325 5388 coram
1343 5326 1506 5388 sacerdote
1525 5326 1592 5390 bac
1611 5324 1796 5406 agebantur.
1813 5326 1903 5389 Unde
1926 5329 1967 5389 de
