4309 6259
445 472 504 537 7⁰0

862 498 1039 545 calmonte
1061 499 1093 545 nt
1114 498 1364 547 cannamomum.
1386 520 1427 531 ·-
1447 502 1517 547 ΛΒΤ.
1541 504 1571 548 lv

445 665 591 741 ne‚oeuli
607 666 654 728 tui
671 666 847 748 respiciunt
862 665 1192 733 lidem.Revereamur
1206 670 1232 733 A
1247 670 1349 735 tiam-2
1363 672 1417 735 sed
1429 681 1461 736 ot
1477 672 1693 737 ministremus
1709 675 1737 737 ai
1756 694 1818 737 non
1831 674 1992 754 negligen-

447 763 578 846 insupar
594 784 666 827 eum
683 766 906 848 circumspecti
923 776 954 829 et
974 768 1071 846 anxii,
1092 788 1131 831 ne
1147 769 1192 832 oi-

447 863 615 927 lendamus
639 864 695 927 Dei
720 884 756 927 ae
779 865 898 947 judicis
928 867 1028 930 nostri
1054 886 1192 949 presen—

1248 778 1305 844 ter,
1324 790 1363 833 ne
1379 772 1615 849 maledicamur,
1633 774 1687 835 sed
1706 782 1738 835 ut
1753 775 1848 836 Josuc
1870 782 1990 847 monet,

1247 868 1341 931 eorde
1362 869 1504 951 perlecto
1519 880 1614 953 atque
1630 871 1808 935 verissimo.

2008 893 2070 933 letae
2077 906 2115 933 ιιιι

2005 959 2033 997 ll.

1006 1300 1332 1387 auritulus
1368 1303 1424 1387 Ill

456 1572 495 1618 DE
516 1573 686 1619 anacetus
707 1574 967 1620 ctantltontnttsstts
990 1573 1115 1618 varanis
1137 1572 1232 1633 LEGIS,
1250 1574 1286 1618 ΕΤ
1307 1575 1344 1621 br:
1366 1575 1546 1623 nnrtott'utus
1568 1578 1797 1624 sncnu'tctoauta
1820 1579 1980 1624 acontium

519 1857 689 1916 MBRAM
709 1857 828 1915 habens
852 1860 903 1915 tea
927 1856 1118 1931 futurorum
1144 1857 1193 1914 bo·
1212 1854 1303 1918 Bsed
1326 1856 1492 1937 promissa,
1510 1864 1545 1919 ut
1560 1856 1600 1919 ad
1618 1857 1763 1921 Hebraeos
1779 1856 1894 1939 probat
1915 1858 1991 1939 Apo

528 1974 656 2025 norum,
673 1974 738 2015 non
757 1956 861 2031 ipsam
878 1956 1055 2031 imaginem
1070 1974 1191 2025 rerum,

448 2072 617 2131 nunquam
629 2063 729 2131 potest
750 2056 929 2113 accedentes
939 2054 1096 2130 perfectos
1111 2055 1193 2131 saec-

447 2172 492 2212 rc.
509 2150 603 2213 Hebe.
620 2172 650 2229 x,
669 2153 697 2213 l.

488 2248 575 2312 Siout
590 2259 751 2313 ostensum
768 2260 826 2326 est,
839 2250 1065 2314 cerimonialia
1081 2269 1194 2332 prece·

448 2357 502 2431 pta
517 2349 705 2412 ordinantur
721 2350 760 2411 ad
776 2348 898 2411 cultum
913 2349 1071 2412 divinum.
1084 2348 1193 2411 Cultus

448 2456 553 2510 autem
573 2447 625 2509 llei
642 2456 691 2509 est
706 2447 833 2529 duplex,
851 2446 1000 2511 videlicet
1016 2447 1147 2510 interior
1163 2455 1194 2509 et

448 2545 595 2607 exterior.
608 2545 646 2607 Et
661 2546 744 2607 sieut
758 2564 873 2627 corpus
893 2546 1058 2610 ordinatur
1073 2547 1113 2609 ad
1129 2546 1194 2609 ani-

420 2706 423 2713 ,
449 2662 546 2720 mam,
563 2652 594 2706 et
611 2662 667 2726 per
682 2663 751 2707 eam
771 2645 811 2707 ad
829 2644 938 2721 lleum,
956 2644 1002 2707 sie
1017 2644 1122 2707 cultus
1139 2644 1193 2707 Dei

449 2742 586 2805 exterior
600 2742 639 2804 ad
656 2742 840 2806 interiorem
856 2743 978 2805 cultum
994 2742 1141 2819 retertur,
1160 2743 1192 2805 in

449 2848 604 2924 quantum
626 2840 769 2923 disponit
790 2842 829 2904 ad
853 2840 969 2923 ipsum.
986 2840 1096 2903 Cultus
1119 2861 1194 2905 vero

450 2939 593 3016 interior,
612 2939 645 3001 in
669 2938 788 3001 unione
809 2938 926 3002 mentis
950 2940 989 3001 ad
1012 2939 1112 3001 lleum
1137 2959 1194 3021 par

1249 1954 1357 2018 stolus.

1287 2052 1520 2116 Caerimonialia
1535 2072 1610 2117 vcro
1629 2054 1745 2117 veteris
1767 2054 1857 2134 legis,
1877 2052 1993 2135 ligura-

1248 2151 1313 2214 tiva
1330 2150 1461 2214 luerunt
1476 2170 1540 2214 non
1556 2152 1659 2215 solum
1675 2152 1818 2216 veritatis
1836 2153 1870 2213 in
1892 2152 1993 2233 patria

1249 2248 1502 2327 manifestanda,
1519 2251 1573 2313 sed
1590 2250 1685 2313 etiarn
1702 2251 1818 2315 Christi
1835 2270 1873 2313 ae
1888 2250 1992 2312 cultus

1250 2366 1339 2411 novae
1356 2348 1445 2430 legia,
1464 2368 1520 2432 per
1534 2368 1630 2431 quem
1646 2350 1685 2413 ad
1701 2348 1933 2413 beatitudinem
1945 2348 1992 2429 (in

1248 2464 1310 2527 qua
1334 2447 1438 2527 ligura
1461 2467 1524 2511 non
1546 2456 1605 2525 est,
1624 2467 1728 2530 nequo
1743 2448 1894 2527 aenigma)
1909 2448 1994 2509 veni-

1249 2554 1309 2607 tur.
1331 2546 1441 2609 Cultus
1456 2566 1531 2610 vero
1552 2547 1777 2611 cerimonialis
1799 2556 1896 2628 atque
1911 2554 1994 2609 exte»

1248 2644 1313 2707 rior
1329 2663 1419 2707 novat
1430 2645 1584 2725 legia,non
1597 2654 1644 2708 est
1656 2645 1845 2725 figurativus
1857 2646 1916 2709 vie
1928 2664 1995 2726 per-

1249 2742 1398 2806 veniendi
1415 2744 1454 2805 ad
1470 2742 1677 2824 patriam,sed
1688 2743 1830 2805 veritatis
1847 2743 1880 2805 in
1892 2742 1994 2824 patria

1249 2860 1305 2923 per
1327 2841 1465 2923 speeiem
1481 2843 1679 2920 contuendae,
1701 2842 1741 2905 do
1758 2861 1821 2923 qua
1836 2840 1933 2903 isaias
1948 2842 1995 2902 di-

1243 2939 1434 3004 .xit:Oculus
1451 2958 1514 3003 nen
1531 2940 1622 3017 vidit,
1633 2942 1724 3017 Deus,
1736 2940 1858 3020 absque
1871 2948 1912 3014 te,
1923 2958 1994 3020 quaa
2018 2965 2119 3009 aaran.

450 3037 647 3101 intellcctum
670 3047 702 3101 et
724 3027 879 3100 allectum
901 3037 1058 3101 consistit.
1075 3038 1194 3101 ldcireo
1210 3039 1231 3103 C
1249 3038 1434 3122 preparasti
1459 3038 1717 3120 exspectantibus
1742 3047 1782 3101 ta.
1801 3038 1838 3099 Et
1863 3038 1993 3100 Psalmi-

450 3137 625 3199 sccundum
645 3137 731 3217 quod
754 3154 845 3199 mens
868 3136 1031 3199 rationalis
1054 3137 1117 3199 lleo
1137 3156 1195 3218 per

451 3234 648 3298 intellectum
671 3244 703 3297 et
723 3234 876 3298 allectum
897 3234 1111 3298 diversimode
1125 3235 1196 3316 jun·

449 3335 545 3413 gitur,
560 3334 736 3395 secundum
752 3334 812 3396 boe
827 3333 961 3397 exterior
974 3334 1079 3397 cultus
1095 3334 1197 3396 diver-

450 3430 607 3494 sificatur.
620 3430 777 3504 Quoniam
793 3450 865 3513 erge
876 3433 908 3495 in
926 3432 1027 3515 patria
1045 3433 1124 3495 Deus
1141 3452 1197 3514 per

316 3548 323 3591 ι
336 3548 386 3592 cor.
393 3562 435 3599 ιιι,
450 3529 703 3611 speeiem,elare‚
712 3539 744 3593 et
758 3530 879 3612 absque
889 3530 1047 3595 velamine
1061 3550 1080 3592 a
1095 3530 1197 3593 Beatis

305 3616 337 3655 ¹²·
450 3627 657 3711 conspicitur,
676 3628 747 3692 ideo
762 3629 865 3691 cultus
880 3629 1044 3692 Beatorum
1060 3628 1197 3693 exterior

451 3744 514 3789 non
535 3735 583 3789 est
599 3726 800 3808 figurativus,
818 3727 923 3789 sedin
942 3728 1034 3790 laude
1054 3728 1107 3791 [lei
1123 3747 1198 3792 eon-

452 3824 547 3902 sistit,
565 3846 637 3907 que
656 3844 693 3888 ex
713 3825 858 3889 interiori
874 3826 1058 3907 cognitione
1072 3835 1104 3890 et
1119 3826 1198 3889 alle-

451 3925 557 3989 ctione
580 3926 733 4008 procedit,
751 3926 1017 4008 quemadmodum
1035 3926 1130 3988 isaias
1154 3925 1199 3987 la-

452 4033 560 4087 tetur:
582 4024 739 4087 Gaudium
765 4033 796 4088 et
822 4024 932 4088 laetitia
956 4025 1138 4089 invenietur
1163 4025 1196 4086 in

450 4144 498 4200 oa,
517 4124 689 4204 gratiarum
712 4123 794 4186 actio
817 4132 848 4186 et
864 4142 923 4187 vox
947 4123 1060 4186 landis.
1078 4124 1112 4186 ln
1133 4124 1198 4185 vita

1250 3146 1297 3199 sta
1319 3158 1325 3201 :
1344 3137 1377 3199 ln
1403 3136 1523 3199 lumine
1545 3144 1599 3200 tuo
1620 3136 1799 3199 videbimus
1822 3136 1942 3199 lumen.
1960 3138 1991 3199 ln
2023 3158 2111 3198 nau
2134 3138 2135 3147 ’

1250 3235 1371 3299 lumine
1393 3235 1479 3299 enim
1500 3244 1606 3299 creato
1628 3244 1766 3300 mentem
1783 3244 1991 3317 praeparante,
2009 3223 2037 3261 ¹⁰·

1250 3335 1334 3415 quod
1351 3342 1399 3397 est
1415 3335 1522 3397 lumen
1545 3334 1664 3415 glorie,
1683 3333 1862 3399 videbimus
1886 3334 1994 3397 lumen

1250 3432 1530 3513 increatum,quod
1541 3441 1589 3495 est
1605 3432 1711 3495 lumen
1729 3433 1995 3513 superessentiale

1250 3530 1366 3594 divina
1381 3531 1537 3593 essentiae.
1556 3531 1644 3594 Sicut
1659 3531 1745 3593 enim
1769 3540 1848 3593 teste
1864 3530 1996 3613 Aposto

1251 3630 1293 3707 lo,
1304 3639 1396 3693 vetus
1407 3630 1457 3692 lex
1473 3629 1635 3709 figuraest
1652 3648 1741 3693 nove
1752 3629 1842 3709 legis,
1853 3628 1996 3710 itajuxta

1250 3729 1434 3811 Dionysium
1459 3728 1551 3791 tertio
1570 3728 1714 3793 Coelestis
1737 3728 1925 3791 hierarchiae
1947 3748 1996 3791 ca-

1250 3828 1365 3911 pitulo,
1384 3835 1483 3889 status
1505 3844 1594 3891 novae
1611 3826 1689 3908 legis
1705 3836 1753 3889 est
1769 3826 1872 3907 ligura
1895 3835 1995 3890 status

1250 3926 1370 4007 glorias,
1388 3934 1419 3989 et
1443 3933 1490 3988 est
1512 3926 1604 4008 quasi
1626 3925 1750 3988 medius
1773 3924 1855 3987 inter
1878 3934 1995 3988 statum

1251 4024 1369 4087 vetoris
1396 4024 1474 4103 legis
1500 4032 1530 4087 et
1556 4024 1676 4107 patriae.
1703 4024 1871 4106 Propterea
1896 4043 1994 4105 quum

1253 4122 1344 4204 signa
1367 4122 1515 4204 figuralia
1539 4123 1619 4203 legis
1642 4122 1781 4203 antique
1803 4122 1868 4183 sint
1883 4122 1996 4185 obscu-

450 4230 555 4284 autcm
580 4222 728 4303 praesenti
751 4222 894 4284 divinam
918 4221 1085 4285 veritatem
1108 4222 1141 4283 in
1165 4241 1197 4283 se
1213 4225 1237 4285 D
1253 4222 1336 4285 riora
1367 4221 1480 4301 liguris
1508 4220 1588 4301 legis
1611 4219 1731 4301 gratias,
1756 4220 1834 4283 dixit
1864 4222 1996 4302 Aposto

452 4320 521 4403 ipsa
536 4320 644 4383 videre
666 4338 730 4383 ron
751 4339 931 4402 possumus,
949 4321 1004 4383 sed
1028 4339 1198 4403 represen-

452 4428 535 4482 tatur
547 4418 641 4482 nobis
657 4420 715 4481 sub
732 4418 940 4483 sensibilibus
956 4418 1067 4481 lormis
1085 4428 1147 4481 tam
1165 4420 1197 4480 in

452 4516 550 4580 veteri
571 4536 667 4597 quam
690 4516 722 4580 in
746 4535 829 4582 novo
852 4518 1062 4580 Testamenta.
1082 4518 1142 4580 Sed
1165 4518 1197 4580 in

455 4635 537 4680 novo
552 4616 753 4679 Testamento
769 4616 931 4698 propalata
948 4625 996 4678 est
1011 4615 1064 4678 via
1079 4616 1199 4698 pertin-

454 4714 549 4795 gendi
571 4716 610 4777 ad
626 4714 744 4777 claram
767 4723 862 4795 atque
881 4714 1064 4777 beatificam
1082 4714 1198 4778 divinae

452 4812 597 4875 veritatis
617 4813 775 4889 notitiam,
792 4813 917 4876 Christo
938 4813 1004 4894 jam
1030 4820 1116 4889 nato,
1143 4812 1198 4894 qui

311 4925 436 4978 renam,
452 4912 492 4974 de
508 4930 542 4973 se
557 4911 627 4994 ipso
644 4918 776 4974 testatur
794 4930 801 4973 :
820 4911 885 4991 Ego
901 4931 971 4973 sum
989 4912 1051 4984 via,
1070 4911 1197 4987 veritas,

453 5018 484 5071 et
499 5009 680 5072 vita.Namo
691 5010 779 5073 venit
794 5010 833 5072 ad
849 5011 981 5086 Patrem,
991 5009 1052 5072 nisi
1067 5029 1124 5092 per
1139 5030 1196 5071 ma

318 5123 437 5173 tuaac.
455 5108 491 5170 Et
507 5109 621 5171 iterum
640 5126 647 5169 :
665 5108 741 5189 Ege,
760 5109 876 5190 inquit,
893 5108 1010 5172 ostium
1027 5128 1118 5185 sum3
1144 5128 1200 5190 per

456 5226 508 5271 me
532 5207 559 5269 si
583 5206 656 5289 quis
682 5207 852 5286 introierit,
876 5208 1061 5271 salvabitur.
1080 5208 1140 5271 Sed
1166 5207 1198 5269 in

304 5320 437 5372 aenas.
452 5305 552 5369 veteri
569 5306 638 5387 lege
653 5305 721 5369 luae
736 5305 788 5369 via
804 5308 967 5390 propalata
983 5325 1048 5370 nou
1064 5304 1196 5382 exstitit,

1253 4321 1320 4382 lus:
1334 4321 1484 4383 Umbram
1501 4319 1622 4382 babens
1638 4319 1687 4381 lex
1705 4318 1882 4382 futurorum
1900 4318 1996 4381 bono
2014 4340 2118 4384 mnan

1253 4438 1334 4495 rum,
1353 4437 1417 4482 non
1439 4418 1540 4500 ipsam
1558 4417 1727 4497 imaginem
1745 4436 1861 4479 rerum.
1879 4416 1995 4479 Umbra

1253 4536 1391 4599 namque
1416 4517 1582 4580 obscurior
1607 4524 1655 4579 cst
1685 4515 1832 4595 imagine.
1857 4515 1896 4577 Et
1925 4516 1995 4579 idco

1253 4616 1367 4679 umbra
1391 4624 1513 4697 spectat
1537 4616 1576 4677 ad
1600 4622 1737 4677 veterem
1758 4615 1869 4695 legem,
1893 4614 1996 4695 imago

1252 4716 1291 4778 ad
1318 4733 1443 4777 novam.
1461 4714 1499 4776 Et
1523 4715 1563 4776 ad
1587 4713 1788 4777 colossenses
1813 4712 1882 4775 ait:
1901 4714 1996 4776 Nemo
2021 4736 2117 4778 carnal.

1254 4832 1309 4877 vos
1325 4812 1446 4894 judicet
1466 4812 1499 4873 in
1518 4811 1590 4875 cibo
1606 4820 1660 4874 aut
1679 4820 1766 4893 potu,
1783 4820 1835 4873 aut
1856 4810 1888 4872 in
1909 4820 1996 4893 parte
2010 4802 2036 4843 ¹⁶·
2049 4798 2076 4838 ¹⁷·

1253 4910 1317 4973 diei
1335 4910 1419 4987 lasti,
1437 4917 1492 4973 aut
1508 4909 1694 4986 neomeniae,
1712 4916 1766 4971 aut
1781 4908 1994 4983 sabbatorum,

1254 5028 1326 5090 qum
1341 5016 1416 5070 sunt
1436 5009 1549 5070 umbra
1570 5007 1761 5071 futurorum.
1783 5006 1895 5070 Omnia
1911 5007 1994 5069 araim
2009 5022 2108 5069 rcum-¹¹

1256 5108 1288 5169 in
1315 5105 1419 5187 ligura
1443 5106 1671 5187 contingebant
1693 5105 1759 5179 cis3
1783 5105 1900 5187 scripta
1924 5112 2005 5173 sunt¹

1255 5213 1359 5269 autem
1384 5214 1513 5287 propter
1534 5222 1603 5267 nos.
1621 5204 1660 5266 Et
1681 5220 1756 5283 ergo
1777 5222 1887 5265 curare
1909 5202 1997 5265 dabo

1255 5323 1337 5381 mus,
1356 5310 1390 5365 ut
1404 5321 1442 5365 ea
1458 5302 1684 5384 intelligamus.
