4309 6259
467 468 526 531 tat
789 484 962 531 manuario
985 484 1015 529 ru
1036 485 1106 529 cnr.
1130 478 1205 525 uxr
1225 480 1422 527 uuumonuu.
1445 500 1485 509 —
1505 482 1575 527 aar.
1600 482 1692 529 xuvru

466 659 625 729 onirnarn,
639 656 670 719 id
686 662 844 718 estunam
860 672 1040 737 personam,
1058 662 1213 735 quantum
1228 649 1253 711 Α
1267 654 1445 731 succubuit,
1461 672 1560 736 quum
1582 661 1688 716 umen
1702 653 1874 716 adversarii
1890 653 2001 716 luerint

465 754 505 817 ad
517 753 668 835 virgines,
681 761 712 816 et
722 752 1211 833 unumindividuum,quantum
1267 753 1367 815 multo
1392 753 1499 834 plures
1521 772 1617 834 quam
1639 752 1701 834 ipsi
1723 771 1811 834 :quc
1834 751 1999 815 clarissime

466 852 505 914 ad
531 870 655 933 pecora,
676 856 715 912 rte
735 853 919 931 qrriupentis
944 850 1123 925 animabus,
1147 861 1213 911 tarn
1266 851 1380 932 patuit,
1406 850 1572 914 victoriam
1596 852 1642 913 eis
1667 851 1802 933 desuper
1827 851 1940 912 datam.
1962 853 2000 913 Ob

464 972 505 1009 eoa
534 952 728 1027 bominibus,
756 950 787 1012 id
812 958 860 1012 est
884 948 1062 1029 virginibus
1093 948 1208 1030 captiS,
1265 970 1510 1029 quarneausarn
1528 951 1693 1027 offerimus
1713 958 1826 1031 sponte
1843 968 1898 1031 pre
1914 949 2000 1028 grali-

465 1070 564 1130 qnam
583 1069 623 1109 ea
643 1052 736 1109 bobus
755 1059 785 1108 et
805 1049 907 1109 asinis
927 1058 956 1109 et
976 1050 1099 1119 ouibus,
1116 1047 1213 1109 idest
1266 1066 1355 1109 arum
1380 1048 1505 1111 actione
1529 1050 1566 1108 in
1585 1050 1734 1110 donuriis
1748 1050 1893 1119 Domini,
1910 1047 1940 1109 id
1958 1056 1999 1108 est

465 1148 632 1230 quibusvis
645 1146 800 1229 jumentis
810 1171 818 1221 3
830 1157 859 1207 et
869 1148 960 1206 dabis
970 1166 1041 1206 earn
1053 1149 1212 1207 Eleazaro
1266 1145 1349 1207 inter
1363 1165 1402 1209 ea
1416 1165 1486 1228 qum
1501 1147 1636 1209 Domino
1650 1155 1878 1210 consecrantur
1892 1154 1925 1207 ut
1939 1165 2000 1206 mu·

464 1249 632 1318 sacerdoti,
649 1246 683 1308 id
704 1254 752 1309 est
774 1244 921 1327 pontifici
945 1262 1003 1326 prc
1019 1243 1089 1325 ipso
1111 1252 1142 1306 et
1164 1262 1213 1305 sa·
1266 1263 1353 1322 nera,
1371 1247 1497 1323 sinpnli
1515 1249 1602 1326 qnod
1623 1247 1660 1306 in
1671 1248 1787 1324 praecia
1810 1247 1888 1305 auri
1905 1246 1999 1322 potui-

465 1344 647 1409 cerdotibus
677 1344 764 1414 aliis,
791 1345 870 1422 quio
894 1344 1054 1421 primitia
1077 1344 1213 1403 Domini
1266 1365 1337 1404 nius
1352 1346 1513 1414 inaurire,
1525 1344 1556 1406 id
1572 1353 1620 1406 est
1633 1363 1730 1406 aurea
1744 1352 1999 1423 ornamentaque

464 1455 553 1513 sunt,
569 1443 603 1505 id
625 1451 682 1518 est,
700 1442 739 1529 de
763 1440 857 1503 rebus
871 1442 942 1522 jure
965 1440 1066 1522 prelii
1087 1440 1212 1521 adeptis
1266 1441 1349 1504 inter
1363 1442 1466 1524 spolia
1481 1443 1670 1524 reperimus.
1683 1442 1756 1504 Fuit
1768 1449 1876 1504 autern
1891 1441 1999 1505 oblatio

465 1542 639 1606 ollerendae
658 1550 732 1603 sunt
747 1540 880 1604 Domino
895 1558 952 1621 pro
973 1539 1136 1621 primitiis,
1154 1540 1212 1602 sic·
1266 1540 1327 1603 ista
1342 1541 1381 1603 de
1397 1541 1491 1604 rebus
1507 1541 1702 1604 inanimatis.
1714 1544 1998 1621 periscelidarum

466 1650 501 1703 ut
516 1642 555 1704 de
570 1639 762 1704 animalibus
782 1647 814 1701 et
835 1646 925 1701 terrae
946 1638 1151 1701 nascentibus
1167 1638 1212 1702 cl·
1266 1648 1340 1702 sunt
1355 1648 1541 1703 ornamenta
1564 1640 1753 1703 laminarum
1781 1640 1815 1701 in
1836 1658 1940 1702 earum
1954 1657 1999 1699 re

466 1740 650 1803 serebantur
680 1737 829 1820 primitias
854 1736 999 1800 Domino.
1030 1741 1080 1799 En
1106 1740 1211 1798 inedia
1266 1738 1343 1800 stitu
1357 1738 1442 1801 circa
1458 1758 1561 1816 renes,
1573 1740 1613 1801 ad
1628 1740 1885 1821 componendum
1901 1756 1997 1800 earum

464 1860 587 1920 quoque
598 1848 694 1917 parte
703 1839 850 1915 liliorum
861 1840 976 1906 Israel,
989 1836 1021 1897 id
1037 1845 1085 1898 est
1100 1835 1211 1899 exalia
1226 1836 1249 1898 ll
1265 1855 1420 1917 gressum,
1430 1848 1460 1898 et
1476 1841 1638 1907 armillas,
1654 1857 1725 1919 quae
1738 1845 1815 1899 sunt
1825 1844 1998 1899 ornamenta

464 1938 634 2001 medietate
648 1936 763 2018 praedae
776 1935 939 2015 assignata
954 1944 985 1997 et
1001 1936 1073 1997 data
1088 1934 1140 1996 his
1155 1935 1211 2016 qui
1264 1935 1350 1997 circa
1363 1955 1468 2000 armos
1484 1955 1539 1999 seu
1555 1938 1716 2014 humeros,
1729 1941 1879 2008 annulos,
1894 1935 1946 2016 qui
1960 1933 1999 1995 di-

464 2037 496 2098 iu
519 2035 605 2101 bullo
629 2054 693 2099 non
711 2043 813 2110 erant,
831 2035 966 2110 accipies
982 2036 1211 2113 que'nquapesi·
1264 2034 1339 2115 gitis
1360 2035 1578 2117 imponuntur,
1595 2046 1625 2096 et
1646 2037 1826 2106 dectralia,
1842 2035 1874 2097 id
1897 2043 1998 2097 estor-

463 2157 554 2197 mum
569 2146 679 2213 caput,
695 2135 727 2196 id
743 2142 791 2195 est
807 2132 1022 2209 individuum,
1040 2133 1210 2192 hominurn
1265 2142 1413 2195 namenta
1433 2134 1634 2197 brachiorum
1651 2154 1706 2196 seu
1726 2135 1873 2209 dexterea,
1890 2154 1926 2193 ae
1940 2154 1998 2193 nin

463 2245 492 2294 et
515 2237 621 2303 bourn,
642 2232 674 2295 id
695 2241 743 2295 est
763 2230 923 2311 virginum
946 2238 977 2293 et
1002 2249 1163 2312 pecorum,
1180 2241 1210 2292 et
1263 2237 1417 2303 rainatas,
1442 2253 1514 2315 quae
1539 2242 1614 2295 sunt
1638 2242 1825 2297 ornamenta
1849 2232 1932 2309 colli,
1949 2250 1997 2293 seu

463 2317 617 2403 ‹iotn‘eu
635 2331 667 2392 id
683 2338 730 2392 est
746 2330 912 2391 individua
929 2328 994 2405 ills,
1008 2330 1142 2399 tevins,
1153 2347 1210 2410 per
1262 2331 1417 2394 catenulas
1432 2332 1476 2394 ibi
1492 2331 1727 2413 circumpositas
1744 2351 1801 2414 pro
1817 2340 1950 2403 ornatu3
1967 2340 1997 2389 ut

462 2429 653 2492 divisionem
669 2428 786 2509 justam
797 2435 828 2490 et
839 2434 1076 2507 congruentem.
1095 2425 1209 2508 Sisque
1262 2432 1440 2509 depreceris
1449 2450 1510 2508 pro
1526 2432 1616 2491 nobis
1630 2433 1831 2491 Dominum:
1846 2428 1996 2511 nonquod

463 2527 727 2610 apugnatoribus
740 2526 812 2607 plus
828 2525 867 2588 de
884 2526 988 2607 prada
1003 2523 1206 2602 habentibus,
1263 2528 1440 2610 corporalia
1464 2528 1519 2590 illa
1541 2529 1699 2592 dabantur
1723 2537 1757 2590 ut
1776 2528 1912 2610 pretium
1935 2546 1997 2590 ora-

463 2627 569 2689 minus
585 2634 749 2707 acceptum
765 2633 824 2699 est,
837 2631 868 2686 et
883 2622 955 2705 plus
974 2622 1015 2685 ab
1030 2621 1103 2684 aliis
1121 2640 1128 2683 :
1147 2621 1210 2685 lor·
1264 2626 1370 2703 tionis,
1388 2646 1459 2708 qum
1474 2635 1523 2688 est
1537 2626 1656 2690 bonum
1673 2626 1850 2709 spirituale,
1867 2626 1920 2689 sed
1938 2635 1997 2687 tan-

463 2746 519 2789 san
535 2724 687 2808 quoniam
703 2731 895 2805 pugnatores
912 2721 1209 2803 eund0,pugnand0
1262 2745 1358 2806 quam
1379 2724 1471 2805 signa
1490 2726 1623 2787 internae
1642 2725 1821 2788 devotionis
1841 2726 1880 2787 ad
1895 2742 1997 2806 prore

462 2834 494 2887 et
509 2823 670 2887 redeundo
681 2822 753 2903 plus
765 2819 998 2883 laboraverunt.
1009 2817 1209 2901 Porr0,qucd
1262 2824 1398 2886 candum
1408 2833 1440 2886 et
1451 2823 1668 2887 inclinandum
1678 2823 1849 2905 corlloysis
1859 2831 1996 2887 utoraret

463 2922 568 2986 media
582 2940 655 3004 pars
672 2920 769 2984 totius
785 2920 899 3000 praedae
910 2919 983 2980 data
998 2917 1040 2979 sit
1054 2917 1112 2996 eis,
1122 2937 1209 3000 aper·
1263 2940 1321 3003 pro
1338 2921 1426 3004 ipsis.
1445 2927 1721 3003 Susceperuntque
1732 2926 1855 2999 Moyses
1868 2932 1899 2982 et
1914 2925 1997 2983 Elea

464 3022 585 3084 tissime
600 3028 687 3102 patet
702 3038 740 3081 ex
755 3016 963 3100 sequentibus
974 3015 1079 3080 verbis
1097 3025 1244 3094 textus,c
1262 3042 1322 3081 zor
1342 3019 1398 3083 illa
1417 3020 1559 3083 donaria.
1584 3022 1804 3101 Unusquisque
1817 3023 1906 3081 enim
1920 3022 1997 3100 quod

462 3121 495 3183 in
511 3138 575 3203 quo
598 3117 713 3181 divisio
734 3117 789 3178 illa
814 3124 948 3192 taxatur,
966 3123 998 3177 et
1021 3115 1136 3197 planus
1160 3124 1208 3179 est
1262 3121 1299 3179 in
1309 3123 1438 3197 proedo,
1454 3119 1484 3181 id
1510 3127 1559 3182 est
1584 3118 1617 3180 in
1639 3119 1874 3201 depredatione
1893 3118 1997 3183 lladia·

462 3229 576 3283 textus.
590 3216 775 3298 Virginibus
791 3223 896 3277 autem
913 3214 1090 3276 lladianitis
1106 3233 1208 3278 sacer·
1263 3217 1413 3294 nitarum,
1439 3228 1607 3295 rapuerat,
1631 3238 1726 3279 suum
1746 3228 1816 3279 aot
1836 3219 1911 3300 jure
1928 3216 1995 3281 belli

461 3321 551 3383 dotes
576 3326 608 3381 et
631 3316 747 3379 Levitae
772 3333 836 3378 non
865 3314 904 3377 ad
935 3313 1103 3376 libidinem
1134 3323 1208 3376 sunt
1260 3315 1350 3397 justi,
1376 3326 1408 3378 et
1431 3336 1469 3378 ex
1495 3316 1700 3379 concessione
1723 3316 1789 3392 Dei,
1815 3316 1912 3398 cujus
1930 3324 1995 3378 sunt

460 3418 564 3491 abusi,
577 3416 632 3479 sed
647 3414 753 3498 potius
768 3420 993 3476 converterunt
1008 3431 1071 3489 eas,
1090 3420 1122 3475 et
1136 3431 1207 3475 con·
1261 3413 1379 3490 omnia,
1397 3414 1498 3495 etqui
1515 3415 1569 3477 dat
1590 3433 1627 3477 ea
1641 3414 1692 3477 cui
1709 3414 1857 3479 voluerit.
1874 3418 1919 3477 Et
1937 3436 1997 3475 sus·

460 3516 558 3579 nubio
582 3514 794 3589 sociaverunt,
820 3520 874 3575 aut
898 3511 991 3573 aliter
1016 3510 1068 3593 pie
1092 3519 1205 3573 tracta-
1261 3524 1386 3590 ceptum
1416 3516 1601 3575 intulerunt
1629 3517 1666 3573 in
1691 3513 1996 3586 intemeratarum

459 3622 583 3681 verunt.
1260 3612 1503 3688 est,omniailla
1518 3611 1995 3684 ebellatoribusdevcteoblsta,

496 3718 664 3795 Quumque
684 3712 881 3772 accessissent
897 3711 1063 3787 principes
1084 3712 1203 3769 exerui·
1259 3710 1378 3793 Moyses
1401 3720 1433 3774 ct
1453 3710 1580 3774 Eleazar
1601 3718 1777 3792 posuerunt
1797 3710 1830 3772 in
1854 3711 1991 3774 taberna·

457 3825 507 3876 tus
529 3812 584 3896 qui
609 3809 774 3894 pugnavit,
792 3810 836 3869 ad
852 3811 994 3885 Moysen,
1018 3810 1176 3869 dicerunt
1192 3826 1203 3868 :
1259 3811 1342 3887 culo,
1358 3813 1396 3870 in
1411 3821 1666 3881 nunumentum,
1683 3810 1716 3871 id
1735 3818 1784 3873 est
1803 3810 1993 3883 memoriale,

456 3913 698 3980 Recensuimus,
715 3908 747 3969 id
768 3914 826 3981 cst,
842 3906 1080 3969 numeravimus
1103 3915 1135 3969 et
1156 3906 1203 3968 in·
1257 3911 1403 3986 fitiorum
1418 3913 1521 3971 Israel
1535 3929 1643 3969 eorarn
1658 3910 1797 3970 Domino
1807 3931 1820 3969 .·
1833 3918 1868 3972 ut
1883 3908 1995 3972 scilicet

457 4012 529 4074 tuiti
540 4028 661 4085 sumus,
672 4026 844 4069 numerum
856 4015 1091 4083 pupnalorum,
1103 4005 1202 4095 veluti
1259 4008 1339 4071 [leus
1354 4007 1410 4069 illa
1425 4008 1458 4070 in
1481 4026 1538 4070 suc
1559 4006 1739 4069 sanctuario
1759 4007 1871 4072 videns
1891 4008 1935 4071 sic
1949 4024 1996 4089 pc

458 4118 528 4193 post
548 4125 686 4190 pugnarn
713 4103 784 4165 lieri
810 4103 908 4167 moris
924 4111 992 4177 est;
1008 4115 1037 4164 et
1062 4125 1103 4165 ne
1117 4126 1203 4167 unus
1257 4107 1328 4183 sita,
1338 4106 1390 4189 pie
1403 4107 1619 4169 recordaretur
1628 4114 1660 4169 et
1674 4105 1879 4169 misereretur
1892 4125 1996 4170 eorum

457 4210 587 4290 quidem
597 4206 715 4282 defuit,
724 4202 755 4265 id
766 4201 937 4279 estnullus
948 4221 1056 4266 eorum
1073 4204 1106 4265 in
1117 4204 1202 4267 bello
1219 4205 1311 4287 uni
1327 4224 1364 4268 es
1379 4204 1573 4280 obtulerunt,
1592 4204 1752 4285 totiusque
1767 4206 1887 4287 pupuli.
