4309 6259
423 476 484 542 208
815 494 988 542 uusnnarro
1009 495 1040 540 m
1062 494 1132 541 car.
1155 492 1187 540 ιιι
1209 494 1346 543 acvrncr.
1367 515 1408 525 -
1428 496 1498 543 aar.
1523 495 1584 544 xxv

425 673 483 743 rat,
508 675 539 729 ει
559 675 683 749 ‘pugnat
707 687 780 730 cum
807 667 882 731 illis.
907 667 1005 730 Larus
1031 677 1079 731 cst
1105 667 1173 730 avis
1188 667 1214 727 A
1231 674 1324 745 tatur,
1349 668 1381 730 in
1407 669 1470 733 alio
1496 668 1646 750 decoquit
1670 687 1734 733 cos.
1761 668 1868 750 Cujus,
1893 677 1975 732 teste

426 784 512 828 nunc
528 767 640 830 volans
656 767 689 828 in
706 786 789 844 aere,
800 786 885 830 nunc
901 776 1014 830 natans
1031 768 1063 829 in
1079 786 1171 849 aque.

425 864 500 926 Avis
520 874 569 928 εει
588 865 689 947 pigra,
708 885 805 948 parva
825 874 857 928 et
878 866 1018 949 pinguis,
1037 866 1174 929 libenter

425 962 574 1026 habitans
595 965 685 1046 juxta
706 984 826 1046 aquas;
851 983 909 1028 nec
929 973 1034 1047 potest
1054 972 1174 1027 remote

424 1069 481 1122 aut
505 1062 560 1124 diu
585 1062 702 1139 volare,
731 1063 775 1126 ita
803 1073 837 1124 ut
862 1064 1015 1127 velociter
1041 1081 1173 1126 currens

424 1178 494 1222 eam
510 1180 624 1244 capere
640 1162 765 1236 valeat3
788 1171 899 1244 estque
919 1161 1048 1224 humida
1069 1161 1170 1224 raldo.

425 1257 584 1341 Accipiter
600 1258 668 1322 avis
683 1268 732 1323 εει
747 1280 855 1342 rapax,
873 1261 1031 1341 praedalis,
1049 1259 1117 1324 sive
1133 1258 1174 1320 sit

426 1356 595 1436 silvestris,
608 1357 676 1421 sive
691 1359 876 1422 domestica.
889 1358 1051 1421 Silvestris
1066 1365 1171 1420 autem

426 1463 475 1518 εει
497 1457 598 1539 pejor,
616 1450 768 1538 quonia'm
791 1476 865 1521 aves
885 1477 963 1538 quas
986 1457 1082 1538 capit,
1100 1474 1173 1518 mox

427 1555 569 1618 devorat.
581 1555 780 1619 Domesticos
796 1575 871 1620 vero
888 1557 1026 1638 praedam
1043 1554 1173 1618 domino

428 1671 486 1716 suo
507 1663 713 1735 repraesentat
734 1664 766 1716 et
787 1663 912 1728 servat3
931 1654 1030 1716 llantc
1045 1653 1171 1729 Austro,

427 1760 538 1814 contra
551 1752 629 1814 solis
645 1753 750 1815 radios
762 1752 828 1815 alas
844 1771 917 1815 suas
932 1751 1175 1834 expanditque-

1229 767 1357 845 Isidoro,
1375 770 1438 832 duo
1461 777 1535 830 sunt
1557 787 1673 850 genera
1697 787 1703 830 :
1727 775 1827 830 tmum
1852 767 1976 849 aquati·

1231 886 1314 943 cum,
1332 867 1418 929 aliud
1436 866 1629 930 solitudinis.
1642 867 1830 948 Aquaticum
1846 875 1893 930 est
1908 865 1975 930 val-

1230 965 1972 1048 degulosum,anguillispresertiminsidians;
2058 1037 2063 1044 ,

1230 1063 1314 1142 quod
1349 1064 1422 1125 dum
1454 1064 1591 1145 quiescit
1621 1063 1653 1124 in
1684 1063 1804 1140 littore,
1836 1071 1974 1126 rostrum
2039 1055 2042 1063 '

1231 1181 1357 1243 semper
1372 1163 1466 1243 erigit
1486 1183 1622 1242 sursum,
1641 1171 1675 1224 ut
1694 1163 1762 1245 ejus
1777 1162 1924 1225 acumine
1940 1181 1974 1224 εε

1230 1269 1340 1324 contra
1361 1261 1543 1344 accipitrem
1565 1263 1697 1324 muniat.
1715 1261 1910 1344 Porphyrion
1925 1268 1975 1324 εει

1229 1359 1309 1437 avis,
1327 1360 1390 1423 alio
1414 1361 1543 1424 nomino
1558 1361 1729 1444 pelccanus
1744 1369 1864 1437 vocata,
1881 1359 1974 1441 cujus

1229 1458 1346 1540 duplex
1362 1467 1410 1522 est
1426 1460 1547 1542 species
1565 1478 1572 1522 ε
1590 1480 1654 1524 una
1669 1460 1702 1522 in
1718 1478 1800 1542 aqua
1815 1458 1972 1534 habitans,

1230 1566 1262 1619 et
1277 1557 1420 1640 piscibus
1435 1577 1566 1622 vescens
1580 1583 1587 1635 ;
1605 1559 1704 1622 altera
1720 1559 1753 1620 in
1769 1567 1852 1621 terra
1866 1557 1977 1621 solitu·

1230 1656 1338 1720 dinem
1354 1666 1449 1734 amat,
1468 1657 1601 1722 lacertas
1617 1658 1787 1722 comedens
1803 1666 1834 1720 et
1850 1675 1976 1739 serpen-

1230 1764 1286 1818 tes.
1296 1756 1367 1820 ldco
1379 1764 1542 1839 serpentes
1558 1757 1671 1820 odiunt
1681 1756 1974 1840 pelccanos,eisque

428 1857 522 1914 tenus
544 1851 631 1933 poris
653 1850 795 1934 corporis
818 1850 868 1912 sui
888 1850 1018 1932 apertis,
1036 1849 1174 1913 excutiat
1193 1855 1418 1918 Babscntibus
1441 1857 1619 1919 ascendunt
1644 1856 1676 1918 in
1701 1857 1793 1919 nidos
1819 1855 1972 1936 ipsorum,

413 1967 494 2025 eas,
511 1957 543 2012 et
562 1968 653 2012 novae
675 1950 705 2012 ei
725 1958 921 2012 accrescunt.
938 1950 1068 2030 Propter
1088 1949 1173 2029 quod

291 2049 468 2110 1οιωιι.ιιι1
490 2048 549 2113 lob
571 2049 725 2111 Dominus
747 2048 888 2130 loquitur
907 2067 914 2112 :
935 2048 1095 2130 Numquid
1118 2065 1174 2129 per

282 2121 316 2163 26.

430 2147 620 2229 sapientiam
643 2157 728 2210 tuam
750 2148 927 2229 plumescet
946 2145 1109 2228 accipiter,
1126 2165 1176 2208 er-

430 2247 573 2329 pandens
593 2247 659 2309 alas
681 2266 754 2309 suas
774 2246 813 2308 ad
834 2246 983 2308 Austrum
995 2250 1007 2308 t
1021 2245 1109 2308 Bubo
1127 2253 1175 2307 cst

428 2345 496 2408 avis
513 2345 626 2428 turpis,
645 2346 742 2423 lenda,
759 2345 879 2421 feralis,
898 2345 1000 2408 noctis
1015 2345 1127 2420 amica,
1141 2344 1174 2405 in

429 2445 585 2526 sepulcris
606 2444 754 2507 habitans
770 2453 802 2507 et
816 2444 972 2520 cavernis,
991 2443 1092 2526 pigra,
1110 2443 1176 2506 avi-

428 2542 489 2605 bus
506 2543 625 2620 odiosa,
643 2563 661 2606 a
681 2543 798 2625 quibus
815 2543 998 2619 dilaniatur,
1016 2543 1042 2605 si
1067 2543 1100 2604 in
1123 2542 1175 2606 die

428 2643 605 2724 reperiatur
626 2644 667 2706 ab
688 2642 777 2725 ipsis.
795 2644 833 2704 Et
851 2645 940 2725 juxta
959 2660 1095 2722 augures
1111 2662 1176 2704 ma-

429 2739 495 2803 lum
512 2742 851 2823 pretendit,quoniam
864 2741 1008 2804 lunebris
1019 2741 1175 2823 lugubris-

430 2858 493 2922 que
508 2839 671 2914 consistit3
691 2841 810 2923 templa
825 2849 918 2904 nocte
938 2841 1125 2919 ingreditur,
1141 2849 1174 2903 ut

428 2938 531 3002 oleum
556 2939 739 3023 lampadum
760 2939 887 3014 obibat;
905 2941 1032 3021 quando
1051 2940 1092 3002 ab
1109 2940 1176 3004 avi-

1229 1962 1325 2035 atque
1355 1954 1498 2036 ipsorum
1529 1955 1634 2036 pullos
1659 1954 1835 2018 intoxicant
1861 1975 1868 2018 :
1894 1972 1974 2034 quos

1230 2052 1356 2116 rediens
1379 2073 1495 2136 parens
1518 2053 1641 2117 invenit
1661 2053 1843 2130 morientes,
1861 2061 1893 2116 et
1913 2062 1975 2116 sta-

1230 2151 1288 2213 tim
1305 2171 1339 2215 sc
1358 2153 1542 2230 vulnerans,
1561 2152 1691 2235 proprio
1712 2152 1867 2232 sanguine
1885 2158 1975 2214 curat

1230 2269 1294 2314 εοε.

1270 2349 1439 2428 Herodion,
1449 2349 1504 2433 qui
1516 2359 1547 2414 et
1559 2350 1710 2429 lalco,est
1720 2350 1787 2413 avis
1802 2349 1973 2412 illustrium

1230 2448 1378 2510 manibus
1400 2458 1526 2512 assueta
1546 2449 1750 2530 gestantium,
1773 2449 1924 2526 animosa,
1942 2455 1974 2511 et

1230 2547 1367 2627 maj0res
1390 2565 1522 2629 corpore
1545 2565 1578 2609 sc
1600 2566 1675 2610 aves
1697 2547 1860 2622 invadens,
1877 2545 1975 2608 abun-

1219 2645 1308 2707 dans
1334 2645 1463 2726 plumis,
1487 2664 1550 2708 non
1570 2664 1712 2723 carnosa,
1737 2644 1808 2709 ideo
1833 2644 1923 2708 velox
1942 2651 1974 2708 ει

1229 2743 1323 2823 agilis
1339 2744 1378 2804 ad
1394 2743 1547 2820 volatum,
1565 2744 1649 2806 acuti
1670 2743 1806 2825 durique
1826 2742 1971 2826 pectoris,

1231 2841 1322 2904 fortis
1344 2841 1376 2903 in
1398 2842 1569 2922 unguibus,
1588 2843 1713 2924 gravius
1735 2851 1840 2905 tamen
1857 2841 1974 2905 laedens

1231 2942 1369 3022 predam
1400 2950 1529 3023 pectore
1559 2942 1721 3019 irruendo,
1749 2959 1845 3024 quam
1873 2949 1974 3004 rostro

428 3037 488 3101 bus
514 3039 686 3115 invaditur,
713 3039 809 3102 vertit
834 3058 868 3102 se
895 3039 927 3100 in
952 3039 1117 3121 supinum,
1144 3046 1175 3100 et
1192 3037 1213 3101 C
1230 3040 1382 3103 laedendo.
1404 3039 1477 3114 Quae
1503 3040 1565 3102 nisi
1591 3041 1694 3123 primo
1719 3049 1774 3104 aut
1794 3041 1905 3104 saltem
1927 3057 1976 3104 sc-

427 3137 563 3218 pedibus
579 3156 613 3200 se
628 3137 793 3213 deiendit3
812 3156 917 3200 mures
933 3145 964 3200 et
979 3135 1175 3219 vespertilio-

428 3253 484 3297 nes
501 3243 635 3298 venatur
649 3244 681 3299 ct
695 3236 772 3298 edit.

467 3332 625 3412 llergulus
650 3353 668 3396 a
693 3335 864 3414 mergendo
888 3353 1003 3397 nomen
1030 3333 1171 3411 sortitur,

428 3430 505 3512 quia
521 3430 704 3512 frequenter
719 3432 883 3495 descendit
899 3433 931 3494 in
947 3452 1052 3513 aquas,
1063 3441 1098 3494 ut
1109 3451 1174 3496 ver·

429 3548 497 3592 mes
527 3529 762 3612 pisciculosque
787 3531 962 3612 deglutiat,
986 3531 1174 3594 imminente

427 3628 565 3710 equoris
581 3636 779 3711 tempestate,
796 3649 869 3693 cum
885 3630 1023 3694 clamore
1043 3628 1175 3692 lestinat

428 3727 468 3789 ad
486 3725 586 3789 littus.
603 3728 706 3810 Atque
723 3736 757 3790 ut
773 3729 818 3790 ait
832 3728 981 3803 lsidorus,
999 3747 1127 3808 gravem
1144 3735 1175 3790 ει

428 3827 581 3906 grandem
599 3835 818 3909 tempestatem
835 3836 959 3891 constat
977 3827 1057 3889 mari
1077 3827 1175 3889 insta-

421 3943 474 4002 re,
491 3925 568 3987 dum
584 3925 720 4006 merguli
737 3935 850 4008 petunt
866 3926 965 3988 littus.
978 3926 1041 3989 lbis
1058 3926 1174 3988 dicitur

428 4023 612 4105 AEgyptiaca
636 4042 706 4087 esso
730 4025 865 4099 ciconia,
884 4025 917 4085 in
943 4025 1011 4087 Nilo
1037 4024 1174 4087 flumine

429 4121 590 4200 habitans,
602 4123 799 4205 serpentium
815 4123 885 4185 ovis
901 4142 1043 4200 vescens,
1053 4143 1091 4186 ex
1107 4122 1174 4204 qui-

1229 3139 1334 3202 cundo
1350 3139 1553 3222 praevaluerit
1569 3139 1645 3216 ictu,
1663 3138 1756 3221 quasi
1773 3139 1834 3202 sibi
1850 3139 1911 3221 ipsi
1927 3139 1976 3200 in-

1230 3237 1365 3316 dignans
1381 3245 1435 3300 aut
1451 3237 1652 3316 erubescens,
1671 3247 1803 3320 vagatur
1819 3257 1875 3321 per
1889 3257 1972 3314 aera,

1230 3356 1288 3399 nec
1314 3335 1451 3400 faciliter
1476 3337 1515 3399 ad
1540 3336 1693 3417 gestantis
1718 3337 1888 3400 revertitur
1912 3356 1975 3399 ma-

1228 3455 1317 3498 num.
1345 3435 1376 3498 Si
1402 3455 1478 3499 vero
1503 3435 1658 3498 silvestris
1684 3442 1742 3512 est,
1765 3435 1821 3498 illa
1845 3436 1897 3498 die
1922 3435 1975 3497 vix

1228 3535 1343 3616 quaerit
1369 3534 1518 3616 praedam.
1546 3533 1740 3597 Charadrion
1766 3533 1882 3596 dicitur
1906 3533 1974 3597 avis

1229 3633 1360 3696 omnino
1385 3632 1449 3694 albi
1475 3632 1602 3708 coloris,
1628 3632 1720 3714 cujus
1745 3631 1877 3696 semoris
1901 3652 1974 3714 pars

1230 3730 1363 3795 inferior
1378 3738 1492 3814 purgat
1507 3731 1677 3811 caliginem
1691 3731 1866 3795 oculorum.
1874 3732 1974 3813 Hujus

1228 3830 1297 3893 avis
1313 3830 1380 3893 lnec
1397 3829 1498 3893 fertur
1515 3837 1627 3892 natura
1641 3847 1647 3891 :
1661 3829 1693 3892 Si
1710 3830 1864 3910 dirigatur
1879 3847 1975 3911 super

1229 3948 1347 4010 aegrum
1364 3929 1565 4006 moriturum,
1578 3928 1692 3991 avertit
1707 3927 1810 3992 visum
1827 3947 1919 3990 suum
1934 3927 1975 3990 ab

1229 4047 1287 4102 eo;
1314 4028 1341 4089 si
1367 4047 1462 4110 supcr
1487 4028 1675 4105 sanandum,
1701 4027 1806 4090 visum
1837 4026 1911 4108 ligit
1940 4027 1973 4088 in

1229 4147 1313 4204 oum,
1341 4126 1432 4208 quasi
1457 4127 1598 4189 curando
1622 4127 1830 4208 applaudens.
1851 4127 1906 4188 Est
1931 4135 1976 4188 ta·

429 4219 490 4282 bus
505 4239 610 4283 escam
631 4221 716 4283 nidis
737 4221 803 4283 suis
824 4219 928 4284 desert
946 4221 1171 4302 gratissimam.
1189 4225 1213 4286 D
1230 4245 1302 4288 men
1325 4226 1512 4288 nutrimenti
1534 4225 1703 4287 immundi.
1719 4225 1831 4307 Upupa
1848 4233 1896 4287 εει
1916 4225 1975 4286 im-

429 4318 552 4400 Cycnus
567 4329 615 4382 εει
630 4319 697 4383 avis
714 4328 796 4396 nota,
808 4320 923 4403 pennis
933 4320 1175 4393 albissimacar-

431 4437 471 4480 ne
487 4417 598 4498 nigra3
617 4418 700 4481 inter
715 4419 819 4500 pisces
835 4419 964 4497 nutrita,
981 4438 1035 4482 cos
1051 4439 1115 4482 non
1126 4437 1175 4482 co

430 4516 546 4590 medit3
560 4518 774 4600 ponderosum
786 4517 867 4599 gerit
877 4537 1003 4600 corpus,
1016 4518 1087 4581 ideo
1104 4536 1174 4580 raro

430 4615 527 4695 volat,
549 4617 720 4698 diligitque
742 4614 904 4698 quietem,
926 4617 1017 4698 quasi
1038 4625 1174 4681 mortem

429 4721 648 4792 contemnens,
666 4715 802 4777 dulciter
823 4715 919 4793 canit,
938 4724 1039 4778 morte
1054 4716 1175 4778 instan-

430 4822 472 4876 te.
493 4813 566 4876 Post
580 4813 700 4876 coitum
717 4812 845 4876 lamella
865 4815 1001 4895 percutit
1021 4815 1174 4897 lugetque

429 4931 562 4988 marem,
579 4912 634 4992 qui
650 4931 684 4974 se
700 4919 771 4993 post
786 4911 905 4974 coitum
926 4913 1068 4988 balneat3
1087 4913 1174 4975 sirni-

430 5011 503 5074 litcr
518 5009 639 5073 femina
654 5020 728 5073 ante
743 5009 863 5072 cibum.
876 5009 1093 5088 Onocrotalus,
1106 5011 1174 5074 avis

429 5117 488 5185 est,
506 5110 610 5191 quoad
631 5127 756 5185 sonum,
774 5107 889 5170 similis
909 5128 1018 5190 cycno,
1037 5117 1067 5172 ct
1083 5108 1174 5190 quasi

429 5215 558 5271 ventres
573 5207 694 5270 habens
709 5209 800 5284 duos,
817 5206 1001 5289 inquorum
1019 5227 1083 5271 uno
1100 5209 1176 5272 rcci-

430 5307 479 5390 pit
498 5306 598 5383 cibos,
615 5307 671 5389 qui
691 5324 749 5389 pro
769 5306 910 5369 vesicula
929 5307 1067 5389 gutturis
1083 5327 1176 5391 repu-

1229 4323 1440 4385 mundissima
1465 4323 1545 4399 avis,
1568 4323 1716 4385 humanis
1740 4341 1872 4386 vescens
1897 4330 1975 4386 ster-

1229 4421 1368 4498 coribus,
1394 4421 1427 4482 in
1451 4421 1606 4503 sepulcris
1629 4439 1839 4498 commorans,
1864 4421 1972 4483 autin

1231 4519 1321 4598 limo,
1339 4521 1431 4601 cujus
1447 4520 1541 4582 cordo
1557 4526 1689 4580 utuntur
1705 4518 1845 4582 malefici
1862 4519 1894 4581 in
1910 4538 1974 4581 ma-

1230 4617 1346 4680 leficiis
1362 4619 1439 4680 suis.
1457 4617 1623 4699 Quumque
1639 4617 1790 4694 senuerit,
1807 4626 1843 4680 ut
1858 4637 1915 4682 nec
1929 4617 1974 4678 vi-

1231 4718 1305 4780 doro
1321 4717 1501 4794 valeat,nec
1515 4715 1634 4794 volare,
1646 4714 1727 4798 pulli
1746 4715 1816 4797 ejus
1832 4716 1974 4779 evellunt

1230 4815 1259 4878 ei
1287 4834 1421 4896 pennas,
1446 4822 1477 4877 ct
1503 4813 1621 4876 liniunt
1642 4813 1750 4877 oculos
1776 4814 1845 4895 ejus
1871 4812 1974 4876 succis

1231 4912 1413 4991 herbarum,
1431 4933 1467 4975 ac
1488 4912 1599 4976 fovent
1618 4931 1686 4975 eam
1707 4912 1767 4974 sub
1785 4911 1855 4988 alis,
1873 4912 1973 4975 donec

1231 5020 1374 5076 crescent
1396 5031 1510 5093 ponnae
1535 5011 1647 5093 ipsius.
1671 5011 1786 5092 Sioque
1810 5019 1971 5088 renovata,

1231 5111 1316 5174 volat
1337 5130 1373 5172 ac
1392 5110 1489 5186 videt,
1508 5119 1543 5172 ut
1563 5109 1662 5172 reiert
1680 5109 1828 5172 Isidorus
1846 5109 1975 5190 Legitur

1231 5210 1337 5287 ctiam,
1355 5210 1441 5291 quod
1458 5209 1482 5270 si
1499 5209 1572 5291 quis
1588 5209 1742 5287 sanguine
1757 5208 1826 5290 ejus
1842 5208 1976 5271 inunxe-

1231 5309 1274 5371 rit
1288 5309 1397 5372 oculos
1413 5325 1497 5386 snos,
1516 5327 1651 5390 pergens
1666 5307 1850 5385 dormitum,
1862 5307 1977 5371 dumo
