4309 6259
69 1496 139 1538 tante.
149 1511 176 1538 rr.

54 1563 81 1602 ta:
92 1574 133 1605 xiii,
144 1563 176 1602 ta.

54 1628 82 1667 hl:
90 1623 114 1664 tlt
124 1625 175 1674 nee.

52 1689 176 1732 ottonum.

53 1751 72 1787 δυ
81 1755 100 1788 et
110 1762 156 1803 sep.

561 519 735 564 manuario
757 519 787 564 nt
809 519 877 564 car.
901 519 965 565 xvu
986 518 1123 565 narraret.
1147 537 1187 548 -
1207 519 1278 564 nm.
1302 517 1385 564 xxxv
1684 496 1740 560 251

192 688 390 752 oblationem
408 691 554 772 legalem,
572 689 722 752 videlieet
736 690 873 753 hostiam
890 708 944 771 pa·
958 689 983 751 Α
998 709 1035 752 ao
1052 688 1271 752 liberationem
1288 708 1345 770 per
1360 687 1547 767 sanguinem
1560 685 1675 750 Christi
1686 685 1742 748 :ad

193 787 322 850 cilicem
342 798 397 851 aut
417 809 475 872 pro
496 798 636 871 peccato,
654 801 683 850 et
704 793 749 850 orl
763 792 882 850 ostium
899 800 944 850 to-

193 889 361 948 bernruntli
373 892 549 949 testimonii
558 910 624 949 nort
634 891 811 950 addocent
820 909 899 955 earn,
909 899 944 948 ut

192 992 349 1062 effractae-r
361 991 501 1049 Donn'no
517 1006 573 1069 per
588 1006 701 1049 manus
718 988 889 1050 sacerdotis
910 987 942 1048 in

193 1084 263 1147 loeo
283 1085 497 1149 determinato
522 1095 554 1148 et
578 1093 773 1160 consecrato,
798 1088 944 1146 interibit

191 1187 231 1244 rie
245 1190 367 1261 populo
381 1207 450 1247 arro.
464 1185 690 1248 Verumtamen
706 1186 766 1247 viri
784 1185 897 1247 lideles
912 1193 944 1247 et

192 1282 293 1362 aliqui
317 1283 420 1346 sancti
444 1283 592 1347 iuratori
613 1285 813 1347 Testamento
834 1285 944 1362 legun-

193 1389 245 1442 tur
267 1390 357 1444 extra
381 1382 468 1444 hune
488 1383 592 1445 locum
617 1383 752 1445 Domino
776 1382 940 1459 obtulisse,

192 1489 226 1542 ut
249 1489 334 1561 patet
359 1482 399 1543 de
420 1481 579 1557 Gedeone,
602 1490 634 1543 et
658 1490 747 1563 patre
768 1481 939 1557 Samsonis,

192 1579 374 1653 Salomone,
392 1579 485 1641 Elia:
502 1581 587 1660 quod
604 1599 641 1642 ex
657 1580 766 1642 divina
781 1580 943 1660 dispensa-

191 1679 290 1752 tione,
301 1678 496 1741 revelatione
506 1688 562 1740 aut
577 1678 787 1759 inspiratione
802 1678 942 1741 ereditur

192 1777 324 1839 laetum.

999 789 1085 870 quod
1101 787 1369 871 praesignandum,
1388 787 1537 850 universa
1553 785 1632 866 legis
1649 783 1743 847 sacri-

1000 889 1076 950 lieia
1092 887 1312 970 principaliter
1327 887 1566 951 ordinabantur.

1038 992 1162 1050 Animo
1184 1010 1255 1067 quar
1276 991 1446 1049 comederit
1469 989 1687 1056 morticinum,
1711 983 1742 1045 id

999 1096 1046 1150 est
1061 1107 1177 1168 corpus
1193 1087 1340 1150 animalis
1356 1105 1412 1168 por
1427 1106 1460 1148 se
1476 1084 1646 1155 monetet
1662 1082 1740 1145 liciti

998 1187 1036 1248 ad
1051 1187 1244 1249 rescandum
1261 1205 1298 1250 ex
1315 1205 1370 1248 sua
1386 1193 1504 1260 natura,
1515 1193 1546 1246 et
1562 1183 1588 1246 si
1604 1191 1676 1264 apte
1692 1201 1743 1264 pa-

999 1293 1097 1355 retur,
1115 1291 1166 1346 cel
1180 1297 1310 1363 capram
1326 1307 1345 1344 o
1362 1287 1471 1353 beatio,
1488 1283 1519 1344 id
1541 1291 1589 1345 est
1608 1280 1742 1344 dilania-

999 1394 1066 1446 tum
1082 1385 1123 1446 ab
1138 1385 1246 1466 aliqua
1261 1383 1339 1461 tera,
1357 1392 1387 1446 et
1403 1381 1449 1445 sic
1464 1390 1637 1458 mortuum,
1654 1389 1742 1443 ante-

997 1503 1092 1564 quam
1118 1484 1227 1548 virum
1252 1483 1415 1565 eripiatur,
1443 1501 1498 1544 seu
1529 1482 1638 1544 laesum
1664 1479 1740 1542 satis

997 1583 1060 1646 cito
1086 1591 1117 1645 ot
1142 1583 1369 1646 convenienter
1399 1589 1578 1661 coquatur3
1612 1590 1678 1640 torn
1701 1583 1741 1639 de

997 1683 1163 1758 indignanis
1187 1701 1283 1760 quam
1310 1683 1349 1740 de
1374 1681 1518 1740 eticonis,
1550 1677 1638 1740 Unde
1666 1685 1740 1739 ante

997 1779 1063 1842 haeo
1088 1780 1183 1842 verba
1208 1779 1239 1840 in
1263 1786 1350 1840 textu
1371 1777 1505 1840 habetur
1521 1797 1532 1836 .·
1548 1779 1651 1837 Homo
1670 1777 1740 1855 qui-

229 1877 471 1956 Consequenter
485 1897 558 1938 esus
574 1877 742 1958 sauguinis
752 1877 942 1957 generaliter
958 1890 980 1950 Β
996 1898 1132 1956 euinque
1147 1881 1186 1937 de
1200 1879 1282 1955 filiis
1297 1880 1400 1936 Israel
1417 1877 1583 1935 lunatione
1599 1877 1666 1934 sive
1685 1895 1740 1934 aaa

189 1975 391 2058 prohibetur,
409 1977 494 2056 quod
511 1985 542 2037 et
558 1996 654 2058 supra
671 1976 828 2038 interdum
846 1994 942 2057 erpo

188 2074 288 2135 situm
304 2083 364 2147 est,
377 2082 409 2136 et
424 2093 527 2137 causat
543 2074 771 2156 prohibitionis
787 2074 941 2156 praehabi-

189 2182 404 2248 tasnatum
420 2181 467 2235 est
483 2172 663 2237 dillieultas
680 2174 712 2234 in
730 2177 939 2235 tentuHomo

188 2273 479 2351 qrrilr'brtderlomo
495 2277 600 2334 Israel
614 2284 643 2334 et
663 2277 703 2332 rie
718 2276 865 2342 octennis,
881 2275 941 2351 qni

184 2374 444 2447 juncea-inuritur
461 2374 640 2433 intereos:
656 2378 687 2434 et
708 2372 792 2434 istud
813 2372 853 2433 de
873 2391 940 2432 mu-

189 2468 324 2531 lieribus
345 2489 475 2551 quoque
496 2478 544 2532 est
565 2470 808 2551 intelligendum
824 2494 831 2544 ;
848 2473 877 2529 si
891 2491 940 2529 eo-

187 2570 325 2628 rnederit
339 2571 547 2644 sanquinem,
558 2572 730 2647 obfirmabo
744 2572 863 2648 faciem
879 2591 940 2628 rne-

185 2677 373 2727 cumcontra
387 2670 535 2728 oninium
551 2671 652 2738 illices,
666 2668 697 2729 id
720 2676 777 2743 est,
796 2668 939 2730 districte

184 2785 222 2828 ac
245 2765 441 2828 vindicatire
460 2767 636 2848 adspiciam
657 2767 757 2842 illum,
774 2778 804 2828 et
818 2770 939 2845 rlr'aper-

184 2869 265 2926 (Irim
285 2886 358 2925 eam
380 2869 421 2924 rte
437 2870 559 2943 popolo
580 2887 637 2925 suo
653 2887 665 2924 .·
684 2885 757 2928 eum
780 2865 938 2947 plagando

185 2985 243 3026 seu
260 2964 449 3039 occidendo,
466 2984 527 3027 nec
547 2965 608 3026 erit
628 2984 685 3046 por
705 2965 869 3027 caritatem
890 2965 938 3026 in-

995 1978 1091 2052 cupr'o
1106 1977 1223 2052 reperit
1233 1976 1338 2051 serum
1355 1978 1404 2034 oei
1419 1995 1521 2045 urent,
1531 1975 1646 2052 quibus
1658 1975 1740 2032 vesci

997 2075 1123 2134 licitum
1148 2083 1203 2144 est,
1229 2073 1352 2149 fundat
1375 2073 1568 2149 sanquinem
1594 2072 1676 2148 ejus,
1703 2081 1739 2131 ut

995 2175 1119 2249 operiat
1136 2174 1232 2232 illum
1249 2182 1345 2231 terro.
1370 2169 1477 2252 Itaque
1498 2169 1615 2245 anima,
1637 2169 1669 2232 id
1691 2178 1740 2232 est

995 2270 1100 2343 homo,
1118 2270 1174 2352 qui
1198 2270 1371 2332 comederit
1392 2269 1597 2333 morticinum
1619 2269 1668 2332 vel
1689 2288 1739 2332 ea-

995 2378 1084 2450 ptum
1101 2369 1246 2445 abrstia,
1265 2376 1327 2431 tam
1345 2369 1384 2430 de
1406 2369 1564 2449 indigenis
1584 2388 1679 2450 quam
1699 2369 1739 2430 do

992 2468 1136 2544 advenis,
1147 2468 1178 2530 id
1195 2468 1333 2542 estsine
1349 2467 1427 2531 civis
1445 2467 1551 2544 luerit,
1569 2468 1636 2530 sive
1652 2485 1739 2548 pere·
1782 2535 1787 2542 ,

993 2568 1115 2645 grinus,
1134 2569 1218 2629 etad
1234 2565 1330 2629 ritum
1342 2575 1482 2630 vestrum
1499 2570 1738 2638 conversusla-

995 2668 1081 2727 vobit
1097 2668 1284 2727 vestimenta
1300 2688 1359 2726 sno
1374 2677 1403 2726 et
1418 2668 1621 2743 semetipsum
1632 2685 1737 2745 aqira:

993 2772 1027 2825 ut
1043 2765 1090 2826 sic
1106 2784 1187 2846 aqua
1203 2764 1418 2846 adspersionis
1434 2773 1605 2846 purgetur3
1622 2774 1652 2824 et
1666 2783 1738 2823 con-

993 2866 1173 2925 taminatus
1187 2866 1249 2924 erit
1266 2884 1366 2943 usque
1380 2868 1424 2924 ad
1439 2883 1616 2940 t‘t’speruttt,
1637 2873 1666 2922 et
1681 2865 1738 2922 hoe

991 2965 1105 3022 ordr'ne
1119 2966 1262 3022 mundns
1276 2967 1341 3041 fiet.
1360 2961 1444 3024 Istud
1460 2960 1668 3042 praehabitum
1690 2969 1737 3024 est

182 3069 373 3142 corporatus
385 3063 670 3143 synagogaeelocta
682 3081 822 3125 scrivere
834 3062 972 3137 lideli,(}
992 3081 1088 3143 supra
1112 3069 1207 3144 atque
1229 3062 1418 3143 expositum.
1443 3061 1527 3122 lstud
1549 3079 1677 3141 quoque
1703 3060 1735 3122 in

184 3161 248 3222 nisi
267 3160 433 3242 paeniteat,
452 3161 500 3222 vel
518 3180 666 3223 excausa
682 3161 798 3224 divinae
815 3161 937 3243 sapien-

183 3261 237 3321 tire
248 3267 336 3333 nota,
347 3257 520 3322 differatur
536 3260 615 3322 ultio
631 3260 703 3322 talis
714 3285 721 3337 ;
733 3263 812 3340 quia
823 3264 936 3322 anima

184 3360 297 3417 earnis
322 3361 360 3417 in
384 3361 546 3434 sanquine
568 3369 624 3429 est,
649 3358 681 3420 id
706 3366 764 3434 est,
791 3377 829 3420 ex
853 3359 936 3420 bona

182 3455 354 3535 sauguinis
364 3455 574 3536 dispositione
587 3457 769 3537 presertim,
778 3458 936 3538 dependet

182 3555 250 3616 vita
279 3555 441 3630 animalia,
469 3575 525 3617 seu
550 3555 734 3618 exsistentia
759 3564 791 3618 et
815 3575 936 3638 perma-

183 3653 294 3715 nentia
310 3653 426 3715 animae
448 3654 479 3714 in
502 3672 635 3736 corpore
651 3654 802 3717 animato.
820 3655 935 3736 Sieque

182 3753 310 3814 ridetur
327 3753 466 3825 crudele,
485 3753 672 3832 sanguinem
689 3773 745 3816 sou
759 3754 880 3834 aliquid
897 3775 934 3817 ex

182 3851 342 3931 sanguine
358 3851 554 3925 contectum,
572 3852 748 3914 comedere.
766 3852 864 3914 ludaei
880 3872 935 3914 au-

183 3959 246 4012 tem
264 3951 305 4012 ad
321 3950 544 4012 crudelitatem
567 3959 598 4013 ct
618 3950 783 4030 sanguinis
803 3951 934 4014 allusio

181 4067 256 4110 nem
283 4056 375 4110 orant
401 4047 560 4129 proclives
581 4067 589 4110 τ
612 4048 683 4110 ideo
708 4047 793 4110 istud
819 4067 934 4130 praeoc-

180 4157 273 4228 ptum
289 4155 338 4208 cst
355 4145 446 4227 ipsis,
463 4155 499 4207 ut
514 4146 565 4209 vcl
583 4147 629 4209 sie
649 4167 667 4208 a
687 4147 873 4209 criidolitate
894 4149 932 4208 erl

992 3160 1156 3243 primitiva
1177 3160 1318 3224 Ecclesia
1340 3160 1439 3223 sancti
1457 3159 1600 3242 Apostoli
1624 3177 1735 3242 perace-

991 3268 1107 3341 perunt
1128 3260 1168 3322 ad
1192 3269 1316 3341 tempus
1338 3279 1355 3322 a
1378 3259 1539 3322 conversis
1561 3257 1735 3338 gentilibus

990 3357 1164 3433 observari,
1181 3358 1271 3439 juxta
1287 3358 1366 3420 illud
1382 3360 1516 3420 Actuum
1536 3375 1543 3418 :
1561 3357 1671 3419 Visum
1688 3365 1734 3418 est
1750 3383 1880 3432 ,ιαμ-,ει

991 3456 1122 3538 Spiritui
1140 3457 1253 3520 Sancto
1269 3465 1300 3520 et
1315 3457 1461 3534 nohis‚ut
1476 3455 1663 3519 abstineatis
1679 3473 1735 3519 ros

990 3555 1031 3616 ab
1051 3555 1224 3618 immolatis
1247 3556 1499 3631 simulacrorum,
1518 3564 1548 3617 ot
1568 3554 1733 3635 sanguino,

990 3662 1021 3716 ot
1037 3653 1206 3730 suilooato,
1224 3661 1256 3716 ot
1272 3654 1492 3717 fornicatione.
1509 3652 1597 3716 Unde
1618 3673 1674 3736 per
1694 3654 1736 3716 la-

990 3761 1130 3814 ceratum
1151 3772 1170 3814 a
1190 3752 1303 3828 bestia,
1321 3753 1449 3833 quidam
1472 3751 1655 3834 intelligunt
1672 3751 1736 3814 sul-

991 3849 1131 3913 loeatum
1148 3850 1322 3926 dumtaxat,
1340 3851 1390 3913 rel
1406 3849 1462 3913 diu
1476 3850 1541 3931 Jam
1562 3858 1733 3913 mortuum.

1030 3949 1181 4011 Praeterea
1197 3949 1236 4011 de
1252 3949 1310 4011 hac
1327 3948 1458 4012 materia
1474 3948 1584 4011 scribit
1600 3949 1735 4011 Thomas

989 4047 1215 4128 compendioso
1232 4046 1264 4108 iu
1281 4047 1384 4128 prima
1399 4047 1553 4122 secundae,
1561 4047 1735 4127 quastione

990 4146 1058 4220 102,
1075 4146 1161 4227 quod
1184 4146 1222 4208 ad
1247 4145 1412 4208 vitandum
1436 4146 1624 4209 idololatriae
1646 4165 1736 4209 occa-

180 4244 436 4307 miserioordiam
468 4245 679 4307 traherentur.
706 4249 749 4306 Et
777 4267 833 4323 eqo
856 4249 934 4306 deli
951 4251 973 4312 [t
988 4244 1122 4318 sionem,
1148 4244 1246 4307 roluit
1269 4245 1350 4306 llous
1373 4244 1435 4306 sibi
1456 4245 1488 4305 in
1512 4263 1575 4307 uno
1599 4245 1668 4307 loco
1689 4244 1734 4307 ol-

180 4347 277 4402 illem
306 4344 405 4413 aridia,
433 4343 465 4403 irl
494 4351 552 4415 est,
580 4362 673 4404 usum
698 4344 864 4422 sanguinis
892 4345 931 4406 ad

179 4441 243 4502 boc
258 4438 352 4502 vobis
367 4439 523 4514 concessi,
542 4449 577 4499 ut
593 4459 690 4516 super
704 4445 809 4500 altare
825 4462 931 4500 inerim

177 4540 318 4615 expietis
331 4558 392 4614 pro
408 4539 580 4598 eniinebns
597 4541 720 4610 cestria,
734 4538 765 4599 id
781 4547 839 4615 est,
857 4559 932 4621 qua-

178 4646 274 4697 tenus
295 4635 444 4697 sacerdos
467 4635 655 4715 sanguinem
680 4636 853 4699 hostiarum
877 4657 931 4700 ve-

176 4745 319 4796 strarum
346 4753 443 4815 super
463 4734 563 4796 altare
588 4733 753 4798 fundendo
778 4743 832 4798 aut
857 4736 931 4798 liui-

176 4832 274 4905 endo,
305 4841 496 4913 cooperetur
526 4841 639 4895 vestra
670 4834 867 4914 purgationi,
899 4845 930 4898 et

176 4931 389 5012 ignoscantur·
405 4930 498 4993 robis
516 4940 645 5011 peccata
661 4940 777 4994 restra.
796 4933 866 4995 ldeo
882 4953 930 4995 se

176 5029 291 5110 quitur
318 5047 326 5090 τ
352 5039 383 5088 et
411 5032 546 5106 conparis
567 5050 627 5106 pro
652 5033 772 5091 uniente
798 5035 929 5107 pluente

174 5129 233 5197 sit,
252 5128 283 5189 id
304 5136 363 5201 est,
383 5146 441 5210 pro
462 5127 650 5190 remissione
670 5129 792 5210 peccati
813 5131 930 5193 auima-

176 5245 252 5288 rum
274 5235 453 5289 vestrarum
477 5224 640 5301 tundatur,
661 5228 700 5288 ad
724 5228 929 5308 praefiguran-

175 5326 257 5387 dum
273 5323 489 5386 universalem
509 5334 541 5386 et
562 5324 688 5406 plenam
707 5327 927 5408 purgationem

989 4342 1076 4417 terri,
1104 4343 1179 4423 quia
1209 4345 1247 4405 ad
1279 4343 1490 4405 idololatriam
1517 4343 1616 4407 ludaei
1644 4353 1734 4406 orant

989 4441 1185 4523 pronissimi,
1211 4451 1307 4523 atque
1332 4451 1367 4504 ut
1393 4441 1474 4504 fides
1500 4442 1594 4503 unius
1620 4443 1673 4505 Dei
1701 4442 1732 4504 in

986 4540 1136 4603 cordibus
1159 4540 1326 4602 hominum
1350 4540 1553 4615 firmaretur3
1575 4541 1614 4603 ad
1631 4551 1733 4604 osten-

985 4639 1125 4701 dendum
1142 4656 1280 4720 quoque,
1291 4640 1375 4720 quod
1392 4638 1566 4720 corporalis
1580 4639 1685 4701 cultus
1701 4649 1732 4702 et

985 4738 1101 4817 legalia
1117 4737 1276 4800 sacrilioia
1292 4757 1356 4800 non
1373 4746 1462 4800 crant
1479 4738 1507 4800 ei
1525 4757 1581 4820 per
1597 4758 1630 4801 se
1645 4759 1731 4802 acce-

985 4846 1044 4917 pta
1056 4837 1153 4899 Seous
1168 4846 1216 4898 est
1232 4837 1271 4898 de
1287 4837 1374 4898 cultu
1391 4855 1481 4899 novae
1492 4836 1578 4917 legis
1589 4837 1622 4898 in
1638 4838 1730 4918 eujus

985 4934 1192 4997 sacramentis
1221 4934 1322 5014 gratia
1351 4935 1543 4997 continetur.
1572 4936 1728 5009 Quantum

984 5052 1060 5095 roro
1075 5033 1114 5094 ad
1132 5031 1328 5113 spiritualem
1346 5033 1400 5095 Dei
1416 5032 1545 5109 cultum,
1558 5034 1731 5098 consisten-

985 5141 1046 5193 tem
1069 5132 1102 5192 in
1123 5131 1269 5194 doctrina
1288 5131 1367 5212 legis
1387 5151 1424 5195 ac
1441 5133 1678 5214 Prophetarum,
1696 5143 1728 5197 et

983 5229 1017 5290 in
1037 5229 1235 5292 orationibus
1254 5249 1290 5292 ac
1313 5229 1460 5291 laudibus
1481 5229 1547 5306 Dei,
1567 5230 1728 5293 habebant

982 5327 1081 5390 iudai
1099 5328 1168 5390 loca
1184 5329 1223 5390 atl
1245 5328 1304 5389 hoc
1325 5329 1473 5409 deputata
1490 5328 1625 5404 diversa,
1642 5329 1727 5390 vide-
