4309 6259
298 1596 382 1641 Marte.

272 1674 328 1711 xrrn,
336 1661 404 1703 15-17.

271 5244 288 5288 ll
296 5245 404 5296 Cornell.

820 506 993 552 anennoeto
1015 508 1046 552 IN
1067 508 1135 553 CAP.
1159 509 1177 552 V
1199 507 1336 554 LEVITICI.
1359 527 1399 536 -
1419 508 1491 554 aar.
1514 508 1565 554 XIV

954 881 1283 971 ARTICULUS
1322 883 1421 967 XIV

775 1135 962 1183 selarxnanls
988 1133 1145 1181 exroslrlo
1173 1133 1306 1181 elusone
1333 1133 1470 1181 carnem
1496 1132 1608 1190 QUINTI.

481 1389 613 1452 RIMUM
634 1389 731 1471 hujus
753 1389 884 1472 capituli
909 1388 1103 1466 institutum,
1129 1387 1161 1451 in
1177 1389 1202 1452 Α
1219 1386 1396 1466 tetigeritis.
1415 1387 1556 1469 Denique
1580 1388 1635 1468 qui
1656 1386 1771 1451 viderit
1795 1386 1958 1450 mulierem
1993 1417 2104 1460 pam,

492 1507 526 1551 se
542 1488 612 1570 ipso
623 1487 742 1551 morale
755 1496 813 1552 est.
825 1489 863 1550 Et
873 1496 1025 1552 consonat
1036 1488 1065 1551 ei
1076 1489 1162 1569 qued

420 1587 563 1651 Christus
586 1587 618 1649 in
634 1587 805 1669 Evangelio
829 1588 981 1650 tradidit:
1000 1587 1031 1650 Si
1055 1607 1163 1670 peeca-

420 1685 511 1763 varit‚
531 1686 690 1767 inquiens,
708 1686 741 1748 in
768 1695 809 1762 te,
827 1687 886 1749 hec
907 1695 954 1750 est
979 1695 1009 1749 te
1029 1686 1161 1764 sciente,

421 1784 519 1848 irater
544 1795 628 1847 tuus.
655 1785 743 1848 Unde
766 1785 829 1847 alia
854 1785 958 1847 littera
983 1784 1102 1848 babet:
1130 1784 1161 1846 Si

419 1884 539 1948 videris
551 1883 680 1948 fratrem
698 1893 785 1947 tuum
797 1904 938 1967 peceare,
952 1885 1075 1966 corripe
1089 1905 1161 1947 eum

420 1983 505 2046 inter
529 1992 561 2046 te
576 1991 607 2045 et
627 1982 732 2066 ipsum
749 1984 862 2047 solum.
881 1983 911 2045 Si
935 2002 999 2046 non
1024 1983 1163 2046 audierit

420 2091 462 2159 te,
480 2081 597 2145 adhibe
623 2091 726 2147 tecum
751 2083 854 2144 adbuc
880 2101 980 2143 unum
1001 2091 1056 2144 aut
1082 2083 1162 2145 duos

420 2190 527 2245 testes.
545 2180 631 2255 Quod
658 2182 684 2242 si
708 2201 765 2244 nec
791 2182 836 2243 sic
860 2181 1008 2258 audierit,
1029 2181 1081 2245 dic
1107 2182 1162 2245 lle·

419 2280 534 2344 clesiae.
552 2280 603 2342 Sic
619 2280 726 2361 itaque
739 2280 857 2343 dicitnr
872 2290 902 2343 et
919 2299 1023 2344 nunc:
1041 2283 1082 2342 St
1092 2302 1162 2359 pee-

418 2381 538 2440 eevcrr't
557 2382 682 2451 aalma,
705 2390 734 2440 et
754 2383 897 2441 arrrtr'err‘t
922 2401 1024 2440 vocem
1040 2381 1162 2456 juran-

420 2479 472 2548 tr‘s,
488 2479 556 2538 nr'sr'
576 2479 782 2549 r'rtdr'ceeerit,
797 2481 938 2555 portabit
955 2481 1161 2558 r‘rat'qrn'tntem

1217 1487 1257 1549 ad
1279 1485 1570 1568 concupiscendum
1593 1505 1672 1563 eam,
1700 1485 1800 1566 tangit
1826 1482 2008 1548 immun-²⁸·

1217 1587 1304 1648 dum.
1322 1585 1427 1662 Perre,
1441 1585 1580 1648 occisum
1595 1605 1613 1647 a
1629 1586 1740 1662 bestia,
1753 1595 1801 1648 est
1816 1595 1961 1668 peccator

1217 1704 1311 1766 quem
1342 1684 1488 1748 diabolus
1512 1686 1551 1747 ad
1573 1685 1706 1748 mortale
1733 1685 1858 1748 induxit
1890 1705 1961 1768 pec-

1217 1792 1333 1861 catum,
1353 1803 1407 1846 scu
1433 1803 1514 1866 opus
1538 1783 1663 1846 bestiali
1690 1793 1777 1847 motu
1797 1783 1961 1847 carnalita-

1219 1883 1258 1944 tis
1278 1891 1461 1965 corruptum
1489 1901 1495 1944 :
1520 1892 1552 1946 et
1569 1883 1629 1946 tale
1654 1882 1804 1960 occisum,
1823 1901 1887 1946 non
1912 1893 1959 1947 est

1217 2001 1374 2046 consensu
1397 1983 1601 2064 tangendum.
1626 1983 1778 2046 Mortuum
1804 2001 1879 2048 rere
1904 2003 1960 2066 per

1217 2101 1262 2158 se,
1280 2081 1397 2162 estqui
1414 2101 1451 2144 ex
1468 2081 1596 2164 propria
1612 2082 1828 2163 perversitate,
1846 2101 1959 2146 concu-

1218 2181 1384 2262 piscentia,
1403 2180 1587 2261 fragilitate,
1605 2189 1658 2242 aut
1678 2180 1776 2242 simili
1797 2181 1892 2264 culpa
1907 2183 1960 2244 de

1217 2280 1319 2342 rictus
1335 2288 1383 2343 est
1397 2279 1518 2362 absque
1534 2279 1718 2361 impellente
1732 2279 1897 2356 exteriore,
1915 2287 1961 2341 ut-

1217 2387 1290 2461 pote
1315 2379 1445 2442 homine
1465 2387 1519 2441 aut
1542 2377 1679 2441 diabolo.
1707 2376 1829 2460 Reptile
1853 2387 1958 2441 autem

1217 2486 1264 2539 est
1279 2496 1334 2540 cor
1349 2476 1486 2554 carnale,
1497 2476 1632 2539 terrenis
1643 2476 1774 2539 omnine
1789 2476 1958 2552 inhaerens,

418 2597 511 2635 sacam
533 2598 544 2635 .·
566 2575 654 2656 juxta
675 2576 904 2657 expositionem
931 2577 1159 2659 praehabitam3
1180 2572 1309 2658 Bgulae,
1331 2576 1482 2654 avaritiae,
1506 2584 1559 2638 ant
1585 2575 1716 2637 luxuriae
1736 2574 1960 2638 miserabiliter

418 2692 483 2754 quo
501 2674 662 2752 docemur,
679 2674 816 2756 qualiter
837 2675 963 2738 ceritati
989 2676 1161 2738 debeamus

420 2771 637 2835 testimonium
657 2774 835 2854 perhibere,
857 2785 952 2856 atquc
972 2796 1009 2837 ex
1031 2777 1161 2839 caritate

419 2871 536 2934 etzelo
556 2871 687 2952 justitiae
712 2873 838 2956 culpam
860 2875 995 2956 proximi
1016 2876 1161 2938 ordinate

419 2978 506 3033 etex
531 2969 711 3033 rarlonabili
732 2991 837 3049 eausa,
856 2993 918 3035 nen
940 2993 977 3035 ex
1002 2974 1160 3055 passionis

418 3067 550 3149 impetu,
568 3077 622 3131 aut
638 3069 751 3132 vitiosa
767 3071 883 3147 radice,
900 3072 1106 3135 manifestare
1118 3072 1162 3136 lo-

416 3184 453 3229 co
469 3175 501 3229 ct
523 3174 664 3248 tempere
684 3169 873 3250 opportunis
892 3188 898 3231 :
916 3172 1002 3250 qnod
1025 3171 1161 3234 maxime

416 3272 464 3326 est
487 3267 689 3342 servandum,
707 3267 732 3327 si
759 3286 797 3328 ex
823 3269 1037 3331 taciturnitate
1058 3270 1162 3331 immi-

416 3371 491 3426 neat
520 3362 565 3428 rei
591 3363 727 3446 publicae
758 3365 947 3447 periculum.
973 3368 1051 3430 the
1077 3370 1161 3432 circa

417 3462 483 3525 lraec
509 3461 650 3543 loquitur
674 3463 850 3544 Origenes:
875 3466 958 3526 Istud
986 3470 1159 3530 seeundum

416 3559 581 3623 historiam
597 3561 688 3624 docet
705 3582 772 3640 noS,
791 3582 831 3626 ne
847 3583 986 3646 unquam
1003 3567 1037 3628 in
1054 3585 1162 3648 pecca-

417 3660 458 3722 tis
469 3660 598 3722 alterius
610 3661 790 3743 polluamus
801 3663 1013 3726 conscientias
1025 3675 1159 3743 nostras,

1216 2677 1416 2754 serviens,ad
1428 2676 1610 2739 divinorum
1627 2695 1663 2738 ac
1678 2682 1866 2737 eternorum
1877 2691 1961 2736 amo

1216 2796 1281 2840 rem
1298 2786 1329 2838 et
1340 2775 1639 2857 contemplationem
1653 2793 1686 2837 se
1702 2774 1805 2855 ipsum
1823 2791 1886 2836 non
1902 2773 1961 2834 cri-

1215 2877 1397 2957 gens,qrred
1409 2873 1574 2937 seinlimis
1585 2883 1680 2954 atque
1691 2872 1855 2936 vilissimis
1867 2871 1959 2934 rebus

1217 2984 1278 3037 tam
1297 2974 1499 3036 insanissime
1515 2973 1776 3050 subdit,summe,
1791 2971 1957 3047 immenso,

1216 3093 1252 3137 ac
1283 3073 1536 3137 incommutabili
1561 3071 1646 3135 beno
1671 3079 1862 3152 contempte.
1889 3069 1960 3133 Om-

1217 3172 1306 3236 nium
1332 3174 1445 3236 horum
1472 3181 1657 3246 contactus·
1671 3171 1817 3232 vitandus
1840 3177 1897 3248 est,
1916 3169 1960 3232 ita

1216 3281 1250 3334 ut
1277 3291 1340 3335 non
1366 3271 1603 3334 consentiamus
1623 3270 1719 3332 altcui
1742 3269 1808 3331 lali.
1825 3268 1910 3342 Quod
1931 3269 1958 3330 si

1216 3371 1289 3452 quis
1305 3371 1401 3452 hujus
1417 3369 1598 3452 oppositum
1621 3367 1730 3447 egerit,
1747 3375 1778 3429 et
1794 3367 1959 3429 immemor

1217 3489 1281 3532 snm
1301 3469 1414 3550 culpe,
1433 3468 1600 3547 ingesserit
1622 3487 1655 3530 sc
1675 3465 1804 3543 divinis,
1822 3465 1959 3547 graviter

1217 3577 1336 3650 peccat,
1354 3577 1385 3630 et
1402 3587 1473 3629 rens
1489 3575 1535 3628 est
1550 3585 1655 3628 ceram
1671 3566 1744 3628 [leo.

1256 3667 1422 3739 preterea,
1451 3666 1477 3727 si
1504 3666 1536 3727 in
1563 3665 1663 3726 veteri
1689 3664 1888 3741 Testamenta
1913 3663 1958 3724 rei

418 3777 674 3822 necconsansnm
687 3761 946 3842 maleagcntibus
957 3765 1159 3846 praebeamus.
1177 3763 1199 3826 (l
1217 3776 1317 3841 erant,
1335 3767 1389 3847 qni
1416 3765 1550 3845 legalem
1577 3763 1664 3826 illam
1689 3763 1874 3826 exteriorem
1901 3762 1960 3823 im-

417 3857 613 3921 Consensum
629 3868 735 3922 autem
757 3861 840 3938 dice,
859 3881 921 3925 non
943 3864 1046 3926 solnm
1065 3865 1160 3928 sinml

418 3958 551 4038 agendo,
569 3959 624 4020 sed
640 3958 735 4020 etiam
756 3979 826 4040 quae
845 3961 956 4024 illicite
970 3973 1058 4042 gesta
1073 3973 1159 4040 sunt,

418 4055 587 4118 reticendo.
600 4055 764 4118 Peccatum
776 4077 850 4122 rere
865 4060 936 4140 ejus
950 4062 1006 4142 qui
1018 4063 1160 4145 pmnitot,

419 4162 449 4215 et
465 4155 635 4217 emendare
651 4157 809 4238 proponit,
827 4168 875 4220 est
889 4160 1124 4223 occultandum.

459 4255 583 4314 Aniene
607 4276 678 4333 qua»
704 4258 842 4332 tetiperr’t
866 4262 997 4338 aliquali
1023 4264 1163 4322 immun-

419 4355 509 4424 dnm,
527 4353 594 4412 sice
614 4357 699 4432 quod
719 4356 856 4416 occisum
876 4379 895 4416 a
915 4360 1011 4419 bestia
1031 4371 1089 4428 cst,
1105 4370 1163 4421 erit

415 4470 475 4528 per
487 4471 518 4510 se
534 4461 710 4521 mortuum,
722 4457 769 4512 uel
783 4458 943 4534 quodlibet
958 4461 1053 4518 allud
1067 4462 1164 4537 ‘repta'-

420 4553 458 4620 le,
481 4559 510 4610 et
532 4551 630 4611 oblita
653 4551 757 4628 suerit
777 4555 996 4617 irrzrnrmdr'tr're
1013 4579 1092 4628 sum,
1109 4579 1164 4618 reo

419 4658 474 4720 cst,
490 4658 520 4710 ct
534 4652 681 4729 deliquit.
700 4650 771 4713 Hac
792 4651 1013 4733 spiritualibus
1034 4664 1065 4718 et
1082 4657 1163 4737 opti-

421 4747 480 4808 mis
502 4747 597 4829 plena
612 4757 685 4810 sunt
706 4749 916 4814 documentis
935 4753 1041 4834 ltaque
1057 4755 1164 4817 anima

420 4853 552 4926 tangens
567 4846 689 4927 aliquid
705 4847 916 4928 immundum,
933 4860 981 4913 est
996 4853 1092 4917 hemo
1107 4855 1163 4936 qui

1217 3865 1407 3928 munditiam
1432 3865 1634 3925 incurrerunt
1658 3881 1695 3924 ex
1711 3861 1867 3944 corporali
1886 3880 1960 3924 con-

1219 3972 1351 4040 tactu‚et
1368 3972 1441 4025 ante
1457 3981 1546 4024 suam
1560 3961 1817 4043 purificationem
1829 3980 1866 4022 ex
1881 3959 1960 4022 obli-

1217 4064 1311 4126 riene
1337 4062 1527 4124 introierunt
1554 4061 1669 4122 atrium
1696 4059 1816 4141 templi,
1841 4068 1896 4122 aut
1919 4060 1960 4122 de

1217 4162 1332 4224 oblatis
1357 4163 1490 4223 ederunt
1516 4177 1522 4220 :
1548 4179 1643 4241 qnam
1670 4159 1961 4240 incomparabiliter

1217 4260 1442 4344 culpabiliores
1462 4257 1612 4321 censendi
1634 4265 1718 4334 sunt,
1737 4257 1790 4338 qui
1809 4257 1960 4336 gravibus

1218 4368 1248 4420 et
1273 4356 1460 4420 mortalibus
1486 4355 1573 4418 vitiis
1599 4354 1745 4430 involuti,
1772 4362 1845 4416 ante
1870 4374 1959 4417 suam

1218 4458 1475 4522 emundationem
1490 4475 1547 4537 per
1563 4474 1670 4518 veram
1691 4452 1912 4518 contritionem
1929 4463 1962 4518 et

1218 4557 1469 4630 contessionem,
1504 4555 1705 4637 impudenter
1740 4552 1961 4633 ingrediuntur

1218 4655 1384 4719 eeclesiam
1407 4654 1460 4715 Dei
1482 4662 1512 4715 et
1536 4653 1680 4730 eborum,
1697 4661 1728 4714 ct
1753 4651 1849 4714 sacris
1874 4651 1962 4731 inge-

1219 4762 1292 4816 runt
1309 4773 1341 4815 se
1364 4751 1563 4814 celebrandis
1580 4750 1750 4833 mysteriis,
1767 4759 1821 4812 aut
1836 4770 1873 4814 ea
1894 4771 1962 4813 sus-

1219 4851 1369 4934 cipiuntt
1394 4849 1469 4923 Quis
1495 4849 1555 4911 sibi
1586 4849 1732 4911 conscius
1761 4849 1800 4911 de
1826 4849 1962 4913 erimine

421 4963 526 5026 pravae
551 4945 693 5008 societati
714 4966 747 5009 se
767 4948 873 5030 jungit
891 4966 898 5010 :
915 4950 970 5031 qui
997 4953 1164 5016 diabolicae
1179 4942 1204 5004 D
1221 4953 1300 5014 laesae
1316 4948 1502 5029 majestatie,
1516 4947 1629 5009 audeat
1644 4966 1678 5009 sc
1690 4947 1754 5027 regi
1771 4956 1962 5029 praesentare

420 5042 616 5124 suggestioni
641 5052 695 5106 aut
715 5045 862 5108 humanae
888 5051 1085 5128 persuasioni
1107 5052 1164 5113 ini·

420 5161 491 5224 quaa
506 5143 675 5220 consentit,
688 5143 744 5224 qui
761 5144 858 5207 rantis
874 5154 904 5208 et
921 5149 1098 5228 peregrinis
1113 5152 1165 5213 do-

420 5240 533 5304 ctrinis
548 5240 727 5304 abducitur.
744 5242 823 5306 Hinc
838 5244 882 5306 ait
897 5246 1066 5327 Apostolus
1085 5267 1091 5310 :
1109 5250 1165 5311 Ex-

421 5339 465 5404 ite
490 5341 529 5402 de
554 5340 659 5403 medio
687 5359 807 5419 corum,
834 5351 865 5406 et
896 5343 1094 5409 immundum
1126 5369 1165 5412 nc

1221 5061 1356 5126 terrene,
1375 5055 1428 5109 aut
1449 5047 1518 5128 ejus
1539 5044 1662 5124 ingredi
1683 5045 1786 5107 aulam
1807 5045 1857 5108 vel
1878 5066 1963 5110 acee-

1219 5150 1294 5212 dere
1311 5149 1474 5209 mensaml

1260 5251 1303 5310 Et
1317 5248 1347 5306 εἰ
1363 5246 1501 5321 trtr'perr't
1511 5246 1688 5323 quidquam
1700 5246 1738 5302 dc
1751 5246 1963 5306 r'tnrnzrndr‘tr'a

1221 5347 1375 5416 leorm'm's,
1386 5344 1444 5406 hoc
1461 5351 1519 5419 est,
1532 5341 1620 5404 vitiis
1636 5341 1800 5404 hominum
1817 5343 1963 5407 virorum
