4309 6259
60 3544 162 3593 Genius,

45 3608 163 3657 niumm.

545 480 717 527 budunello
740 482 769 525 tu
790 482 858 527 GAP.
883 483 900 525 li
922 482 1155 528 uauluuon'ouu.
1178 503 1217 512 —
1239 484 1309 530 auu.
1334 485 1362 529 l'l

744 892 1067 980 lulloutus
1105 897 1162 980 Vl

271 1166 463 1213 nacnansrro
485 1166 660 1212 tirrannus
682 1166 820 1211 cnrrruu
841 1166 942 1219 oururr
964 1167 971 1211 :
997 1167 1183 1224 vocnvuoua
1203 1172 1319 1219 uorsus
1341 1173 1445 1222 nuncu
1468 1177 1627 1225 rsnaarnu.

245 1445 325 1509 UNC
348 1446 463 1528 incipit
488 1446 650 1528 legislator
672 1446 773 1525 legem
796 1444 830 1506 in
853 1463 924 1526 spe·
939 1446 964 1508 Α
979 1449 1139 1528 angelum,
1157 1453 1294 1534 populus
1311 1455 1438 1517 territus
1454 1458 1577 1537 rogarit
1596 1459 1721 1542 Moysen
1752 1476 1868 1528 amn,

255 1545 331 1609 ciali
354 1565 526 1623 resumere,
550 1554 645 1629 atquc
667 1546 706 1607 ad
728 1546 796 1625 ojus
820 1543 924 1607 obser·
980 1556 1015 1608 ut
1031 1548 1099 1629 ipse
1115 1550 1154 1611 ad
1170 1551 1268 1613 Deum
1282 1555 1495 1631 accederet,et
1510 1556 1607 1621 verba
1622 1558 1723 1639 ipsius
1739 1543 1771 1591 '⁸‘
1783 1543 1816 1583 '⁹’

173 1645 319 1708 vantiam
344 1644 615 1709 affectuosissime
637 1645 827 1717 admonere;
854 1650 926 1705 eta
979 1646 1114 1725 audiret,
1133 1649 1397 1732 denuntiaretque
1413 1672 1450 1716 ea
1465 1653 1555 1736 ipsis.

174 1746 287 1808 decern
300 1746 469 1827 praeceptis
484 1744 670 1820 moralibuS,
688 1762 758 1825 qua
777 1742 924 1824 digniora
1019 1747 1062 1805 Et
1087 1750 1136 1807 ait
1151 1768 1162 1806 .·
1177 1750 1246 1825 Epo
1270 1752 1429 1811 Dominus
1443 1756 1530 1814 Deus
1545 1764 1632 1824 tuus,
1648 1773 1667 1818 o
1684 1756 1724 1817 ls-

174 1853 264 1920 suut,
288 1844 414 1925 incipit.
441 1844 630 1923 Vacua-itque
653 1830 776 1919 Mopsus
798 1861 923 1901 orariam
982 1843 1121 1920 rael,cui
1144 1845 1247 1907 solum
1273 1846 1373 1910 latria
1395 1850 1516 1911 cultum
1539 1852 1724 1933 impendere

173 1947 342 2005 Innatam.
367 1943 434 2005 Non
459 1942 546 2005 enim
572 1942 676 2023 potuit
698 1940 805 2003 omnia
827 1940 925 2003 verba
981 1940 1087 2003 debes.
1111 1943 1182 2007 ldco
1208 1945 1384 2010 subditur:
1410 1950 1484 2011 Nm
1504 1952 1631 2011 babebis
1651 1955 1725 2011 deos

175 2042 275 2124 hujus
291 2041 366 2103 libri
383 2060 448 2104 uno
463 2041 514 2103 die
536 2040 680 2123 prolerre
694 2040 734 2102 ad
758 2039 923 2121 populum,
981 2043 1103 2101 alienos
1118 2045 1155 2102 in
1175 2054 1342 2121 conspectu
1365 2066 1443 2107 meo.
1462 2050 1529 2125 lt'po
1550 2051 1638 2109 enirn
1652 2070 1725 2110 sum

174 2142 232 2204 sed
250 2142 356 2205 vitans
380 2139 555 2216 fastidium,
568 2138 712 2220 quolibet
734 2138 785 2200 die
808 2145 926 2200 certam
980 2141 1140 2200 Dominus
1161 2145 1246 2202 Deris
1273 2151 1358 2214 tuus,
1381 2148 1464 2205 Deus
1489 2151 1668 2220 (emulator,
1693 2147 1725 2208 id

175 2240 346 2321 proposuit
368 2246 502 2320 partem.
526 2237 615 2299 Unde
638 2256 723 2300 nunc
751 2235 861 2299 volens
887 2235 925 2297 ad
982 2243 1029 2299 θεῖ
1044 2238 1314 2320 zelatorjustitiae,
1331 2250 1364 2304 θῖ
1378 2260 1505 2307 omnem
1523 2244 1724 2326 iniquitatem

174 2337 385 2418 particularia
410 2336 613 2412 descendere,
631 2335 786 2418 populum
809 2352 927 2397 convo·
982 2336 1142 2398 detestans
1156 2357 1193 2399 aa
1209 2338 1356 2419 puniens,
1374 2345 1509 2402 reddens
1520 2344 1726 2423 iniquitatem

174 2436 273 2499 cavit.
292 2439 335 2498 uu
345 2438 435 2496 dian
450 2439 494 2496 aci
508 2456 581 2496 cum
592 2456 603 2494 :
615 2435 707 2495 Aaui
721 2434 925 2495 cerimonias
978 2445 1113 2511 patrum
1127 2457 1224 2513 super
1237 2440 1323 2514 filios
1338 2441 1375 2498 iu
1392 2442 1559 2502 tertiamet
1574 2452 1726 2521 quartam

174 2546 275 2615 atque
286 2536 434 2613 judicia,
452 2556 523 2615 qum
539 2540 651 2615 loquor
669 2554 724 2611 epo
740 2534 775 2593 in
792 2534 946 2593 auribus·
978 2535 1218 2609 perterritionem
1237 2538 1289 2596 bic
1308 2539 1367 2615 qui
1388 2541 1525 2600 oderunt
1548 2561 1608 2611 rue,
1626 2540 1658 2602 id
1678 2549 1727 2603 θεῖ

176 2637 292 2695 uestris
318 2636 423 2695 bodie.
450 2634 484 2695 ln
510 2634 592 2696 libro
618 2633 679 2695 isto
705 2633 788 2694 idern
814 2639 963 2700 sensusB
982 2630 1181 2695 imitantibus
1196 2633 1274 2696 vitia
1290 2643 1426 2715 patrum.
1447 2636 1599 2719 Denique,
1616 2657 1727 2719 quam·

175 2752 263 2796 nunc
275 2732 337 2795 sub
353 2732 479 2809 iisdem,
489 2751 574 2794 nnnc
587 2732 646 2793 sub
656 2730 727 2793 aliis·
740 2730 845 2793 verbis
863 2729 923 2791 tre
981 2728 1030 2793 vis
1061 2749 1154 2794 nemo
1183 2732 1285 2813 possit
1308 2733 1408 2795 Deum
1433 2734 1521 2797 odire
1550 2737 1726 2798 secundum

173 2841 314 2914 quanter
329 2831 519 2913 exprimitur
536 2833 576 2894 ad
599 2830 821 2893 inculcandam
843 2830 924 2891 harre
982 2846 1027 2904 sc,
1045 2828 1194 2892 videlicet
1209 2830 1242 2891 in
1267 2839 1423 2910 quantum
1448 2839 1496 2893 θεῖ
1516 2832 1586 2914 ipsa
1607 2833 1727 2896 bonita-

175 2932 281 3013 legem
297 2930 387 2995 duris
402 2930 553 2993 cordibus
567 2930 757 2993 iudeorum.
767 2931 927 2991 Dominus
982 2927 1022 2987 tis
1042 2928 1190 3005 essentia,
1208 2936 1239 2990 et
1254 2928 1380 2991 bonitas
1395 2949 1485 3011 pura,
1504 2938 1609 2993 nmen
1632 2932 1728 2995 ratio-

174 3035 262 3091 Deus
287 3040 395 3091 noster
415 3032 541 3107 pepipit
566 3031 730 3090 uobiscum
755 3030 860 3105 sudus
886 3030 922 3088 iu
983 3044 1023 3088 ne
1045 3026 1095 3087 sni
1114 3026 1249 3089 ellectus
1272 3027 1354 3089 odiri
1370 3036 1474 3109 potest
1489 3029 1529 3091 ab
1545 3029 1664 3111 impiis,
1692 3032 1727 3093 in

175 3132 298 3197 Horeb,
315 3128 347 3192 id
370 3136 428 3205 est,
448 3128 480 3190 in
502 3136 610 3191 monte
626 3127 712 3191 Sinai
729 3126 831 3207 legem
854 3144 927 3189 con·
982 3133 1137 3205 quantum
1154 3124 1302 3206 probibet
1316 3146 1353 3189 ca
1367 3145 1438 3206 quae
1454 3127 1516 3209 ipsi
1532 3128 1725 3207 desiderant,

174 3228 252 3290 tulit
278 3227 383 3304 nobis,
400 3234 432 3289 et
454 3234 581 3309 pactum
605 3226 703 3308 pacis,
721 3225 869 3288 amicitie
890 3244 926 3287 ac
983 3230 1014 3285 et
1035 3240 1163 3305 poenam
1186 3222 1318 3305 infligit.
1337 3228 1379 3285 Iit
1401 3227 1526 3302 faciens
1552 3228 1728 3288 misericor·

178 3324 410 3389 familiaritatis
422 3325 579 3407 percussit
590 3324 843 3388 nobiscum.Nou
853 3344 926 3383 cum
983 3324 1074 3383 eiiam
1096 3325 1131 3383 in
1150 3327 1255 3384 multu
1270 3325 1378 3384 millia
1393 3325 1605 3402 diligentibus
1620 3347 1681 3399 me,
1697 3337 1727 3387 ct

174 3426 331 3505 patribus
340 3426 457 3485 uostris
470 3426 547 3485 iniit
553 3422 868 3505 pactumSoriplum
879 3429 927 3483 est
984 3423 1236 3481 custodientibus
1257 3426 1414 3482 mandatu
1436 3444 1517 3485 mea.
1534 3423 1638 3487 Verba
1660 3425 1727 3488 haec
1751 3437 1874 3488 racanas,

178 3525 214 3586 in
230 3522 370 3587 Genesi:
389 3523 473 3585 Dixit
487 3523 569 3585 Deus
591 3524 630 3585 ad
646 3522 709 3585 Noe
725 3531 757 3585 et
778 3523 818 3584 ad
840 3520 927 3583 lilios
985 3520 1018 3582 in
1042 3520 1150 3583 Exodo
1180 3538 1263 3601 sape
1287 3520 1430 3601 exposita
1458 3529 1542 3583 sunt.
1568 3522 1727 3606 Praecpta
1744 3504 1861 3549 ΝΜ·

179 3624 253 3704 ejus
281 3640 289 3685 :
315 3621 396 3685 Ecce
420 3640 478 3702 ego
504 3629 640 3683 statuam
665 3628 793 3702 pactum
819 3638 926 3681 meum
984 3627 1089 3681 autem
1105 3617 1251 3698 Decologi
1267 3637 1337 3699 quae
1348 3618 1400 3681 bic
1415 3628 1614 3701 repetuntur,
1627 3622 1726 3685 Exodi

179 3720 361 3785 vobiscum.
386 3720 540 3783 Similiter
564 3720 628 3783 alio
653 3719 723 3782 loco
749 3717 822 3779 libri
845 3718 928 3799 ejus·
984 3718 1079 3779 otiam
1095 3717 1158 3780 alio
1174 3716 1244 3779 loco
1259 3715 1474 3795 continentur,
1492 3728 1524 3781 θῖ
1538 3719 1659 3785 dilluse
1674 3741 1727 3785 cx-

178 3823 254 3884 dcm
280 3820 433 3883 Dominus
459 3818 503 3881 ait
527 3818 567 3880 ad
592 3818 750 3881 Abraham
778 3836 785 3879 :
810 3817 927 3882 Ponam
945 3825 967 3888 c
986 3817 1090 3899 posita
1111 3824 1209 3878 sunt:
1228 3815 1299 3878 ideo
1321 3834 1385 3879 non
1407 3824 1455 3879 est
1476 3816 1724 3885 immorandum.

179 3920 288 3985 loedns
309 3937 417 3981 meum
441 3918 638 3980 intermeat
656 3926 695 3979 ῖθ.
715 3917 760 3979 Tu
783 3936 858 3997 crgo
876 3937 930 3981 cu·
987 3918 1060 3979 Noa
1089 3918 1261 3992 usurpabis
1290 3936 1405 3976 nomeu
1429 3918 1564 3979 Domini
1587 3922 1649 3981 Dei
1679 3924 1730 3983 tui

177 4018 300 4083 stodies
316 4025 444 4100 pactum
454 4015 742 4091 mcum.Quomodo
757 4033 832 4095 ergo
845 4036 929 4080 nunc
984 4016 1123 4091 frustra,
1139 4014 1275 4095 jurando
1290 4033 1347 4095 per
1361 4014 1459 4077 Deum
1480 4024 1534 4079 aut
1553 4017 1616 4082 alio
1632 4021 1726 4084 modo

176 4119 224 4180 ait
239 4118 371 4200 Moyses,
388 4116 456 4179 Non
472 4134 545 4178 cum
562 4114 705 4196 patribus
724 4116 840 4177 nostris
855 4114 929 4177 iniit
986 4116 1054 4176 sine
1070 4112 1248 4177 neccssaria
1263 4122 1317 4175 aut
1331 4113 1512 4176 rationabili
1528 4134 1638 4194 causa3
1648 4121 1729 4199 quia

178 4218 341 4300 pactuml
363 4214 424 4277 Sed
446 4215 485 4276 ad
508 4214 574 4277 haec
596 4232 633 4276 ac
655 4214 774 4276 similia
795 4233 859 4275 nna
882 4233 931 4277 re·
986 4234 1050 4274 non
1064 4214 1127 4273 erit
1143 4213 1325 4290 impunitus
1339 4213 1398 4292 qui
1412 4233 1510 4292 super
1525 4236 1560 4273 re
1575 4236 1662 4277 cana
1676 4238 1730 4278 no·

177 4315 323 4400 sponsio,
350 4314 427 4396 quia
456 4332 528 4375 cum
559 4312 624 4375 illis
650 4313 732 4375 Deus
756 4332 822 4376 non
854 4313 930 4375 iniit
987 4333 1058 4372 men
1083 4314 1153 4389 ejus
1176 4312 1444 4388 assumpseritis
1469 4321 1527 4390 θεῖ,
1551 4315 1590 4376 ad
1611 4314 1728 4379 contir-

178 4423 322 4498 pactnm,
341 4413 447 4488 idest,
465 4410 700 4476 observantiam
720 4412 816 4494 hujus
833 4412 929 4476 totius
986 4412 1139 4474 mandnm
1154 4429 1221 4473 rem
1237 4429 1293 4473 seu
1309 4409 1503 4474 locutionem
1518 4432 1651 4491 cassam,
1665 4414 1730 4478 ina·

181 4512 263 4594 legis
279 4512 326 4575 eis
343 4530 406 4574 non
421 4511 528 4593 jussit,
547 4529 604 4573 nec
620 4510 722 4589 legem
739 4511 821 4574 banc
837 4510 932 4573 tradi·
987 4529 1071 4587 nem,
1099 4507 1247 4572 lrivolam
1277 4516 1332 4570 aut
1359 4507 1536 4590 indignam,
1563 4510 1664 4597 Deum
1695 4514 1728 4576 in

181 4614 233 4676 dit
249 4611 339 4695 ipsis.
358 4612 455 4673 Facie
470 4614 514 4671 aei
532 4611 650 4687 faeiem
672 4614 794 4671 locutus
809 4620 853 4670 est
873 4631 930 4671 uo·
988 4617 1101 4672 testem
1116 4605 1310 4689 acceperitO
1324 4626 1420 4688 qnam
1436 4606 1529 4670 multi
1541 4617 1652 4672 contra
1666 4611 1729 4676 boc

182 4714 285 4773 bisin
301 4719 407 4770 moute
424 4712 465 4769 de
480 4710 696 4785 medioipnis,
713 4708 745 4771 id
761 4716 808 4772 est
824 4708 929 4790 palam
988 4716 1097 4788 agunt,
1123 4715 1155 4769 ct
1178 4705 1349 4787 pessimam
1380 4704 1442 4767 sibi
1466 4709 1730 4773 consuetudinem

182 4820 215 4874 et
243 4829 307 4874 non
331 4827 387 4891 per
409 4806 635 4870 intermedium
658 4806 832 4883 hominem,
856 4808 932 4890 quia
991 4808 1132 4871 iaciuntl

182 4910 377 4990 Decalogum
394 4906 526 4988 protulit
540 4906 580 4968 ad
603 4914 705 4969 totum
721 4906 875 4989 populum
891 4908 931 4969 ls·
1030 4908 1107 4968 Huc
1128 4907 1236 4974 verba,
1256 4901 1406 4965 videlicet
1429 4901 1539 4965 decem
1562 4915 1731 4989 praecepta,

184 5008 251 5071 rael
278 5006 461 5069 immediate
483 5024 540 5087 per
561 5004 721 5083 angelum.
739 5008 808 5083 Epo
830 5028 933 5086 seque·
948 5009 973 5071 D
989 5010 1112 5065 locutus
1133 5013 1177 5064 est
1191 5002 1351 5064 Dominus
1372 5003 1416 5060 ad
1437 5020 1563 5062 omnem
1584 5007 1734 5067 multitu-

182 5119 250 5169 ster
272 5116 303 5167 et
318 5106 445 5166 medius
467 5105 522 5181 sui
542 5106 628 5165 iuter
643 5108 747 5166 Deum
769 5116 798 5165 et
821 5126 873 5166 vos
896 5108 932 5166 iu
987 5105 1099 5165 dinem
1115 5112 1253 5162 uestram
1274 5102 1312 5160 iu
1333 5108 1439 5159 moute
1462 5102 1623 5162 demedio
1647 5105 1733 5181 ipnis

184 5218 328 5285 tempore
344 5206 413 5275 illo,
430 5213 466 5263 ut
481 5205 717 5265 aununtiarem
733 5206 818 5265 vobis
835 5208 929 5265 verba
988 5213 1019 5263 et
1040 5203 1136 5262 nubis
1156 5210 1186 5261 et
1207 5198 1373 5274 calipius,
1395 5216 1468 5257 voce
1489 5218 1624 5277 mapua,
1647 5205 1735 5263 nibil

183 5309 268 5385 ejus.
278 5302 395 5367 Audito
410 5301 497 5366 enim
512 5302 667 5383 Decalogo
682 5321 721 5365 ex
735 5321 789 5366 ore
807 5303 859 5365 Dei
875 5323 932 5385 per
990 5306 1112 5364 midam
1126 5299 1270 5377 amptius
1285 5320 1299 5369 ,·
1317 5305 1347 5357 et
1361 5298 1492 5372 scripsit
1509 5318 1548 5357 ca
1563 5300 1605 5361 in,
1617 5304 1734 5362 tabuiis

315 5438 348 5490 τ.
366 5438 391 5488 a.
1152 5500 1156 5506 ¹
1580 5432 1612 5482 as
