4309 6259
459 495 516 558 tot
857 512 1030 559 66666666
1051 513 1082 557 ut
1104 511 1172 556 car.
1196 511 1213 554 t·
1236 509 1371 556 uuvrrror.
1395 530 1435 538 -
1455 510 1525 556 aar.
1549 509 1604 556 666

456 686 678 763 gerendarum,
695 694 790 766 atque
805 685 907 748 efficii
924 686 1073 764 dignitas,
1087 683 1241 746 medioh
1258 701 1330 745 6666
1356 683 1463 747 emnia
1488 684 1606 745 munda
1631 689 1705 742 sunt
1730 680 1830 744 vobis.
1849 679 1999 753 Quartum

457 783 553 845 criter
577 785 678 846 males
702 803 772 846 csse
798 803 861 848 non
887 784 974 846 sinit.
999 784 1084 846 Talis
1107 783 1203 863 igitur
1258 790 1316 858 est,
1335 782 1468 862 injurias
1488 791 1519 844 et
1539 780 1680 844 offensas
1702 778 1912 843 inferentibus
1927 796 2000 860 666

457 879 575 943 6116661
591 882 726 960 hircum,
745 882 804 945 hoe
820 891 878 959 est,
897 882 946 944 sui
968 881 1069 965 ipsius
1085 882 1201 944 foedam
1259 889 1328 962 pter
1343 881 1441 944 Deum
1457 880 1594 944 libenter
1611 881 1784 961 ignoscere,
1797 878 2000 960 quemadmo

457 978 686 1056 carnalitatem,
718 980 965 1057 animositatem,
992 980 1202 1063 petulantiam
1258 981 1332 1041 dum
1350 980 1492 1042 Christus
1509 987 1640 1042 testatur
1662 997 1669 1042 :
1688 978 1720 1040 Si
1736 975 1921 1040 remiseritis
1937 975 1999 1038 fra·
2034 1001 2101 1043 6666.

457 1085 582 1140 mactet.
601 1078 705 1141 Potest
725 1099 853 1162 666666
875 1099 932 1162 666
953 1079 1131 1162 principem
1152 1079 1203 1140 su·
1259 1078 1360 1140 tribus
1390 1079 1504 1142 vestris
1529 1097 1566 1141 ex
1590 1078 1695 1155 corde,
1723 1085 1754 1139 et
1778 1076 1866 1140 Pater
1896 1083 1999 1140 vester
2012 1067 2097 1114 ’1131-
2135 1123 2136 1156 ,

455 1176 562 1257 perior
583 1177 662 1240 ratio
685 1178 855 1258 designari,
873 1198 944 1259 quae
965 1179 992 1240 si
1012 1179 1046 1239 in
1061 1196 1201 1240 errorem
1257 1177 1397 1240 remittet
1408 1178 1499 1240 vebis
1511 1185 1639 1258 peccata
1649 1185 1765 1240 vestra.
1777 1175 1924 1249 Quintum
1938 1183 1996 1251 est,
2135 1177 2136 1182 ’

456 1273 592 1353 labatur,
606 1274 765 1358 fueritque
781 1285 988 1358 transgressa,
1001 1295 1116 1358 eorpus
1133 1294 1203 1358 pee—
1257 1285 1453 1358 peccatorem
1472 1275 1810 1352 6666661666,61661611
1821 1274 1996 1356 Scriptura:

455 1371 517 1435 eati
540 1393 604 1455 quo
626 1375 771 1452 vestitur,
795 1375 948 1456 castigct;
973 1383 1004 1438 et
1025 1375 1075 1437 sui
1100 1375 1201 1457 ipsius
1255 1373 2120 1456 061666666616666116666616666661166666666116

455 1471 741 1551 defectuositatcm,
764 1473 1032 1556 inquietudinem,
1054 1474 1202 1553 ignoran-
1256 1474 1405 1550 616666,
1427 1473 1527 1535 salvat
1546 1473 1686 1535 animam
1706 1473 1775 1554 ejus
1797 1493 1815 1536 a
1834 1480 1945 1548 morte,
1968 1480 1999 1534 et

455 1569 596 1651 tiamque
612 1570 765 1654 deploret.
1256 1571 1359 1652 operit
1381 1571 1619 1634 multitudinem
1641 1579 1851 1654 peecatorum.
1871 1569 1997 1633 Sextum

493 1668 657 1747 Praeterea,
682 1671 709 1732 si
730 1671 925 1753 quicumque
944 1672 983 1734 de
1004 1671 1123 1753 populo
1145 1689 1202 1752 per
1255 1678 1303 1730 est
1320 1668 1426 1732 fervor
1441 1670 1631 1746 dilectionis
1647 1671 1820 1733 seeundum
1840 1670 1923 1751 quod
1942 1669 1999 1731 Ilo

455 1767 667 1847 ignorantiam
694 1768 792 1833 fucrit
817 1770 935 1852 lapsus,
963 1778 995 1832 61
1021 1769 1089 1851 ipse
1113 1768 1202 1849 juxta
1256 1767 2122 1851 61666166661616166311166111661666166666111116611Ι

454 1867 629 1948 praehabita
645 1869 812 1950 poenitere,
825 1869 1019 1946 satisfacere,
1033 1867 1201 1932 emendare
1217 1868 1239 1930 B
1256 1866 1449 1948 multa,quia
1464 1867 1575 1930 dilexit
1590 1867 1735 1929 multum.
1748 1867 1786 1929 Et
1801 1886 1910 1929 rursus
1925 1865 1999 1928 seri·

455 1983 518 2028 non
534 1965 584 2028 dif
587 1964 676 2030 ferat.
689 1968 794 2031 Potest
809 1976 915 2032 autem
931 1988 988 2051 per
1003 1968 1110 2044 talem,
1124 1965 1202 2028 infe
1256 1973 1345 2048 ptum
1362 1974 1426 2028 est:
1439 1966 1558 2028 Caritas
1569 1966 1673 2047 operit
1684 1965 1920 2028 multitudinem
1931 1984 1999 2048 pec-
2012 1977 2136 2054 traaasq

454 2063 519 2126 6166
539 2065 619 2129 66116
641 2067 832 2132 sensitivare
854 2067 959 2150 portio
980 2067 1108 2149 accipi:
1130 2085 1201 2148 quae
1256 2073 1409 2128 catorum.
1428 2063 1604 2147 Septimum
1619 2073 1667 2128 est
1685 2064 1883 2147 poenitentia,
1901 2083 1998 2146 quum
2135 2057 2136 2078 ¹

454 2161 481 2223 si
496 2183 514 2224 a
532 2165 696 2246 superiore
711 2166 836 2230 ratione
852 2185 916 2229 nen
933 2166 1031 2229 fuerit
1045 2165 1106 2228 rite
1121 2165 1202 2227 dirc-
1257 2164 1340 2226 lavat
1364 2172 1510 2245 peccator
1531 2163 1672 2226 lacrimis
1687 2172 1819 2227 stratum
1842 2182 1945 2239 suum,
1968 2171 1999 2224 ct
2024 2174 2114 2222 666.

453 2268 504 2324 616
525 2270 556 2325 61
578 2262 760 2342 informata,
778 2266 888 2347 sicque
911 2265 1091 2348 peccaverit
1112 2265 1202 2346 juxta
1256 2261 1341 2324 fiunt
1356 2262 1385 2325 ei
1406 2262 1544 2325 Iaorimae
1560 2283 1625 2326 suae
1640 2282 1738 2345 panas
1758 2263 1810 2327 dic
1830 2282 1866 2326 ac
1885 2269 1997 2336 nocte;
2024 2281 2120 2330 66666.

454 2361 571 2423 mentis
587 2360 769 2444 imperium,
787 2364 926 2427 hostiam
943 2351 1133 2446 placationis
1153 2360 1202 2425 of·
1256 2381 1355 2443 quum
1381 2380 1444 2424 non
1473 2361 1632 2425 erubescit
1655 2362 1810 2426 sacerdoti
1836 2382 1892 2425 sua
1920 2361 2000 2424 iudi-

454 2458 536 2520 ferat
558 2460 701 2524 Domino.
720 2461 801 2524 Sunt
823 2462 907 2524 enim
932 2462 965 2524 in
990 2480 1073 2525 nero
1097 2461 1203 2523 Testa·
1256 2479 1327 2523 care
1352 2468 1491 2542 peecata,
1509 2468 1540 2523 et
1565 2479 1705 2542 quaerere
1725 2461 1926 2524 medicinam.
1946 2460 1999 2521 llis

453 2565 562 2620 mente
577 2559 678 2621 multa
693 2560 870 2637 lavacra,ct
885 2561 973 2623 velut
988 2559 1156 2637 sacrificia,
1168 2559 1200 2620 in
1256 2559 1363 2640 116666
1379 2559 1482 2623 modis
1498 2559 1657 2622 diluamus
1673 2559 1830 2641 quidquid
1855 2560 1887 2620 in
1908 2558 2000 2622 nobis

453 2655 570 2736 quibus
582 2658 778 2720 mundantur
792 2669 823 2722 et
840 2659 1048 2741 ignoscuntur
1058 2665 1198 2741 peccata,
1256 2667 1304 2721 est
1322 2658 1434 2740 66166.
1452 2659 1546 2721 Decet
1567 2658 1715 2740 equidem
1738 2657 1940 2720 districtioris
1955 2656 2000 2718 di-

454 2764 548 2835 prout
571 2756 713 2838 loquitur
734 2758 897 2837 Origenes.
920 2758 1060 2820 Primum
1083 2766 1201 2828 66166-
1256 2757 1400 2840 scipliuae
1420 2757 1594 2820 consistere
1612 2757 1837 2833 Christianum,
1859 2774 2000 2838 666666

454 2864 653 2917 crementum
682 2856 845 2939 Baptismi‚
873 2857 905 2918 in
936 2876 1001 2939 666
1025 2857 1143 2921 virtute
1169 2864 1201 2918 et
1256 2854 1381 2917 oblatus
1401 2863 1449 2916 cst
1470 2863 1501 2916 et
1521 2853 1838 2928 mortuusGhristus3
1857 2872 1914 2936 pro
1935 2852 2000 2914 illis

455 2953 568 3017 merito
583 2952 700 3017 Christi
716 2956 824 3019 omnia
840 2956 1044 3018 dimittuntur
1058 2962 1199 3038 peccata,
1256 2962 1361 3016 autem
1387 2971 1501 3035 pecora
1525 2952 1764 3034 jugulabantur.
1787 2952 1844 3016 Pro
1871 2961 1901 3014 te
1924 2970 2000 3014 6666

454 3052 556 3130 gratia
579 3073 706 3136 quoque
730 3062 762 3117 61
782 3054 917 3118 61616166
938 3056 1075 3137 desuper
1095 3052 1237 3124 infun-c
1256 3052 1380 3116 occisus
1401 3061 1449 3114 est
1470 3051 1698 3128 thimoeten
1718 3051 1821 3114 adbuc
1842 3059 1873 3114 16
1889 3069 2000 3133 pecea-

455 3151 585 3213 duntur.
618 3152 798 3215 Secundum
829 3160 877 3215 est
907 3152 1050 3234 martyrii
1082 3153 1198 3234 passio,
1256 3169 1290 3214 re
1316 3151 1473 3213 6161661611
1494 3150 1688 3229 Sanguinem
1709 3149 1825 3213 Christi
1847 3151 2000 3231 adsperge

456 3249 542 3329 quod
558 3259 606 3312 est
621 3250 800 3333 Baptismus
816 3251 1137 3332 saugninisferhnm
1154 3259 1202 3314 est
1259 3249 1376 3330 septies
1397 3249 1436 3311 ad
1457 3249 1567 3326 altare,
1586 3249 1617 3310 id
1638 3257 1696 3326 est,
1717 3247 1934 3312 indesinenter
1954 3266 2001 3309 66

456 3345 730 3429 elecmosynarum
755 3349 891 3429 largitio.
918 3348 1006 3411 Unde
1030 3349 1075 3410 ait
1100 3349 1202 3412 Salva·
1256 3348 1336 3424 cole,
1352 3348 1478 3430 Deeque
1493 3347 1576 3410 Patri
1596 3366 1654 3430 666
1670 3357 1701 3410 16
1716 3346 1799 3410 61166
1815 3346 1998 3430 passionem

308 3452 506 3522 6666166
524 3462 531 3506 :
549 3443 635 3520 Quod
652 3456 807 3529 superest,
825 3447 898 3510 date
913 3448 1158 3529 eleemosynam,
1171 3455 1202 3509 et
1257 3447 1354 3509 illius.

991 3880 1317 3968 laurentus
1355 3882 1464 3966 XIII

563 4155 740 4200 athelberto
766 4155 940 4200 tt‘t'tuttatts
966 4154 1103 4201 cantauit
1130 4156 1230 4210 QUINTI
1254 4156 1260 4200 :
1290 4156 1317 4201 st
1343 4156 1528 4201 Paccat'atttr
1554 4156 1662 4214 61111161,
1691 4155 1727 4199 ΕΤ
1753 4154 1895 4200 abutatur

1092 4255 1190 4300 vocant
1210 4255 1366 4301 JUIIAN'IIS.

526 4531 549 4594 'f
570 4533 670 4616 aliqui
695 4535 786 4616 quasi
811 4534 1007 4598 scholastica
1032 4533 1200 4596 subtilitati
1216 4535 1241 4596 D
1257 4535 1347 4612 dunt,
1365 4543 1400 4596 ut
1415 4541 1500 4616 patet
1517 4535 1549 4596 in
1566 4534 1798 4618 1111666116666
1812 4538 1999 4601 dicitur:St

536 4632 736 4696 intendentes
752 4632 928 4710 affirmant,
941 4633 1023 4695 sicut
1039 4633 1072 4694 in
1088 4652 1202 4715 666666·
1252 4636 1433 4710 peccaverit
1448 4636 1572 4705 661666,
1590 4633 1622 4696 id
1639 4636 1806 4714 esthemo,
1826 4645 1856 4700 et
1876 4637 1916 4700 de
1937 4655 1998 4719 quo

455 4731 544 4793 denti
559 4731 699 4813 capitulo
715 4733 820 4811 agitur
838 4733 878 4795 de
897 4731 1202 4812 oblationibusque
1257 4741 1386 4814 6666616
1403 4732 1486 4794 istud
1503 4731 1637 4812 dicatur,
1652 4733 1816 4799 subdendo
1833 4735 1996 4798 innuitur:

321 4849 440 4898 6666.
457 4829 613 4911 11661666
630 4831 767 4912 peccatis
786 4851 824 4893 ex
845 4831 1034 4912 ignorantia,
1051 4829 1095 4892 ita
1116 4850 1200 4892 nune
1256 4841 1284 4890 61
1300 4833 1444 4891 6166116611
1461 4852 1566 4891 vocem
1574 4833 1736 4906 jurantis.
1754 4834 1811 4897 Per
1827 4851 1936 4897 vocem
1952 4835 1999 4915 ju·

456 4929 495 4990 de
517 4927 686 4992 sacrificiis
708 4948 766 5010 pro
790 4929 927 5011 66666116
949 4949 986 4992 ex
1010 4928 1201 4992 infirmitate
1257 4929 1367 5005 666116,
1392 4929 1523 5010 quidam
1545 4930 1727 5010 intelligunt
1751 4951 1861 4997 vocem
1882 4933 1999 5013 judicis

452 5035 510 5088 aut
532 5026 751 5107 negligentia:
774 5027 857 5108 quod
883 5027 1030 5107 quamvis
1055 5026 1089 5088 in
1112 5036 1202 5108 parte
1256 5027 1444 5108 adjurantis,
1463 5048 1519 5091 seu
1534 5047 1607 5091 eum
1623 5029 1823 5110 adjuratione
1839 5032 2000 5113 requiren-

452 5125 557 5206 possit
574 5124 745 5201 verificari,
764 5144 828 5188 non
846 5134 951 5188 tamen
969 5126 1000 5187 in
1022 5134 1105 5201 toto;
1123 5145 1201 5207 quo·
1257 5125 1297 5186 tis
1322 5125 1362 5187 ab
1387 5124 1506 5208 alique,
1531 5135 1566 5188 ut
1592 5128 1808 5191 testimonium
1834 5129 1999 5211 perhibeat

454 5223 541 5285 niam
558 5223 637 5286 etin
655 5224 715 5286 iste
731 5224 870 5306 capitulo
887 5223 926 5285 fit
941 5225 1062 5287 mentio
1078 5225 1117 5287 de
1132 5243 1201 5307 peo-
1257 5224 1393 5301 veritati,
1419 5225 1458 5286 dc
1479 5244 1541 5306 qua
1564 5226 1667 5309 ipsum
1692 5227 1874 5307 interrogat.
1896 5228 2000 5291 Potest

454 5321 534 5384 catis
549 5341 620 5403 que
639 5341 677 5385 cr
698 5323 877 5402 ignorantia
896 5331 951 5385 aut
970 5342 1077 5387 666666
1095 5342 1201 5406 66666
1257 5342 1384 5404 666666
1405 5341 1461 5406 666
1478 5343 1588 5391 vocem
1608 5324 1744 5405 jurantis
1763 5326 1900 5408 intelligi
1915 5327 1998 5408 jura·
