4309 6259
466 465 525 527 tut
806 481 979 528 ranacario
1001 482 1031 527 ut
1053 480 1121 527 car.
1145 480 1229 526 xxxv
1249 480 1445 527 nuumonux.
1468 500 1509 511 -
1530 482 1609 528 aar..
1624 483 1671 528 mr

462 659 649 726 sacratiore
665 656 854 725 insontium,
864 652 897 715 id
911 661 959 716 θεῖ
975 651 1207 727 innocentium,
1223 651 1250 713 A
1264 652 1390 731 deinde,
1411 655 1497 734 quod
1519 652 1655 736 populus
1675 651 1812 715 libenter
1826 652 1922 714 debet
1936 660 2008 713 tem-

462 775 574 814 eroore
590 759 774 815 inaculatur
790 775 801 813 .·
818 772 881 816 non
904 752 989 835 quod
1013 751 1142 833 sanguis
1162 750 1209 813 in·
1263 751 1384 833 poralia
1399 752 1581 814 ministrare
1596 750 1811 833 his,aquibus
1828 750 2007 832 spiritualia

463 872 581 915 nocens
603 854 645 915 sit
666 853 850 915 immundus
876 860 930 913 aut
955 852 1129 926 maculans,
1152 850 1208 912 sed
1263 850 1407 931 suscipit.
1424 851 1481 913 Per
1505 850 1688 912 suburbana
1709 868 1786 914 vcro
1813 848 2003 922 Levitarum,

462 952 532 1033 ejus
557 950 689 1029 effusor,
716 959 748 1014 et
777 950 846 1032 ipsa
871 951 1056 1013 detestanda
1085 948 1206 1011 effusio
1262 948 1380 1029 quibus
1405 967 1520 1032 pecora
1542 968 1598 1012 sua
1622 948 1760 1025 alebant,
1784 947 2005 1027 intelliguntur

462 1050 600 1113 maculat
625 1059 752 1113 terram.
778 1050 930 1113 Praeterea
961 1058 1091 1132 propter
1117 1048 1207 1109 inno
1262 1046 1441 1127 spiritualia
1456 1048 1550 1123 dona,
1568 1065 1625 1128 per
1640 1066 1712 1128 quae
1727 1046 1851 1128 praelati
1870 1055 1903 1108 et
1918 1046 2006 1127 spiri-

461 1148 601 1211 centium
624 1148 835 1225 sanctitatem,
859 1156 891 1210 ct
916 1147 1073 1230 passionis
1096 1165 1206 1209 eorum
1262 1144 1373 1222 tuales,
1396 1145 1518 1208 animas
1541 1146 1741 1211 subditorum
1764 1144 2007 1225 vulgariumque

461 1246 637 1328 mortisque
662 1247 822 1322 meritum,
837 1254 919 1309 terra
944 1246 1104 1309 interdum
1131 1244 1207 1306 dici·
1262 1242 1505 1317 reficiunt.0uaa
1515 1244 1698 1306 suburbana
1709 1243 1825 1306 debent
1840 1242 2007 1325 millepas

463 1352 514 1407 tur
537 1344 744 1422 sanctificari,
767 1352 799 1407 ct
820 1352 929 1408 saneta
951 1352 1104 1407 vocatur:
1124 1343 1207 1406 sieut
1261 1360 1354 1403 suum
1376 1344 1479 1424 spatio
1500 1343 1587 1405 tendi
1605 1362 1612 1406 :
1630 1342 1707 1424 quia
1726 1342 1857 1423 grandis
1880 1341 2006 1423 spiritu-

461 1444 645 1521 lerusalem,
664 1444 697 1506 in
712 1463 776 1524 qua
790 1462 902 1525 passus
918 1452 966 1505 est
982 1442 1115 1506 Sanctus
1138 1460 1208 1503 san·
1260 1440 1359 1502 alium
1390 1441 1618 1504 charismatum
1649 1440 1855 1504 exuberantia
1884 1440 2005 1522 superi-

356 1556 439 1600 uaut.
462 1551 594 1619 ctcrum,
621 1550 753 1606 vocatur
775 1541 888 1603 civitas
911 1549 1039 1614 sancta;
1066 1547 1098 1603 et
1125 1548 1207 1602 terra
1261 1540 1370 1602 oribus
1393 1541 1571 1604 neccssaria
1595 1549 1653 1618 est,
1681 1550 1715 1603 ut
1739 1542 1779 1603 de
1803 1540 2002 1622 plenitudine

329 1634 391 1671 '¹⁹¹¹'
403 1623 436 1663 ⁵³·
462 1640 693 1722 promissionis,
712 1648 841 1721 propter
861 1638 1011 1719 mysteria
1026 1637 1143 1700 Christi
1160 1637 1204 1700 ibi
1261 1658 1318 1701 sua
1337 1639 1465 1720 copiose
1484 1639 1720 1703 communicent
1735 1638 1797 1702 sibi
1811 1639 1999 1702 commissis.
2026 1657 2108 1701 trans.

462 1739 596 1821 expleta,
607 1746 714 1801 saneta
731 1746 871 1801 vocatur.
884 1740 949 1801 Neo
965 1741 1060 1799 aliter
1075 1739 1207 1814 emptori
1259 1738 1394 1801 Possunt
1419 1747 1524 1801 tamen
1550 1757 1606 1820 per
1630 1737 1812 1801 suburbana
1840 1746 1930 1800 extra
1955 1726 2040 1798 ειν-ω’

456 1848 569 1915 potest,
586 1838 617 1900 id
633 1845 681 1901 est
696 1836 835 1919 purgari,
846 1844 877 1898 et
892 1836 954 1899 Deo
970 1836 1204 1917 quodammodo
1223 1836 1246 1897 B
1261 1838 1316 1900 bes
1332 1838 1403 1914 sita,
1423 1837 1560 1918 intelligi
1576 1837 1650 1899 libri
1665 1856 1760 1900 sacrae
1776 1837 1956 1919 Scripturas,
1972 1844 2001 1897 ct

461 1936 799 2017 reconciliari,su0que
814 1936 908 1997 modo
924 1934 1135 2018 plaeerenisi
1144 1955 1205 2012 per
1260 1947 1441 2001 sanctorum
1470 1937 1596 2000 Petrum
1620 1936 1793 2014 volumina,
1820 1956 1858 2000 ex
1889 1937 2000 2018 quibus

458 2037 529 2112 ejus
543 2038 750 2113 sanquinem,
766 2034 797 2096 id
814 2042 862 2096 est
875 2034 992 2114 justam
1008 2032 1205 2095 interfectio-
1259 2037 1396 2119 populus
1421 2036 1629 2099 saluberrime
1650 2035 1808 2098 enutritur
1826 2053 1833 2096 :
1855 2036 1941 2117 quod
1964 2035 2001 2095 si-

461 2153 544 2209 ncm,
562 2136 620 2213 qui
639 2136 775 2194 alterius
794 2134 986 2209 sangninem
1000 2132 1127 2208 federit
1143 2153 1154 2190 .·
1169 2139 1205 2193 ut
1260 2153 1300 2197 ne
1315 2154 1521 2217 personarum
1542 2135 1726 2217 acceptione
1743 2143 1791 2198 est
1811 2135 1996 2208 faciendum,

460 2232 624 2314 injustitiae
640 2232 811 2312 obliquitas
832 2250 889 2313 per
908 2232 991 2295 hane
1011 2231 1144 2313 justitiae
1160 2249 1205 2293 re·
1258 2235 1342 2314 quod
1353 2233 1571 2315 significatum
1582 2236 1707 2298 videtur
1716 2254 1773 2318 per
1784 2235 1855 2312 boc,
1866 2234 1997 2316 quodad

459 2332 647 2395 ctitudinem
673 2332 840 2394 reducatur
870 2331 910 2393 ad
939 2330 1080 2417 medium
1104 2329 1205 2411 quod·
1249 2342 1394 2415 ⁴quatuor
1408 2335 1516 2417 plagas
1532 2344 1623 2398 terrae
1639 2333 1996 2415 suburbanaaequaliter

460 2433 586 2507 dam‚et
601 2437 858 2513 recompensetur
869 2448 1016 2493 excessus
1033 2430 1136 2511 culpas
1147 2447 1204 2509 per
1259 2434 1483 2497 tendebantur.

459 2529 719 2612 adimpletionem
743 2528 891 2611 justitiae3
915 2530 1024 2611 sicque
1051 2528 1110 2593 fiat
1133 2530 1201 2606 uni,
1297 2532 1404 2610 Porro,
1416 2552 1472 2617 per
1482 2534 1578 2596 urbes
1589 2532 1704 2614 refugii
1720 2532 1944 2613 intelliguntur
1953 2552 1997 2595 ee·

313 2634 444 2689 sapato.
460 2628 542 2690 sicut
558 2627 633 2691 lecit
647 2626 750 2704 alteri,
767 2635 798 2689 ct
813 2645 869 2709 per
884 2646 955 2708 quas
972 2627 1127 2709 peccavit,
1144 2646 1202 2709 per
1258 2632 1435 2696 clcsiastica
1449 2641 1647 2697 sacramenta
1661 2642 1692 2695 et
1708 2631 1905 2715 paenitentia
1920 2632 1994 2705 loca,

459 2735 549 2789 caet
570 2726 731 2808 puniatur.
754 2725 856 2787 Simili
878 2726 972 2789 modo
992 2734 1059 2788 erut
1075 2726 1203 2787 vitanda
1257 2731 1549 2811 claustra,aollegie,
1557 2732 1819 2813 congregationes
1830 2731 1995 2808 devotas,in

458 2834 489 2888 et
513 2824 718 2907 praecavenda
739 2821 822 2887 fusio
845 2824 1010 2905 sanguinis
1036 2823 1200 2887 homicidii
1257 2831 1374 2913 quibus
1399 2832 1575 2914 protegitur
1597 2831 1691 2893 bomo
1715 2832 1756 2893 ab
1781 2830 1994 2895 invisibilibus

458 2924 593 2987 casualis
609 2942 665 3006 per
681 2921 847 3003 praelatum
864 2922 1138 3003 exsilium.Atque
1154 2926 1202 2983 ito
1258 2930 1404 3007 inimicis,
1412 2938 1475 2992 etm
1489 2940 1590 2993 ortem
1600 2930 1705 2992 evadit
1720 2937 1919 3011 perpetuam:
1929 2948 1995 3011 quae

456 3023 979 3099 annuntiabituroestroposscssio,
998 3020 1095 3084 idest
1116 3029 1200 3084 terra
1216 3024 1238 3087 C
1258 3026 1284 3087 si
1309 3034 1382 3090 ante
1407 3035 1541 3090 mortem
1568 3027 1680 3091 exierit
1704 3027 1860 3110 presulis,
1877 3028 1996 3091 occide

457 3139 513 3183 seu
538 3120 635 3201 regio,
660 3141 708 3181 nte
732 3130 947 3181 commorante
972 3122 1146 3191 vobiscum,
1169 3119 1201 3182 id
1257 3132 1328 3187 tur:
1345 3126 1498 3207 quoniam
1514 3126 1540 3187 si
1557 3134 1706 3209 praetacta
1720 3124 1838 3207 refugii
1854 3126 1996 3189 deserue-

457 3228 505 3282 cst
519 3219 560 3282 ob
581 3219 652 3296 boc,
665 3219 749 3300 quod
766 3235 824 3297 ego
845 3226 908 3280 tam
931 3218 1069 3298 gratiose
1086 3218 1201 3301 dignor
1257 3223 1299 3285 rit
1319 3224 1388 3287 loca
1407 3224 1475 3287 sive
1497 3224 1646 3302 remedia,
1663 3232 1834 3305 antequam
1858 3223 1995 3287 finaliter

458 3317 612 3381 intervos
634 3316 834 3392 commorari,
852 3335 946 3397 quem
968 3335 1031 3380 non
1054 3318 1145 3381 decet
1168 3318 1201 3380 in
1256 3322 1369 3386 merito
1386 3322 1553 3386 dominicas
1568 3322 1725 3406 passionis
1741 3322 1893 3400 salvetur,
1910 3332 1995 3385 aster-

458 3426 543 3479 terra¹
562 3414 684 3498 polluta
705 3414 832 3477 morari.
851 3414 940 3477 Unde
963 3414 994 3475 in
1011 3416 1202 3480 Deuterono
1256 3422 1370 3485 naliter
1380 3421 1550 3503 peritflaee
1560 3440 1684 3503 quoque
1695 3420 1810 3501 refugii
1822 3421 1902 3498 loca,
1916 3423 1996 3484 inter

457 3515 521 3577 mio
547 3514 662 3594 legitur
685 3530 693 3575 :
716 3512 869 3576 Dominus
893 3514 974 3575 Deus
1000 3515 1142 3577 ambulat
1167 3516 1200 3577 in
1255 3522 1433 3584 sacerdotes
1449 3521 1694 3603 spiritualesque
1704 3520 1851 3583 homines
1861 3521 1992 3583 maxime

335 3622 343 3639 ‘
456 3614 561 3677 medlo
583 3620 779 3689 castrorum;
796 3610 867 3675 ideo
889 3622 993 3675 castra
1009 3622 1113 3676 vestra
1136 3614 1200 3677 sint
1255 3620 1467 3701 reperiuntur.
1491 3619 1646 3701 Amplius,
1673 3619 1784 3682 nolens
1809 3618 1992 3700 sanguinem

456 3714 1004 3791 sanctala'poenimsumllominus
1019 3715 1077 3792 qni
1093 3715 1199 3775 habito
1255 3716 1350 3795 fudit,
1377 3718 1432 3799 qui
1462 3736 1526 3781 non
1551 3737 1589 3781 cx
1612 3718 1853 3794 deliberatione,
1880 3719 1934 3781 sed
1958 3737 1993 3779 ex

455 3816 542 3874 inter
563 3816 648 3893 filios
669 3816 783 3881 Israel,
807 3810 839 3873 id
863 3818 911 3873 θεῖ
936 3810 968 3885 in
994 3812 1200 3889 tabernaculo
1255 3815 1445 3879 infirmitate
1459 3826 1514 3879 aut
1536 3816 1714 3896 ignorantia
1735 3826 1845 3899 peccat
1866 3826 1899 3879 et
1917 3816 1993 3879 alios

456 3931 512 3975 scu
528 3912 560 3974 in
582 3911 699 3993 templo
714 3911 800 3993 quod
815 3919 882 3973 erat
904 3910 936 3971 in
958 3910 1062 3973 medic
1078 3911 1198 3975 lsraeli-
1254 3915 1496 3993 scandalizatae
1507 3914 1633 3978 facilius
1644 3915 1768 3978 veniam
1785 3924 1990 3997 promeretur.

455 4012 525 4075 tice
544 4011 658 4094 plebis,
676 4012 740 4073 imo
756 4010 862 4091 potius
882 4010 964 4072 inter
980 4008 1067 4073 filios
1088 4011 1193 4089 lsrael,
1253 4012 1311 4087 Qui
1332 4022 1438 4076 autem
1460 4033 1499 4077 ex
1518 4013 1682 4096 proposito
1703 4021 1734 4076 et
1756 4020 1842 4075 certa
1864 4013 1994 4076 seientia

455 4111 486 4173 id
509 4112 612 4175 estin
634 4111 784 4173 cordibus
807 4109 948 4192 ipsorum
972 4128 1028 4192 per
1048 4110 1147 4173 fidem
1168 4118 1200 4175 et
1254 4111 1330 4175 facit
1351 4113 1421 4190 hoc,
1439 4111 1615 4174 difficulter
1634 4119 1772 4188 curatur,
1792 4112 1991 4193 potissimum

453 4212 598 4291 gratiam,
612 4211 652 4272 ad
667 4210 752 4290 quod
768 4208 988 4285 obtinendum,
1005 4227 1135 4273 necesse
1150 4219 1199 4273 θεῖ
1214 4211 1238 4295 f)
1253 4211 1281 4272 si
1309 4211 1549 4275 consuetudinis
1578 4230 1683 4294 prarae
1712 4210 1795 4274 mole
1819 4228 1990 4293 oppressus

453 4310 533 4373 meis
543 4308 673 4373 obedire
689 4308 867 4391 praeceptis.
1253 4310 1318 4384 sit3
1343 4311 1398 4373 sed
1421 4309 1653 4391 desperandum
1675 4328 1738 4372 non
1761 4316 1820 4386 θεῖ,
1842 4310 1992 4391 quoniam

492 4410 644 4472 Praeterea
668 4406 843 4490 spiritualis
868 4414 900 4469 et
923 4407 1074 4489 mysticus
1100 4409 1197 4490 hujus
1252 4408 1463 4491 omnipotenti
1488 4408 1606 4470 lfedieo
1630 4408 1820 4479 animarum,
1847 4410 1993 4471 universa

453 4507 584 4591 capituli
600 4526 723 4585 sensus,
742 4505 816 4569 hinc
836 4505 910 4568 inde
926 4506 1119 4587 praehabitus
1134 4516 1194 4585 est,
1252 4527 1316 4570 non
1332 4508 1434 4570 solum
1450 4507 1687 4591 possibilia‚sed
1698 4516 1729 4570 et
1745 4506 1990 4571 facillimasunt.

452 4608 508 4691 qui
536 4616 640 4671 tamen
665 4605 803 4669 breviter
825 4604 912 4686 tangi
937 4612 1051 4686 potest.
1076 4606 1196 4689 Nempe
1251 4606 1290 4668 At
1305 4625 1380 4669 vero
1396 4606 1436 4669 de
1450 4606 1581 4669 urbibus
1599 4605 1713 4686 refugii
1733 4614 1794 4668 tres
1814 4615 1891 4668 sunt
1906 4615 1989 4669 trans

452 4728 508 4792 per
523 4709 583 4772 boc
598 4707 683 4789 quod
700 4704 915 4768 sacerdotibus
936 4712 967 4767 et
982 4704 1100 4768 Levitis
1115 4706 1195 4769 datae
1249 4704 1428 4781 Iordanem,
1446 4713 1477 4767 et
1493 4714 1556 4767 tres
1578 4703 1618 4766 ab
1632 4704 1695 4767 alia
1715 4712 1814 4785 parte,
1837 4704 1913 4786 quia
1929 4712 1988 4766 um
2034 4699 2037 4705 ’

450 4816 525 4869 sunt
541 4808 634 4869 urbes
649 4804 689 4867 ad
706 4803 924 4880 habitandum,
936 4822 999 4866 ncn
1015 4804 1054 4865 ad
1071 4803 1195 4866 beredi—
1249 4802 1431 4884 spirituales
1450 4822 1545 4884 quam
1569 4802 1734 4867 saeculares
1756 4802 1904 4884 indigent
1923 4802 1987 4864 istis

377 4926 380 4933 ·
450 4906 581 4968 tandum
603 4910 658 4967 aut
679 4901 934 4984 principandum,
952 4901 1137 4982 designatur
1159 4902 1193 4964 in
1250 4901 1410 4964 remediis.

450 5002 574 5087 primis,
600 5008 754 5083 quantum
779 4999 912 5062 avaritia
936 5008 1031 5081 atque
1057 5000 1191 5064 ambitio
1289 5001 1329 5060 Si
1343 5002 1416 5077 quis
1435 5000 1522 5076 ferm
1533 5002 1738 5079 percusserit.
1750 5000 1846 5064 Ferro
1862 4999 1983 5077 occidit,

449 5102 586 5165 vitandae
602 5100 667 5162 sint
687 5098 903 5161 sacerdotibus
919 5106 950 5161 et
967 5097 1103 5175 clericis,
1127 5119 1193 5162 ma·
1248 5098 1304 5179 qui
1320 5096 1467 5159 detrahit.
1485 5098 1641 5161 Detractio
1657 5116 1795 5179 namque
1805 5107 1854 5161 est
1868 5099 1983 5180 gladius

449 5200 533 5263 xime
554 5197 714 5280 religiosis
728 5196 918 5277 evangelicas
933 5197 1022 5278 legis,
1040 5204 1071 5259 et
1087 5206 1122 5260 ut
1138 5198 1191 5261 ba·
1248 5194 1297 5257 bis
1312 5202 1424 5259 acutus
1437 5204 1469 5258 et
1484 5195 1605 5259 ferrum
1620 5195 1839 5273 durissimum,
1859 5216 1921 5279 quo
1935 5198 1984 5259 de·

302 5312 433 5369 tramea.
448 5299 561 5363 bentes
576 5298 696 5365 victum
710 5305 741 5359 et
752 5305 944 5377 tegumenta,
953 5296 1095 5360 contenti
1110 5296 1190 5374 sint;
1247 5304 1364 5359 tractor
1384 5294 1480 5357 simul
1494 5303 1526 5358 et
1546 5295 1683 5372 auditor,
1702 5294 1765 5357 nisi
1784 5296 1980 5371 dissentiant,
