4309 6259
452 488 511 553 484
778 505 951 552 RNARRATIO
972 505 1002 549 tn
1024 505 1093 550 GAP.
1116 503 1213 549 xxvttt
1232 501 1428 548 11111111110111111.
1451 521 1491 529 -
1511 501 1582 547 ΛΒΤ.
1604 500 1662 547 xtv

451 680 633 747 anniculos,
650 678 706 759 qui
728 678 850 741 scilicet
872 695 937 740 non
952 677 1106 739 excedant
1121 683 1196 738 aeta-
1210 674 1235 736 Α
1250 674 1337 736 Unde
1352 675 1401 754 (ut
1416 672 1574 754 fertur)in
1589 671 1718 735 ltebraeo
1732 670 1878 745 babetur,
1891 668 1995 749 Super

449 783 513 837 tem
534 777 611 838 anni
627 778 735 853 unius,
754 779 990 845 immaculatos,
1003 775 1035 836 id
1049 782 1097 837 est
1113 774 1194 836 bene
1250 771 1469 835 holocaustum
1484 771 1725 853 juge,vidclicet
1739 777 1897 851 praeterat
1908 765 1993 828 ultra

449 874 631 956 dispositos,
650 894 713 938 non
729 874 1045 949 monstruosos,viles
1061 881 1117 935 aut
1132 872 1196 935 lan·
1251 870 1341 933 illud.

448 972 572 1051 guidos,
595 974 669 1055 quia
692 973 911 1056 prestantiora
932 974 994 1035 Deo
1016 980 1091 1033 sunt
1112 970 1195 1034 oiie·
1289 974 1331 1031 In
1349 973 1498 1032 Calendis
1512 981 1632 1041 catera,
1650 970 1682 1030 id
1703 976 1751 1031 est
1773 967 1805 1029 in
1829 964 1991 1027 mensium

448 1073 556 1147 reoda,
574 1075 654 1133 daos
669 1075 813 1153 quotidie
828 1075 864 1133 in
880 1075 1101 1132 holocaustam
1115 1092 1195 1131 sem·
1249 1068 1386 1130 exordiis
1409 1088 1465 1131 scu
1488 1068 1674 1144 noviluniis,
1690 1069 1828 1145 offeretis
1842 1067 1993 1124 holocau—

444 1169 625 1244 piternnm,
642 1169 729 1250 quod
755 1168 876 1231 scilicet
901 1169 993 1229 duret
1017 1186 1074 1249 por
1098 1184 1193 1229 omno
1248 1178 1333 1227 stam
1348 1171 1497 1240 Domino,
1520 1174 1629 1250 utpote
1644 1170 1761 1226 citratos
1774 1168 1814 1225 de
1833 1172 1992 1229 armento,

450 1273 573 1348 tempus
589 1267 705 1329 veteris
721 1266 923 1330 Testamenti.
933 1270 1038 1328 Uocem
1055 1267 1193 1343 offeretis
1248 1266 1279 1327 id
1295 1274 1343 1328 est
1357 1274 1500 1348 sumptos
1515 1267 1555 1328 de
1568 1283 1663 1346 grege
1678 1284 1742 1327 suae
1758 1262 1888 1346 speciei,
1897 1265 1990 1329 daos,

448 1370 760 1438 acaemetarum
781 1370 825 1426 ad
845 1386 1021 1442 versperam.
1041 1364 1192 1427 Sacerdos
1247 1366 1380 1425 arietem
1404 1386 1521 1435 anam,
1546 1385 1645 1441 agnos
1673 1366 1844 1425 anniculos
1871 1370 1989 1437 septem

448 1482 586 1544 namque
608 1484 662 1526 seu
687 1465 831 1547 pontifex
854 1465 886 1526 in
912 1463 1053 1526 diluculo
1075 1462 1192 1525 obtulit
1247 1465 1482 1536 immaculatae,
1498 1474 1529 1524 et
1551 1475 1612 1525 tres
1632 1466 1773 1524 decimos
1790 1463 1908 1521 similae
1923 1462 1990 1517 oleo

446 1580 564 1641 agnum
581 1582 679 1623 unum
702 1583 798 1645 super
814 1564 913 1625 altare
929 1561 1117 1638 holocaristi,
1134 1560 1191 1641 qui
1246 1582 1432 1638 conspersa,
1449 1564 1655 1641 r'nsaerifieio
1668 1581 1727 1639 per
1740 1564 1886 1636 singutas
1901 1559 1988 1616 vita-

446 1660 573 1723 totcdia
588 1662 789 1724 cremabatur
805 1662 923 1724 ibidem
942 1682 949 1725 :
966 1680 1030 1742 quo
1045 1679 1191 1723 consum·
1248 1664 1303 1731 ros,
1330 1661 1374 1722 ita
1397 1663 1482 1742 quod
1509 1660 1670 1723 sacrificio
1696 1658 1868 1741 cujuslibet
1891 1654 1989 1717 vituli

446 1766 512 1839 pto,
537 1758 569 1819 in
590 1760 778 1841 crepusculo
801 1759 978 1823 immolavit
1000 1777 1116 1837 agnum
1143 1778 1191 1821 se-
1245 1759 1440 1821 addebantur
1457 1769 1519 1823 tres
1537 1760 1667 1822 decimae
1682 1757 1795 1821 simila
1810 1756 1943 1828 oleatae3
1958 1764 1990 1813 et

444 1857 596 1935 cundum,
624 1858 680 1939 qui
712 1866 776 1921 tota
806 1866 897 1921 nocta
927 1857 1187 1921 comburebatur.
1205 1853 1228 1913 Β
1243 1862 1327 1918 duas
1350 1861 1490 1919 decim
1514 1861 1632 1920 simila
1652 1862 1718 1919 oleo
1739 1876 1911 1933 conspersa
1928 1874 1989 1930 per

443 1958 607 2017 Decimam
630 1967 758 2033 partem
777 1959 852 2033 epbi
875 1959 1005 2025 similae,
1026 1977 1098 2035 qaae
1119 1976 1191 2015 con·
1243 1958 1387 2033 singulos
1407 1960 1545 2029 artetes·
1559 1968 1588 2018 et
1609 1959 1766 2018 decimam
1787 1956 1926 2015 decima
1947 1972 1990 2011 ea

444 2057 604 2131 sparserit
614 2057 905 2132 olcoporisst'mo,et
915 2058 1028 2115 lrabeat
1038 2065 1189 2134 quartam
1243 2060 1309 2115 oleo
1330 2058 1367 2116 in
1388 2059 1549 2134 sacrificio
1561 2077 1621 2134 per
1639 2058 1783 2132 sintqulos
1803 2072 1914 2130 agnos.
1930 2050 1989 2111 Per
2013 2106 2017 2111 ,

442 2162 570 2228 portem
585 2155 655 2214 ltin.
673 2153 895 2231 Holocaustum
912 2171 1050 2233 namque
1065 2172 1128 2215 non
1145 2151 1190 2215 oi·
1243 2153 1398 2217 decimam
1421 2155 1563 2231 decima,
1580 2155 1763 2235 designatur
1786 2170 1849 2213 una
1864 2151 1990 2211 dumta-

446 2250 608 2313 l'orebatur
631 2251 693 2313 nisi
717 2251 877 2332 adjunctis
900 2250 1094 2327 libamentis,
1116 2269 1189 2332 quae
1244 2262 1296 2315 rat
1316 2255 1439 2317 decima
1460 2254 1674 2335 similiaque
1696 2261 1745 2315 est
1766 2252 1890 2314 decima
1913 2267 1988 2331 pars

277 2370 278 2377 ¹
317 2364 429 2416 nimai.
445 2357 535 2410 crant
552 2349 657 2413 simila
672 2350 741 2413 olco
757 2350 984 2431 conglutinata,
1003 2359 1034 2412 et
1049 2350 1161 2411 vinum
1180 2374 1187 2423 ;
1242 2352 1320 2414 cori.
1337 2352 1438 2427 Quaeri
1455 2360 1569 2434 potest,
1586 2371 1643 2415 our
1658 2350 1790 2414 cuilibet
1810 2346 1911 2410 vitulo
1934 2345 1989 2407 ad-

298 2430 354 2469 ⁴'¹⁰·
446 2455 569 2509 etcum
592 2448 739 2527 agniculo
755 2447 951 2511 offerebatur
974 2447 1078 2510 simila
1101 2468 1190 2510 men·
1243 2450 1398 2513 debentur
1422 2461 1483 2513 tres
1503 2451 1634 2514 dccimae
1656 2449 1769 2512 similae
1783 2448 1905 2523 oleam,
1922 2444 1989 2507 cui-

446 2564 528 2607 surae
557 2546 687 2609 decima
717 2546 814 2629 partis
845 2546 931 2628 cpbi.
958 2549 1189 2607 Holocaustam
1244 2548 1322 2611 libet
1337 2560 1442 2612 autem
1457 2550 1549 2613 arieti
1567 2551 1638 2613 dura
1651 2548 1793 2622 decimae,
1812 2544 1989 2624 unicuique

438 2644 521 2721 juge
535 2655 580 2705 cst
594 2647 680 2725 qaod
694 2647 853 2705 obtulistis
875 2645 1008 2707 Domino
1031 2647 1068 2706 in
1084 2655 1190 2706 monte
1243 2657 1348 2709 autem
1364 2668 1446 2729 agno
1461 2649 1611 2712 anniculo
1628 2667 1691 2711 una
1707 2644 1990 2725 tantumltespoo-

446 2745 545 2804 Sinai
555 2765 566 2803 .·
582 2743 658 2825 quia
674 2744 706 2806 in
722 2743 959 2806 consecratione
975 2744 1186 2820 sacerdotum,
1243 2746 1317 2808 dere
1338 2746 1412 2828 quis
1435 2756 1548 2828 potest,
1564 2747 1650 2829 quod
1672 2747 1760 2828 juxta
1775 2743 1916 2806 valorem
1938 2760 1990 2802 sa-
2047 2743 2049 2746 ’

444 2841 707 2923 dedicationeque
723 2841 918 2904 tabernaculi
934 2862 989 2903 scu
1006 2841 1188 2919 altaris,ob·
1243 2842 1359 2906 crificii
1381 2865 1437 2907 seu
1458 2845 1605 2908 animalis
1620 2844 1730 2920 oblati,
1749 2842 1812 2904 tuit
1834 2858 1986 2903 mensura

444 2939 543 3002 latum
568 2940 629 3003 iuit
652 2940 845 3003 sacrificium
866 2941 961 3018 istud,
979 2949 1187 3022 antequama
1242 2942 1414 3005 additionis
1445 2944 1576 3007 istorum
1601 2953 1632 3006 et
1661 2941 1880 3007 consimilium
1907 2937 1989 3000 liba-

444 3047 552 3103 monte
566 3039 652 3102 Sinai
669 3047 949 3115 recesserunt‚non
965 3041 1051 3121 quod
1068 3040 1101 3101 in
1118 3040 1224 3123 ipsoC
1243 3050 1443 3115 mentorum;
1461 3043 1522 3119 rel,
1539 3052 1575 3104 ut
1588 3043 1687 3124 aliqui
1704 3040 1888 3123 opinantur,
1897 3038 1988 3119 juxta

443 3147 561 3216 monte,
579 3139 633 3201 sed
659 3157 768 3220 prope,
787 3137 905 3201 iactum
928 3138 969 3200 sit
990 3139 1185 3202 sacrificium

443 3235 513 3299 hoc.
523 3240 564 3298 Et
580 3239 721 3297 libabitis
733 3238 804 3297 cini
815 3247 967 3316 quartam
974 3248 1103 3314 portem
1114 3241 1186 3309 bin,

444 3334 474 3396 id
498 3344 556 3409 est,
573 3334 703 3398 devino
725 3333 869 3397 oiicrctis
890 3334 985 3397 simul
1006 3355 1077 3399 cum
1098 3337 1186 3417 agni-

443 3433 515 3495 culo
536 3452 718 3495 mensuram
733 3452 805 3514 quaa
827 3440 931 3495 teneat
951 3443 1096 3515 quartam
1119 3454 1187 3516 par·

1243 3158 1424 3205 mensuram
1439 3140 1540 3203 aetatis
1555 3140 1760 3202 animalium:
1774 3138 1851 3220 quia
1865 3139 1915 3216 (ut
1928 3154 1989 3217 pu·

1242 3237 1324 3318 tant)
1338 3237 1431 3304 vituli
1446 3238 1604 3300 debebant
1618 3257 1687 3300 esse
1703 3237 1797 3299 trium
1812 3252 1985 3307 annorum,

1241 3336 1355 3399 arietes
1377 3338 1524 3414 duorum,
1545 3337 1620 3418 agni
1643 3356 1705 3400 non
1727 3335 1866 3417 amplius
1888 3351 1986 3415 quam

1243 3436 1349 3497 unius.
1367 3434 1519 3498 Similiter
1533 3436 1633 3517 quaeri
1656 3442 1768 3516 potest,
1785 3453 1842 3496 cur
1856 3433 1891 3494 in
1906 3432 1987 3493 Neo

1241 3534 1356 3595 meniis
1372 3533 1591 3597 offerebantur
1601 3534 1675 3614 agni
1689 3531 1830 3595 anniculi
1847 3539 1982 3613 septem,

1241 3650 1339 3711 quum
1356 3631 1389 3694 in
1410 3632 1549 3694 sabbatis
1565 3633 1628 3695 duo
1647 3632 1729 3712 jussi
1748 3639 1822 3692 sunt
1838 3628 1985 3692 immola-

443 3539 505 3593 tem
527 3539 677 3609 matrctae,
695 3550 766 3612 quaa
788 3530 844 3593 hin
860 3531 1051 3613 appellatur,
1068 3534 1108 3595 de
1123 3553 1186 3615 qua

443 3630 563 3693 dictum
586 3638 634 3693 est
653 3648 746 3712 sepe.
764 3629 826 3692 Nec
849 3648 1018 3711 possumus
1038 3632 1186 3695 determi-

443 3738 548 3793 natam
571 3730 779 3811 quantitatem
804 3748 1025 3790 mensurarum
1052 3730 1184 3793 istarum

441 3848 499 3910 per
514 3827 668 3891 vocabula
683 3836 758 3890 nota
773 3827 960 3909 exprimere.

1241 3730 1279 3791 ri.
1288 3731 1353 3793 Dici
1370 3739 1483 3813 potest,
1493 3732 1569 3811 quia
1578 3729 1773 3793 sacrificium
1785 3728 1869 3791 istud
1880 3727 1984 3790 rarius

1242 3827 1339 3892 siebat
1353 3849 1447 3911 quam
1469 3829 1547 3892 illud
1569 3828 1601 3890 in
1618 3829 1760 3904 sabbato,
1778 3827 1828 3889 vel
1842 3827 1882 3889 ad
1899 3826 1983 3888 desi-

480 3930 541 3989 ote
556 3938 664 3988 autem
678 3928 811 3998 sabbati,
830 3926 861 3987 id
882 3934 930 3987 cst
951 3926 1096 4007 quolibet
1118 3930 1186 3990 sab
1240 3931 1403 4008 gnandum
1414 3928 1652 3991 universitatem
1669 3926 1899 3990 beneficiorum
1909 3944 1984 4006 quae

440 4026 524 4101 bato,
549 4028 685 4103 aspiratis
710 4028 789 4084 (taos
809 4044 907 4101 agrios
932 4027 1103 4086 anniculos
1127 4028 1185 4086 im-
1240 4028 1394 4090 habcmus
1409 4048 1427 4089 a
1442 4028 1515 4089 Deo.
1528 4026 1654 4089 Festum
1670 4025 1787 4089 etenim
1803 4024 1984 4087 Neomenias

440 4129 617 4185 maculatos
634 4145 645 4183 .·
669 4123 724 4205 qui
755 4130 859 4184 tamen
889 4132 1038 4205 poterunt
1065 4125 1182 4187 babere
1238 4127 1391 4208 agebatur
1406 4126 1440 4187 in
1457 4126 1609 4188 honorem
1625 4134 1656 4188 et
1672 4124 1920 4205 recognitionem
1938 4123 1983 4184 di·

440 4222 581 4284 maculas
609 4222 806 4284 diversorum
837 4221 994 4297 locorum,
1021 4242 1079 4285 nec
1109 4233 1183 4288 ante
1199 4228 1223 4289 D
1239 4225 1321 4288 viora
1339 4223 1580 4305 gubernationis
1601 4244 1637 4286 ao
1658 4222 1865 4305 providentia
1880 4221 1982 4297 Dei,a

440 4329 587 4385 octavum
602 4320 686 4381 diem
702 4338 720 4380 a
736 4318 900 4381 nativitate
911 4328 1057 4402 poterant
1073 4321 1184 4385 immo·
1238 4343 1302 4405 qua
1324 4322 1473 4387 universa
1494 4342 1566 4405 quaa
1585 4321 1738 4384 habemus
1758 4327 1930 4393 emanant3
1947 4327 1980 4381 et

440 4418 498 4481 lari
512 4442 518 4491 ;
536 4428 565 4478 et
580 4421 662 4478 daos
677 4420 816 4477 decimas
831 4419 948 4479 sinaitae
963 4422 1028 4478 oteo
1038 4439 1184 4495 consper-

437 4539 491 4588 (αι,
508 4516 539 4579 id
551 4525 599 4579 cst
609 4516 718 4579 oleata
734 4515 766 4575 in
783 4534 840 4576 sua
850 4514 1046 4596 pistratione‚
1058 4536 1184 4579 sumen-

439 4624 479 4685 do
503 4622 659 4686 decimam
684 4640 741 4703 pro
771 4620 894 4683 decima
918 4630 1006 4703 parta
1031 4622 1117 4704 ephi,
1145 4625 1182 4683 ia

435 4723 595 4797 sacrificio
606 4744 619 4793 ,·
632 4730 662 4780 et
679 4721 837 4798 libaque>
852 4720 914 4778 rite
928 4720 1132 4795 fundantur,
1149 4720 1180 4781 id

436 4827 483 4881 cst
499 4819 670 4880 libamenta
685 4836 839 4898 quaecum
855 4816 1039 4898 hujusmodi
1057 4818 1180 4899 pecori-

436 4917 496 4979 bus
521 4915 661 4995 legitimo
682 4914 876 4989 offeruntur,
890 4933 949 4991 per
963 4917 1096 4991 singula
1110 4919 1180 4977 aab·

435 5016 508 5074 bata
530 5016 566 5073 in
589 5016 808 5073 holocaustam
827 5013 1058 5088 sempiternam
1074 5032 1086 5073 .·
1101 5014 1178 5094 quia

434 5119 466 5175 et
481 5110 533 5173 isti
556 5112 630 5191 agni
653 5110 686 5171 in
710 5109 928 5172 holocaustum
944 5108 1174 5187 offerebantur,

433 5210 552 5292 pariter
567 5217 673 5271 tamen
690 5216 721 5271 et
737 5208 820 5270 ultra
834 5209 912 5271 duos
932 5226 1031 5288 agnos
1047 5209 1177 5272 annicu-

434 5310 480 5374 los
499 5310 564 5390 jam
589 5308 767 5390 praedictos,
794 5307 968 5369 secundum
988 5306 1173 5389 Joscpbum.

1238 4422 1416 4503 septenario
1439 4420 1630 4484 universitas
1650 4421 1828 4483 denotatur.
1850 4418 1884 4480 ln
1909 4436 1981 4499 spe

1237 4520 1371 4583 cialibus
1387 4539 1514 4602 quoque
1530 4518 1620 4581 iestis
1641 4520 1752 4582 merito
1767 4517 1892 4580 fiebant
1911 4535 1981 4599 spe

1236 4618 1332 4681 ciales
1351 4618 1539 4694 oblationes,
1556 4617 1596 4680 ad
1619 4616 1828 4693 solennitatis,
1847 4617 1911 4678 imo
1936 4616 1977 4677 ad

1235 4716 1290 4777 oei
1305 4717 1457 4779 honorem
1468 4735 1475 4779 ε
1486 4725 1517 4779 et
1531 4717 1608 4798 quia
1623 4714 1839 4778 indesinenter
1853 4732 1979 4776 conser-

1235 4835 1347 4878 vamur
1363 4836 1381 4878 a
1396 4816 1471 4893 Deo,
1482 4824 1513 4877 et
1528 4815 1558 4877 ei
1572 4816 1691 4896 jugiter
1705 4812 1836 4892 obligati
1851 4831 1972 4887 sumus,

1233 4935 1270 4977 ac
1295 4916 1413 4978 servire
1437 4914 1655 4978 indesinenter
1679 4913 1844 4989 debemus,
1870 4913 1977 4975 decuit

1233 5033 1305 5075 eum
1326 5015 1401 5095 juge
1423 5012 1617 5077 sacrificium
1634 5013 1713 5074 illud
1729 5014 1864 5075 duorum
1879 5028 1976 5091 agno

1233 5134 1301 5175 rum
1313 5114 1455 5195 quotidie
1468 5112 1638 5176 immolari.
1651 5114 1841 5173 Libamertta
1850 5121 1969 5181 autern,

1232 5213 1264 5273 id
1294 5211 1533 5274 estoblationes
1563 5211 1603 5273 de
1632 5208 1773 5272 materiis
1803 5208 1934 5291 liquidis
1961 5226 1970 5270 ε

1231 5310 1339 5390 itaque
1363 5308 1536 5372 libamenta
1560 5310 1634 5370 vini
1654 5327 1725 5389 qua
1742 5327 1801 5385 per
1824 5310 1970 5385 armatas
