<?xml version="1.0" encoding="UTF-8"?>
<!DOCTYPE html PUBLIC "-//W3C//DTD XHTML 1.0 Transitional//EN"
    "http://www.w3.org/TR/xhtml1/DTD/xhtml1-transitional.dtd">
<html xmlns="http://www.w3.org/1999/xhtml" xml:lang="en" lang="en">
 <head>
  <title>
</title>
<meta http-equiv="Content-Type" content="text/html;charset=utf-8" />
  <meta name='ocr-system' content='tesseract 3.04.00' />
  <meta name='ocr-capabilities' content='ocr_page ocr_carea ocr_par ocr_line ocrx_word'/>
</head>
<body>
  <div class='ocr_page' id='page_1' title='image "./doctorisecstati00unkngoog_0555.png"; bbox 0 0 4309 6259; ppageno 0'>
   <div class='ocr_carea' id='block_1_1' title="bbox 518 494 1726 557">
    <p class='ocr_par' dir='ltr' id='par_1_1' title="bbox 518 494 1726 557">
     <span class='ocr_line' id='line_1_1' title="bbox 518 494 1726 557; baseline 0.001 -1"><span class='ocrx_word' id='word_1_1' title='bbox 518 508 692 556; x_wconf 76' lang='lat' dir='ltr'><strong>aunuusrto</strong></span> <span class='ocrx_word' id='word_1_2' title='bbox 713 509 744 554; x_wconf 84' lang='grc' dir='ltr'><strong>ΙΝ</strong></span> <span class='ocrx_word' id='word_1_3' title='bbox 765 508 833 554; x_wconf 81' lang='lat' dir='ltr'><strong>GAP.</strong></span> <span class='ocrx_word' id='word_1_4' title='bbox 858 508 931 554; x_wconf 78' lang='lat' dir='ltr'>XXVI</span> <span class='ocrx_word' id='word_1_5' title='bbox 952 508 1148 555; x_wconf 78' lang='lat' dir='ltr'><strong>uuuauouurt.</strong></span> <span class='ocrx_word' id='word_1_6' title='bbox 1171 528 1211 537; x_wconf 94' lang='lat'>-</span> <span class='ocrx_word' id='word_1_7' title='bbox 1230 510 1302 556; x_wconf 79' lang='lat' dir='ltr'><strong>Aur.</strong></span> <span class='ocrx_word' id='word_1_8' title='bbox 1325 510 1398 557; x_wconf 73' lang='lat' dir='ltr'><strong>dell</strong></span> <span class='ocrx_word' id='word_1_9' title='bbox 1666 494 1726 557; x_wconf 62' lang='lat'><strong>477</strong></span> 
     </span>
    </p>
   </div>
   <div class='ocr_carea' id='block_1_2' title="bbox 48 676 1730 3131">
    <p class='ocr_par' dir='ltr' id='par_1_2' title="bbox 48 676 1730 3131">
     <span class='ocr_line' id='line_1_2' title="bbox 176 676 1724 761; baseline 0.004 -24"><span class='ocrx_word' id='word_1_10' title='bbox 176 676 240 739; x_wconf 90' lang='lat' dir='ltr'><strong>lilii</strong></span> <span class='ocrx_word' id='word_1_11' title='bbox 262 677 397 740; x_wconf 79' lang='lat' dir='ltr'><strong>fratrum</strong></span> <span class='ocrx_word' id='word_1_12' title='bbox 413 687 524 754; x_wconf 85' lang='lat' dir='ltr'><strong>erant;</strong></span> <span class='ocrx_word' id='word_1_13' title='bbox 540 682 671 759; x_wconf 81' lang='lat' dir='ltr'><strong>quando</strong></span> <span class='ocrx_word' id='word_1_14' title='bbox 692 682 848 739; x_wconf 85' lang='lat' dir='ltr'><strong>adversus</strong></span> <span class='ocrx_word' id='word_1_15' title='bbox 865 682 927 739; x_wconf 73' lang='lat' dir='ltr'><strong>De</strong></span> <span class='ocrx_word' id='word_1_16' title='bbox 941 677 1014 740; x_wconf 94' lang='lat' dir='ltr'><strong>Abi</strong></span> <span class='ocrx_word' id='word_1_17' title='bbox 1033 677 1147 741; x_wconf 90' lang='lat' dir='ltr'><strong>Paulus</strong></span> <span class='ocrx_word' id='word_1_18' title='bbox 1169 678 1219 741; x_wconf 93' lang='lat' dir='ltr'><strong>his</strong></span> <span class='ocrx_word' id='word_1_19' title='bbox 1239 679 1429 744; x_wconf 81' lang='lat' dir='ltr'>contradicit</span> <span class='ocrx_word' id='word_1_20' title='bbox 1448 698 1456 743; x_wconf 92' lang='lat'>:</span> <span class='ocrx_word' id='word_1_21' title='bbox 1473 679 1544 755; x_wconf 88' lang='lat' dir='ltr'>Ubi,</span> <span class='ocrx_word' id='word_1_22' title='bbox 1561 679 1724 761; x_wconf 82' lang='lat' dir='ltr'>inquiens,</span> 
     </span>
     <span class='ocr_line' id='line_1_3' title="bbox 177 776 1727 858; baseline 0.005 -25"><span class='ocrx_word' id='word_1_23' title='bbox 177 778 307 836; x_wconf 73' lang='lat' dir='ltr'><strong>urinum</strong></span> <span class='ocrx_word' id='word_1_24' title='bbox 323 776 731 858; x_wconf 76' lang='lat' dir='ltr'><strong>rebellaverunt,quoniam</strong></span> <span class='ocrx_word' id='word_1_25' title='bbox 746 776 924 838; x_wconf 88' lang='lat' dir='ltr'><strong>resistendo</strong></span> <span class='ocrx_word' id='word_1_26' title='bbox 983 776 1148 839; x_wconf 77' lang='lat' dir='ltr'><strong>translatio</strong></span> <span class='ocrx_word' id='word_1_27' title='bbox 1165 785 1272 839; x_wconf 86' lang='lat' dir='ltr'><strong>nostra</strong></span> <span class='ocrx_word' id='word_1_28' title='bbox 1286 776 1392 847; x_wconf 82' lang='lat' dir='ltr'><strong>hahet,</strong></span> <span class='ocrx_word' id='word_1_29' title='bbox 1402 778 1530 840; x_wconf 87' lang='lat' dir='ltr'><strong>Factum</strong></span> <span class='ocrx_word' id='word_1_30' title='bbox 1545 786 1593 840; x_wconf 92' lang='lat' dir='ltr'><strong>est</strong></span> <span class='ocrx_word' id='word_1_31' title='bbox 1607 778 1727 858; x_wconf 85' lang='lat' dir='ltr'><strong>grande</strong></span> 
     </span>
     <span class='ocr_line' id='line_1_4' title="bbox 176 874 1727 958; baseline 0.003 -24"><span class='ocrx_word' id='word_1_32' title='bbox 176 874 277 957; x_wconf 83' lang='lat' dir='ltr'><strong>Moysi</strong></span> <span class='ocrx_word' id='word_1_33' title='bbox 303 884 334 937; x_wconf 89' lang='lat' dir='ltr'><strong>et</strong></span> <span class='ocrx_word' id='word_1_34' title='bbox 356 876 461 938; x_wconf 80' lang='lat' dir='ltr'><strong>Aaron</strong></span> <span class='ocrx_word' id='word_1_35' title='bbox 483 875 636 938; x_wconf 79' lang='lat' dir='ltr'><strong>fidelibus</strong></span> <span class='ocrx_word' id='word_1_36' title='bbox 652 876 718 951; x_wconf 87' lang='lat' dir='ltr'><strong>Dei,</strong></span> <span class='ocrx_word' id='word_1_37' title='bbox 737 875 865 938; x_wconf 90' lang='lat' dir='ltr'><strong>vicariis</strong></span> <span class='ocrx_word' id='word_1_38' title='bbox 891 894 927 937; x_wconf 91' lang='lat' dir='ltr'><strong>ac</strong></span> <span class='ocrx_word' id='word_1_39' title='bbox 982 875 1317 953; x_wconf 79' lang='lat' dir='ltr'><strong>miraculum,ut(}ore</strong></span> <span class='ocrx_word' id='word_1_40' title='bbox 1332 875 1650 958; x_wconf 82' lang='lat' dir='ltr'><strong>pereunte‚liliiey&#39;us</strong></span> <span class='ocrx_word' id='word_1_41' title='bbox 1663 896 1727 941; x_wconf 93' lang='lat' dir='ltr'><strong>uon</strong></span> 
     </span>
     <span class='ocr_line' id='line_1_5' title="bbox 175 974 1730 1057; baseline 0.001 -22"><span class='ocrx_word' id='word_1_42' title='bbox 175 974 348 1051; x_wconf 76' lang='lat' dir='ltr'><strong>ministris,</strong></span> <span class='ocrx_word' id='word_1_43' title='bbox 370 983 588 1057; x_wconf 91' lang='lat' dir='ltr'><strong>opposuerunt</strong></span> <span class='ocrx_word' id='word_1_44' title='bbox 614 976 743 1052; x_wconf 80' lang='lat' dir='ltr'><strong>selice,</strong></span> <span class='ocrx_word' id='word_1_45' title='bbox 766 982 928 1038; x_wconf 89' lang='lat' dir='ltr'><strong>etcontra</strong></span> <span class='ocrx_word' id='word_1_46' title='bbox 982 974 1134 1056; x_wconf 91' lang='lat' dir='ltr'><strong>perirent,</strong></span> <span class='ocrx_word' id='word_1_47' title='bbox 1160 974 1193 1037; x_wconf 90' lang='lat' dir='ltr'><strong>iu</strong></span> <span class='ocrx_word' id='word_1_48' title='bbox 1218 974 1350 1037; x_wconf 82' lang='lat' dir='ltr'><strong>Hehraeo</strong></span> <span class='ocrx_word' id='word_1_49' title='bbox 1376 974 1520 1051; x_wconf 89' lang='lat' dir='ltr'><strong>hahetur,</strong></span> <span class='ocrx_word' id='word_1_50' title='bbox 1541 974 1627 1038; x_wconf 84' lang='lat' dir='ltr'><strong>Facti</strong></span> <span class='ocrx_word' id='word_1_51' title='bbox 1654 985 1730 1037; x_wconf 90' lang='lat' dir='ltr'><strong>sunt</strong></span> 
     </span>
     <span class='ocr_line' id='line_1_6' title="bbox 177 1070 1728 1156; baseline 0.001 -21"><span class='ocrx_word' id='word_1_52' title='bbox 177 1074 363 1151; x_wconf 86' lang='lat' dir='ltr'><strong>Dominum,</strong></span> <span class='ocrx_word' id='word_1_53' title='bbox 378 1074 437 1137; x_wconf 89' lang='lat' dir='ltr'><strong>hoc</strong></span> <span class='ocrx_word' id='word_1_54' title='bbox 455 1083 633 1151; x_wconf 84' lang='lat' dir='ltr'><strong>cst,contra</strong></span> <span class='ocrx_word' id='word_1_55' title='bbox 648 1075 718 1156; x_wconf 87' lang='lat' dir='ltr'><strong>ejus</strong></span> <span class='ocrx_word' id='word_1_56' title='bbox 734 1082 927 1156; x_wconf 69' lang='lat' dir='ltr'><strong>preceptum</strong></span> <span class='ocrx_word' id='word_1_57' title='bbox 983 1070 1171 1150; x_wconf 88' lang='lat' dir='ltr'><strong>insignum,</strong></span> <span class='ocrx_word' id='word_1_58' title='bbox 1189 1071 1221 1135; x_wconf 94' lang='lat' dir='ltr'><strong>id</strong></span> <span class='ocrx_word' id='word_1_59' title='bbox 1242 1081 1291 1135; x_wconf 86' lang='lat' dir='ltr'><strong>est</strong></span> <span class='ocrx_word' id='word_1_60' title='bbox 1310 1072 1344 1134; x_wconf 92' lang='lat' dir='ltr'><strong>in</strong></span> <span class='ocrx_word' id='word_1_61' title='bbox 1364 1073 1575 1148; x_wconf 80' lang='lat' dir='ltr'><strong>miraculum3</strong></span> <span class='ocrx_word' id='word_1_62' title='bbox 1592 1082 1624 1138; x_wconf 86' lang='lat' dir='ltr'><strong>et</strong></span> <span class='ocrx_word' id='word_1_63' title='bbox 1643 1074 1728 1155; x_wconf 92' lang='lat' dir='ltr'><strong>quod</strong></span> 
     </span>
     <span class='ocr_line' id='line_1_7' title="bbox 176 1168 1729 1256; baseline 0.001 -22"><span class='ocrx_word' id='word_1_64' title='bbox 176 1183 454 1256; x_wconf 83' lang='lat' dir='ltr'><strong>praesumpserunt</strong></span> <span class='ocrx_word' id='word_1_65' title='bbox 469 1175 529 1238; x_wconf 89' lang='lat' dir='ltr'><strong>hoe</strong></span> <span class='ocrx_word' id='word_1_66' title='bbox 544 1184 694 1255; x_wconf 55' lang='lat' dir='ltr'><strong>agareus</strong></span> <span class='ocrx_word' id='word_1_67' title='bbox 704 1175 851 1251; x_wconf 77' lang='lat' dir='ltr'><strong>aperiens</strong></span> <span class='ocrx_word' id='word_1_68' title='bbox 868 1184 929 1235; x_wconf 83' lang='lat' dir='ltr'><strong>ter-</strong></span> <span class='ocrx_word' id='word_1_69' title='bbox 982 1168 1121 1246; x_wconf 84' lang='lat' dir='ltr'><strong>additur,</strong></span> <span class='ocrx_word' id='word_1_70' title='bbox 1133 1171 1172 1233; x_wconf 92' lang='lat' dir='ltr'><strong>Ut</strong></span> <span class='ocrx_word' id='word_1_71' title='bbox 1186 1171 1264 1235; x_wconf 85' lang='lat' dir='ltr'><strong>Cere</strong></span> <span class='ocrx_word' id='word_1_72' title='bbox 1279 1180 1444 1253; x_wconf 89' lang='lat' dir='ltr'><strong>pereunte,</strong></span> <span class='ocrx_word' id='word_1_73' title='bbox 1456 1181 1530 1247; x_wconf 83' lang='lat' dir='ltr'><strong>etc,</strong></span> <span class='ocrx_word' id='word_1_74' title='bbox 1544 1190 1609 1236; x_wconf 92' lang='lat' dir='ltr'><strong>non</strong></span> <span class='ocrx_word' id='word_1_75' title='bbox 1625 1182 1674 1236; x_wconf 90' lang='lat' dir='ltr'><strong>est</strong></span> <span class='ocrx_word' id='word_1_76' title='bbox 1689 1173 1729 1235; x_wconf 92' lang='lat' dir='ltr'><strong>de</strong></span> 
     </span>
     <span class='ocr_line' id='line_1_8' title="bbox 176 1268 1728 1351; baseline 0.001 -20"><span class='ocrx_word' id='word_1_77' title='bbox 176 1292 217 1331; x_wconf 83' lang='lat' dir='ltr'><strong>ra</strong></span> <span class='ocrx_word' id='word_1_78' title='bbox 243 1294 277 1333; x_wconf 91' lang='lat' dir='ltr'><strong>os</strong></span> <span class='ocrx_word' id='word_1_79' title='bbox 301 1295 410 1345; x_wconf 86' lang='lat' dir='ltr'><strong>suum,</strong></span> <span class='ocrx_word' id='word_1_80' title='bbox 427 1277 595 1334; x_wconf 84' lang='lat' dir='ltr'><strong>devoravit</strong></span> <span class='ocrx_word' id='word_1_81' title='bbox 614 1276 702 1343; x_wconf 81' lang='lat' dir='ltr'><strong>Cere,</strong></span> <span class='ocrx_word' id='word_1_82' title='bbox 718 1274 928 1334; x_wconf 83' lang='lat' dir='ltr'><strong>morientibus</strong></span> <span class='ocrx_word' id='word_1_83' title='bbox 983 1275 1081 1331; x_wconf 83' lang='lat' dir='ltr'><strong>textu.</strong></span> <span class='ocrx_word' id='word_1_84' title='bbox 1099 1268 1215 1351; x_wconf 84' lang='lat' dir='ltr'><strong>Sicque</strong></span> <span class='ocrx_word' id='word_1_85' title='bbox 1236 1271 1321 1351; x_wconf 89' lang='lat' dir='ltr'><strong>quod</strong></span> <span class='ocrx_word' id='word_1_86' title='bbox 1343 1271 1470 1347; x_wconf 88' lang='lat' dir='ltr'><strong>dicitur,</strong></span> <span class='ocrx_word' id='word_1_87' title='bbox 1491 1270 1577 1336; x_wconf 85' lang='lat' dir='ltr'><strong>Facti</strong></span> <span class='ocrx_word' id='word_1_88' title='bbox 1600 1272 1728 1334; x_wconf 87' lang='lat' dir='ltr'><strong>suntin</strong></span> 
     </span>
     <span class='ocr_line' id='line_1_9' title="bbox 171 1368 1729 1453; baseline 0.001 -22"><span class='ocrx_word' id='word_1_89' title='bbox 171 1375 349 1448; x_wconf 80' lang='lat' dir='ltr'><strong>plurimis,</strong></span> <span class='ocrx_word' id='word_1_90' title='bbox 364 1376 495 1453; x_wconf 83' lang='lat' dir='ltr'><strong>quaudo</strong></span> <span class='ocrx_word' id='word_1_91' title='bbox 516 1374 686 1433; x_wconf 83' lang='lat' dir='ltr'><strong>combussit</strong></span> <span class='ocrx_word' id='word_1_92' title='bbox 709 1375 795 1449; x_wconf 71' lang='lat' dir='ltr'><strong>ignis</strong></span> <span class='ocrx_word' id='word_1_93' title='bbox 811 1375 928 1431; x_wconf 78' lang='lat' dir='ltr'><strong>daweu-</strong></span> <span class='ocrx_word' id='word_1_94' title='bbox 983 1369 1121 1449; x_wconf 87' lang='lat' dir='ltr'><strong>signum,</strong></span> <span class='ocrx_word' id='word_1_95' title='bbox 1139 1368 1275 1432; x_wconf 80' lang='lat' dir='ltr'><strong>refertur</strong></span> <span class='ocrx_word' id='word_1_96' title='bbox 1294 1371 1333 1432; x_wconf 88' lang='lat' dir='ltr'><strong>ad</strong></span> <span class='ocrx_word' id='word_1_97' title='bbox 1353 1370 1537 1434; x_wconf 82' lang='lat' dir='ltr'><strong>immediato</strong></span> <span class='ocrx_word' id='word_1_98' title='bbox 1552 1372 1729 1453; x_wconf 74' lang='lat' dir='ltr'><strong>praeceden-</strong></span> 
     </span>
     <span class='ocr_line' id='line_1_10' title="bbox 177 1466 1727 1551; baseline 0.001 -21"><span class='ocrx_word' id='word_1_99' title='bbox 177 1480 225 1531; x_wconf 83' lang='lat' dir='ltr'><strong>tos</strong></span> <span class='ocrx_word' id='word_1_100' title='bbox 240 1473 485 1551; x_wconf 72' lang='lat' dir='ltr'><strong>qartrrquoyiuto</strong></span> <span class='ocrx_word' id='word_1_101' title='bbox 501 1474 597 1532; x_wconf 83' lang='lat' dir='ltr'><strong>viros.</strong></span> <span class='ocrx_word' id='word_1_102' title='bbox 608 1471 721 1535; x_wconf 86' lang='lat' dir='ltr'><strong>&#39;lotum</strong></span> <span class='ocrx_word' id='word_1_103' title='bbox 740 1470 825 1532; x_wconf 93' lang='lat' dir='ltr'><strong>istud</strong></span> <span class='ocrx_word' id='word_1_104' title='bbox 841 1470 928 1532; x_wconf 88' lang='lat' dir='ltr'><strong>habi·</strong></span> <span class='ocrx_word' id='word_1_105' title='bbox 983 1466 1037 1545; x_wconf 89' lang='lat' dir='ltr'><strong>tia,</strong></span> <span class='ocrx_word' id='word_1_106' title='bbox 1056 1467 1179 1531; x_wconf 90' lang='lat' dir='ltr'><strong>scilicet</strong></span> <span class='ocrx_word' id='word_1_107' title='bbox 1193 1470 1280 1550; x_wconf 93' lang='lat' dir='ltr'><strong>quod</strong></span> <span class='ocrx_word' id='word_1_108' title='bbox 1299 1469 1348 1531; x_wconf 94' lang='lat' dir='ltr'><strong>illi</strong></span> <span class='ocrx_word' id='word_1_109' title='bbox 1368 1470 1424 1551; x_wconf 92' lang='lat' dir='ltr'><strong>qui</strong></span> <span class='ocrx_word' id='word_1_110' title='bbox 1441 1470 1570 1533; x_wconf 87' lang='lat' dir='ltr'><strong>luerunt</strong></span> <span class='ocrx_word' id='word_1_111' title='bbox 1584 1472 1727 1535; x_wconf 88' lang='lat' dir='ltr'><strong>devorati</strong></span> 
     </span>
     <span class='ocr_line' id='line_1_11' title="bbox 175 1566 1728 1653; baseline 0.002 -23"><span class='ocrx_word' id='word_1_112' title='bbox 175 1578 245 1631; x_wconf 89' lang='lat' dir='ltr'><strong>tum</strong></span> <span class='ocrx_word' id='word_1_113' title='bbox 273 1571 466 1652; x_wconf 86' lang='lat' dir='ltr'><strong>pleniusque</strong></span> <span class='ocrx_word' id='word_1_114' title='bbox 491 1569 669 1653; x_wconf 86' lang='lat' dir='ltr'><strong>expositum</strong></span> <span class='ocrx_word' id='word_1_115' title='bbox 691 1578 740 1633; x_wconf 90' lang='lat' dir='ltr'><strong>est</strong></span> <span class='ocrx_word' id='word_1_116' title='bbox 760 1589 867 1652; x_wconf 92' lang='lat' dir='ltr'><strong>supra.</strong></span> <span class='ocrx_word' id='word_1_117' title='bbox 887 1573 928 1631; x_wconf 77' lang='lat' dir='ltr'><strong>Et</strong></span> <span class='ocrx_word' id='word_1_118' title='bbox 982 1566 1022 1628; x_wconf 89' lang='lat' dir='ltr'><strong>ab</strong></span> <span class='ocrx_word' id='word_1_119' title='bbox 1038 1584 1094 1628; x_wconf 91' lang='lat' dir='ltr'><strong>ore</strong></span> <span class='ocrx_word' id='word_1_120' title='bbox 1111 1575 1210 1644; x_wconf 81' lang='lat' dir='ltr'><strong>tarra,</strong></span> <span class='ocrx_word' id='word_1_121' title='bbox 1228 1576 1260 1629; x_wconf 88' lang='lat' dir='ltr'><strong>et</strong></span> <span class='ocrx_word' id='word_1_122' title='bbox 1274 1568 1433 1632; x_wconf 85' lang='lat' dir='ltr'><strong>combusti</strong></span> <span class='ocrx_word' id='word_1_123' title='bbox 1452 1569 1492 1632; x_wconf 91' lang='lat' dir='ltr'><strong>ah</strong></span> <span class='ocrx_word' id='word_1_124' title='bbox 1513 1568 1586 1650; x_wconf 92' lang='lat' dir='ltr'><strong>igne</strong></span> <span class='ocrx_word' id='word_1_125' title='bbox 1600 1588 1728 1651; x_wconf 79' lang='lat' dir='ltr'><strong>egresso</strong></span> 
     </span>
     <span class='ocr_line' id='line_1_12' title="bbox 175 1665 1726 1746; baseline 0.003 -19"><span class='ocrx_word' id='word_1_126' title='bbox 175 1670 306 1744; x_wconf 83' lang='lat' dir='ltr'><strong>sactum</strong></span> <span class='ocrx_word' id='word_1_127' title='bbox 331 1679 376 1730; x_wconf 85' lang='lat' dir='ltr'><strong>est</strong></span> <span class='ocrx_word' id='word_1_128' title='bbox 397 1672 524 1746; x_wconf 72' lang='lat' dir='ltr'><strong>urende</strong></span> <span class='ocrx_word' id='word_1_129' title='bbox 553 1672 765 1739; x_wconf 82' lang='lat' dir='ltr'><strong>miraculum,</strong></span> <span class='ocrx_word' id='word_1_130' title='bbox 790 1678 826 1729; x_wconf 87' lang='lat' dir='ltr'><strong>ut</strong></span> <span class='ocrx_word' id='word_1_131' title='bbox 853 1670 928 1729; x_wconf 83' lang='lat' dir='ltr'><strong>Cora</strong></span> <span class='ocrx_word' id='word_1_132' title='bbox 982 1665 1160 1742; x_wconf 81' lang='lat' dir='ltr'><strong>allomiuo,</strong></span> <span class='ocrx_word' id='word_1_133' title='bbox 1179 1665 1256 1728; x_wconf 87' lang='lat' dir='ltr'><strong>lacti</strong></span> <span class='ocrx_word' id='word_1_134' title='bbox 1272 1675 1347 1728; x_wconf 87' lang='lat' dir='ltr'><strong>sunt</strong></span> <span class='ocrx_word' id='word_1_135' title='bbox 1366 1667 1399 1729; x_wconf 90' lang='lat' dir='ltr'><strong>in</strong></span> <span class='ocrx_word' id='word_1_136' title='bbox 1419 1667 1618 1731; x_wconf 82' lang='lat' dir='ltr'><strong>miraculum.</strong></span> <span class='ocrx_word' id='word_1_137' title='bbox 1638 1668 1726 1731; x_wconf 84' lang='lat' dir='ltr'><strong>Unde</strong></span> 
     </span>
     <span class='ocr_line' id='line_1_13' title="bbox 173 1764 1728 1845; baseline 0.002 -19"><span class='ocrx_word' id='word_1_138' title='bbox 173 1777 345 1843; x_wconf 80' lang='lat' dir='ltr'><strong>pereunte,</strong></span> <span class='ocrx_word' id='word_1_139' title='bbox 360 1770 429 1844; x_wconf 76' lang='lat' dir='ltr'><strong>fite·</strong></span> <span class='ocrx_word' id='word_1_140' title='bbox 453 1769 523 1844; x_wconf 84' lang='lat' dir='ltr'><strong>ejus</strong></span> <span class='ocrx_word' id='word_1_141' title='bbox 547 1789 612 1828; x_wconf 82' lang='lat' dir='ltr'><strong>uon</strong></span> <span class='ocrx_word' id='word_1_142' title='bbox 634 1769 793 1844; x_wconf 79' lang='lat' dir='ltr'><strong>perirent,</strong></span> <span class='ocrx_word' id='word_1_143' title='bbox 809 1766 841 1829; x_wconf 92' lang='lat' dir='ltr'><strong>id</strong></span> <span class='ocrx_word' id='word_1_144' title='bbox 867 1774 924 1843; x_wconf 88' lang='lat' dir='ltr'><strong>est,</strong></span> <span class='ocrx_word' id='word_1_145' title='bbox 981 1764 1087 1843; x_wconf 84' lang='lat' dir='ltr'><strong>glossa</strong></span> <span class='ocrx_word' id='word_1_146' title='bbox 1112 1764 1167 1827; x_wconf 91' lang='lat' dir='ltr'><strong>illa</strong></span> <span class='ocrx_word' id='word_1_147' title='bbox 1191 1764 1344 1828; x_wconf 83' lang='lat' dir='ltr'><strong>Hebraico</strong></span> <span class='ocrx_word' id='word_1_148' title='bbox 1366 1766 1515 1845; x_wconf 86' lang='lat' dir='ltr'><strong>allegata,</strong></span> <span class='ocrx_word' id='word_1_149' title='bbox 1543 1786 1607 1831; x_wconf 90' lang='lat' dir='ltr'><strong>non</strong></span> <span class='ocrx_word' id='word_1_150' title='bbox 1632 1767 1728 1831; x_wconf 85' lang='lat' dir='ltr'><strong>habet</strong></span> 
     </span>
     <span class='ocr_line' id='line_1_14' title="bbox 176 1861 1727 1943; baseline 0.001 -16"><span class='ocrx_word' id='word_1_151' title='bbox 176 1884 244 1929; x_wconf 93' lang='lat' dir='ltr'><strong>non</strong></span> <span class='ocrx_word' id='word_1_152' title='bbox 255 1867 486 1930; x_wconf 89' lang='lat' dir='ltr'><strong>devorarentur</strong></span> <span class='ocrx_word' id='word_1_153' title='bbox 498 1885 515 1928; x_wconf 89' lang='lat' dir='ltr'><strong>a</strong></span> <span class='ocrx_word' id='word_1_154' title='bbox 529 1874 623 1943; x_wconf 86' lang='lat' dir='ltr'><strong>terra,</strong></span> <span class='ocrx_word' id='word_1_155' title='bbox 635 1886 693 1929; x_wconf 86' lang='lat' dir='ltr'><strong>nec</strong></span> <span class='ocrx_word' id='word_1_156' title='bbox 706 1863 964 1929; x_wconf 78' lang='lat' dir='ltr'><strong>consumerenb</strong></span> <span class='ocrx_word' id='word_1_157' title='bbox 983 1861 1228 1927; x_wconf 83' lang='lat' dir='ltr'><strong>fundamentum</strong></span> <span class='ocrx_word' id='word_1_158' title='bbox 1248 1865 1281 1925; x_wconf 96' lang='lat' dir='ltr'><strong>in</strong></span> <span class='ocrx_word' id='word_1_159' title='bbox 1301 1864 1418 1928; x_wconf 89' lang='lat' dir='ltr'><strong>littera.</strong></span> <span class='ocrx_word' id='word_1_160' title='bbox 1441 1865 1594 1929; x_wconf 87' lang='lat' dir='ltr'><strong>Similiter</strong></span> <span class='ocrx_word' id='word_1_161' title='bbox 1614 1866 1727 1929; x_wconf 90' lang='lat' dir='ltr'><strong>lunda-</strong></span> 
     </span>
     <span class='ocr_line' id='line_1_15' title="bbox 176 1964 1728 2049; baseline 0.002 -24"><span class='ocrx_word' id='word_1_162' title='bbox 176 1972 229 2026; x_wconf 91' lang='lat' dir='ltr'><strong>tur</strong></span> <span class='ocrx_word' id='word_1_163' title='bbox 249 1965 292 2027; x_wconf 92' lang='lat' dir='ltr'><strong>ah</strong></span> <span class='ocrx_word' id='word_1_164' title='bbox 312 1964 396 2045; x_wconf 84' lang='lat' dir='ltr'><strong>igne.</strong></span> <span class='ocrx_word' id='word_1_165' title='bbox 414 1966 531 2028; x_wconf 87' lang='lat' dir='ltr'><strong>Contra</strong></span> <span class='ocrx_word' id='word_1_166' title='bbox 551 1965 611 2028; x_wconf 91' lang='lat' dir='ltr'><strong>hoc</strong></span> <span class='ocrx_word' id='word_1_167' title='bbox 631 1964 676 2026; x_wconf 89' lang='lat' dir='ltr'><strong>sie</strong></span> <span class='ocrx_word' id='word_1_168' title='bbox 697 1964 787 2045; x_wconf 87' lang='lat' dir='ltr'><strong>argui</strong></span> <span class='ocrx_word' id='word_1_169' title='bbox 807 1972 924 2046; x_wconf 87' lang='lat' dir='ltr'><strong>posset,</strong></span> <span class='ocrx_word' id='word_1_170' title='bbox 981 1971 1124 2025; x_wconf 88' lang='lat' dir='ltr'><strong>mentum</strong></span> <span class='ocrx_word' id='word_1_171' title='bbox 1145 1972 1267 2025; x_wconf 87' lang='lat' dir='ltr'><strong>certum</strong></span> <span class='ocrx_word' id='word_1_172' title='bbox 1289 1982 1353 2027; x_wconf 95' lang='lat' dir='ltr'><strong>non</strong></span> <span class='ocrx_word' id='word_1_173' title='bbox 1373 1964 1479 2041; x_wconf 89' lang='lat' dir='ltr'><strong>hahet,</strong></span> <span class='ocrx_word' id='word_1_174' title='bbox 1497 1966 1728 2049; x_wconf 92' lang='lat' dir='ltr'><strong>quodpropter</strong></span> 
     </span>
     <span class='ocr_line' id='line_1_16' title="bbox 173 2060 1726 2145; baseline 0.001 -22"><span class='ocrx_word' id='word_1_175' title='bbox 173 2061 254 2142; x_wconf 92' lang='lat' dir='ltr'><strong>quia</strong></span> <span class='ocrx_word' id='word_1_176' title='bbox 268 2071 324 2125; x_wconf 90' lang='lat' dir='ltr'><strong>aut</strong></span> <span class='ocrx_word' id='word_1_177' title='bbox 336 2062 399 2124; x_wconf 86' lang='lat' dir='ltr'><strong>lilii</strong></span> <span class='ocrx_word' id='word_1_178' title='bbox 416 2063 486 2144; x_wconf 88' lang='lat' dir='ltr'><strong>ejus</strong></span> <span class='ocrx_word' id='word_1_179' title='bbox 501 2061 925 2125; x_wconf 89' lang='lat' dir='ltr'><strong>consenseruntexcessibus</strong></span> <span class='ocrx_word' id='word_1_180' title='bbox 981 2060 1061 2123; x_wconf 92' lang='lat' dir='ltr'><strong>illud</strong></span> <span class='ocrx_word' id='word_1_181' title='bbox 1083 2061 1273 2124; x_wconf 89' lang='lat' dir='ltr'><strong>miraculum</strong></span> <span class='ocrx_word' id='word_1_182' title='bbox 1294 2061 1396 2126; x_wconf 90' lang='lat' dir='ltr'><strong>lactus</strong></span> <span class='ocrx_word' id='word_1_183' title='bbox 1416 2063 1458 2125; x_wconf 93' lang='lat' dir='ltr'><strong>sit</strong></span> <span class='ocrx_word' id='word_1_184' title='bbox 1475 2064 1627 2145; x_wconf 90' lang='lat' dir='ltr'><strong>psalmus,</strong></span> <span class='ocrx_word' id='word_1_185' title='bbox 1647 2064 1726 2127; x_wconf 79' lang='lat' dir='ltr'><strong>lleus</strong></span> 
     </span>
     <span class='ocr_line' id='line_1_17' title="bbox 174 2157 1728 2244; baseline -0.001 -22"><span class='ocrx_word' id='word_1_186' title='bbox 174 2161 225 2223; x_wconf 94' lang='lat' dir='ltr'><strong>sui</strong></span> <span class='ocrx_word' id='word_1_187' title='bbox 243 2163 355 2244; x_wconf 93' lang='lat' dir='ltr'><strong>patris,</strong></span> <span class='ocrx_word' id='word_1_188' title='bbox 374 2171 529 2225; x_wconf 90' lang='lat' dir='ltr'><strong>autnon:</strong></span> <span class='ocrx_word' id='word_1_189' title='bbox 548 2162 575 2223; x_wconf 95' lang='lat' dir='ltr'><strong>si</strong></span> <span class='ocrx_word' id='word_1_190' title='bbox 590 2170 832 2238; x_wconf 90' lang='lat' dir='ltr'><strong>consenserunt,</strong></span> <span class='ocrx_word' id='word_1_191' title='bbox 850 2180 927 2242; x_wconf 88' lang='lat' dir='ltr'><strong>ergo</strong></span> <span class='ocrx_word' id='word_1_192' title='bbox 982 2165 1089 2220; x_wconf 84' lang='lat' dir='ltr'><strong>noster</strong></span> <span class='ocrx_word' id='word_1_193' title='bbox 1113 2157 1284 2238; x_wconf 79' lang='lat' dir='ltr'><strong>retugium,</strong></span> <span class='ocrx_word' id='word_1_194' title='bbox 1306 2167 1366 2221; x_wconf 87' lang='lat' dir='ltr'><strong>eto.</strong></span> <span class='ocrx_word' id='word_1_195' title='bbox 1388 2159 1564 2241; x_wconf 87' lang='lat' dir='ltr'><strong>Exponitur</strong></span> <span class='ocrx_word' id='word_1_196' title='bbox 1588 2160 1675 2223; x_wconf 90' lang='lat' dir='ltr'><strong>enim</strong></span> <span class='ocrx_word' id='word_1_197' title='bbox 1695 2170 1728 2223; x_wconf 89' lang='lat' dir='ltr'><strong>et</strong></span> 
     </span>
     <span class='ocr_line' id='line_1_18' title="bbox 175 2254 1726 2342; baseline -0.001 -19"><span class='ocrx_word' id='word_1_198' title='bbox 175 2262 343 2341; x_wconf 88' lang='lat' dir='ltr'><strong>perierunt</strong></span> <span class='ocrx_word' id='word_1_199' title='bbox 365 2281 438 2325; x_wconf 92' lang='lat' dir='ltr'><strong>curn</strong></span> <span class='ocrx_word' id='word_1_200' title='bbox 459 2280 508 2337; x_wconf 86' lang='lat' dir='ltr'><strong>eo,</strong></span> <span class='ocrx_word' id='word_1_201' title='bbox 526 2262 618 2342; x_wconf 87' lang='lat' dir='ltr'><strong>cuy&#39;us</strong></span> <span class='ocrx_word' id='word_1_202' title='bbox 634 2261 828 2324; x_wconf 89' lang='lat' dir='ltr'><strong>contrarium</strong></span> <span class='ocrx_word' id='word_1_203' title='bbox 850 2261 927 2323; x_wconf 89' lang='lat' dir='ltr'><strong>dici·</strong></span> <span class='ocrx_word' id='word_1_204' title='bbox 981 2254 1084 2318; x_wconf 90' lang='lat' dir='ltr'><strong>aliter.</strong></span> <span class='ocrx_word' id='word_1_205' title='bbox 1102 2256 1179 2319; x_wconf 90' lang='lat' dir='ltr'><strong>ltem</strong></span> <span class='ocrx_word' id='word_1_206' title='bbox 1200 2258 1286 2338; x_wconf 91' lang='lat' dir='ltr'><strong>quod</strong></span> <span class='ocrx_word' id='word_1_207' title='bbox 1308 2257 1434 2335; x_wconf 89' lang='lat' dir='ltr'><strong>dieitur,</strong></span> <span class='ocrx_word' id='word_1_208' title='bbox 1453 2276 1564 2321; x_wconf 90' lang='lat' dir='ltr'><strong>omnes</strong></span> <span class='ocrx_word' id='word_1_209' title='bbox 1587 2259 1726 2341; x_wconf 88' lang='lat' dir='ltr'><strong>psalmos</strong></span> 
     </span>
     <span class='ocr_line' id='line_1_19' title="bbox 176 2353 1726 2439; baseline -0.001 -18"><span class='ocrx_word' id='word_1_210' title='bbox 176 2369 229 2422; x_wconf 92' lang='lat' dir='ltr'><strong>tur</strong></span> <span class='ocrx_word' id='word_1_211' title='bbox 254 2360 308 2423; x_wconf 90' lang='lat' dir='ltr'><strong>hic</strong></span> <span class='ocrx_word' id='word_1_212' title='bbox 329 2386 336 2435; x_wconf 92' lang='lat'><strong>;</strong></span> <span class='ocrx_word' id='word_1_213' title='bbox 361 2361 389 2423; x_wconf 94' lang='lat' dir='ltr'><strong>si</strong></span> <span class='ocrx_word' id='word_1_214' title='bbox 415 2379 478 2423; x_wconf 93' lang='lat' dir='ltr'><strong>non</strong></span> <span class='ocrx_word' id='word_1_215' title='bbox 505 2368 747 2437; x_wconf 87' lang='lat' dir='ltr'><strong>consenserunt,</strong></span> <span class='ocrx_word' id='word_1_216' title='bbox 772 2378 837 2422; x_wconf 92' lang='lat' dir='ltr'><strong>non</strong></span> <span class='ocrx_word' id='word_1_217' title='bbox 864 2359 927 2422; x_wconf 88' lang='lat' dir='ltr'><strong>luit</strong></span> <span class='ocrx_word' id='word_1_218' title='bbox 982 2372 1046 2416; x_wconf 92' lang='lat' dir='ltr'><strong>non</strong></span> <span class='ocrx_word' id='word_1_219' title='bbox 1062 2372 1131 2417; x_wconf 87' lang='lat' dir='ltr'><strong>esse</strong></span> <span class='ocrx_word' id='word_1_220' title='bbox 1147 2353 1586 2433; x_wconf 83' lang='lat' dir='ltr'><strong>factosallavid,estcontra</strong></span> <span class='ocrx_word' id='word_1_221' title='bbox 1601 2357 1726 2439; x_wconf 94' lang='lat' dir='ltr'><strong>opinio-</strong></span> 
     </span>
     <span class='ocr_line' id='line_1_20' title="bbox 177 2452 1725 2541; baseline -0.005 -21"><span class='ocrx_word' id='word_1_222' title='bbox 177 2458 368 2522; x_wconf 90' lang='lat' dir='ltr'><strong>miraeulum</strong></span> <span class='ocrx_word' id='word_1_223' title='bbox 386 2460 472 2541; x_wconf 92' lang='lat' dir='ltr'><strong>quod</strong></span> <span class='ocrx_word' id='word_1_224' title='bbox 489 2478 553 2521; x_wconf 94' lang='lat' dir='ltr'><strong>non</strong></span> <span class='ocrx_word' id='word_1_225' title='bbox 569 2458 745 2541; x_wconf 88' lang='lat' dir='ltr'><strong>perierunt,</strong></span> <span class='ocrx_word' id='word_1_226' title='bbox 764 2458 829 2521; x_wconf 92' lang='lat' dir='ltr'><strong>imo</strong></span> <span class='ocrx_word' id='word_1_227' title='bbox 845 2459 927 2540; x_wconf 84' lang='lat' dir='ltr'><strong>inju-</strong></span> <span class='ocrx_word' id='word_1_228' title='bbox 982 2471 1054 2515; x_wconf 86' lang='lat' dir='ltr'><strong>nem</strong></span> <span class='ocrx_word' id='word_1_229' title='bbox 1077 2452 1256 2533; x_wconf 78' lang='lat' dir='ltr'><strong>Augustini,</strong></span> <span class='ocrx_word' id='word_1_230' title='bbox 1279 2472 1376 2535; x_wconf 91' lang='lat' dir='ltr'><strong>quam</strong></span> <span class='ocrx_word' id='word_1_231' title='bbox 1397 2455 1493 2518; x_wconf 87' lang='lat' dir='ltr'><strong>oredo</strong></span> <span class='ocrx_word' id='word_1_232' title='bbox 1517 2474 1635 2518; x_wconf 87' lang='lat' dir='ltr'><strong>veram.</strong></span> <span class='ocrx_word' id='word_1_233' title='bbox 1655 2456 1725 2519; x_wconf 79' lang='lat' dir='ltr'><strong>llaec</strong></span> 
     </span>
     <span class='ocr_line' id='line_1_21' title="bbox 178 2550 1107 2640; baseline -0.001 -20"><span class='ocrx_word' id='word_1_234' title='bbox 178 2567 265 2620; x_wconf 92' lang='lat' dir='ltr'><strong>stum</strong></span> <span class='ocrx_word' id='word_1_235' title='bbox 295 2557 411 2621; x_wconf 86' lang='lat' dir='ltr'><strong>luisset</strong></span> <span class='ocrx_word' id='word_1_236' title='bbox 438 2558 525 2639; x_wconf 93' lang='lat' dir='ltr'><strong>quod</strong></span> <span class='ocrx_word' id='word_1_237' title='bbox 555 2556 723 2640; x_wconf 89' lang='lat' dir='ltr'><strong>perissent,</strong></span> <span class='ocrx_word' id='word_1_238' title='bbox 751 2558 925 2620; x_wconf 89' lang='lat' dir='ltr'><strong>secundum</strong></span> <span class='ocrx_word' id='word_1_239' title='bbox 981 2550 1107 2613; x_wconf 69' lang='lat' dir='ltr'><strong>Paulus.</strong></span> 
     </span>
     <span class='ocr_line' id='line_1_22' title="bbox 60 2649 1728 2737; baseline 0.001 -22"><span class='ocrx_word' id='word_1_240' title='bbox 60 2658 265 2737; x_wconf 67' lang='lat' dir='ltr'><strong>ou.m.1,quod</strong></span> <span class='ocrx_word' id='word_1_241' title='bbox 282 2656 440 2718; x_wconf 92' lang='lat' dir='ltr'><strong>Ahraham</strong></span> <span class='ocrx_word' id='word_1_242' title='bbox 463 2655 544 2717; x_wconf 86' lang='lat' dir='ltr'><strong>dixit</strong></span> <span class='ocrx_word' id='word_1_243' title='bbox 566 2656 606 2717; x_wconf 93' lang='lat' dir='ltr'><strong>ad</strong></span> <span class='ocrx_word' id='word_1_244' title='bbox 630 2656 728 2719; x_wconf 84' lang='lat' dir='ltr'><strong>Deum</strong></span> <span class='ocrx_word' id='word_1_245' title='bbox 743 2673 749 2717; x_wconf 94' lang='lat'><strong>:</strong></span> <span class='ocrx_word' id='word_1_246' title='bbox 767 2654 926 2737; x_wconf 92' lang='lat' dir='ltr'><strong>Numquid</strong></span> <span class='ocrx_word' id='word_1_247' title='bbox 1021 2649 1112 2712; x_wconf 89' lang='lat' dir='ltr'><strong>Circa</strong></span> <span class='ocrx_word' id='word_1_248' title='bbox 1133 2650 1199 2714; x_wconf 86' lang='lat' dir='ltr'><strong>haec</strong></span> <span class='ocrx_word' id='word_1_249' title='bbox 1221 2650 1304 2727; x_wconf 88' lang='lat' dir='ltr'><strong>dieo,</strong></span> <span class='ocrx_word' id='word_1_250' title='bbox 1326 2650 1465 2731; x_wconf 81' lang='lat' dir='ltr'><strong>glossam</strong></span> <span class='ocrx_word' id='word_1_251' title='bbox 1488 2651 1576 2715; x_wconf 92' lang='lat' dir='ltr'><strong>illam</strong></span> <span class='ocrx_word' id='word_1_252' title='bbox 1598 2652 1728 2717; x_wconf 87' lang='lat' dir='ltr'><strong>llehrai·</strong></span> 
     </span>
     <span class='ocr_line' id='line_1_23' title="bbox 48 2738 1729 2836; baseline -0.001 -19"><span class='ocrx_word' id='word_1_253' title='bbox 48 2738 75 2777; x_wconf 74' lang='lat'><strong>³³·</strong></span> <span class='ocrx_word' id='word_1_254' title='bbox 177 2756 295 2836; x_wconf 89' lang='lat' dir='ltr'><strong>perdes</strong></span> <span class='ocrx_word' id='word_1_255' title='bbox 309 2756 431 2835; x_wconf 86' lang='lat' dir='ltr'><strong>justum</strong></span> <span class='ocrx_word' id='word_1_256' title='bbox 449 2773 522 2816; x_wconf 88' lang='lat' dir='ltr'><strong>curn</strong></span> <span class='ocrx_word' id='word_1_257' title='bbox 540 2752 666 2834; x_wconf 87' lang='lat' dir='ltr'><strong>impiot</strong></span> <span class='ocrx_word' id='word_1_258' title='bbox 982 2766 1062 2824; x_wconf 89' lang='lat' dir='ltr'><strong>cam,</strong></span> <span class='ocrx_word' id='word_1_259' title='bbox 1072 2756 1105 2809; x_wconf 90' lang='lat' dir='ltr'><strong>et</strong></span> <span class='ocrx_word' id='word_1_260' title='bbox 1119 2748 1239 2810; x_wconf 88' lang='lat' dir='ltr'><strong>dietum</strong></span> <span class='ocrx_word' id='word_1_261' title='bbox 1255 2747 1354 2810; x_wconf 83' lang='lat' dir='ltr'><strong>ltahhi</strong></span> <span class='ocrx_word' id='word_1_262' title='bbox 1372 2748 1560 2828; x_wconf 90' lang='lat' dir='ltr'><strong>Salomonis,</strong></span> <span class='ocrx_word' id='word_1_263' title='bbox 1575 2770 1729 2815; x_wconf 88' lang='lat' dir='ltr'><strong>veraesse</strong></span> 
     </span>
     <span class='ocr_line' id='line_1_24' title="bbox 217 2844 1727 2932; baseline 0 -19"><span class='ocrx_word' id='word_1_264' title='bbox 217 2851 310 2914; x_wconf 88' lang='lat' dir='ltr'><strong>Circa</strong></span> <span class='ocrx_word' id='word_1_265' title='bbox 325 2852 386 2915; x_wconf 88' lang='lat' dir='ltr'><strong>hoe</strong></span> <span class='ocrx_word' id='word_1_266' title='bbox 402 2850 514 2913; x_wconf 88' lang='lat' dir='ltr'><strong>scribit</strong></span> <span class='ocrx_word' id='word_1_267' title='bbox 529 2850 609 2932; x_wconf 87' lang='lat' dir='ltr'><strong>Lyra</strong></span> <span class='ocrx_word' id='word_1_268' title='bbox 627 2869 634 2912; x_wconf 93' lang='lat'>:</span> <span class='ocrx_word' id='word_1_269' title='bbox 652 2849 739 2924; x_wconf 88' lang='lat' dir='ltr'><strong>Quod</strong></span> <span class='ocrx_word' id='word_1_270' title='bbox 760 2857 815 2913; x_wconf 90' lang='lat' dir='ltr'><strong>aut</strong></span> <span class='ocrx_word' id='word_1_271' title='bbox 833 2851 927 2932; x_wconf 91' lang='lat' dir='ltr'><strong>quale</strong></span> <span class='ocrx_word' id='word_1_272' title='bbox 981 2844 1015 2907; x_wconf 93' lang='lat' dir='ltr'><strong>in</strong></span> <span class='ocrx_word' id='word_1_273' title='bbox 1031 2854 1121 2928; x_wconf 90' lang='lat' dir='ltr'><strong>parte</strong></span> <span class='ocrx_word' id='word_1_274' title='bbox 1141 2846 1200 2908; x_wconf 89' lang='lat' dir='ltr'><strong>hac</strong></span> <span class='ocrx_word' id='word_1_275' title='bbox 1217 2864 1224 2908; x_wconf 93' lang='lat'><strong>:</strong></span> <span class='ocrx_word' id='word_1_276' title='bbox 1243 2846 1402 2927; x_wconf 81' lang='lat' dir='ltr'><strong>habetque</strong></span> <span class='ocrx_word' id='word_1_277' title='bbox 1416 2845 1521 2926; x_wconf 79' lang='lat' dir='ltr'><strong>glossa</strong></span> <span class='ocrx_word' id='word_1_278' title='bbox 1538 2848 1594 2910; x_wconf 93' lang='lat' dir='ltr'><strong>illa</strong></span> <span class='ocrx_word' id='word_1_279' title='bbox 1612 2849 1727 2913; x_wconf 89' lang='lat' dir='ltr'><strong>lunda-</strong></span> 
     </span>
     <span class='ocr_line' id='line_1_25' title="bbox 176 2943 1729 3026; baseline -0.001 -15"><span class='ocrx_word' id='word_1_280' title='bbox 176 2950 239 3013; x_wconf 89' lang='lat' dir='ltr'><strong>luit</strong></span> <span class='ocrx_word' id='word_1_281' title='bbox 251 2950 336 3012; x_wconf 89' lang='lat' dir='ltr'><strong>istud</strong></span> <span class='ocrx_word' id='word_1_282' title='bbox 348 2950 550 3025; x_wconf 90' lang='lat' dir='ltr'><strong>miraculum,</strong></span> <span class='ocrx_word' id='word_1_283' title='bbox 561 2967 625 3012; x_wconf 92' lang='lat' dir='ltr'><strong>non</strong></span> <span class='ocrx_word' id='word_1_284' title='bbox 636 2948 771 3011; x_wconf 91' lang='lat' dir='ltr'><strong>hahetur</strong></span> <span class='ocrx_word' id='word_1_285' title='bbox 786 2968 824 3012; x_wconf 90' lang='lat' dir='ltr'><strong>ex</strong></span> <span class='ocrx_word' id='word_1_286' title='bbox 840 2958 926 3013; x_wconf 89' lang='lat' dir='ltr'><strong>textu</strong></span> <span class='ocrx_word' id='word_1_287' title='bbox 982 2953 1125 3007; x_wconf 88' lang='lat' dir='ltr'><strong>mentum</strong></span> <span class='ocrx_word' id='word_1_288' title='bbox 1141 2944 1174 3006; x_wconf 95' lang='lat' dir='ltr'><strong>in</strong></span> <span class='ocrx_word' id='word_1_289' title='bbox 1192 2943 1297 3007; x_wconf 87' lang='lat' dir='ltr'><strong>littera</strong></span> <span class='ocrx_word' id='word_1_290' title='bbox 1312 2944 1384 3021; x_wconf 86' lang='lat' dir='ltr'><strong>ista,</strong></span> <span class='ocrx_word' id='word_1_291' title='bbox 1396 2963 1491 3026; x_wconf 91' lang='lat' dir='ltr'><strong>quam</strong></span> <span class='ocrx_word' id='word_1_292' title='bbox 1508 2954 1573 3009; x_wconf 91' lang='lat' dir='ltr'><strong>tota</strong></span> <span class='ocrx_word' id='word_1_293' title='bbox 1587 2947 1729 3010; x_wconf 77' lang='lat' dir='ltr'><strong>Ecclesia</strong></span> 
     </span>
     <span class='ocr_line' id='line_1_26' title="bbox 176 3042 1728 3131; baseline -0.001 -20"><span class='ocrx_word' id='word_1_294' title='bbox 176 3049 210 3111; x_wconf 90' lang='lat' dir='ltr'><strong>in</strong></span> <span class='ocrx_word' id='word_1_295' title='bbox 227 3049 371 3131; x_wconf 91' lang='lat' dir='ltr'><strong>speciali,</strong></span> <span class='ocrx_word' id='word_1_296' title='bbox 382 3049 437 3111; x_wconf 92' lang='lat' dir='ltr'><strong>sed</strong></span> <span class='ocrx_word' id='word_1_297' title='bbox 452 3049 562 3111; x_wconf 88' lang='lat' dir='ltr'><strong>Glossa</strong></span> <span class='ocrx_word' id='word_1_298' title='bbox 578 3047 841 3129; x_wconf 89' lang='lat' dir='ltr'><strong>superPsalmum</strong></span> <span class='ocrx_word' id='word_1_299' title='bbox 853 3051 962 3128; x_wconf 84' lang='lat' dir='ltr'><strong>qua-G</strong></span> <span class='ocrx_word' id='word_1_300' title='bbox 982 3062 1052 3124; x_wconf 78' lang='lat' dir='ltr'><strong>qua</strong></span> <span class='ocrx_word' id='word_1_301' title='bbox 1068 3062 1131 3106; x_wconf 93' lang='lat' dir='ltr'><strong>non</strong></span> <span class='ocrx_word' id='word_1_302' title='bbox 1148 3050 1243 3120; x_wconf 89' lang='lat' dir='ltr'><strong>errat,</strong></span> <span class='ocrx_word' id='word_1_303' title='bbox 1260 3042 1362 3106; x_wconf 89' lang='lat' dir='ltr'><strong>credit</strong></span> <span class='ocrx_word' id='word_1_304' title='bbox 1381 3062 1451 3106; x_wconf 89' lang='lat' dir='ltr'><strong>esse</strong></span> <span class='ocrx_word' id='word_1_305' title='bbox 1471 3044 1659 3126; x_wconf 90' lang='lat' dir='ltr'><strong>simpliciter</strong></span> <span class='ocrx_word' id='word_1_306' title='bbox 1674 3065 1728 3109; x_wconf 91' lang='lat' dir='ltr'><strong>ve-</strong></span> 
     </span>
    </p>
   </div>
   <div class='ocr_carea' id='block_1_3' title="bbox 68 3140 1761 3720">
    <p class='ocr_par' dir='ltr' id='par_1_3' title="bbox 68 3140 1761 3720">
     <span class='ocr_line' id='line_1_27' title="bbox 175 3140 1726 3229; baseline -0.003 -19"><span class='ocrx_word' id='word_1_307' title='bbox 175 3148 395 3229; x_wconf 84' lang='lat' dir='ltr'><strong>dragesimum</strong></span> <span class='ocrx_word' id='word_1_308' title='bbox 410 3147 560 3228; x_wconf 89' lang='lat' dir='ltr'><strong>quintum</strong></span> <span class='ocrx_word' id='word_1_309' title='bbox 577 3145 654 3209; x_wconf 90' lang='lat' dir='ltr'><strong>dicit</strong></span> <span class='ocrx_word' id='word_1_310' title='bbox 673 3163 680 3207; x_wconf 94' lang='lat'><strong>:</strong></span> <span class='ocrx_word' id='word_1_311' title='bbox 697 3145 828 3220; x_wconf 87' lang='lat' dir='ltr'><strong>Quando</strong></span> <span class='ocrx_word' id='word_1_312' title='bbox 845 3154 928 3209; x_wconf 91' lang='lat' dir='ltr'><strong>terra</strong></span> <span class='ocrx_word' id='word_1_313' title='bbox 981 3158 1069 3215; x_wconf 85' lang='lat' dir='ltr'><strong>ram;</strong></span> <span class='ocrx_word' id='word_1_314' title='bbox 1087 3158 1146 3203; x_wconf 81' lang='lat' dir='ltr'><strong>neo</strong></span> <span class='ocrx_word' id='word_1_315' title='bbox 1166 3140 1376 3223; x_wconf 72' lang='lat' dir='ltr'><strong>Hieronymus</strong></span> <span class='ocrx_word' id='word_1_316' title='bbox 1397 3140 1430 3203; x_wconf 90' lang='lat' dir='ltr'><strong>in</strong></span> <span class='ocrx_word' id='word_1_317' title='bbox 1451 3142 1509 3205; x_wconf 87' lang='lat' dir='ltr'><strong>hac</strong></span> <span class='ocrx_word' id='word_1_318' title='bbox 1526 3150 1625 3224; x_wconf 89' lang='lat' dir='ltr'><strong>parte,</strong></span> <span class='ocrx_word' id='word_1_319' title='bbox 1643 3143 1726 3207; x_wconf 89' lang='lat' dir='ltr'><strong>sicut</strong></span> 
     </span>
     <span class='ocr_line' id='line_1_28' title="bbox 174 3239 1722 3328; baseline -0.001 -21"><span class='ocrx_word' id='word_1_320' title='bbox 174 3245 343 3310; x_wconf 88' lang='lat' dir='ltr'><strong>devoravit</strong></span> <span class='ocrx_word' id='word_1_321' title='bbox 358 3246 465 3328; x_wconf 93' lang='lat' dir='ltr'><strong>ipsum</strong></span> <span class='ocrx_word' id='word_1_322' title='bbox 477 3245 567 3322; x_wconf 79' lang='lat' dir='ltr'><strong>(iore,</strong></span> <span class='ocrx_word' id='word_1_323' title='bbox 576 3242 639 3306; x_wconf 84' lang='lat' dir='ltr'><strong>titii</strong></span> <span class='ocrx_word' id='word_1_324' title='bbox 655 3244 724 3325; x_wconf 84' lang='lat' dir='ltr'><strong>ejus</strong></span> <span class='ocrx_word' id='word_1_325' title='bbox 741 3254 927 3308; x_wconf 88' lang='lat' dir='ltr'><strong>manserunt</strong></span> <span class='ocrx_word' id='word_1_326' title='bbox 981 3258 1039 3302; x_wconf 91' lang='lat' dir='ltr'><strong>nec</strong></span> <span class='ocrx_word' id='word_1_327' title='bbox 1063 3239 1152 3317; x_wconf 91' lang='lat' dir='ltr'><strong>alibi,</strong></span> <span class='ocrx_word' id='word_1_328' title='bbox 1179 3239 1219 3302; x_wconf 95' lang='lat' dir='ltr'><strong>ah</strong></span> <span class='ocrx_word' id='word_1_329' title='bbox 1244 3239 1397 3303; x_wconf 82' lang='lat' dir='ltr'><strong>Hebraico</strong></span> <span class='ocrx_word' id='word_1_330' title='bbox 1423 3240 1557 3303; x_wconf 86' lang='lat' dir='ltr'><strong>veritate</strong></span> <span class='ocrx_word' id='word_1_331' title='bbox 1582 3243 1722 3305; x_wconf 86' lang='lat' dir='ltr'><strong>recessit.</strong></span> 
     </span>
     <span class='ocr_line' id='line_1_29' title="bbox 176 3337 1723 3425; baseline -0.001 -20"><span class='ocrx_word' id='word_1_332' title='bbox 176 3354 298 3408; x_wconf 86' lang='lat' dir='ltr'><strong>stantes</strong></span> <span class='ocrx_word' id='word_1_333' title='bbox 321 3345 355 3406; x_wconf 92' lang='lat' dir='ltr'><strong>in</strong></span> <span class='ocrx_word' id='word_1_334' title='bbox 381 3364 453 3407; x_wconf 87' lang='lat' dir='ltr'><strong>aere</strong></span> <span class='ocrx_word' id='word_1_335' title='bbox 477 3344 588 3406; x_wconf 87' lang='lat' dir='ltr'><strong>divina</strong></span> <span class='ocrx_word' id='word_1_336' title='bbox 607 3344 734 3420; x_wconf 89' lang='lat' dir='ltr'><strong>virtute,</strong></span> <span class='ocrx_word' id='word_1_337' title='bbox 761 3362 927 3425; x_wconf 85' lang='lat' dir='ltr'><strong>quousque</strong></span> <span class='ocrx_word' id='word_1_338' title='bbox 980 3337 1188 3419; x_wconf 79' lang='lat' dir='ltr'><strong>Port0,q110d</strong></span> <span class='ocrx_word' id='word_1_339' title='bbox 1207 3338 1287 3421; x_wconf 80' lang='lat' dir='ltr'><strong>Lyra</strong></span> <span class='ocrx_word' id='word_1_340' title='bbox 1308 3338 1386 3401; x_wconf 81' lang='lat' dir='ltr'><strong>dieii</strong></span> <span class='ocrx_word' id='word_1_341' title='bbox 1406 3340 1446 3402; x_wconf 86' lang='lat' dir='ltr'><strong>de</strong></span> <span class='ocrx_word' id='word_1_342' title='bbox 1468 3340 1591 3421; x_wconf 84' lang='lat' dir='ltr'><strong>psalmo</strong></span> <span class='ocrx_word' id='word_1_343' title='bbox 1611 3350 1723 3423; x_wconf 84' lang='lat' dir='ltr'><strong>prata·</strong></span> 
     </span>
     <span class='ocr_line' id='line_1_30' title="bbox 176 3438 1761 3523; baseline -0.001 -19"><span class='ocrx_word' id='word_1_344' title='bbox 176 3451 262 3506; x_wconf 89' lang='lat' dir='ltr'><strong>terra</strong></span> <span class='ocrx_word' id='word_1_345' title='bbox 279 3443 341 3506; x_wconf 91' lang='lat' dir='ltr'><strong>iuit</strong></span> <span class='ocrx_word' id='word_1_346' title='bbox 356 3442 499 3505; x_wconf 90' lang='lat' dir='ltr'><strong>reclusa:</strong></span> <span class='ocrx_word' id='word_1_347' title='bbox 518 3448 648 3523; x_wconf 91' lang='lat' dir='ltr'><strong>propter</strong></span> <span class='ocrx_word' id='word_1_348' title='bbox 662 3442 746 3523; x_wconf 90' lang='lat' dir='ltr'><strong>quod</strong></span> <span class='ocrx_word' id='word_1_349' title='bbox 763 3442 796 3503; x_wconf 91' lang='lat' dir='ltr'><strong>in</strong></span> <span class='ocrx_word' id='word_1_350' title='bbox 812 3442 927 3523; x_wconf 82' lang='lat' dir='ltr'><strong>gratia-</strong></span> <span class='ocrx_word' id='word_1_351' title='bbox 979 3445 1084 3513; x_wconf 84' lang='lat' dir='ltr'><strong>cto,et</strong></span> <span class='ocrx_word' id='word_1_352' title='bbox 1098 3438 1183 3519; x_wconf 93' lang='lat' dir='ltr'><strong>quod</strong></span> <span class='ocrx_word' id='word_1_353' title='bbox 1200 3455 1264 3500; x_wconf 92' lang='lat' dir='ltr'><strong>non</strong></span> <span class='ocrx_word' id='word_1_354' title='bbox 1279 3456 1390 3500; x_wconf 88' lang='lat' dir='ltr'><strong>omnes</strong></span> <span class='ocrx_word' id='word_1_355' title='bbox 1400 3438 1515 3519; x_wconf 90' lang='lat' dir='ltr'><strong>psalmi</strong></span> <span class='ocrx_word' id='word_1_356' title='bbox 1530 3448 1605 3501; x_wconf 90' lang='lat' dir='ltr'><strong>sunt</strong></span> <span class='ocrx_word' id='word_1_357' title='bbox 1616 3439 1726 3504; x_wconf 88' lang='lat' dir='ltr'><strong>iactia</strong></span> <span class='ocrx_word' id='word_1_358' title='bbox 1757 3488 1761 3495; x_wconf 79' lang='lat'><strong>.</strong></span> 
     </span>
     <span class='ocr_line' id='line_1_31' title="bbox 68 3535 1724 3621; baseline 0.005 -28"><span class='ocrx_word' id='word_1_359' title='bbox 68 3551 152 3595; x_wconf 62' lang='lat' dir='ltr'><strong>rm.</strong></span> <span class='ocrx_word' id='word_1_360' title='bbox 176 3560 247 3603; x_wconf 91' lang='lat' dir='ltr'><strong>rum</strong></span> <span class='ocrx_word' id='word_1_361' title='bbox 264 3541 424 3605; x_wconf 88' lang='lat' dir='ltr'><strong>actionem</strong></span> <span class='ocrx_word' id='word_1_362' title='bbox 441 3539 586 3603; x_wconf 89' lang='lat' dir='ltr'><strong>iecerunt</strong></span> <span class='ocrx_word' id='word_1_363' title='bbox 601 3539 862 3621; x_wconf 87' lang='lat' dir='ltr'><strong>psalmum,lleus</strong></span> <span class='ocrx_word' id='word_1_364' title='bbox 873 3559 926 3603; x_wconf 84' lang='lat' dir='ltr'><strong>no</strong></span> <span class='ocrx_word' id='word_1_365' title='bbox 980 3535 1090 3612; x_wconf 83' lang='lat' dir='ltr'><strong>David,</strong></span> <span class='ocrx_word' id='word_1_366' title='bbox 1108 3554 1170 3599; x_wconf 91' lang='lat' dir='ltr'><strong>non</strong></span> <span class='ocrx_word' id='word_1_367' title='bbox 1189 3544 1238 3598; x_wconf 91' lang='lat' dir='ltr'><strong>est</strong></span> <span class='ocrx_word' id='word_1_368' title='bbox 1252 3545 1384 3615; x_wconf 87' lang='lat' dir='ltr'><strong>eertum,</strong></span> <span class='ocrx_word' id='word_1_369' title='bbox 1402 3545 1435 3600; x_wconf 90' lang='lat' dir='ltr'><strong>et</strong></span> <span class='ocrx_word' id='word_1_370' title='bbox 1448 3536 1533 3601; x_wconf 87' lang='lat' dir='ltr'><strong>circa</strong></span> <span class='ocrx_word' id='word_1_371' title='bbox 1547 3538 1607 3601; x_wconf 90' lang='lat' dir='ltr'><strong>hoc</strong></span> <span class='ocrx_word' id='word_1_372' title='bbox 1623 3540 1724 3603; x_wconf 88' lang='lat' dir='ltr'><strong>sancti</strong></span> 
     </span>
     <span class='ocr_line' id='line_1_32' title="bbox 175 3634 1725 3720; baseline 0.001 -19"><span class='ocrx_word' id='word_1_373' title='bbox 175 3649 241 3703; x_wconf 82' lang='lat' dir='ltr'><strong>ster</strong></span> <span class='ocrx_word' id='word_1_374' title='bbox 256 3639 418 3720; x_wconf 88' lang='lat' dir='ltr'><strong>retugium</strong></span> <span class='ocrx_word' id='word_1_375' title='bbox 429 3647 462 3701; x_wconf 89' lang='lat' dir='ltr'><strong>et</strong></span> <span class='ocrx_word' id='word_1_376' title='bbox 472 3639 581 3701; x_wconf 85' lang='lat' dir='ltr'><strong>virtus.</strong></span> <span class='ocrx_word' id='word_1_377' title='bbox 591 3638 658 3701; x_wconf 94' lang='lat' dir='ltr'><strong>Non</strong></span> <span class='ocrx_word' id='word_1_378' title='bbox 674 3638 760 3700; x_wconf 87' lang='lat' dir='ltr'><strong>enim</strong></span> <span class='ocrx_word' id='word_1_379' title='bbox 772 3638 870 3700; x_wconf 83' lang='lat' dir='ltr'><strong>David</strong></span> <span class='ocrx_word' id='word_1_380' title='bbox 882 3638 925 3701; x_wconf 79' lang='lat' dir='ltr'><strong>le</strong></span> <span class='ocrx_word' id='word_1_381' title='bbox 979 3634 1040 3696; x_wconf 88' lang='lat' dir='ltr'><strong>riri</strong></span> <span class='ocrx_word' id='word_1_382' title='bbox 1056 3634 1145 3699; x_wconf 90' lang='lat' dir='ltr'><strong>vario</strong></span> <span class='ocrx_word' id='word_1_383' title='bbox 1160 3636 1255 3698; x_wconf 90' lang='lat' dir='ltr'><strong>modo</strong></span> <span class='ocrx_word' id='word_1_384' title='bbox 1275 3643 1452 3715; x_wconf 77' lang='lat' dir='ltr'><strong>senserunt,</strong></span> <span class='ocrx_word' id='word_1_385' title='bbox 1471 3636 1548 3699; x_wconf 89' lang='lat' dir='ltr'><strong>Nam</strong></span> <span class='ocrx_word' id='word_1_386' title='bbox 1567 3645 1600 3699; x_wconf 89' lang='lat' dir='ltr'><strong>et</strong></span> <span class='ocrx_word' id='word_1_387' title='bbox 1619 3638 1725 3702; x_wconf 87' lang='lat' dir='ltr'><strong>lliero-</strong></span> 
     </span>
    </p>
   </div>
   <div class='ocr_carea' id='block_1_4' title="bbox 47 3733 1725 5397">
    <p class='ocr_par' dir='ltr' id='par_1_4' title="bbox 47 3733 1725 5397">
     <span class='ocr_line' id='line_1_33' title="bbox 173 3733 1722 3820; baseline -0.003 -19"><span class='ocrx_word' id='word_1_388' title='bbox 173 3739 217 3801; x_wconf 88' lang='lat' dir='ltr'><strong>cit</strong></span> <span class='ocrx_word' id='word_1_389' title='bbox 229 3758 342 3802; x_wconf 91' lang='lat' dir='ltr'><strong>omnes</strong></span> <span class='ocrx_word' id='word_1_390' title='bbox 354 3737 505 3820; x_wconf 92' lang='lat' dir='ltr'><strong>psalmos.</strong></span> <span class='ocrx_word' id='word_1_391' title='bbox 519 3737 589 3799; x_wconf 84' lang='lat' dir='ltr'><strong>llaee</strong></span> <span class='ocrx_word' id='word_1_392' title='bbox 600 3736 782 3818; x_wconf 86' lang='lat' dir='ltr'><strong>Lyra.Alihi</strong></span> <span class='ocrx_word' id='word_1_393' title='bbox 794 3738 923 3799; x_wconf 91' lang='lat' dir='ltr'><strong>demum</strong></span> <span class='ocrx_word' id='word_1_394' title='bbox 979 3751 1093 3814; x_wconf 82' lang='lat' dir='ltr'><strong>aymus</strong></span> <span class='ocrx_word' id='word_1_395' title='bbox 1109 3740 1352 3814; x_wconf 87' lang='lat' dir='ltr'><strong>protestatur‚et</strong></span> <span class='ocrx_word' id='word_1_396' title='bbox 1362 3733 1484 3796; x_wconf 80' lang='lat' dir='ltr'><strong>Hebraei</strong></span> <span class='ocrx_word' id='word_1_397' title='bbox 1499 3737 1722 3814; x_wconf 91' lang='lat' dir='ltr'><strong>communiter,</strong></span> 
     </span>
     <span class='ocr_line' id='line_1_34' title="bbox 173 3831 1722 3919; baseline 0.001 -22"><span class='ocrx_word' id='word_1_398' title='bbox 173 3836 284 3915; x_wconf 88' lang='lat' dir='ltr'><strong>reiert,</strong></span> <span class='ocrx_word' id='word_1_399' title='bbox 302 3836 572 3919; x_wconf 90' lang='lat' dir='ltr'><strong>quemadmodum</strong></span> <span class='ocrx_word' id='word_1_400' title='bbox 588 3834 688 3897; x_wconf 85' lang='lat' dir='ltr'><strong>Rahhi</strong></span> <span class='ocrx_word' id='word_1_401' title='bbox 709 3835 858 3899; x_wconf 85' lang='lat' dir='ltr'><strong>Salomon</strong></span> <span class='ocrx_word' id='word_1_402' title='bbox 878 3836 925 3897; x_wconf 89' lang='lat' dir='ltr'><strong>di·</strong></span> <span class='ocrx_word' id='word_1_403' title='bbox 977 3832 1062 3912; x_wconf 90' lang='lat' dir='ltr'><strong>quod</strong></span> <span class='ocrx_word' id='word_1_404' title='bbox 1079 3831 1194 3913; x_wconf 89' lang='lat' dir='ltr'><strong>psalmi</strong></span> <span class='ocrx_word' id='word_1_405' title='bbox 1210 3850 1274 3895; x_wconf 91' lang='lat' dir='ltr'><strong>non</strong></span> <span class='ocrx_word' id='word_1_406' title='bbox 1290 3833 1622 3895; x_wconf 80' lang='lat' dir='ltr'><strong>suntomnesailavid</strong></span> <span class='ocrx_word' id='word_1_407' title='bbox 1633 3833 1722 3898; x_wconf 85' lang='lat' dir='ltr'><strong>laeti.</strong></span> 
     </span>
     <span class='ocr_line' id='line_1_35' title="bbox 173 3930 1725 4017; baseline -0.001 -19"><span class='ocrx_word' id='word_1_408' title='bbox 173 3937 331 4017; x_wconf 88' lang='lat' dir='ltr'><strong>cat,quod</strong></span> <span class='ocrx_word' id='word_1_409' title='bbox 343 3934 406 3997; x_wconf 91' lang='lat' dir='ltr'><strong>lilii</strong></span> <span class='ocrx_word' id='word_1_410' title='bbox 417 3934 495 3999; x_wconf 85' lang='lat' dir='ltr'><strong>Gore</strong></span> <span class='ocrx_word' id='word_1_411' title='bbox 507 3934 610 4016; x_wconf 92' lang='lat' dir='ltr'><strong>primo</strong></span> <span class='ocrx_word' id='word_1_412' title='bbox 626 3942 924 3997; x_wconf 88' lang='lat' dir='ltr'><strong>consenseruntsuo</strong></span> <span class='ocrx_word' id='word_1_413' title='bbox 978 3930 1031 3991; x_wconf 91' lang='lat' dir='ltr'><strong>Ait</strong></span> <span class='ocrx_word' id='word_1_414' title='bbox 1054 3948 1183 4012; x_wconf 90' lang='lat' dir='ltr'><strong>quoque</strong></span> <span class='ocrx_word' id='word_1_415' title='bbox 1208 3930 1417 4012; x_wconf 80' lang='lat' dir='ltr'><strong>Hieronymus</strong></span> <span class='ocrx_word' id='word_1_416' title='bbox 1445 3948 1452 3993; x_wconf 93' lang='lat'><strong>:</strong></span> <span class='ocrx_word' id='word_1_417' title='bbox 1481 3930 1594 3994; x_wconf 89' lang='lat' dir='ltr'><strong>&#39;lotum</strong></span> <span class='ocrx_word' id='word_1_418' title='bbox 1619 3932 1725 4015; x_wconf 91' lang='lat' dir='ltr'><strong>perlu-</strong></span> 
     </span>
     <span class='ocr_line' id='line_1_36' title="bbox 175 4028 1723 4115; baseline -0.002 -18"><span class='ocrx_word' id='word_1_419' title='bbox 175 4034 277 4115; x_wconf 80' lang='lat' dir='ltr'><strong>patri3</strong></span> <span class='ocrx_word' id='word_1_420' title='bbox 295 4034 351 4097; x_wconf 89' lang='lat' dir='ltr'><strong>sed</strong></span> <span class='ocrx_word' id='word_1_421' title='bbox 368 4033 477 4096; x_wconf 90' lang='lat' dir='ltr'><strong>audita</strong></span> <span class='ocrx_word' id='word_1_422' title='bbox 491 4032 604 4113; x_wconf 86' lang='lat' dir='ltr'><strong>Moysis</strong></span> <span class='ocrx_word' id='word_1_423' title='bbox 619 4032 849 4110; x_wconf 83' lang='lat' dir='ltr'><strong>exhortatione,</strong></span> <span class='ocrx_word' id='word_1_424' title='bbox 861 4051 925 4114; x_wconf 73' lang='lat' dir='ltr'><strong>pm</strong></span> <span class='ocrx_word' id='word_1_425' title='bbox 979 4036 1082 4091; x_wconf 90' lang='lat' dir='ltr'><strong>strans</strong></span> <span class='ocrx_word' id='word_1_426' title='bbox 1100 4028 1298 4111; x_wconf 85' lang='lat' dir='ltr'><strong>psalterium,</strong></span> <span class='ocrx_word' id='word_1_427' title='bbox 1316 4047 1380 4092; x_wconf 94' lang='lat' dir='ltr'><strong>non</strong></span> <span class='ocrx_word' id='word_1_428' title='bbox 1395 4028 1525 4094; x_wconf 89' lang='lat' dir='ltr'><strong>invenio</strong></span> <span class='ocrx_word' id='word_1_429' title='bbox 1542 4029 1575 4091; x_wconf 92' lang='lat' dir='ltr'><strong>in</strong></span> <span class='ocrx_word' id='word_1_430' title='bbox 1591 4032 1723 4113; x_wconf 90' lang='lat' dir='ltr'><strong>psalmis</strong></span> 
     </span>
     <span class='ocr_line' id='line_1_37' title="bbox 47 4126 1719 4221; baseline 0 -26"><span class='ocrx_word' id='word_1_431' title='bbox 47 4137 160 4221; x_wconf 57' lang='lat' dir='ltr'><strong>paura,</strong></span> <span class='ocrx_word' id='word_1_432' title='bbox 176 4133 354 4195; x_wconf 89' lang='lat' dir='ltr'><strong>nituerunt.</strong></span> <span class='ocrx_word' id='word_1_433' title='bbox 371 4130 557 4213; x_wconf 85' lang='lat' dir='ltr'><strong>Quanquam</strong></span> <span class='ocrx_word' id='word_1_434' title='bbox 579 4130 697 4211; x_wconf 84' lang='lat' dir='ltr'><strong>Moyses</strong></span> <span class='ocrx_word' id='word_1_435' title='bbox 719 4129 809 4206; x_wconf 83' lang='lat' dir='ltr'><strong>dixit,</strong></span> <span class='ocrx_word' id='word_1_436' title='bbox 829 4131 925 4193; x_wconf 89' lang='lat' dir='ltr'><strong>Rece-</strong></span> <span class='ocrx_word' id='word_1_437' title='bbox 979 4126 1121 4190; x_wconf 89' lang='lat' dir='ltr'><strong>liliorum</strong></span> <span class='ocrx_word' id='word_1_438' title='bbox 1136 4128 1215 4190; x_wconf 76' lang='lat' dir='ltr'><strong>(lore</strong></span> <span class='ocrx_word' id='word_1_439' title='bbox 1229 4126 1359 4209; x_wconf 90' lang='lat' dir='ltr'><strong>aliquod</strong></span> <span class='ocrx_word' id='word_1_440' title='bbox 1376 4137 1535 4191; x_wconf 86' lang='lat' dir='ltr'><strong>terrenum</strong></span> <span class='ocrx_word' id='word_1_441' title='bbox 1551 4139 1605 4192; x_wconf 90' lang='lat' dir='ltr'><strong>aut</strong></span> <span class='ocrx_word' id='word_1_442' title='bbox 1621 4132 1719 4210; x_wconf 90' lang='lat' dir='ltr'><strong>triste,</strong></span> 
     </span>
     <span class='ocr_line' id='line_1_38' title="bbox 47 4210 1722 4312; baseline -0.001 -18"><span class='ocrx_word' id='word_1_443' title='bbox 47 4210 73 4239; x_wconf 63' lang='lat'><strong>&#39;¹⁴&#39;</strong></span> <span class='ocrx_word' id='word_1_444' title='bbox 174 4234 241 4295; x_wconf 85' lang='lat' dir='ltr'><strong>dite</strong></span> <span class='ocrx_word' id='word_1_445' title='bbox 265 4251 284 4293; x_wconf 91' lang='lat' dir='ltr'><strong>a</strong></span> <span class='ocrx_word' id='word_1_446' title='bbox 306 4228 521 4293; x_wconf 87' lang='lat' dir='ltr'><strong>tabernaculis</strong></span> <span class='ocrx_word' id='word_1_447' title='bbox 538 4228 704 4291; x_wconf 91' lang='lat' dir='ltr'><strong>homiuum</strong></span> <span class='ocrx_word' id='word_1_448' title='bbox 728 4227 899 4309; x_wconf 93' lang='lat' dir='ltr'><strong>impiorum</strong></span> <span class='ocrx_word' id='word_1_449' title='bbox 914 4253 921 4304; x_wconf 88' lang='grc'><strong>;</strong></span> <span class='ocrx_word' id='word_1_450' title='bbox 938 4228 963 4289; x_wconf 89' lang='lat' dir='ltr'>D</span> <span class='ocrx_word' id='word_1_451' title='bbox 979 4227 1033 4288; x_wconf 89' lang='lat' dir='ltr'><strong>sed</strong></span> <span class='ocrx_word' id='word_1_452' title='bbox 1058 4224 1166 4289; x_wconf 92' lang='lat' dir='ltr'><strong>omnia</strong></span> <span class='ocrx_word' id='word_1_453' title='bbox 1190 4226 1371 4308; x_wconf 88' lang='lat' dir='ltr'><strong>spiritualia</strong></span> <span class='ocrx_word' id='word_1_454' title='bbox 1396 4234 1471 4289; x_wconf 86' lang='lat' dir='ltr'><strong>surrt</strong></span> <span class='ocrx_word' id='word_1_455' title='bbox 1496 4227 1529 4289; x_wconf 95' lang='lat' dir='ltr'><strong>in</strong></span> <span class='ocrx_word' id='word_1_456' title='bbox 1554 4228 1601 4291; x_wconf 93' lang='lat' dir='ltr'><strong>eis</strong></span> <span class='ocrx_word' id='word_1_457' title='bbox 1626 4237 1722 4312; x_wconf 88' lang='lat' dir='ltr'><strong>atque</strong></span> 
     </span>
     <span class='ocr_line' id='line_1_39' title="bbox 174 4324 1720 4412; baseline 0 -21"><span class='ocrx_word' id='word_1_458' title='bbox 174 4330 238 4412; x_wconf 92' lang='lat' dir='ltr'><strong>ipsi</strong></span> <span class='ocrx_word' id='word_1_459' title='bbox 263 4338 370 4392; x_wconf 89' lang='lat' dir='ltr'><strong>tamen</strong></span> <span class='ocrx_word' id='word_1_460' title='bbox 397 4334 583 4390; x_wconf 88' lang='lat' dir='ltr'><strong>manserunt</strong></span> <span class='ocrx_word' id='word_1_461' title='bbox 605 4345 676 4389; x_wconf 91' lang='lat' dir='ltr'><strong>cum</strong></span> <span class='ocrx_word' id='word_1_462' title='bbox 699 4335 788 4409; x_wconf 90' lang='lat' dir='ltr'><strong>patre</strong></span> <span class='ocrx_word' id='word_1_463' title='bbox 810 4345 868 4390; x_wconf 93' lang='lat' dir='ltr'><strong>suo</strong></span> <span class='ocrx_word' id='word_1_464' title='bbox 889 4327 921 4390; x_wconf 95' lang='lat' dir='ltr'><strong>in</strong></span> <span class='ocrx_word' id='word_1_465' title='bbox 976 4324 1129 4406; x_wconf 87' lang='lat' dir='ltr'><strong>jucunda.</strong></span> <span class='ocrx_word' id='word_1_466' title='bbox 1145 4324 1252 4388; x_wconf 90' lang='lat' dir='ltr'><strong>Potius</strong></span> <span class='ocrx_word' id='word_1_467' title='bbox 1272 4333 1377 4388; x_wconf 88' lang='lat' dir='ltr'><strong>tamen</strong></span> <span class='ocrx_word' id='word_1_468' title='bbox 1398 4326 1504 4403; x_wconf 91' lang='lat' dir='ltr'><strong>credo,</strong></span> <span class='ocrx_word' id='word_1_469' title='bbox 1522 4346 1595 4389; x_wconf 89' lang='lat' dir='ltr'><strong>curn</strong></span> <span class='ocrx_word' id='word_1_470' title='bbox 1615 4328 1720 4409; x_wconf 88' lang='lat' dir='ltr'><strong>Augu-</strong></span> 
     </span>
     <span class='ocr_line' id='line_1_40' title="bbox 175 4422 1720 4508; baseline -0.001 -17"><span class='ocrx_word' id='word_1_471' title='bbox 175 4428 382 4492; x_wconf 88' lang='lat' dir='ltr'><strong>tabernaculo</strong></span> <span class='ocrx_word' id='word_1_472' title='bbox 404 4426 485 4506; x_wconf 88' lang='lat' dir='ltr'><strong>ejus,</strong></span> <span class='ocrx_word' id='word_1_473' title='bbox 505 4444 567 4489; x_wconf 93' lang='lat' dir='ltr'><strong>non</strong></span> <span class='ocrx_word' id='word_1_474' title='bbox 589 4426 628 4487; x_wconf 90' lang='lat' dir='ltr'><strong>ad</strong></span> <span class='ocrx_word' id='word_1_475' title='bbox 651 4424 868 4487; x_wconf 90' lang='lat' dir='ltr'><strong>adsisteudum</strong></span> <span class='ocrx_word' id='word_1_476' title='bbox 892 4426 921 4488; x_wconf 90' lang='lat' dir='ltr'><strong>ei</strong></span> <span class='ocrx_word' id='word_1_477' title='bbox 977 4422 1191 4499; x_wconf 90' lang='lat' dir='ltr'><strong>stino,omnes</strong></span> <span class='ocrx_word' id='word_1_478' title='bbox 1206 4423 1487 4504; x_wconf 87' lang='lat' dir='ltr'><strong>psalmosallavid</strong></span> <span class='ocrx_word' id='word_1_479' title='bbox 1505 4422 1616 4503; x_wconf 85' lang='lat' dir='ltr'><strong>lectos,</strong></span> <span class='ocrx_word' id='word_1_480' title='bbox 1627 4434 1720 4508; x_wconf 92' lang='lat' dir='ltr'><strong>prout</strong></span> 
     </span>
     <span class='ocr_line' id='line_1_41' title="bbox 173 4520 1722 4605; baseline -0.001 -18"><span class='ocrx_word' id='word_1_481' title='bbox 173 4527 206 4588; x_wconf 93' lang='lat' dir='ltr'><strong>in</strong></span> <span class='ocrx_word' id='word_1_482' title='bbox 233 4526 330 4603; x_wconf 90' lang='lat' dir='ltr'><strong>malo,</strong></span> <span class='ocrx_word' id='word_1_483' title='bbox 357 4525 412 4587; x_wconf 90' lang='lat' dir='ltr'><strong>sed</strong></span> <span class='ocrx_word' id='word_1_484' title='bbox 439 4532 474 4585; x_wconf 90' lang='lat' dir='ltr'><strong>ut</strong></span> <span class='ocrx_word' id='word_1_485' title='bbox 498 4524 564 4585; x_wconf 92' lang='lat' dir='ltr'><strong>suis</strong></span> <span class='ocrx_word' id='word_1_486' title='bbox 594 4521 867 4585; x_wconf 82' lang='lat' dir='ltr'><strong>exhortationibus</strong></span> <span class='ocrx_word' id='word_1_487' title='bbox 891 4532 923 4585; x_wconf 92' lang='lat' dir='ltr'><strong>et</strong></span> <span class='ocrx_word' id='word_1_488' title='bbox 977 4522 1010 4582; x_wconf 94' lang='lat' dir='ltr'><strong>in</strong></span> <span class='ocrx_word' id='word_1_489' title='bbox 1032 4520 1170 4583; x_wconf 83' lang='lat' dir='ltr'><strong>exordiis</strong></span> <span class='ocrx_word' id='word_1_490' title='bbox 1191 4521 1398 4602; x_wconf 89' lang='lat' dir='ltr'><strong>expositionis</strong></span> <span class='ocrx_word' id='word_1_491' title='bbox 1423 4522 1564 4603; x_wconf 89' lang='lat' dir='ltr'><strong>psalterii</strong></span> <span class='ocrx_word' id='word_1_492' title='bbox 1591 4543 1722 4605; x_wconf 90' lang='lat' dir='ltr'><strong>persua-</strong></span> 
     </span>
     <span class='ocr_line' id='line_1_42' title="bbox 173 4618 1540 4707; baseline -0.003 -21"><span class='ocrx_word' id='word_1_493' title='bbox 173 4626 325 4707; x_wconf 90' lang='lat' dir='ltr'><strong>precihus</strong></span> <span class='ocrx_word' id='word_1_494' title='bbox 340 4629 522 4686; x_wconf 88' lang='lat' dir='ltr'><strong>averterent</strong></span> <span class='ocrx_word' id='word_1_495' title='bbox 536 4640 609 4683; x_wconf 91' lang='lat' dir='ltr'><strong>eum</strong></span> <span class='ocrx_word' id='word_1_496' title='bbox 625 4640 643 4683; x_wconf 92' lang='lat' dir='ltr'><strong>a</strong></span> <span class='ocrx_word' id='word_1_497' title='bbox 658 4639 716 4683; x_wconf 93' lang='lat' dir='ltr'><strong>suo</strong></span> <span class='ocrx_word' id='word_1_498' title='bbox 732 4620 895 4702; x_wconf 92' lang='lat' dir='ltr'><strong>proposito</strong></span> <span class='ocrx_word' id='word_1_499' title='bbox 912 4639 919 4685; x_wconf 92' lang='lat'>:</span> <span class='ocrx_word' id='word_1_500' title='bbox 977 4619 1083 4682; x_wconf 90' lang='lat' dir='ltr'><strong>siones</strong></span> <span class='ocrx_word' id='word_1_501' title='bbox 1098 4620 1137 4680; x_wconf 91' lang='lat' dir='ltr'><strong>ad</strong></span> <span class='ocrx_word' id='word_1_502' title='bbox 1153 4618 1213 4682; x_wconf 90' lang='lat' dir='ltr'><strong>hoc</strong></span> <span class='ocrx_word' id='word_1_503' title='bbox 1228 4620 1351 4701; x_wconf 90' lang='lat' dir='ltr'><strong>aliquas</strong></span> <span class='ocrx_word' id='word_1_504' title='bbox 1367 4618 1540 4682; x_wconf 88' lang='lat' dir='ltr'><strong>introduxi.</strong></span> 
     </span>
     <span class='ocr_line' id='line_1_43' title="bbox 175 4718 1721 4799; baseline -0.003 -14"><span class='ocrx_word' id='word_1_505' title='bbox 175 4725 246 4787; x_wconf 89' lang='lat' dir='ltr'><strong>ideo</strong></span> <span class='ocrx_word' id='word_1_506' title='bbox 271 4742 336 4786; x_wconf 89' lang='lat' dir='ltr'><strong>non</strong></span> <span class='ocrx_word' id='word_1_507' title='bbox 362 4721 507 4783; x_wconf 89' lang='lat' dir='ltr'><strong>iecerunt</strong></span> <span class='ocrx_word' id='word_1_508' title='bbox 532 4727 642 4783; x_wconf 89' lang='lat' dir='ltr'><strong>contra</strong></span> <span class='ocrx_word' id='word_1_509' title='bbox 671 4718 784 4799; x_wconf 79' lang='lat' dir='ltr'><strong>Moysis</strong></span> <span class='ocrx_word' id='word_1_510' title='bbox 808 4719 924 4799; x_wconf 85' lang='lat' dir='ltr'><strong>jussio-</strong></span> <span class='ocrx_word' id='word_1_511' title='bbox 1017 4720 1077 4778; x_wconf 77' lang='lat' dir='ltr'><strong>Hu’</strong></span> <span class='ocrx_word' id='word_1_512' title='bbox 1091 4727 1167 4778; x_wconf 86' lang='lat' dir='ltr'><strong>suut</strong></span> <span class='ocrx_word' id='word_1_513' title='bbox 1185 4719 1326 4794; x_wconf 69' lang='lat' dir='ltr'><strong>familiae</strong></span> <span class='ocrx_word' id='word_1_514' title='bbox 1342 4720 1503 4787; x_wconf 82' lang='lat' dir='ltr'><strong>Manasse,</strong></span> <span class='ocrx_word' id='word_1_515' title='bbox 1517 4728 1547 4779; x_wconf 85' lang='lat' dir='ltr'><strong>et</strong></span> <span class='ocrx_word' id='word_1_516' title='bbox 1566 4740 1721 4782; x_wconf 82' lang='lat' dir='ltr'><strong>uumerus</strong></span> 
     </span>
     <span class='ocr_line' id='line_1_44' title="bbox 174 4814 1724 4899; baseline -0.002 -15"><span class='ocrx_word' id='word_1_517' title='bbox 174 4842 259 4899; x_wconf 89' lang='lat' dir='ltr'><strong>nem,</strong></span> <span class='ocrx_word' id='word_1_518' title='bbox 278 4821 324 4883; x_wconf 88' lang='lat' dir='ltr'><strong>sic</strong></span> <span class='ocrx_word' id='word_1_519' title='bbox 340 4820 545 4883; x_wconf 87' lang='lat' dir='ltr'><strong>remanendo.</strong></span> <span class='ocrx_word' id='word_1_520' title='bbox 558 4817 724 4899; x_wconf 89' lang='lat' dir='ltr'><strong>Quumque</strong></span> <span class='ocrx_word' id='word_1_521' title='bbox 737 4826 821 4879; x_wconf 87' lang='lat' dir='ltr'><strong>terra</strong></span> <span class='ocrx_word' id='word_1_522' title='bbox 835 4814 924 4899; x_wconf 86' lang='lat' dir='ltr'><strong>aper-</strong></span> <span class='ocrx_word' id='word_1_523' title='bbox 976 4836 1090 4877; x_wconf 77' lang='lat' dir='ltr'><strong>aarum</strong></span> <span class='ocrx_word' id='word_1_524' title='bbox 1113 4818 1355 4895; x_wconf 71' lang='lat' dir='ltr'><strong>quinquaqinta</strong></span> <span class='ocrx_word' id='word_1_525' title='bbox 1381 4820 1445 4876; x_wconf 83' lang='lat' dir='ltr'><strong>duo</strong></span> <span class='ocrx_word' id='word_1_526' title='bbox 1472 4818 1580 4878; x_wconf 84' lang='lat' dir='ltr'><strong>millia</strong></span> <span class='ocrx_word' id='word_1_527' title='bbox 1604 4822 1724 4896; x_wconf 80' lang='lat' dir='ltr'><strong>septta-</strong></span> 
     </span>
     <span class='ocr_line' id='line_1_45' title="bbox 174 4913 1720 4999; baseline 0 -18"><span class='ocrx_word' id='word_1_528' title='bbox 174 4930 205 4983; x_wconf 89' lang='lat' dir='ltr'><strong>to</strong></span> <span class='ocrx_word' id='word_1_529' title='bbox 231 4939 287 4983; x_wconf 91' lang='lat' dir='ltr'><strong>ore</strong></span> <span class='ocrx_word' id='word_1_530' title='bbox 308 4917 482 4998; x_wconf 86' lang='lat' dir='ltr'><strong>deglutiret</strong></span> <span class='ocrx_word' id='word_1_531' title='bbox 504 4925 625 4999; x_wconf 90' lang='lat' dir='ltr'><strong>patrem</strong></span> <span class='ocrx_word' id='word_1_532' title='bbox 651 4933 772 4992; x_wconf 91' lang='lat' dir='ltr'><strong>eorum,</strong></span> <span class='ocrx_word' id='word_1_533' title='bbox 797 4915 924 4978; x_wconf 88' lang='lat' dir='ltr'><strong>stabant</strong></span> <span class='ocrx_word' id='word_1_534' title='bbox 973 4916 1075 4991; x_wconf 68' lang='lat' dir='ltr'><strong>penti.</strong></span> <span class='ocrx_word' id='word_1_535' title='bbox 1097 4913 1168 4976; x_wconf 71' lang='lat' dir='ltr'><strong>llaec</strong></span> <span class='ocrx_word' id='word_1_536' title='bbox 1189 4921 1237 4976; x_wconf 91' lang='lat' dir='ltr'><strong>est</strong></span> <span class='ocrx_word' id='word_1_537' title='bbox 1258 4933 1382 4976; x_wconf 92' lang='lat' dir='ltr'><strong>summa</strong></span> <span class='ocrx_word' id='word_1_538' title='bbox 1404 4913 1546 4977; x_wconf 88' lang='lat' dir='ltr'><strong>liliorum</strong></span> <span class='ocrx_word' id='word_1_539' title='bbox 1568 4916 1720 4981; x_wconf 84' lang='lat' dir='ltr'><strong>Manasse.</strong></span> 
     </span>
     <span class='ocr_line' id='line_1_46' title="bbox 173 5012 1724 5101; baseline -0.002 -19"><span class='ocrx_word' id='word_1_540' title='bbox 173 5018 322 5101; x_wconf 89' lang='lat' dir='ltr'><strong>suspensi</strong></span> <span class='ocrx_word' id='word_1_541' title='bbox 339 5018 372 5079; x_wconf 92' lang='lat' dir='ltr'><strong>in</strong></span> <span class='ocrx_word' id='word_1_542' title='bbox 388 5035 462 5079; x_wconf 90' lang='lat' dir='ltr'><strong>aere</strong></span> <span class='ocrx_word' id='word_1_543' title='bbox 480 5034 583 5096; x_wconf 92' lang='lat' dir='ltr'><strong>usque</strong></span> <span class='ocrx_word' id='word_1_544' title='bbox 602 5015 641 5077; x_wconf 91' lang='lat' dir='ltr'><strong>ad</strong></span> <span class='ocrx_word' id='word_1_545' title='bbox 663 5022 753 5076; x_wconf 79' lang='lat' dir='ltr'><strong>terrra</strong></span> <span class='ocrx_word' id='word_1_546' title='bbox 773 5013 923 5077; x_wconf 82' lang='lat' dir='ltr'><strong>reclusio</strong></span> <span class='ocrx_word' id='word_1_547' title='bbox 977 5012 1019 5074; x_wconf 82' lang='lat' dir='ltr'><strong>lle</strong></span> <span class='ocrx_word' id='word_1_548' title='bbox 1035 5030 1167 5074; x_wconf 92' lang='lat' dir='ltr'><strong>numero</strong></span> <span class='ocrx_word' id='word_1_549' title='bbox 1182 5020 1288 5075; x_wconf 89' lang='lat' dir='ltr'><strong>autem</strong></span> <span class='ocrx_word' id='word_1_550' title='bbox 1305 5012 1447 5076; x_wconf 91' lang='lat' dir='ltr'><strong>liliorum</strong></span> <span class='ocrx_word' id='word_1_551' title='bbox 1468 5013 1630 5094; x_wconf 88' lang='lat' dir='ltr'><strong>Ephraim,</strong></span> <span class='ocrx_word' id='word_1_552' title='bbox 1649 5015 1724 5079; x_wconf 88' lang='lat' dir='ltr'><strong>suh·</strong></span> 
     </span>
     <span class='ocr_line' id='line_1_47' title="bbox 174 5110 1724 5199; baseline -0.001 -20"><span class='ocrx_word' id='word_1_553' title='bbox 174 5136 248 5181; x_wconf 89' lang='lat' dir='ltr'><strong>nem</strong></span> <span class='ocrx_word' id='word_1_554' title='bbox 265 5134 350 5199; x_wconf 92' lang='lat' dir='ltr'><strong>:quo</strong></span> <span class='ocrx_word' id='word_1_555' title='bbox 367 5115 462 5190; x_wconf 85' lang='lat' dir='ltr'><strong>lacto,</strong></span> <span class='ocrx_word' id='word_1_556' title='bbox 482 5114 554 5176; x_wconf 92' lang='lat' dir='ltr'><strong>totis</strong></span> <span class='ocrx_word' id='word_1_557' title='bbox 571 5112 754 5195; x_wconf 75' lang='lat' dir='ltr'><strong>praecordiis</strong></span> <span class='ocrx_word' id='word_1_558' title='bbox 769 5112 809 5173; x_wconf 89' lang='lat' dir='ltr'><strong>ad</strong></span> <span class='ocrx_word' id='word_1_559' title='bbox 825 5111 921 5173; x_wconf 84' lang='lat' dir='ltr'><strong>lleurn</strong></span> <span class='ocrx_word' id='word_1_560' title='bbox 976 5110 1142 5173; x_wconf 80' lang='lat' dir='ltr'><strong>ditur:Hoe</strong></span> <span class='ocrx_word' id='word_1_561' title='bbox 1150 5122 1227 5171; x_wconf 68' lang='lat' dir='ltr'><strong>suaet</strong></span> <span class='ocrx_word' id='word_1_562' title='bbox 1237 5115 1438 5189; x_wconf 60' lang='lat' dir='ltr'><strong>copulationes</strong></span> <span class='ocrx_word' id='word_1_563' title='bbox 1446 5114 1593 5188; x_wconf 77' lang='lat' dir='ltr'><strong>fitiorum</strong></span> <span class='ocrx_word' id='word_1_564' title='bbox 1600 5116 1724 5192; x_wconf 60' lang='lat' dir='ltr'><strong>tephro-</strong></span> 
     </span>
     <span class='ocr_line' id='line_1_48' title="bbox 173 5209 1720 5292; baseline -0.004 -13"><span class='ocrx_word' id='word_1_565' title='bbox 173 5215 321 5279; x_wconf 89' lang='lat' dir='ltr'><strong>conversi</strong></span> <span class='ocrx_word' id='word_1_566' title='bbox 342 5221 430 5288; x_wconf 89' lang='lat' dir='ltr'><strong>sunt,</strong></span> <span class='ocrx_word' id='word_1_567' title='bbox 447 5222 479 5275; x_wconf 89' lang='lat' dir='ltr'><strong>et</strong></span> <span class='ocrx_word' id='word_1_568' title='bbox 499 5212 606 5292; x_wconf 91' lang='lat' dir='ltr'><strong>plures</strong></span> <span class='ocrx_word' id='word_1_569' title='bbox 623 5210 767 5273; x_wconf 88' lang='lat' dir='ltr'><strong>iecerunt</strong></span> <span class='ocrx_word' id='word_1_570' title='bbox 784 5209 923 5291; x_wconf 89' lang='lat' dir='ltr'><strong>psalmos</strong></span> <span class='ocrx_word' id='word_1_571' title='bbox 976 5210 1035 5278; x_wconf 82' lang='lat' dir='ltr'><strong>tm,</strong></span> <span class='ocrx_word' id='word_1_572' title='bbox 1057 5228 1199 5287; x_wconf 81' lang='lat' dir='ltr'><strong>quarum</strong></span> <span class='ocrx_word' id='word_1_573' title='bbox 1222 5230 1378 5270; x_wconf 80' lang='lat' dir='ltr'><strong>uumerus</strong></span> <span class='ocrx_word' id='word_1_574' title='bbox 1400 5211 1469 5287; x_wconf 78' lang='lat' dir='ltr'><strong>fuit</strong></span> <span class='ocrx_word' id='word_1_575' title='bbox 1495 5212 1632 5288; x_wconf 75' lang='lat' dir='ltr'><strong>criptula</strong></span> <span class='ocrx_word' id='word_1_576' title='bbox 1655 5216 1720 5273; x_wconf 76' lang='lat' dir='ltr'><strong>daco</strong></span> 
     </span>
     <span class='ocr_line' id='line_1_49' title="bbox 173 5307 1721 5397; baseline -0.003 -22"><span class='ocrx_word' id='word_1_577' title='bbox 173 5311 419 5397; x_wconf 91' lang='lat' dir='ltr'><strong>pulcherrimos.</strong></span> <span class='ocrx_word' id='word_1_578' title='bbox 429 5309 499 5372; x_wconf 85' lang='lat' dir='ltr'><strong>Haec</strong></span> <span class='ocrx_word' id='word_1_579' title='bbox 511 5310 600 5391; x_wconf 89' lang='lat' dir='ltr'><strong>Lyra.</strong></span> <span class='ocrx_word' id='word_1_580' title='bbox 608 5308 834 5371; x_wconf 87' lang='lat' dir='ltr'><strong>Verumtamen</strong></span> <span class='ocrx_word' id='word_1_581' title='bbox 846 5307 924 5368; x_wconf 81' lang='lat' dir='ltr'><strong>Rah</strong></span> <span class='ocrx_word' id='word_1_582' title='bbox 977 5308 1084 5367; x_wconf 83' lang='lat' dir='ltr'><strong>millia</strong></span> <span class='ocrx_word' id='word_1_583' title='bbox 1093 5308 1370 5385; x_wconf 72' lang='lat' dir='ltr'><strong>quinpenta&#39;dstud</strong></span> <span class='ocrx_word' id='word_1_584' title='bbox 1384 5307 1510 5371; x_wconf 88' lang='lat' dir='ltr'><strong>videtur</strong></span> <span class='ocrx_word' id='word_1_585' title='bbox 1524 5328 1594 5374; x_wconf 90' lang='lat' dir='ltr'><strong>esse</strong></span> <span class='ocrx_word' id='word_1_586' title='bbox 1609 5318 1721 5374; x_wconf 89' lang='lat' dir='ltr'><strong>contra</strong></span> 
     </span>
    </p>
   </div>
   <div class='ocr_carea' id='block_1_5' title="bbox 0 0 2160 6259">
    <p class='ocr_par' dir='ltr' id='par_1_5' title="bbox 0 0 2160 6259">
     <span class='ocr_line' id='line_1_50' title="bbox 0 0 2160 6259; baseline 0 1"><span class='ocrx_word' id='word_1_587' title='bbox 0 0 2160 6259; x_wconf 95' lang='lat' dir='ltr'><strong> </strong></span> 
     </span>
    </p>
   </div>
  </div>
 </body>
</html>
