4309 6259
464 476 523 541 butt
680 548 687 555 ,
796 498 969 547 nnsnnmro
992 502 1022 545 m
1042 502 1111 547 eur.
1134 500 1230 548 xxxrv
1250 501 1447 549 nunanonuu.
1469 521 1510 533 -
1530 503 1601 549 aar.
1622 503 1673 549 aur

465 674 561 747 queat
576 669 771 749 perpendere
787 670 912 751 pondus
927 690 991 733 suae
1012 671 1207 750 tentationis,
1224 675 1249 737 A
1263 671 1391 755 impios,
1402 681 1433 737 et
1447 692 1511 736 non
1527 682 1637 748 erunt;
1654 673 1785 755 spiritus
1800 691 1929 755 quoque
1943 691 1999 735 ma

465 773 497 828 et
512 766 721 829 intentionem
737 770 910 831 ‘tentantisz
929 770 1038 852 sicque
1059 778 1145 833 tanto
1164 771 1210 833 in
1264 771 1366 851 lignos
1392 773 1425 834 ln
1451 772 1612 835 mentibus
1637 773 1820 855 iniquorum
1846 781 1998 834 morantes

467 864 662 943 fatigabilius
678 866 787 929 virtuti
804 868 891 931 omni
908 868 1071 945 inherent,
1089 878 1209 952 quanto
1263 870 1422 953 pellendo,
1451 870 1643 933 insinuando
1669 871 1816 934 videlieet
1840 869 1996 953 proximis,

465 982 499 1025 so
519 965 623 1026 acrius
643 974 739 1047 atquo
758 966 882 1029 acutius
902 968 998 1031 sentit
1018 970 1144 1031 tentari.
1162 970 1210 1031 lu·
1262 988 1358 1050 quam
1379 969 1453 1045 vile,
1471 970 1604 1032 stultum
1619 990 1656 1032 ac
1672 970 1807 1052 impium
1827 969 1870 1031 sit
1889 969 1997 1031 talibus

465 1063 504 1125 de
525 1073 682 1127 venerunt
701 1066 738 1125 in
759 1069 1106 1140 Helmondebtntbnini,
1123 1070 1208 1149 quod
1263 1066 1496 1131 habitatoribus
1527 1069 1632 1131 locum
1662 1069 1804 1150 praebere
1836 1069 1868 1130 in
1897 1068 1994 1142 eorde,

410 1202 414 1211 -
465 1161 692 1243 interpretatur
713 1173 915 1246 contemptus
935 1167 1206 1248 opprobriorum:
1263 1167 1348 1247 quod
1370 1176 1588 1230 consecratum
1610 1177 1658 1231 est
1680 1168 1812 1250 Spiritui
1833 1167 1954 1242 Sancto,
1969 1176 1997 1227 et

464 1261 616 1341 quoniam
637 1261 686 1323 vit
707 1261 866 1344 perlectus
887 1264 930 1327 ita
951 1265 1137 1346 proficiens,
1154 1286 1209 1348 op·
1262 1266 1347 1346 quod
1371 1265 1439 1347 ipse
1459 1284 1553 1328 verus
1573 1267 1654 1329 Deus
1674 1275 1802 1349 paratus
1822 1273 1871 1329 est
1887 1266 1946 1327 sibi
1967 1265 1995 1326 in

464 1358 594 1440 probriu
618 1361 760 1442 spernit;
788 1361 831 1423 ita
858 1364 944 1443 quod
969 1383 1027 1427 nec
1053 1364 1145 1427 alteri
1172 1385 1209 1428 ea
1262 1364 1490 1438 habitaculum,
1509 1366 1573 1429 imo
1599 1366 1631 1428 in
1657 1366 1810 1449 templum
1832 1384 1994 1439 assumere,

465 1456 573 1534 infert,
586 1466 618 1520 et
633 1459 660 1520 si
677 1458 738 1521 sibi
755 1460 950 1540 ingerantur,
963 1480 1027 1524 nou
1044 1464 1209 1526 conturba·
1261 1462 1408 1525 dedicare
1423 1472 1455 1525 et
1470 1465 1643 1546 possidere.
1660 1464 1710 1527 Sic
1725 1483 1853 1547 quoque
1873 1463 1997 1545 dissipet

466 1564 526 1631 tur,
547 1555 610 1618 imo
624 1559 740 1637 gaudet
755 1559 1008 1642 adversisjunta
1023 1561 1103 1623 illud
1115 1561 1210 1625 Thre—
1263 1563 1386 1631 titulos,
1403 1561 1432 1624 id
1449 1571 1497 1625 est
1513 1563 1688 1625 vanitatum
1705 1563 1881 1627 erectiones
1895 1573 1926 1627 et
1940 1582 1997 1624 me

334 1668 450 1719 ruenni,
465 1672 578 1717 norum
604 1673 611 1716 :
638 1656 731 1719 Dabit
755 1658 946 1739 percutienti
971 1679 1004 1722 sc
1030 1660 1206 1739 maxillam,
1261 1659 1408 1722 morialia
1423 1660 1532 1723 inania
1547 1680 1583 1724 ae
1599 1661 1697 1736 elata3
1714 1673 1743 1723 et
1757 1672 1895 1731 statuae,
1910 1660 1940 1723 id
1955 1670 1997 1723 est

465 1753 662 1815 saturabitur
682 1756 884 1837 opprobrIis·
908 1758 1085 1840 praesertim
1107 1779 1206 1840 quum
1262 1758 1432 1820 simulacra
1447 1758 1597 1822 vitiorum
1619 1768 1650 1823 et
1671 1760 1756 1823 loeda
1773 1760 1996 1842 phantasmata,

334 1858 447 1909 Μὴν
463 1852 547 1914 dicat
571 1853 758 1933 Unigenitus
782 1856 870 1919 Ilei:
897 1857 981 1919 Beati
1006 1857 1084 1920 estis
1109 1878 1206 1939 quum
1227 1853 1551 1939 Bdistractionesque
1565 1858 1743 1932 cordis3t
1708 1881 1729 1919 a
1731 1869 1804 1939 tqne
1823 1864 1954 1931 enectae,
1970 1858 1997 1919 id

317 1923 350 1965 ¹¹'
463 1951 685 2014 maledixerint
700 1953 790 2016 vobrs
806 1954 962 2018 homines.
973 1956 1107 2019 Indead
1122 1979 1208 2019 neon-
1261 1963 1309 2017 est
1325 1974 1452 2019 omnem
1469 1956 1669 2021 altitudinem
1685 1956 1844 2034 elationis,
1857 1977 1998 2040 praesum

464 2061 506 2109 tes
534 2054 687 2123 Abarim,
714 2054 801 2134 quod
828 2054 1053 2137 interpretatur
1083 2065 1208 2119 montes
1262 2054 1380 2136 ptionis
1396 2055 1997 2137 etintimorataesecuritatis,quatenus

463 2150 691 2231 porrectionis:
709 2152 785 2234 quia
804 2154 879 2215 dum
900 2173 957 2235 per
977 2154 1036 2225 hos
1052 2156 1207 2219 virtutum
1261 2154 1356 2217 homo
1382 2154 1436 2217 Dei
1463 2155 1496 2216 in
1522 2155 1605 2220 valle
1628 2154 1818 2217 humilitatis
1840 2163 1871 2218 et
1892 2155 1997 2237 pavida

463 2248 579 2327 gradus
595 2250 774 2312 ascenderit
791 2251 886 2314 homo
890 2253 1030 2333 m,igrat
1045 2254 1085 2317 de
1099 2274 1206 2333 carne,
1261 2252 1517 2317 consideratione
1533 2254 1748 2337 periculorum
1769 2273 1899 2316 suorum
1916 2253 1998 2317 obse

357 2360 421 2404 neat.
463 2346 665 2427 evolatque'
657 2368 689 2410 rn
715 2349 843 2426 coelum,
867 2350 949 2414 sieut
974 2360 1006 2414 et
1030 2353 1182 2436 Moyses
1174 2375 1207 2418 rn
1261 2361 1377 2434 quatur
1392 2361 1426 2415 et
1439 2352 1600 2416 sacrrlrcet
1620 2354 1770 2417 soliDeo.
1787 2352 1918 2426 Quodsi
1930 2372 1996 2434 quis

316 2438 387 2474 ¹¹¹¹
367 2426 421 2468 ⁵
463 2454 571 2508 monte
587 2446 714 2510 Abarim
731 2456 789 2509 est·
780 2447 974 2513 ·d.elunctus
1263 2471 1327 2515 non
1343 2452 1524 2515 studuerit
1516 2472 1548 2514 rn
1565 2452 1615 2515 his
1626 2453 1760 2516 liomino
1775 2452 1931 2529 obedire,
1920 2461 1998 2535 Justo

498 2544 549 2606 llas
560 2553 634 2607 sunt
645 2546 825 2609 mansiones
836 2557 867 2610 et
878 2548 1091 2631 profectiones
1101 2552 1166 2615 veri
1177 2561 1209 2615 et
1261 2550 1382 2633 judicio
1397 2551 1608 2632 relinquetur,
1625 2561 1658 2616 et
1672 2552 1791 2614 incidet
1806 2551 1890 2614 mala
1904 2550 1997 2632 culpan

463 2643 639 2724 spiritualis
655 2645 812 2722 Israelita,
820 2647 871 2708 cui
888 2648 1032 2731 praecipit
1042 2650 1205 2727 Dominus,
1260 2658 1293 2712 et
1314 2668 1426 2732 poenae,
1445 2650 1555 2732 sicque
1576 2652 1718 2713 tradetur
1734 2650 1768 2713 in
1790 2670 1905 2713 manus
1919 2650 1997 2713 Sata-

463 2750 498 2803 ut
518 2762 616 2824 quum
640 2750 754 2806 terram
779 2746 1002 2826 promissionis
1028 2748 1205 2827 intraverit,
1262 2768 1311 2811 nae
1327 2749 1661 2830 etdaemonis‚quibus
1677 2749 1998 2832 insipientissimam

463 2840 494 2903 id
512 2850 570 2919 est,
581 2841 730 2905 Ecclesiae
742 2843 857 2906 Christi
875 2845 972 2908 luerit
988 2848 1207 2929 incorporatus
1261 2846 1398 2928 quiescit
1419 2868 1455 2911 ac
1476 2848 1633 2912 subditur.
1650 2849 1746 2911 Paulo
1768 2858 1841 2931 post
1859 2861 1953 2911 eruant
1970 2848 1997 2911 oi

463 2948 517 3002 eut
528 2939 712 3019 religionem
726 2942 1070 3026 protessus,disperdat
1080 2958 1208 3008 cunctos
1260 2950 1347 3007 claci
1363 2949 1399 3007 in
1414 2950 1528 3018 oculis,
1544 2959 1574 3010 et
1594 2953 1712 3010 lanceae
1732 2950 1770 3009 in
1791 2953 1955 3020 luteribus,
1969 2956 1998 3010 el

463 3040 655 3100 habitatores
678 3050 769 3102 terrea
790 3042 902 3119 malos,
923 3047 1138 3108 convertendo
1153 3064 1208 3108 eos
1223 3040 1245 3103 C
1262 3045 1433 3129 pessimam
1454 3046 1484 3109 ei
1505 3047 1793 3110 remunerationem
1809 3051 1995 3131 rependent:

463 3156 521 3219 pro
538 3156 641 3220 posse,
659 3138 770 3202 saltem
793 3143 913 3205 orando
933 3151 964 3205 et
984 3144 1207 3226 exemplariter
1261 3145 1338 3226 quia
1354 3165 1419 3226 quo
1433 3146 1572 3229 amplius
1588 3147 1634 3210 eis
1650 3147 1799 3225 deservit,
1817 3167 1855 3212 eo
1870 3149 1910 3211 ab
1927 3149 1997 3231 ipsis

316 3256 447 3307 aroanna
462 3238 692 3315 conversando,
715 3238 825 3321 sicque
850 3240 981 3322 impleat
1006 3240 1096 3319 illud,
1114 3243 1208 3306 Verte
1261 3245 1389 3325 gravius
1406 3245 1567 3328 punietur.

1001 3675 1325 3762 turreottts
1365 3678 1470 3762 LIII

484 3947 640 3995 exrostrto
663 3949 836 3994 tirrannus
858 3949 995 3995 cartrutt
1016 3950 1168 3996 vulcastttt
1189 3951 1302 4005 obaurt
1320 3952 1328 3996 1
1351 3952 1540 4006 LOCUTUSQUE
1562 3953 1616 3998 EST
1637 3953 1769 3999 DOMIMUS
1790 3955 1833 3998 Ab
1854 3955 1979 4001 uersat.

533 4232 556 4294 Ε
578 4231 639 4293 lilii
661 4231 755 4295 lsrael
778 4232 850 4315 plus
873 4232 933 4293 sibi
957 4240 1147 4315 usurparent
1168 4232 1208 4301 dc
1224 4231 1248 4293 D
1262 4242 1471 4305 maeorum;et
1481 4234 1606 4294 babebit
1623 4235 1774 4295 tcrnrinos
1783 4245 1895 4295 eontra
1904 4237 1999 4295 ora'en·

542 4337 634 4406 terra,
651 4349 746 4411 quam
762 4349 948 4393 eoncessum
966 4330 1027 4392 luit
1040 4330 1206 4406 divinitus,
1264 4341 1336 4402 terra
1347 4331 1378 4392 id
1390 4338 1438 4392 est
1448 4350 1558 4393 versus
1575 4332 1698 4412 plagam
1714 4332 1909 4410 orientalem,
1920 4354 1999 4393 artare

465 4428 676 4511 praeiiguntur
700 4429 746 4492 eis
773 4429 899 4492 tormini
925 4429 1022 4492 totius
1049 4428 1208 4492 terraneis
1263 4432 1499 4502 Sntsissitnnrn,
1523 4438 1632 4511 utpote
1656 4450 1743 4493 mara
1767 4430 1946 4493 Mortuum:
1967 4430 1997 4491 in

465 4528 1209 4609 promissae.boentusqneestDonninnsadMoy·
1263 4530 1355 4610 eujus
1371 4528 1441 4591 loco
1457 4528 1544 4591 stetit
1563 4530 1640 4591 olim
1661 4529 1841 4611 Pentapolis
1860 4530 1998 4613 pulebcr-
2027 4552 2108 4592 aava

463 4650 530 4700 sen,
547 4630 656 4689 dicens
666 4649 677 4687 .·
693 4630 839 4706 Prteeipe
853 4632 934 4706 filiis
950 4631 1065 4698 Israel,
1079 4638 1109 4688 et
1123 4631 1208 4688 ‹ttees
1263 4629 1453 4708 timeatque
1473 4627 1633 4691 uberrima
1654 4629 1752 4711 regio,
1768 4630 1896 4710 quat-ob
1911 4630 1998 4692 Sode
2011 4618 2036 4656 '⁰'

464 4729 508 4786 nd
532 4747 581 4787 eos
603 4749 614 4786 .·
639 4730 744 4795 anrn
770 4729 907 4803 inpressi
930 4728 1063 4805 fueritis
1088 4736 1218 4787 terrain·
1263 4746 1322 4789 maa
1344 4727 1465 4789 crimen
1485 4746 1577 4790 versa
1595 4736 1644 4789 est
1663 4727 1696 4789 iu
1717 4728 1820 4790 laeum
1841 4730 1957 4791 salsum
1970 4734 1999 4789 et

466 4828 633 4897 Cbannnn,
654 4835 684 4886 et
710 4828 744 4885 in
767 4828 992 4901 possessionem
1018 4826 1104 4884 vobis
1127 4834 1209 4884 sorte
1263 4823 1415 4902 sterilem,
1436 4826 1493 4906 qui
1519 4834 1650 4888 vocatur
1673 4846 1760 4890 mare
1784 4828 1949 4904 Mortuum,
1969 4826 1997 4888 in

464 4926 624 4995 ceciderit,
642 4926 692 4984 bis
713 4927 834 5001 finibns
858 4925 1109 4985 terminabitur:
1124 4928 1209 4986 Pers
1263 4942 1327 5004 quo
1343 4942 1402 4986 nec
1417 4924 1525 5005 piscis,
1536 4943 1595 4987 uec
1610 4925 1677 4987 evis
1692 4925 1800 4990 vivore
1816 4935 1929 5008 potest,
1945 4946 1999 4989 nee

465 5024 649 5083 meridiano
672 5031 762 5085 terrea
784 5021 1016 5105 promissionis
1035 5022 1209 5104 respiciens
1264 5022 1443 5101 navigabile
1468 5032 1526 5099 est,
1544 5032 1575 5085 et
1601 5024 1745 5105 fumigat.
1767 5026 1897 5105 Propter
1918 5025 1997 5106 quod

466 5122 590 5205 plagam
621 5123 802 5198 australem,
830 5124 964 5199 incipiet
988 5144 1008 5183 o
1034 5124 1210 5182 solitudine
1265 5141 1297 5183 rn
1314 5121 1396 5184 lrbro
1413 5122 1592 5203 Sapientiae
1613 5122 1841 5201 fumigabunda
1857 5132 1937 5186 terra
1955 5130 2043 5185 esta
2019 5132 2102 5192 semp

466 5222 542 5292 Sin,
553 5221 592 5283 de
607 5240 670 5302 qua
685 5220 806 5284 dictum
822 5229 870 5283 est
883 5221 1074 5303 precedenti
1091 5220 1211 5302 eapitu-
1264 5219 1434 5303 appellata,
1446 5222 1486 5284 de
1501 5242 1565 5303 qua
1580 5221 1613 5283 in
1628 5220 1741 5283 Genesi
1757 5222 1884 5303 plenius
1899 5232 1944 5285 est
1957 5222 1997 5283 di·
2008 5238 2092 5342 ‘522'

467 5319 497 5383 lo
501 5342 589 5401 ,quea
603 5323 761 5399 estjnnto
776 5324 893 5391 Edon,
901 5320 933 5383 id
948 5328 997 5383 est
1012 5328 1128 5383 terram
1145 5320 1211 5381 ldu-
1264 5328 1362 5382 ctum.
1381 5323 1444 5388 Qut
1460 5323 1644 5381 circuibunt
1662 5324 1840 5381 austratem
1858 5303 2050 5399 ptopanffl
