4309 6259
437 476 496 539 ert
778 494 951 541 annonario
973 494 1004 539 m
1025 494 1093 540 car.
1117 494 1157 541 xv
1178 494 1413 542 namanouornv.
1435 516 1476 526 -
1495 496 1567 543 aar.
1589 496 1642 543 xvi

288 684 421 735 omnmo.
437 664 703 747 compellerentur
718 665 910 742 mendicare,
924 666 1010 748 quod
1026 664 1112 727 infra
1128 684 1182 729 ve·
1195 664 1220 727 l
1234 668 1383 748 presenti
1399 677 1643 732 remunerantur
1657 667 1819 732 alioruino
1835 686 1980 730 reinone

437 772 540 839 tatur3
557 773 612 828 aut
634 764 815 829 ministrare
834 765 1008 845 gentilibus
1027 765 1096 828 sive
1115 765 1181 827 ido
1235 766 1358 829 ratione
1367 765 1554 848 multiplici;
1566 776 1598 829 et
1613 766 1668 848 qui
1683 766 1834 848 operibus
1849 765 1977 848 pietatis

436 863 569 941 lolatris,
583 862 693 946 sicque
708 883 782 927 cum
798 863 863 926 illis
879 865 1057 941 comedere,
1069 872 1101 927 et
1117 863 1181 926 ido
1235 863 1409 927 liberaliter
1428 873 1504 926 sunt
1519 865 1644 941 intenti,
1664 873 1726 927 tam
1747 864 1780 925 in
1800 863 1978 946 spirituali·

437 962 558 1045 lothyta
577 982 711 1039 sumere,
731 972 827 1045 atquo
851 982 890 1026 ex
909 962 1119 1045 consequenti
1147 962 1179 1024 in
1235 962 1295 1025 bus
1318 982 1414 1046 quam
1439 963 1473 1025 in
1493 963 1722 1046 temporalibus
1743 963 1977 1026 benedicuntur

436 1061 648 1124 idololatriam
664 1062 739 1139 labi,
756 1063 1024 1143 quemadmodum
1047 1060 1081 1122 in
1097 1061 1181 1123 ludi·
1233 1081 1253 1123 a
1267 1062 1401 1125 Domino
1414 1082 1422 1125 :
1434 1062 1552 1144 quibus
1562 1061 1621 1125 liet
1635 1062 1738 1138 alteo,
1754 1061 1840 1125 sicut
1855 1061 1977 1125 iaciunt

435 1180 508 1223 oum
528 1161 691 1224 volumine
713 1160 828 1241 legitur
852 1160 1024 1240 contigisse
1049 1160 1178 1237 Levita,
1234 1160 1387 1240 proximis
1413 1160 1490 1237 suis,
1518 1160 1600 1224 sicut
1623 1160 1669 1224 ait
1693 1160 1866 1224 Salvator:
1890 1160 1974 1223 Beati
1990 1178 2131 1221 uarices.

436 1267 546 1341 utpote
559 1260 700 1323 Jonathae
725 1257 796 1322 lilio
811 1258 938 1321 Gersam
966 1258 1027 1320 lilii
1053 1258 1177 1339 Moysis.
1235 1258 1466 1336 misericordes,
1484 1259 1636 1341 quoniam
1651 1259 1714 1340 ipsi
1724 1258 1975 1323 miscricordiam

435 1358 521 1421 Hanc
551 1358 648 1439 igitur
678 1358 805 1441 pietatis
833 1357 934 1436 legem
964 1357 1115 1439 adimple,
1143 1368 1180 1418 ut
1234 1363 1479 1439 consequentur,
1492 1358 1633 1438 itemque
1645 1375 1652 1419 :
1665 1357 1841 1422 Mensuram
1857 1359 1974 1421 bonam
1990 1376 2082 1424 cen,
2094 1380 2130 1419 κε.

436 1459 599 1517 benedicat
617 1460 677 1519 tibi
686 1458 845 1517 Dominus
856 1460 942 1518 Deus
961 1466 1034 1517 teins
1052 1458 1088 1515 in
1103 1476 1180 1516 cun-
1235 1456 1451 1519 etconlertam
1462 1464 1493 1519 et
1502 1457 1690 1537 coagitatam
1700 1465 1732 1520 ot
1745 1456 1978 1539 supereffluen-

434 1557 494 1615 cir's
507 1558 655 1631 operibus
670 1576 828 1615 monrium
845 1566 989 1625 tuarum,
1001 1554 1060 1617 hoc
1076 1554 1181 1617 estvi·
1236 1564 1298 1617 tem
1318 1555 1441 1618 dabunt
1456 1555 1489 1617 in
1505 1554 1611 1617 sinum
1632 1563 1784 1619 vestrum.
1802 1556 1975 1633 Postremo,

436 1653 518 1713 rium
533 1654 778 1735 operativarum,
792 1653 824 1714 id
840 1662 898 1730 est,
911 1652 943 1714 in
960 1652 1180 1734 spiritualibus
1235 1653 1409 1716 secundum
1433 1654 1588 1731 Glossam,
1599 1654 1833 1736 Historiamque
1858 1654 1977 1718 schola-

434 1772 471 1816 ac
487 1753 715 1836 temporalibus
737 1754 831 1816 rebus
854 1755 906 1816 det
929 1752 987 1816 tibi
1007 1753 1179 1833 gratiosam
1235 1753 1358 1829 stioam,
1381 1772 1445 1817 non
1466 1752 1558 1816 licuit
1581 1753 1696 1815 iudeis
1718 1753 1757 1815 de
1779 1754 1839 1816 bac
1861 1773 1977 1836 paupe

435 1851 744 1934 multiplicationem.
766 1850 929 1932 Siquidem
945 1870 1042 1933 opera
1055 1850 1180 1913 miseri·
1193 1850 1216 1911 B
1235 1871 1304 1913 rum
1315 1852 1438 1915 decima
1453 1852 1574 1932 aliquid
1586 1853 1619 1914 in
1629 1853 1775 1934 proprios
1791 1861 1977 1915 convertere

434 1949 550 2013 cordiae
566 1971 629 2015 non
648 1951 751 2013 solum
768 1951 800 2012 in
818 1948 936 2028 futuru,
955 1949 1122 2015 sedetiam
1144 1951 1178 2013 in
1235 1971 1322 2014 usus.

975 2382 1302 2469 lnrluutus
1341 2383 1440 2468 XVI

504 2658 682 2705 sanctuario
705 2658 878 2703 tirrannus
900 2656 1037 2703 taetrum
1058 2656 1263 2710 uulurtltuclttt
1285 2655 1292 2700 :
1316 2655 1442 2702 surrtuo
1463 2656 1546 2701 ANNO
1567 2656 1673 2702 BAGlES
1694 2656 1905 2703 Ranisstouttt.

502 2939 582 3003 UNC
603 2937 783 3021 specialiter
804 2938 999 3000 inducuntur
1014 2934 1178 3018 judicialia
1231 2936 1284 3017 jus
1308 2935 1458 3018 precepti
1482 2954 1577 2998 causa
1599 2936 1790 3017 assignatur,
1813 2958 1853 3001 ne
1875 2939 1975 3003 ludaei

512 3039 657 3121 quaedam
673 3036 932 3119 praecepta,inter
947 3036 1109 3117 proximos
1124 3034 1214 3105 obc
1233 3054 1397 3117 pauperes,
1415 3054 1452 3098 ex
1463 3034 1651 3116 impotentia
1666 3037 1867 3117 persolvendi
1883 3047 1976 3101 etex-

433 3138 598 3213 servanda,
620 3137 660 3197 ad
684 3134 919 3197 convivendum
943 3132 1108 3197 caritative
1132 3140 1178 3195 at·
1232 3134 1357 3197 actione
1377 3142 1472 3216 atque
1496 3134 1708 3197 coarctatione
1729 3138 1768 3198 ad
1794 3137 1976 3218 persolven-

433 3254 496 3315 que
516 3232 661 3317 pacifice.
679 3232 719 3293 Ut
742 3241 847 3295 autem
870 3232 983 3295 asserit
1003 3230 1123 3306 Glossa,
1143 3230 1176 3292 in
1231 3234 1318 3310 dum,
1335 3234 1375 3296 de
1394 3242 1477 3295 terra
1494 3252 1561 3310 sua,
1578 3232 1610 3295 in
1626 3253 1690 3315 qua
1709 3234 1775 3297 sola
1795 3235 1899 3298 cultus
1917 3237 1974 3299 Dei

433 3332 493 3396 hoo
516 3331 656 3414 capitulo
681 3329 809 3392 dilectio
834 3336 865 3392 et
890 3328 991 3410 pietas
1015 3346 1178 3392 commen·
1230 3331 1420 3411 generaliter
1435 3325 1594 3409 viguit,ad
1610 3339 1709 3394 terras
1722 3332 1890 3412 gentilium
1906 3334 1975 3398 ido-

433 3432 559 3507 dantur,
578 3438 612 3491 ut
633 3427 787 3511 proximis
808 3427 1026 3503 misereamur,
1044 3436 1075 3489 et
1100 3446 1177 3509 pre
1231 3430 1414 3492 lolatrarum
1437 3428 1657 3508 confugerent,
1676 3440 1707 3493 et
1729 3431 1784 3493 tali
1806 3433 1974 3497 occasione

434 3530 533 3590 mium
559 3526 776 3609 praestolemur
800 3544 818 3587 a
843 3525 977 3589 Domino
1002 3542 1008 3587 :
1033 3534 1176 3607 tempore
1229 3528 1269 3589 ad
1288 3527 1499 3592 idololatriam
1522 3527 1716 3605 laberentur,
1740 3532 1916 3593 secundum
1938 3532 1975 3595 il-

432 3627 517 3690 onim
534 3622 1081 3701 suomctemusnondelicientes‚si
1098 3624 1174 3685 dum
1231 3626 1284 3688 lud
1311 3644 1318 3689 :
1341 3627 1418 3689 Cum
1444 3645 1592 3708 perverso
1617 3628 1820 3708 perverteris.
1844 3629 1974 3711 Propter
1988 3657 2127 3703 nme,

432 3734 556 3807 tempus
572 3724 911 3804 habemus,operemur
925 3722 1045 3786 bonum
1061 3722 1101 3785 ad
1112 3740 1177 3785 om·
1229 3725 1314 3805 quod
1325 3723 1423 3787 David
1433 3724 1538 3806 primo
1549 3724 1668 3805 Regum
1678 3725 1827 3789 clamavit
1835 3728 1876 3789 ad
1884 3726 1972 3790 Saul:

431 3844 498 3901 nes,
516 3823 652 3886 maxime
673 3830 778 3885 autem
803 3823 842 3884 ad
864 3821 1056 3885 domesticos
1083 3820 1172 3884 fidei.
1230 3822 1261 3885 Si
1277 3823 1429 3886 Dominus
1445 3822 1556 3886 incitat
1577 3832 1608 3885 te
1628 3825 1796 3888 adversum
1820 3844 1882 3902 me,
1899 3827 1974 3889 odo
1997 3844 2126 3901 remma

429 3925 572 4002 Septimo
598 3943 684 3983 anno
709 3922 809 3999 socies
831 3922 1061 3992 remissionem,
1084 3920 1175 4001 juxta
1229 3929 1315 3984 retur
1329 3920 1523 3984 sacrificium
1538 3947 1545 3997 ;
1558 3921 1585 3983 si
1596 3931 1702 3985 aulem
1719 3922 1780 3985 lilii
1792 3924 1970 4002 hominum,
1988 3912 2025 3951 ¹⁹·

429 4040 558 4084 sensum
580 4020 635 4102 qui
658 4020 804 4081 subditur
826 4038 833 4082 :
856 4040 926 4099 porc
949 4018 1095 4082 remissio
1116 4022 1174 4079 too
1228 4020 1389 4083 maledicti
1411 4028 1486 4082 sunt
1508 4020 1541 4081 in
1561 4029 1734 4104 conspectu
1758 4022 1897 4099 Domini,
1913 4024 1972 4105 qui

427 4123 540 4182 ordine
564 4121 785 4181 celebrabitur.
810 4121 871 4179 Cni
889 4121 1020 4178 debetur
1042 4121 1174 4198 aliquid
1227 4118 1390 4200 ejecerunt
1414 4138 1465 4182 mo
1490 4118 1594 4195 hodie,
1621 4128 1742 4183 utnon
1772 4120 1912 4183 habitem
1938 4122 1972 4184 in

427 4222 467 4280 ob
481 4221 595 4290 amico,
613 4222 661 4279 vei
674 4220 837 4295 proximo,
854 4238 892 4277 ac
907 4218 1011 4295 fratrc
1026 4238 1096 4287 sno,
1112 4216 1173 4278 boc
1189 4220 1212 4279 D
1228 4217 1402 4281 hereditate
1423 4217 1560 4294 Domini,
1581 4217 1724 4281 dicentes
1743 4236 1750 4280 τ
1767 4218 1863 4297 Vade,
1888 4220 1972 4283 servi

427 4326 476 4382 cst
490 4316 671 4400 propinquo
686 4324 741 4378 aut
760 4316 823 4378 alio
844 4315 972 4378 natione
988 4316 1106 4391 ludeo,
1123 4336 1170 4375 re·
1226 4315 1289 4378 diis
1303 4316 1430 4379 alienis.

422 4426 530 4495 petere
546 4436 609 4477 non
620 4416 837 4493 poterit,qnia
853 4435 961 4475 annas
975 4417 1173 4475 remissionis
1266 4414 1409 4497 Denique
1419 4414 1554 4477 Thomas
1566 4415 1599 4476 in
1610 4414 1713 4497 prima
1723 4415 1973 4497 secunquum

427 4526 472 4577 esi
492 4517 627 4576 Domini
648 4536 659 4574 .·
681 4513 757 4595 quia
782 4512 816 4574 in
841 4512 901 4576 hoc
926 4513 1062 4594 septimo
1087 4531 1172 4576 anno
1227 4512 1330 4576 stione
1345 4512 1414 4588 lot,
1430 4511 1514 4575 circa
1536 4520 1728 4595 preceptum
1750 4512 1810 4575 hoc
1825 4513 1938 4577 scribit
1960 4534 1968 4578 :

429 4614 581 4677 Dominus
609 4612 705 4694 jussit
734 4610 956 4688 creditoribus,
983 4611 1090 4675 debita
1115 4612 1174 4675 lle-
1227 4610 1363 4672 lntentio
1393 4609 1472 4690 legis
1501 4618 1569 4672 erat
1597 4610 1794 4673 assuefacere
1824 4611 1972 4673 homines

429 4711 523 4775 breis
548 4710 718 4775 remittere.
746 4714 775 4771 A
796 4713 968 4787 peregrino
993 4720 1022 4771 et
1047 4713 1173 4771 aduena
1227 4709 1294 4770 suis
1309 4707 1475 4790 praeceptis
1490 4709 1529 4771 ad
1551 4708 1622 4785 hoc,
1640 4708 1726 4790 quod
1748 4708 1811 4771 sibi
1833 4709 1971 4771 invicem

428 4812 548 4887 enipes,
566 4810 598 4872 id
619 4817 678 4886 est,
695 4808 735 4871 ab
757 4808 915 4871 extraneis
934 4808 991 4890 qui
1015 4827 1077 4873 non
1099 4816 1174 4870 sunt
1227 4808 1266 4869 dc
1276 4805 1362 4869 facili
1374 4806 1407 4868 in
1419 4806 1661 4870 necessitatibus
1671 4808 1971 4889 subvenirent,quia

430 4916 506 4970 natu
520 4908 630 4984 ludaei,
642 4916 732 4990 potes
748 4907 782 4968 in
794 4906 850 4968 illo
860 4925 955 4983 anno,
974 4906 1055 4969 sicut
1070 4915 1102 4969 et
1116 4926 1173 4968 an·
1227 4905 1287 4967 boc
1302 4905 1472 4967 maximum
1488 4913 1537 4967 est
1551 4904 1699 4969 amicitia
1716 4904 1891 4969 lomentum
1912 4923 1920 4966 :
1937 4914 1973 4969 et

430 5014 471 5081 te,
488 5006 614 5086 exigere
635 5004 752 5068 debita.
776 5006 884 5064 Civem
905 5015 934 5064 et
949 5005 1173 5083 propinquum
1225 5003 1308 5065 banc
1330 5002 1539 5065 subveniendi
1564 5001 1750 5065 facilitatem
1774 5022 1838 5066 non
1862 5004 1969 5067 solum

429 5106 592 5180 repetemii
612 5123 675 5164 non
694 5106 789 5163 babes
799 5112 994 5179 potestatem.
1012 5102 1068 5164 Per
1084 5102 1169 5184 quod
1227 5100 1337 5163 statuit
1359 5100 1392 5162 in
1414 5100 1475 5178 his,
1493 5120 1565 5181 qua
1585 5099 1684 5180 gratis
1704 5110 1735 5164 et
1755 5100 1901 5165 absolute
1916 5103 1973 5166 do

428 5201 559 5284 quidam
574 5201 685 5264 dicunt
699 5199 958 5281 insinuari,quod
974 5219 992 5262 a
1006 5200 1171 5264 conversis
1226 5199 1418 5276 nantur,scd
1434 5198 1466 5260 in
1482 5198 1672 5280 hisquoque
1685 5218 1756 5281 que
1770 5209 1881 5262 mutuo
1896 5218 1973 5263 con·

427 5302 467 5363 ad
477 5300 684 5378 Iudaismum,
698 5318 762 5364 non
777 5298 868 5363 licuit
882 5299 988 5362 debita
1003 5300 1098 5379 exigi.
1107 5300 1171 5363 llu·
1226 5297 1549 5379 ceduntur,quoniam
1563 5297 1633 5360 talis
1644 5298 1812 5361 subventio
1822 5296 1974 5380 frequen·
