4309 6259
285 1094 420 1144 notatu.
435 1075 524 1138 Unde
545 1084 577 1138 et
596 1075 739 1137 Christus
758 1075 792 1137 in
809 1076 983 1156 Evangelio
1001 1093 1008 1136 ε
1025 1074 1117 1152 Quid,
1135 1074 1199 1144 in-‚

301 1389 422 1439 statuta,

290 1459 310 1499 ll.

305 3460 423 3511 Multhsr,

292 3528 312 3567 ll.

298 3589 357 3631 tttd.
365 3602 384 3639 r,
393 3591 417 3630 td

434 493 493 555 titt

827 505 1000 557 suanuatto
1022 510 1053 556 lu
1077 509 1146 556 CAP.
1169 503 1201 555 xl
1223 509 1358 555 LEl'll'lCl.
1381 527 1422 538 ·-
1442 508 1513 554 ant.
1536 505 1596 554 xxt'

472 685 540 760 Epo
568 703 641 744 sum
666 684 826 743 Dominus
856 685 941 743 Deus
967 691 1067 742 uester
1092 699 1103 742 .·
1128 679 1181 744 oui
1197 680 1223 740 A
1238 679 1322 760 gello
1337 679 1481 743 Christus
1499 697 1506 740 :
1523 678 1630 741 Estote
1650 676 1881 751 misericordes
1900 674 2099 737 siccitatum,

433 780 610 843 cumomni
630 779 798 860 diligentia
818 787 849 842 et
872 779 1008 862 puritate
1024 788 1072 842 est
1089 779 1182 841 mini-

435 878 612 955 strandum,
625 897 683 940 nec
699 878 815 958 dignus
831 887 879 941 est
896 897 1009 942 servus
1025 897 1114 940 meus
1131 897 1183 941 vo

435 977 500 1039 cari
522 977 579 1058 qui
600 977 679 1038 mihi
703 995 767 1039 non
789 976 888 1039 servit
914 977 998 1039 sieut
1017 975 1180 1059 praecipio.

436 1172 516 1253 quit,
530 1173 637 1236 dioitis
653 1173 744 1250 mihi,
757 1173 901 1250 Domine,
914 1174 1057 1250 Domine,
1071 1181 1103 1236 et
1118 1191 1183 1236 non

437 1270 543 1332 facitis
565 1290 636 1352 quae
658 1271 753 1333 dicol
772 1273 830 1334 Per
849 1272 1035 1334 Malachiam
1055 1290 1183 1353 quoque

439 1368 592 1431 hominus
608 1369 750 1451 loquitur
769 1388 776 1432 :
792 1370 892 1432 Filius
906 1371 1041 1434 honorat
1061 1379 1183 1452 patrem

439 1488 544 1545 suum,
562 1477 594 1531 et
609 1487 720 1531 servus
736 1469 827 1532 timet
842 1470 1007 1532 dominum
1029 1489 1133 1531 suum.
1152 1468 1183 1531 Si

439 1586 514 1648 ergo
530 1568 619 1630 Pater
634 1585 692 1646 ego
708 1587 789 1644 sum,
807 1568 863 1630 ubi
883 1576 931 1630 est
950 1569 1052 1631 honor
1071 1572 1185 1631 meust

439 1674 470 1728 et
481 1665 508 1727 si
518 1665 671 1728 Dominus
681 1685 740 1746 ego
751 1667 898 1745 sum,ubi
908 1676 956 1730 est
967 1667 1062 1732 timor
1073 1669 1184 1729 meust

440 1767 556 1825 Sancti
569 1775 674 1839 estote,
692 1765 724 1826 id
740 1774 788 1828 est
803 1765 876 1848 puri
892 1786 910 1828 a
926 1767 1024 1843 vitiis,
1038 1775 1070 1828 et
1081 1765 1183 1828 ornati

1239 787 1270 841 ct
1284 779 1374 841 Pater
1393 786 1497 842 vester
1517 776 1654 840 coelestis
1670 775 1850 838 misericors
1869 782 1926 836 est.
1944 773 1979 834 Et

1239 878 1343 940 denuo
1362 895 1369 938 :
1386 876 1504 953 Estote,
1516 876 1571 953 ait,
1589 874 1734 958 perlecti,
1752 873 1833 936 sicut
1848 879 1880 935 et
1894 873 1979 934 Pater
2007 900 2099 945 nattis,

1240 985 1343 1039 vester
1359 974 1497 1038 coelestis
1513 973 1672 1056 perlectus
1688 981 1746 1036 est.
1990 965 2021 1004 ⁴⁸·

1280 1075 1440 1137 Postremo
1455 1074 1582 1136 additur
1596 1072 1767 1154 epilogatio
1780 1092 1786 1136 :
1797 1076 1864 1133 Isto
1875 1081 1920 1132 est
1931 1074 1980 1130 ten

1240 1176 1461 1234 anttnanuom
1479 1183 1508 1233 et
1525 1173 1981 1244 volucrumetontntsantmn

1242 1274 1378 1332 ut'uenlt's
1388 1294 1459 1352 pure
1470 1281 1615 1332 triocolur
1625 1274 1662 1330 in
1673 1292 1770 1350 aqua,
1779 1270 1810 1331 id
1822 1278 1871 1332 est
1880 1269 1981 1332 omnis

1240 1370 1371 1432 animati
1388 1369 1527 1451 aquatici
1545 1387 1551 1430 :
1570 1369 1629 1432 hoo
1645 1377 1703 1446 est,
1721 1368 1754 1431 in
1770 1368 1830 1431 isto
1845 1366 1982 1449 capitulo

1241 1470 1321 1531 datae
1337 1477 1412 1530 sunt
1428 1468 1512 1548 leges
1533 1487 1589 1530 seu
1603 1468 1763 1550 jussiones
1783 1465 1982 1529 discernendi

1241 1568 1406 1630 immunda
1421 1587 1439 1630 a
1454 1567 1593 1644 mundis,
1612 1575 1675 1630 tam
1696 1568 1730 1628 in
1750 1565 1862 1629 bestiis
1884 1574 1981 1640 terrm,

1240 1686 1336 1749 quam
1360 1667 1393 1728 in
1416 1666 1528 1730 avibus
1548 1667 1631 1730 aeris
1652 1685 1687 1728 ao
1709 1664 1852 1748 piscibus
1874 1683 1981 1746 aquae3

1240 1775 1269 1824 et
1284 1776 1388 1842 reptat
1405 1769 1439 1824 in
1457 1776 1554 1837 torro,
1565 1776 1601 1826 ut
1616 1767 1817 1845 differentius
1832 1764 1984 1823 tacueritis

439 1863 632 1939 virtutibus3
653 1866 733 1944 quia
752 1885 807 1941 egro
826 1876 957 1926 sanetus
977 1887 1062 1938 stent,
1085 1865 1117 1926 id
1137 1873 1185 1927 est
1204 1859 1226 1920 B
1243 1867 1359 1924 rrnrmli
1374 1876 1403 1925 et
1420 1867 1596 1936 immundi,
1613 1875 1642 1924 et
1663 1866 1772 1924 scintis
1792 1865 1874 1943 quid
1893 1883 1984 1922 roario

437 1961 649 2024 essentialiter
666 1982 774 2044 purus,
784 1964 955 2041 virtuosus,
969 1964 1141 2047 perlectus,
1154 1971 1185 2025 et

437 2059 590 2122 sanctitas
610 2060 680 2142 ipsa
701 2061 869 2138 immensa,
892 2062 1094 2144 exemplaris,
1117 2061 1186 2125 lon-

436 2167 521 2236 tana,
539 2158 644 2222 omnis
665 2159 814 2241 puritatis
830 2169 862 2224 et
876 2161 1002 2223 virtutis
1022 2179 1183 2237 mensura,

437 2276 533 2318 eausa
557 2265 589 2319 et
615 2258 725 2338 regula
755 2258 870 2340 prima.
897 2259 1049 2323 llominns
1078 2267 1184 2321 autem

437 2354 507 2418 vult
523 2374 629 2418 servos
645 2374 720 2419 suos
736 2376 801 2419 suat
816 2358 974 2420 voluntati
991 2356 1185 2422 conformari

438 2472 474 2514 ac
504 2453 644 2516 obedire.
672 2454 912 2537 Praesertimque
938 2456 1030 2532 Deus,
1056 2456 1113 2537 qui
1138 2463 1186 2518 cst

438 2570 582 2613 summus
605 2561 694 2635 pater
715 2573 752 2615 ac
773 2553 923 2616 dominus
943 2555 1099 2631 omnium,
1117 2554 1187 2617 vult

439 2658 474 2711 ut
489 2649 636 2713 homines
652 2651 691 2713 ad
707 2671 797 2714 suam
814 2653 985 2734 imaginem
1003 2653 1186 2715 similitudi-

440 2767 578 2829 nemque
600 2749 757 2831 producti,
776 2751 1018 2815 conformentur
1040 2751 1135 2815 etiam
1156 2751 1186 2814 ei

439 2865 496 2928 per
511 2847 594 2910 dona
609 2849 718 2927 gratiae
737 2868 772 2912 ac
793 2851 957 2928 virtutum,
976 2858 1012 2912 ut
1031 2852 1113 2913 Deus
1133 2851 1186 2912 Pa-

439 2953 486 3006 ter
502 2945 703 3028 resplendeat
720 2948 752 3009 in
769 2948 849 3011 liliis
871 2949 949 3026 suis,
967 2957 999 3013 et
1015 2950 1099 3011 servi
1116 2949 1186 3032 ipso

1240 1966 1358 2024 dorcet
1373 1967 1455 2043 quid
1470 1985 1615 2041 respuere
1630 1965 1778 2024 debeatis.

1286 2060 1375 2124 Circa
1405 2061 1579 2143 praehabita
1610 2060 1737 2143 plenius
1767 2059 1981 2140 intelligenda,

1241 2160 1454 2240 pensandum,
1471 2161 1557 2241 quia,
1575 2169 1609 2222 ut
1632 2161 1723 2222 docet
1743 2159 1920 2222 Alexander
1936 2177 1984 2219 su-

1241 2275 1298 2340 per
1323 2259 1451 2320 tertium
1477 2258 1721 2336 Sententiarum,
1744 2267 1776 2320 et
1799 2256 1983 2320 Guillelmus

1242 2355 1324 2419 libro
1349 2357 1388 2419 de
1409 2357 1486 2420 Fide
1506 2365 1536 2419 ct
1559 2356 1695 2435 legibus,
1712 2356 1813 2420 voluit
1834 2355 1984 2418 Dominus

1243 2453 1483 2517 tabernaculum
1499 2475 1592 2516 suum
1608 2455 1641 2516 in
1662 2455 1783 2519 honore
1801 2453 1923 2531 haberi,
1942 2454 1985 2515 id-

1242 2571 1279 2616 eo
1301 2571 1364 2616 non
1386 2553 1448 2615 nisi
1468 2554 1605 2616 mundos
1623 2553 1656 2616 in
1676 2553 1755 2615 illud
1777 2553 1896 2615 intrare
1913 2571 1984 2616 eon-

1242 2651 1347 2714 cessit.
1376 2651 1580 2714 lmmunditia
1610 2661 1715 2714 autem
1745 2651 1983 2730 irregularitatis

1242 2749 1392 2827 materiae,
1417 2770 1487 2832 quat
1513 2751 1694 2832 requirebat
1716 2749 1981 2832 purificationem,

1242 2849 1409 2931 multiplex
1425 2859 1492 2912 erat
1510 2867 1516 2911 :
1534 2849 1610 2930 quia
1625 2869 1700 2912 vasa
1716 2849 1748 2910 in
1765 2868 1836 2931 quae
1852 2848 1983 2908 immun-

1242 2949 1282 3009 da
1304 2948 1495 3025 ceciderant,
1518 2958 1549 3011 et
1573 2968 1610 3011 ea
1634 2967 1704 3029 qun
1727 2947 1894 3011 morticina
1917 2945 1984 3008 ille

439 3063 496 3107 suo
523 3043 678 3107 famulatu
701 3047 871 3109 ostendant
895 3047 1065 3110 Dominum
1093 3041 1222 3110 suumC
1243 3066 1312 3108 rum
1330 3047 1507 3127 tetigerant,
1518 3047 1746 3130 reputabantur
1761 3047 1936 3122 immunda,
1947 3045 1983 3106 si-

439 3140 658 3204 honorabilem
685 3162 764 3220 esse,
788 3143 933 3226 aliosque
957 3163 1015 3208 suo
1041 3146 1186 3228 exemplo

439 3241 574 3303 incitent
589 3249 621 3303 et
636 3240 791 3305 inducant
805 3244 845 3305 ad
862 3263 994 3307 summa]
1010 3245 1187 3326 majestatis

439 3339 604 3402 honorem.
614 3340 685 3402 ldco
696 3339 795 3402 Filius
806 3341 860 3403 het
876 3343 984 3404 docuit
1000 3362 1058 3406 nos
1073 3361 1184 3406 orare:

439 3438 539 3515 Pater,
564 3438 785 3501 sanctificetur
810 3459 927 3503 nomen
953 3450 1055 3504 tuum.
1078 3443 1184 3507 ltem:

440 3536 576 3598 Videant
595 3555 692 3619 opera
713 3546 817 3600 vestra
832 3538 926 3616 hona,
949 3547 981 3602 ct
1002 3539 1187 3621 glorificent

440 3635 563 3698 Patrem
580 3644 721 3698 vostrum
737 3637 793 3718 qui
809 3637 842 3699 in
857 3638 949 3701 entis
964 3649 1022 3701 est.

482 3738 530 3796 Nc
540 3739 698 3813 polluatis
714 3739 843 3797 animus
856 3748 974 3798 oestrus
989 3741 1025 3798 in
1041 3743 1132 3800 orrtnt'
1146 3761 1189 3800 re

436 3836 517 3910 ptttt
526 3837 612 3913 quod
623 3846 765 3895 mouetur
775 3856 871 3913 super
883 3846 1011 3899 terram.
1024 3841 1090 3915 It'po
1100 3841 1187 3898 enim

440 3953 512 3993 sum
529 3935 687 3993 Dominus
701 3937 760 4014 qni
769 3937 870 3994 euitat
884 3956 933 3995 oos
943 3939 982 3995 de
994 3939 1188 4014 terruAEpy-

437 4033 497 4106 pti,
508 4041 543 4090 ut
558 4053 653 4090 essent
670 4035 755 4092 codis
772 4035 806 4092 in
820 4037 936 4102 Deum,
948 4034 980 4094 id
996 4043 1043 4096 est
1057 4035 1097 4095 ad
1114 4034 1184 4109 hoc,

441 4136 476 4189 ut
492 4147 548 4209 por
563 4129 702 4192 debitam
719 4130 957 4211 subjectionem,
968 4132 1139 4213 puritatem
1156 4141 1187 4194 et

1242 3145 1362 3209 militer
1377 3146 1523 3208 homines
1538 3147 1595 3228 qui
1610 3165 1647 3209 ea
1663 3146 1844 3227 tangebant,
1866 3143 1982 3207 clibani

1243 3262 1369 3325 quoque
1394 3244 1515 3307 etollae
1537 3245 1595 3306 :in
1618 3263 1682 3326 quo
1705 3262 1769 3307 non
1792 3243 1879 3306 aliud
1902 3251 1984 3306 recte

1244 3341 1379 3422 intelligi
1402 3351 1517 3424 potest,
1534 3343 1596 3404 nisi
1619 3343 1793 3425 prohibitio
1815 3342 1984 3424 appropin-

1243 3441 1404 3523 quationis
1427 3441 1466 3503 ad
1486 3441 1709 3505 idololatriam.
1726 3441 1785 3504 Ubi
1808 3441 1895 3504 enim
1915 3459 1985 3522 pro-

1243 3539 1338 3601 hibiti
1360 3549 1435 3602 sunt
1457 3538 1518 3601 filii
1536 3541 1629 3603 lsrael
1652 3549 1780 3622 tangere
1802 3537 1984 3620 hujusmodi

1154 3665 1157 3671 ·
1243 3636 1393 3701 animalia
1419 3638 1468 3703 rel
1493 3639 1662 3702 morticina
1687 3658 1808 3716 eorum,
1833 3636 1984 3720 prohibiti

1243 3746 1317 3798 sunt
1333 3737 1510 3800 necessario
1526 3737 1690 3800 immolare
1701 3737 1835 3814 ea,ctde
1846 3735 1986 3798 immola·

1244 3836 1284 3896 tis
1299 3836 1476 3898 comedere.
1486 3837 1518 3898 ln
1536 3836 1595 3899 hoc
1610 3835 1705 3899 etiam
1721 3837 1806 3918 quod
1823 3835 1986 3897 immunda

1241 3935 1382 4014 judicata
1397 3943 1471 3996 sunt
1487 3935 1780 4016 immunditiaque
1795 3934 1986 4016 prohibebat

1242 4053 1404 4096 accessum
1431 4033 1469 4095 ad
1495 4034 1550 4096 Dei
1576 4033 1826 4111 tabernaculum,
1854 4031 1986 4114 praecisa

1242 4140 1289 4193 est
1300 4131 1396 4192 etiam
1406 4151 1443 4194 ea
1453 4132 1657 4214 tangentibus
1673 4132 1777 4196 omnis
1794 4151 1866 4214 spes
1876 4150 1986 4194 emun-

441 4225 666 4304 obedientiam,
684 4226 728 4289 ita
748 4228 859 4290 colatis
877 4248 938 4305 me,
956 4240 990 4291 ut
1006 4231 1095 4310 digni
1117 4231 1186 4292 sitis
1202 4237 1226 4298 D
1242 4229 1391 4306 dationiS,
1418 4239 1450 4292 et
1473 4231 1793 4313 appropinquationis
1822 4231 1862 4292 ad
1886 4230 1984 4292 Deum

443 4343 493 4385 me
509 4325 607 4386 Deum
623 4344 746 4401 vocare,
766 4324 916 4408 tanquam
938 4328 970 4390 id
990 4331 1075 4410 quod
1092 4347 1187 4411 super

442 4422 550 4485 omnia
565 4423 689 4499 amatis,
699 4425 862 4488 honoratis
878 4435 909 4489 et
924 4427 1036 4489 colitis.
1056 4429 1187 4510 Propter

442 4522 528 4601 quod
548 4521 588 4583 ab
609 4522 784 4586 idololatris
805 4544 860 4588 ros
880 4525 986 4601 eduxi,
1005 4545 1045 4588 no
1060 4525 1187 4589 confor-

443 4620 574 4682 memini
590 4621 665 4700 illis,
684 4623 738 4685 sed
759 4624 931 4706 multiplici
951 4625 1109 4686 munditia
1124 4624 1187 4685 dil-

444 4718 552 4781 ioratis
571 4719 610 4782 ab
632 4722 721 4803 ipsis.
739 4727 854 4784 Sancti
867 4727 971 4795 eritis,
988 4725 1019 4786 id
1040 4733 1099 4800 est,
1117 4741 1186 4786 esse

443 4817 565 4880 debetis
596 4819 802 4897 immaculati,
831 4823 1006 4903 praesertim
1032 4823 1072 4886 ab
1098 4821 1186 4885 omni

442 4917 537 4998 culpa
552 4919 689 4996 mortali,
701 4930 732 4982 et
748 4921 843 4983 etiam
860 4921 993 4985 virtuosi
1008 4930 1039 4984 et
1056 4921 1184 4996 mundi;

442 5018 521 5094 qrtiu
540 5038 594 5094 arpo
613 5030 742 5079 sottelus
760 5041 843 5091 surra,
864 5021 919 5101 qui
941 5021 1079 5084 cultores
1099 5039 1187 5083 meos

442 5113 514 5176 volo
536 5116 616 5176 mihi
639 5135 696 5198 per
717 5118 928 5182 imitationem
949 5138 1018 5182 esse
1037 5119 1187 5183 consimi-

443 5213 498 5288 les,
515 5213 592 5294 quia
607 5222 735 5296 peecata
749 5216 822 5279 odio
837 5237 874 5280 ac
889 5219 1039 5294 detestor,
1052 5217 1187 5282 virtutes

443 5312 706 5394 sanctitatemque
729 5315 840 5396 diligo.
861 5316 939 5380 ilinc
962 5317 1008 5379 ait.
1030 5317 1063 5379 in
1087 5316 1187 5379 Evan-

1243 4346 1299 4408 per
1319 4329 1385 4390 illa.
1403 4329 1441 4391 Et
1461 4349 1517 4410 per
1533 4330 1600 4393 haee
1614 4338 1741 4393 ostensa
1757 4337 1832 4392 sunt
1849 4327 1929 4390 filiis
1945 4328 1987 4390 ls-

1243 4426 1307 4488 rael
1318 4426 1408 4507 signa
1419 4427 1536 4492 divinae
1546 4429 1737 4492 olfensionis
1753 4436 1784 4491 et
1800 4428 1986 4506 indignatio

1244 4525 1293 4586 nis
1309 4525 1342 4587 in
1360 4526 1424 4588 illis
1441 4527 1625 4606 immundis,
1644 4547 1707 4591 non
1725 4536 1853 4610 propter
1869 4546 1912 4602 se,
1931 4526 1987 4588 sed

1243 4633 1372 4705 propter
1388 4625 1599 4690 idololatriam
1616 4646 1686 4708 quae
1702 4626 1801 4690 liebat
1811 4626 1850 4688 de
1862 4627 1918 4687 eis.
1933 4625 1988 4687 lle

1243 4723 1340 4805 nique
1363 4744 1436 4787 vasa
1458 4724 1490 4787 in
1513 4745 1584 4808 quae
1603 4734 1790 4790 corruerunt
1811 4723 1986 4801 immunda,

1243 4821 1344 4884 voluit
1359 4822 1440 4884 Deus
1456 4843 1525 4886 esse
1541 4825 1662 4906 polluta
1682 4843 1754 4887 cum
1775 4824 1933 4886 contentis
1953 4823 1986 4885 in

1242 4919 1299 4982 eis.
1320 4920 1493 4984 ldololatrae
1513 4922 1599 4985 enim
1620 4941 1695 4985 vasa
1714 4920 1862 4985 volebant
1881 4939 1988 4984 carere

1243 5019 1412 5100 opereulis,
1446 5029 1480 5082 ut
1507 5007 1668 5102 aliquibus
1694 5019 1832 5084 servitiis
1858 5019 1990 5083 idolola-

1244 5120 1313 5181 tria
1336 5119 1436 5198 magis
1462 5128 1576 5201 praesto
1601 5129 1717 5198 essent,
1739 5127 1835 5201 atque
1858 5127 1894 5181 ut
1918 5119 1989 5202 ipsa

1244 5218 1371 5299 reptilia
1397 5217 1491 5280 idolis
1517 5219 1721 5296 immolanda,
1747 5219 1781 5281 in
1808 5237 1844 5282 ea
1874 5226 1989 5300 sponte

1245 5317 1431 5398 irreperent,
1460 5325 1493 5378 ut
1524 5336 1640 5395 mures,
1667 5315 1819 5395 mustela),
1848 5317 1984 5395 lacertas,
