4309 6259
544 501 717 548 stannatio
739 501 769 546 IN
791 501 858 546 GAl’.
882 501 922 546 XV
942 500 1139 547 detenentia.
1160 521 1200 530 -
1221 502 1292 549 Ali'l'.
1316 501 1377 548 XXV
1671 485 1730 550 403

176 670 367 748 ¹clauorum,
389 673 578 754 pertinendo
603 673 643 734 ad
668 690 784 753 corpus
809 669 928 734 diaboli
945 667 970 730 A
984 675 1074 737 ordio
1090 674 1169 756 legis
1184 672 1280 753 jussit
1290 673 1442 736 Dominus
1459 691 1516 755 pro
1528 681 1658 756 peccate
1674 672 1731 736 illo

178 770 488 853 malignantiumque
501 771 674 834 ecelesiam.
687 773 822 832 Verbum
832 773 929 842 enirn,
986 780 1048 834 tam
1064 773 1166 835 diram
1182 780 1316 835 mortem
1334 770 1452 851 infligi,
1464 779 1498 834 ut
1513 771 1584 853 ipsa
1599 770 1650 834 lex
1666 769 1732 833 ler-

180 869 211 930 id
234 879 283 930 est
306 879 513 951 praeceptum,
531 872 665 930 Domini
682 873 883 950 contempsit,
899 879 928 928 ct
986 871 1047 933 tius
1070 871 1307 953 imprimeretur
1331 870 1482 933 cordibus
1504 870 1682 946 hominnm,
1700 877 1732 932 et

175 979 373 1046 pracceptum
393 971 487 1029 itlius
502 971 579 1046 fecit
602 971 749 1038 irritum,
767 969 928 1050 peccando
983 969 1038 1031 alii
1063 969 1202 1051 amplius
1230 976 1435 1045 terrerentur,
1460 968 1729 1049 quemadmodum

178 1086 216 1128 ex
232 1075 320 1130 certa
335 1068 470 1130 seientia
485 1077 581 1148 atque
597 1067 863 1129 malitialdrireo
879 1072 929 1153 ‹le-
984 1069 1017 1130 in
1033 1068 1162 1130 exordio
1179 1067 1350 1149 primitiva>
1366 1066 1524 1143 Ecclesiae,
1543 1065 1683 1128 Ananias
1699 1073 1731 1128 et
1746 1085 1879 1134 acinano.

179 1167 312 1236 luditur,
326 1177 357 1226 rt
375 1169 520 1244 portabit
542 1169 751 1246 iniquitatem
774 1187 879 1236 suono,
897 1173 928 1228 et
983 1185 1062 1230 uxor
1086 1166 1166 1246 ejus,
1195 1174 1324 1248 repente
1349 1165 1598 1245 terribiliterque
1624 1163 1730 1245 puniti

179 1263 250 1340 hoc,
265 1265 328 1326 nisi
345 1265 509 1346 poeniteat.
522 1265 584 1327 Noc
600 1264 789 1346 exprimitur
806 1263 928 1326 sacrifi·
983 1274 1057 1327 sunt
1073 1284 1131 1347 pro
1148 1284 1205 1327 sua
1221 1264 1414 1346 proprietate
1430 1273 1461 1326 et
1478 1262 1576 1325 lurto.
1594 1262 1683 1324 Unde
1698 1271 1730 1325 et

178 1363 265 1424 oium
281 1361 483 1426 offerendum
501 1381 558 1446 pro
576 1363 630 1425 tali
647 1381 788 1438 excessu,
798 1363 836 1424 ad
854 1362 928 1424 insi·
984 1363 1147 1440 Dominus,
1163 1363 1202 1425 ad
1226 1363 1391 1426 vitandum
1407 1361 1526 1424 similia
1542 1361 1637 1437 mala,
1656 1360 1731 1422 sub

180 1462 344 1523 nuendum
360 1462 548 1540 gravitatem
566 1461 637 1523 talis
654 1461 787 1542 peceati.
798 1461 928 1522 l'crum-
982 1463 1088 1543 jungit
1103 1463 1142 1524 ad
1157 1462 1306 1544 Moysen:

180 1567 285 1621 tamen
302 1578 366 1622 non
379 1559 440 1621 luit
453 1559 579 1640 penitus
596 1557 926 1638 irremediabile,quia
1023 1564 1166 1640 Loquere
1175 1564 1257 1638 filiis
1269 1564 1382 1632 lsrael,
1392 1571 1428 1620 ut
1438 1562 1566 1638 fuciunt
1580 1563 1643 1621 cibi
1657 1568 1730 1639 firn-

177 1658 371 1721 contritione
386 1657 626 1738 condignaque
641 1655 701 1719 luit
717 1656 849 1718 interior
866 1673 927 1737 poe·
982 1660 1068 1719 brius
1085 1679 1097 1719 .·
1117 1658 1254 1721 fimbriae
1279 1666 1353 1720 sunt
1377 1659 1592 1722 extremitates
1618 1661 1728 1736 vestis,

178 1775 228 1832 na,
247 1765 343 1836 atque
359 1775 416 1836 per
428 1755 666 1837 'poenitentialia
686 1773 782 1836 opera
805 1762 927 1836 poterat
982 1757 1032 1820 vel
1049 1757 1188 1839 iilaquae
1203 1758 1235 1819 in
1252 1757 1450 1820 extremitate
1466 1757 1555 1821 stola
1572 1767 1627 1820 aut
1637 1758 1728 1840 pallii

177 1855 244 1917 tolli
261 1863 293 1916 ot
308 1854 480 1934 indulgeri,
498 1854 594 1916 etiam
615 1855 719 1934 quoad
743 1853 872 1935 eulpam
895 1859 927 1914 et
942 1857 964 1919 Β
981 1857 1227 1937 appenduntur3
1244 1877 1302 1933 per
1317 1861 1465 1932 eupitius,
1482 1856 1515 1918 id
1533 1865 1581 1918 est
1602 1857 1636 1919 in
1652 1877 1730 1939 qua-

177 1971 305 2034 poenam
321 1953 355 2014 in
373 1953 532 2034 praesenti.
983 1963 1052 2018 tuor
1076 1955 1214 2034 angulis,
1233 1957 1426 2033 palliorum,
1440 1966 1594 2034 ponentes
1621 1958 1658 2016 in
1683 1958 1729 2016 eis

216 2053 360 2133 Denique
373 2069 437 2114 non
449 2051 692 2132 distinguuntur
707 2050 759 2113 hic
777 2050 839 2112 nisi
856 2068 926 2132 pee-
981 2056 1078 2115 uittas
1093 2056 1338 2131 hyacinthinus,
1354 2062 1517 2133 quaesunt
1538 2053 1729 2117 ooeliiormis

176 2159 244 2214 cata
263 2149 346 2214 laeta
361 2170 399 2213 ex
421 2149 610 2230 ignorantia,
629 2149 678 2212 vel
703 2168 740 2212 ex
762 2147 922 2230 superbia.
980 2152 1108 2228 eoloris,
1126 2152 1159 2213 in
1181 2151 1366 2214 memoriam
1386 2151 1466 2231 legis
1482 2153 1522 2215 de
1537 2152 1619 2216 eoelo
1633 2153 1726 2229 data,

177 2250 290 2330 Aliqua
308 2256 415 2312 autem
440 2249 524 2310 liunt
544 2267 582 2310 ex
603 2246 804 2324 infirmitate,
823 2247 853 2308 id
876 2253 925 2309 est
979 2259 1075 2332 atquc
1099 2251 1138 2313 ad
1162 2250 1405 2329 designandum,
1423 2251 1508 2331 quod
1533 2251 1632 2314 Iudai
1659 2260 1729 2314 tan-

176 2349 378 2411 vebementia
400 2347 661 2429 passionisque
680 2346 720 2408 ad
740 2353 870 2427 peecata
887 2363 925 2406 ex
979 2369 1074 2431 quam
1090 2348 1228 2412 cultores
1243 2349 1310 2410 veri
1328 2348 1393 2424 Dei,
1411 2348 1568 2411 deberent
1591 2368 1656 2431 pra
1678 2369 1729 2413 ce-

177 2446 366 2527 ignorantia,
380 2453 514 2527 possunt
531 2443 651 2520 reduci,
665 2444 816 2525 qnoniam
834 2443 924 2506 veho·
980 2449 1055 2511 teris
1072 2447 1233 2510 coelestem
1257 2447 1374 2510 ducere
1394 2446 1505 2509 vitam.
1524 2452 1611 2516 Quas
1625 2470 1727 2528 quum

176 2545 296 2607 mentia
318 2543 478 2627 passionis
499 2542 655 2606 rationem
677 2541 768 2604 valde
789 2549 924 2603 excecat
980 2550 1133 2618 uiderint,
1150 2550 1360 2607 recordentur
1384 2549 1535 2607 omnium
1560 2550 1726 2608 meelate

175 2663 229 2726 per
246 2652 430 2726 peceatum;
448 2650 503 2704 aut
517 2659 555 2704 ex
571 2639 721 2722 superbia
737 2638 923 2720 designatur
977 2667 1051 2706 rum
1076 2647 1222 2714 Domini,
1239 2644 1411 2724 regulando
1437 2644 1535 2708 vitam
1564 2665 1653 2707 suam
1679 2664 1727 2708 εε·

173 2761 267 2806 omne
284 2749 450 2824 peceatum
466 2759 504 2803 ex
519 2747 606 2802 corta
621 2738 756 2815 malitia,
767 2737 923 2800 delibera·
978 2745 1119 2806 cundum
1135 2743 1248 2822 legem,
1258 2763 1316 2803 nec
1328 2753 1510 2823 sequantur
1520 2745 1727 2820 coniectiones

174 2841 270 2916 tione,
281 2859 337 2903 seu
353 2837 597 2920 contemptu.At
608 2856 682 2901 vero
697 2837 782 2918 quod
799 2835 920 2898 dictum
976 2863 1065 2912 suas,
1081 2841 1114 2903 id
1134 2849 1192 2918 est,
1210 2840 1318 2922 pravis
1339 2839 1586 2921 cogitationibus
1608 2859 1726 2922 nequa-

172 2949 230 3016 cst‚
247 2937 367 3002 Peribit
387 2940 427 3001 de
447 2937 566 3020 populo
589 2955 657 3012 sno,
676 2935 804 3016 quidam
828 2952 922 3016 expo·
976 2958 1072 3020 quam
1087 2939 1299 3014 consentiant,
1309 2949 1338 3000 et
1353 2943 1460 2999 ocutos
1475 2958 1533 3016 per
1547 2960 1597 2999 res
1612 2941 1724 2999 uarius

173 3047 253 3101 nunt
278 3039 318 3102 de
343 3046 446 3100 morte
471 3035 640 3118 corporali,
664 3035 818 3109 dicentes,
836 3033 920 3114 quod
936 3035 958 3098 G
976 3039 1185 3116 fornicantes,
1201 3035 1234 3098 id
1249 3046 1306 3113 est,
1317 3035 1475 3099 desideria
1489 3036 1640 3112 earnalia,
1652 3055 1725 3118 quae

173 3137 279 3201 taliter
289 3155 435 3219 peccans,
448 3134 510 3197 luit
526 3153 598 3197 mox
614 3133 923 3213 occidentesque-
977 3155 1014 3200 ex
1030 3136 1101 3198 visu
1115 3135 1263 3198 exteriori
1279 3134 1383 3198 solent
1396 3133 1484 3212 oriri,
1502 3154 1567 3198 non
1583 3153 1720 3216 sequan-

173 3239 213 3300 do
230 3255 287 3319 per
304 3243 400 3298 testes
417 3235 479 3297 luit
493 3233 660 3296 convietus
678 3251 742 3295 non
758 3231 863 3295 solum
883 3231 922 3292 de
979 3243 1040 3312 tur,
1059 3253 1117 3298 neo
1137 3233 1302 3316 impleant.
1319 3232 1471 3313 Evagatio
1485 3251 1613 3314 quoque
1627 3241 1660 3296 et
1674 3233 1724 3296 in-

173 3343 304 3417 paecato
322 3334 354 3396 in
371 3351 416 3409 se,
427 3334 482 3396 sed
494 3333 570 3394 item
581 3332 667 3411 quod
681 3331 818 3394 scienter
830 3330 861 3392 id
878 3328 924 3390 in·
977 3333 1122 3397 custodia
1141 3333 1306 3396 oculorum
1324 3331 1451 3395 vitanda
1471 3340 1530 3395 est.
1551 3331 1723 3395 Fornioan-

51 3432 436 3496 rer.1.u.currissu.ttnde
451 3429 622 3512 Apostolus
637 3428 834 3490 ait:lrritam
850 3427 923 3507 quis
980 3441 1028 3494 tur
1047 3440 1152 3495 autem
1174 3431 1259 3494 oculi
1282 3449 1338 3512 per
1360 3449 1410 3493 res
1433 3429 1549 3507 varias,
1567 3430 1720 3512 queniam

177 3531 297 3594 iaciens
313 3531 415 3610 legem
435 3528 559 3610 lloysis,
577 3526 698 3608 absque
719 3527 785 3588 ulla
803 3534 923 3588 contra·
978 3530 1200 3613 multiplioiter
1219 3537 1328 3612 peccat
1348 3530 1443 3592 homo
1460 3547 1517 3611 per
1536 3529 1640 3592 visum
1661 3528 1723 3591 oir-

175 3629 315 3692 dictione
325 3626 450 3691 duobus
460 3634 515 3688 aut
525 3624 626 3687 tribus
638 3622 771 3686 testibus
783 3623 922 3686 moritur.
978 3649 1015 3692 ca
1029 3629 1155 3692 diversa
1170 3627 1305 3710 objecta.
1321 3628 1549 3709 propterquod
1565 3628 1600 3689 in
1616 3628 1721 3709 prima

213 3731 352 3790 Factum
367 3735 412 3786 est
426 3734 536 3786 autem
550 3743 652 3803 quum
674 3732 774 3782 essent
793 3725 860 3800 filii
875 3725 923 3783 Is·
978 3727 1008 3790 S.
1029 3727 1160 3790 loannis
1178 3726 1337 3789 Canonioa
1357 3725 1472 3807 legitur
1490 3742 1497 3787 :
1515 3725 1614 3789 Omne
1631 3726 1719 3808 quod
1749 3743 1867 3796 iuml.

174 3831 242 3888 ruci
257 3829 294 3886 in
309 3826 534 3892 solitudinem
550 3822 746 3882 incertissent
759 3823 921 3882 torninem
977 3834 1024 3889 est
1040 3825 1072 3887 in
1089 3826 1220 3903 mundo,
1230 3823 1489 3906 concupiscentia
1502 3823 1607 3887 earnis
1622 3833 1681 3903 est,
1689 3833 1720 3887 et
1735 3810 1768 3852 ¹⁰·

173 3929 374 4003 uttipeutem
399 3927 491 4000 liqna
512 3924 549 3982 in
570 3923 625 3981 die
648 3921 784 3990 sabbati,
807 3922 922 3981 obtule·
976 3923 1234 4005 eoncupiscentia
1254 3922 1430 3999 oculorum,
1448 3930 1480 3985 et
1501 3921 1652 4004 superbia
1674 3923 1722 3986 vi-

173 4035 250 4086 rnnt
267 4045 344 4085 eum
360 4023 467 4100 Moysi
483 4029 634 4100 tanquam
655 4017 755 4099 judici
777 4019 921 4100 superio·
976 4031 1026 4085 tat.
1043 4024 1181 4102 Sintque
1194 4022 1301 4082 saneti
1316 4023 1379 4082 Deo
1393 4039 1464 4089 suo,
1482 4019 1588 4097 idest,
1606 4021 1646 4083 ad
1663 4020 1719 4084 Dei

174 4124 209 4199 ri,
226 4134 256 4182 et
276 4126 389 4184 Aaron
410 4128 561 4199 tanquam
582 4115 721 4178 secundo
743 4124 815 4196 post
839 4115 920 4198 lloy-
975 4122 1129 4184 honorem
1152 4119 1217 4181 sint
1239 4116 1433 4181 immaculati
1454 4119 1494 4181 ab
1510 4119 1598 4181 omni
1621 4128 1722 4181 trans·

173 4237 239 4296 sen,
256 4231 287 4282 et
304 4222 464 4280 universe
479 4217 690 4277 multitudini
706 4233 762 4296 pro
783 4216 916 4278 cautela.
936 4218 1137 4300 Dgressionc
1166 4216 1326 4298 precepti.
1353 4217 1462 4296 ltaque
1484 4216 1633 4298 specialis
1659 4217 1720 4280 iste

173 4323 235 4389 out
250 4323 452 4380 recluserunt
467 4336 540 4375 eurn
557 4316 593 4374 in
609 4334 787 4374 carcerem:
799 4314 917 4395 Moyses
976 4315 1109 4380 vestitus
1124 4333 1180 4377 sen
1195 4314 1335 4390 habituS,
1352 4322 1401 4376 est
1416 4315 1585 4396 deputatus
1600 4314 1717 4378 iudeis

172 4419 256 4480 enim
278 4415 375 4498 jussit
396 4433 469 4478 eum
491 4411 626 4475 detineri
653 4429 794 4473 seorsum
821 4413 920 4494 eapti·
975 4415 1016 4478 ob
1037 4414 1198 4496 duplicem
1220 4429 1368 4475 oausam:
1386 4413 1501 4494 primo,
1518 4414 1558 4475 ad
1579 4432 1719 4477 commo·

172 4536 266 4592 vum3
284 4515 457 4576 nescientes
477 4513 559 4591 quid
579 4529 725 4588 supereo
740 4512 847 4588 fecere
868 4515 920 4570 ‹ie-
976 4513 1116 4576 nendum
1131 4529 1185 4574 eos
1195 4512 1234 4574 de
1244 4510 1364 4572 divinis
1374 4511 1541 4592 praeceptis
1552 4511 1721 4591 diligenter

174 4617 291 4685 terent,
304 4611 337 4673 id
353 4619 411 4687 est,
428 4609 567 4692 qualiter
582 4615 666 4670 essct
683 4608 866 4670 tractandus
881 4627 917 4671 ao
976 4611 1162 4684 servandis3
1179 4609 1329 4690 secundo,
1348 4616 1383 4670 nt
1404 4608 1486 4670 sicut
1508 4627 1565 4690 per
1579 4610 1717 4673 circum·

174 4711 367 4794 puniendus.
395 4709 620 4771 Verumtamen
647 4705 767 4768 dietum
798 4704 859 4768 luit
887 4709 919 4770 in
976 4709 1130 4773 cisionem
1156 4707 1189 4769 in
1214 4725 1320 4783 earne,
1338 4705 1383 4768 ita
1403 4724 1460 4787 per
1480 4705 1624 4769 habitum
1641 4707 1719 4771 ioris

90 4841 105 4868 ε
131 4863 136 4872 ,
175 4811 292 4886 Exodo,
303 4808 391 4890 quod
407 4807 530 4870 violans
546 4803 725 4880 sabbatum,
738 4812 840 4867 morte
856 4826 921 4870 mo-
976 4807 1249 4887 distinguerentur
1264 4821 1283 4864 a
1301 4801 1461 4883 gentibus.
1479 4802 1642 4885 Siquidem
1664 4824 1720 4887 po

54 4897 131 4939 ‘¹¹⁸³'
176 4917 306 4972 rcrotur.
335 4907 395 4969 Sed
419 4923 521 4985 genus
551 4903 662 4967 mortis
693 4920 757 4965 non
785 4902 846 4965 init
875 4903 919 4968 ibi
976 4900 1719 4986 pulnsilleluitspeeialiteralleoeleetus,et

175 5025 358 5089 expressum
382 5022 389 5066 :
413 5004 485 5068 ideo
509 5001 660 5065 Dominus
685 5001 836 5082 exprimit
861 5002 920 5067 boo
976 5003 1072 5064 variis
1088 5000 1572 5081 modisornatus.Propterquod
1588 5002 1719 5082 speciali

175 5125 270 5184 nunc,
287 5104 405 5186 jubens
427 5102 518 5165 illum
541 5101 581 5163 ab
604 5099 764 5176 omnibus,
784 5101 816 5162 id
838 5111 921 5164 esta
976 5103 1143 5164 sanctitate
1167 5108 1199 5162 et
1221 5098 1425 5162 observantia
1449 5099 1596 5178 religiosa
1620 5100 1719 5164 debe-

172 5203 365 5285 qnibusdam
381 5202 422 5264 de
435 5199 596 5276 omnibns,
614 5197 764 5279 lapidari,
783 5207 818 5260 ut
834 5207 921 5281 patet
977 5200 1053 5263 bant
1077 5198 1200 5278 fulgere
1225 5215 1289 5278 prae
1313 5195 1396 5273 aliis,
1418 5197 1556 5259 maxime
1580 5198 1656 5278 quia
1682 5217 1720 5262 ex

175 5303 206 5364 in
222 5311 309 5366 textu
325 5300 381 5382 qni
398 5298 513 5381 planus
528 5306 586 5360 est.
603 5297 676 5360 ldeo
690 5305 796 5359 antem
821 5297 853 5359 in
869 5316 921 5360 ex·
975 5298 1021 5360 eis
1042 5296 1146 5359 iuerat
1160 5295 1215 5356 llei
1231 5293 1330 5356 Filius
1351 5293 1578 5357 incarnandus.
1596 5296 1720 5359 Postre-
