4309 6259
440 477 460 539 i
853 493 1027 540 mmmrro
1047 494 1077 539 nr
1099 493 1168 539 aar.
1190 492 1233 539 xx
1253 493 1357 539 mour.
1378 513 1419 524 -
1438 495 1510 541 aur.
1532 496 1571 541 xa

439 666 516 728 dum
529 665 705 729 immediati
717 664 778 728 lilii
788 665 1038 747 justissimorum
1054 674 1182 749 patmm
1198 662 1223 725 A
1237 668 1429 747 traduntque
1453 667 1538 747 quod
1560 665 1698 747 quilibet
1720 674 1846 730 tenetur
1867 665 1902 727 in
1924 666 1981 729 illo

440 772 516 827 sunt
542 764 684 847 pessimi,
710 772 741 827 et
770 784 953 829 econverso.
982 765 1061 827 Ecce
1085 784 1182 846 qnam
1237 765 1290 827 die
1308 773 1357 827 ter
1376 766 1579 841 manducare,
1601 765 1750 829 videlieet
1769 765 1868 828 semel
1887 784 1982 848 pran-

322 884 349 927 ιι
370 884 425 938 ιη.
440 872 568 925 sanctus
583 863 632 925 vir
648 862 709 925 luit
728 864 839 941 Josias,
855 872 887 927 et
906 872 1013 927 tamen
1029 864 1093 926 lilii
1113 866 1184 946 ejus
1236 864 1322 939 dere,
1345 872 1376 926 et
1400 863 1450 925 bis
1474 882 1611 939 coenare,
1635 872 1732 945 atque
1756 865 1842 946 quod
1867 881 1981 926 omnes

294 949 427 1059 {ffirmz'r
441 961 571 1042 pessimi
586 970 686 1023 erant.
696 961 746 1024 Sic
761 970 792 1024 et
807 962 956 1025 Ezechias
973 982 1027 1025 rex
1042 970 1182 1037 sanctus,
1237 961 1298 1023 hoc
1314 960 1478 1037 iacientes,
1495 962 1560 1023 sint
1575 962 1713 1024 securis
1727 963 1849 1043 judicio
1863 961 1981 1042 gehen-

294 1086 355 1129 ιαμ
367 1084 425 1121 svm,
441 1056 529 1121 iilius
546 1059 607 1121 luit
621 1059 821 1123 vitiosissimi
835 1061 950 1123 dchaz.
966 1061 1122 1143 Denique,
1136 1062 1184 1122 in·
1238 1069 1341 1136 ne,ut
1356 1062 1390 1122 in
1406 1060 1487 1123 libro
1502 1080 1613 1125 eorum
1627 1061 1667 1123 de
1682 1061 1825 1137 sabbato,
1835 1080 1983 1143 expresse

296 1140 426 1189 ΗΜ·
440 1156 490 1223 lra
504 1159 692 1223 discutietur
706 1160 746 1223 de
761 1160 973 1237 ordinatione,
991 1160 1185 1223 enumerati·
1238 1160 1383 1222 habetur.
1406 1160 1486 1222 Ecce
1507 1179 1604 1242 quam
1624 1159 1833 1224 ridiculosum
1853 1169 1885 1225 et
1906 1159 1984 1222 stul-

437 1277 499 1324 one
514 1268 546 1323 et
561 1259 733 1323 situations
747 1260 910 1340 Decalogi;
928 1270 960 1323 et
975 1268 1084 1321 utrum
1099 1259 1185 1322 dieta
1238 1266 1306 1320 tum
1321 1266 1370 1321 est
1385 1259 1455 1321 hoc.

437 1360 613 1442 hucusque,
632 1360 696 1423 sint
716 1360 754 1423 ad
776 1378 875 1421 unum
896 1369 1092 1441 preceptum
1115 1377 1185 1440 spe·
1285 1361 1350 1419 Sea
1372 1361 1485 1419 diebus
1505 1361 1698 1437 operaberis,
1723 1358 1786 1423 nisi
1812 1358 1846 1420 in
1872 1378 1981 1423 eorum

437 1461 566 1537 stantia,
583 1479 624 1521 an
641 1460 747 1541 potius
763 1459 828 1520 sint
845 1459 908 1523 duo
926 1468 1094 1541 precepta.
1237 1456 1346 1538 aliquo
1359 1456 1468 1539 aliqua
1483 1457 1658 1521 solennitas
1672 1466 1828 1534 occurrat,
1839 1468 1870 1518 et
1884 1460 1984 1539 series

354 1626 358 1633 ,
472 1558 622 1639 Sequitur
636 1557 723 1620 aliud
738 1565 943 1640 preceptum,
954 1566 986 1620 et
1000 1566 1034 1620 ut
1050 1557 1182 1640 patebit,
1238 1560 1349 1618 sennia
1370 1576 1467 1634 opera
1488 1568 1544 1618 tua
1560 1578 1572 1616 :
1592 1557 1844 1639 unumquodque
1863 1557 1934 1620 loco
1953 1566 1984 1619 et

438 1657 613 1719 secundum
629 1656 663 1717 in
678 1656 801 1720 ordine.
819 1658 893 1718 Non
909 1678 1049 1719 assumes
1065 1677 1181 1718 nomen
1238 1663 1382 1737 tempore
1408 1665 1602 1737 opportuno.
1628 1659 1773 1734 Septimo
1797 1667 1906 1717 autem
1929 1658 1983 1717 die

437 1758 498 1816 Dei
513 1759 564 1815 tui
578 1758 613 1817 in
630 1778 775 1819 vanum:
787 1754 819 1819 id
835 1764 893 1834 est,
908 1776 967 1820 nec
984 1754 1112 1831 falsum,
1125 1773 1184 1817 nec
1236 1757 1403 1815 sabbatum
1423 1757 1559 1816 Domini
1575 1757 1637 1817 Dei
1657 1758 1708 1815 tui
1725 1766 1779 1826 est,
1796 1755 1829 1817 id
1850 1763 1909 1831 est,
1926 1754 1981 1836 qui

439 1853 508 1917 sine
529 1854 710 1920 rationabili
732 1874 828 1919 causa
847 1856 971 1938 jurabis
994 1874 1050 1937 per
1070 1855 1180 1915 Deum.
1199 1848 1407 1935 Bdeputatus
1426 1862 1475 1915 est
1494 1853 1594 1916 cultui
1614 1854 1682 1917 veri
1703 1854 1770 1917 llei.
1789 1857 1862 1916 Non
1884 1855 1984 1934 facies

441 1954 507 2015 Nec
521 1958 608 2016 enim
624 1957 782 2017 insontem
792 1958 916 2017 babebit
925 1956 1084 2016 Dominus
1097 1974 1183 2024 eum,
1237 1973 1331 2013 omne
1344 1974 1424 2031 opus
1439 1964 1474 2013 tu
1489 1975 1501 2012 .·
1517 1953 1625 2029 idest,
1644 1952 1769 2015 nullum
1789 1954 1906 2016 servile
1927 1960 1983 2014 aut

439 2055 498 2131 qui
522 2055 730 2132 assumpserit
754 2074 867 2115 nonaen
890 2054 1024 2114 Domini
1047 2054 1109 2113 Dei
1131 2053 1186 2111 sui
1240 2051 1472 2129 mechanicum,
1490 2051 1667 2134 prasertim
1687 2052 1813 2115 nullum
1828 2070 1909 2133 opus
1924 2050 1985 2113 ini-

439 2153 592 2231 frustra:
608 2152 640 2214 id
656 2161 715 2228 cst,
734 2152 829 2215 talem
845 2160 908 2215 tam
926 2152 1063 2214 inaniter
1078 2150 1187 2231 juran-
1240 2168 1339 2230 quum
1354 2150 1453 2214 iacies
1469 2160 1513 2229 tu,
1532 2150 1565 2213 id
1584 2159 1633 2215 est
1654 2150 1758 2215 lacere
1778 2149 1837 2212 tibi
1853 2150 1939 2226 licet,
1955 2159 1986 2210 et

440 2258 515 2327 tem,
538 2250 621 2313 Deus
647 2268 711 2314 non
736 2250 898 2332 reputabit
923 2250 1103 2327 innoxium,
1129 2248 1185 2311 sed
1239 2250 1332 2325 filius
1348 2258 1422 2311 tuus
1436 2260 1466 2311 et
1479 2253 1555 2328 fitia
1571 2262 1638 2323 tua,
1654 2272 1765 2312 servus
1784 2261 1859 2310 tuus
1878 2260 1908 2309 et
1929 2269 1987 2309 an-

440 2358 717 2429 transgressorem,
739 2348 1008 2429 damnationeque
1028 2348 1162 2427 dignum
1176 2370 1183 2419 ;
1240 2350 1320 2408 eitla
1335 2358 1405 2417 tua,
1408 2350 1599 2424 jumentum
1615 2361 1719 2422 tuum,
1733 2348 1809 2430 quia
1823 2357 1855 2411 et
1871 2366 1984 2430 pecora

442 2448 506 2511 imo
526 2447 617 2509 decet
632 2455 666 2509 ut
682 2466 846 2529 nunquam
867 2448 937 2510 sine
958 2446 1136 2510 reverentia
1156 2454 1188 2509 et
1241 2464 1313 2526 que
1329 2445 1474 2509 laborant
1488 2448 1683 2525 hominibus,
1697 2447 1799 2511 voluit
1812 2448 1895 2510 Deus
1911 2456 1986 2509 tune

441 2546 547 2609 cordis
570 2546 745 2609 attentione
769 2546 870 2607 Deum
895 2546 1109 2620 nominemus,
1133 2552 1189 2606 aut
1242 2545 1417 2625 quiescere,
1435 2548 1726 2629 convenienterque
1745 2546 1859 2621 relici3
1881 2556 1910 2607 et
1930 2548 1987 2607 ad-

441 2644 539 2707 oliam
560 2644 718 2708 nominari
739 2645 916 2708 audiamus.
933 2645 1032 2707 iudei
1048 2662 1124 2708 vero
1143 2641 1190 2705 ai·
1244 2663 1325 2705 rena
1338 2652 1398 2724 qui
1412 2655 1457 2704 est
1473 2647 1563 2706 intra
1578 2656 1691 2723 portas
1707 2656 1791 2716 tuas,
1807 2646 1839 2708 id
1859 2654 1908 2709 est
1927 2644 1986 2707 tibi

445 2741 577 2806 firmant
592 2742 652 2806 hoc
662 2752 821 2826 precepto
837 2743 933 2807 etiam
949 2742 1114 2825 prohiberi
1125 2759 1191 2823 pro
1244 2742 1404 2805 cohabitat
1427 2742 1460 2803 in
1481 2744 1578 2821 villis,
1601 2742 1747 2820 urbibus,
1768 2752 1823 2805 aut
1841 2742 1988 2807 domibus

446 2840 597 2905 lationem
612 2841 788 2905 indebitam
804 2842 944 2904 nominis
955 2841 1082 2905 Domini
1100 2848 1191 2903 tetra·
1247 2840 1320 2901 tuis.
1339 2842 1374 2903 Et
1395 2851 1498 2923 polest
1521 2861 1578 2922 per
1592 2842 1748 2905 advenam
1768 2842 1903 2921 intelligi
1918 2842 1988 2923 qui-

446 2941 751 3022 grammaton‚quod
768 2958 832 3003 non
847 2940 938 3004 licuit
954 2940 1113 3003 nominari
1129 2938 1191 3001 nisi
1246 2958 1383 3019 cumque
1397 2941 1436 3002 ad
1452 2941 1650 3004 Iudaismum
1670 2960 1853 3004 conversus.
1870 2940 1990 3002 Deinde

446 3040 674 3117 sacerdotibus,
696 3041 824 3122 quando
845 3040 998 3122 populum
1021 3030 1227 3101 benedixeC
1248 3038 1453 3120 subjungitur
1468 3040 1549 3103 ratio
1565 3040 1776 3104 institutionis
1792 3038 1991 3102 solennitatis

448 3147 523 3201 runt
539 3139 572 3201 in
589 3139 720 3221 templo.
1248 3135 1421 3199 sabbative
1447 3156 1455 3199 ε
1480 3141 1545 3199 See
1564 3142 1653 3199 enim
1674 3140 1786 3199 diebus
1807 3141 1883 3219 fecit
1904 3142 1989 3200 Deus

488 3236 638 3319 Sequitur
653 3246 847 3320 preceptum
863 3237 991 3300 tertium
1010 3254 1017 3299 :
1035 3241 1193 3299 Memento
1247 3240 1364 3296 coelum
1382 3247 1412 3297 et
1432 3247 1562 3308 terrum
1579 3258 1670 3297 rnare
1688 3248 1718 3299 et
1736 3240 1848 3299 omnia
1863 3258 1934 3318 qma
1954 3239 1989 3297 in

447 3346 484 3397 ut
499 3338 586 3397 diem
600 3338 725 3397 sabbati
738 3337 917 3413 sanctifices
928 3357 939 3395 .·
950 3335 983 3398 id
998 3343 1057 3411 ost,
1072 3335 1106 3396 in
1122 3354 1195 3398 san-
1248 3338 1293 3394 cis
1312 3346 1399 3396 suaet.
1421 3338 1465 3396 Et
1487 3338 1645 3417 requievit
1663 3338 1717 3397 die
1736 3339 1880 3415 septimo.
1901 3335 1989 3410 Quod

448 3436 509 3499 ctis
524 3434 676 3518 operibus
694 3434 779 3497 diem
800 3433 892 3495 illum
913 3434 1084 3515 expendas,
1101 3444 1133 3497 et
1147 3436 1195 3497 di·
1248 3432 1385 3514 qualiter
1409 3433 1631 3516 multipliciter
1655 3435 1757 3517 possit
1780 3434 1928 3514 intelligi,
1955 3434 1988 3496 in

450 3534 526 3597 vino
541 3533 641 3596 cultui
661 3532 803 3616 applices
823 3532 926 3595 illum.
943 3532 1000 3595 Per
1015 3533 1101 3615 quod
1117 3532 1195 3596 alio
1249 3532 1446 3614 expositione
1461 3533 1558 3616 primi
1574 3533 1706 3615 capituli
1721 3533 1851 3597 Genesis
1871 3532 1991 3596 dilluse

450 3652 522 3695 rum
537 3632 660 3695 dierum
676 3630 868 3707 solennium,
880 3640 912 3693 et
927 3650 1011 3695 nunc
1027 3631 1195 3695 dominice
1249 3630 1428 3712 expositum
1444 3641 1502 3695 est.
1515 3635 1641 3693 Idcirco
1657 3635 1818 3693 beremieit
1832 3635 1991 3694 Dominus

450 3731 513 3793 diei
528 3730 659 3812 jubetur
673 3728 1000 3792 celebritaslnstituit
1015 3738 1123 3793 autern
1138 3732 1195 3793 Do
1248 3732 1463 3804 dieisubbati,
1481 3730 1714 3813 privilegiando
1734 3750 1807 3794 cum
1828 3750 1893 3813 pre
1912 3739 1992 3793 cete-

451 3829 558 3892 minus
580 3828 759 3905 sabbatum,
782 3828 814 3890 id
836 3836 883 3890 est
902 3828 988 3891 diem
1010 3829 1194 3912 septimum,
1250 3829 1295 3890 ris
1315 3829 1438 3907 diebus,
1455 3842 1485 3892 ei
1498 3833 1717 3908 sanctificavit
1735 3852 1820 3904 eum,
1837 3830 1870 3892 id
1886 3838 1933 3893 est
1947 3828 1993 3891 di·

450 3927 615 4005 celebrari,
633 3927 666 3989 in
687 3926 813 4006 signum
834 3928 918 4007 quod
940 3928 1009 4010 ipse
1029 3928 1081 3991 die
1099 3928 1196 4011 septi·
1250 3927 1326 3991 vino
1341 3928 1441 3991 cultui
1462 3929 1672 3993 consecravit.

451 4045 504 4090 mo
525 4026 684 4107 requievit
704 4046 722 4087 a
744 4026 867 4088 cunctis
890 4026 1042 4108 operibus
1065 4028 1143 4105 suis,
1164 4035 1196 4091 et
1289 4026 1385 4090 Porro
1405 4029 1444 4090 de
1463 4028 1662 4109 expositione
1684 4027 1855 4110 multiplici
1875 4035 1907 4089 et
1926 4026 1992 4109 ple

453 4124 486 4185 in
501 4122 834 4187 commemorationem
849 4122 1001 4187 beneficii
1012 4125 1194 4205 creationis,
1252 4144 1292 4187 na
1307 4126 1519 4206 intelligentia
1536 4127 1633 4208 hujus
1653 4127 1803 4207 precepti
1822 4134 1855 4189 et
1873 4134 1993 4188 cetero-

452 4222 517 4284 imo
532 4229 563 4283 et
577 4221 713 4283 aliorum
730 4221 783 4283 Dei
800 4221 1045 4301 beneficiorum,
1058 4244 1195 4305 quorum
1212 4228 1321 4291 lirum
1338 4234 1568 4307 preceptorum
1580 4224 1791 4305 Decalogi,tot
1806 4231 1839 4287 et
1854 4233 1941 4287 tanta
1956 4224 1989 4285 in

452 4318 570 4401 jugiter
595 4338 751 4383 memores
776 4320 930 4383 debemus
957 4341 1037 4385 esse.
1065 4322 1195 4406 Propter
1250 4322 1323 4386 aliis
1345 4323 1459 4405 scripsi
1479 4323 1653 4405 opusculis,
1671 4323 1736 4386 imo
1758 4331 1790 4385 et
1810 4331 1898 4385 tanta
1916 4322 1991 4384 inde

455 4419 540 4499 qnod
560 4426 717 4500 precepto
736 4418 811 4482 huie
831 4419 1046 4501 premittitur,
1063 4420 1198 4485 blemen-
1251 4422 1408 4485 habentur
1429 4421 1560 4503 ubique,
1579 4423 1663 4503 quod
1686 4440 1888 4504 nequaquam
1909 4430 1993 4483 stare

455 4524 506 4579 to:
520 4518 604 4598 quod
622 4516 756 4579 verbum
776 4518 870 4580 etiarn
893 4518 964 4581 ideo
980 4519 1195 4601 premittitur,
1251 4521 1382 4584 intendo
1404 4540 1490 4584 nune
1512 4521 1546 4583 in
1570 4520 1684 4584 horum
1709 4519 1907 4602 expositione
1930 4518 1990 4583 hoc

455 4614 606 4696 quoniam
622 4634 694 4677 cum
710 4634 834 4679 summa
853 4616 1020 4696 diligentia
1034 4618 1135 4682 cultui
1150 4629 1200 4683 est
1253 4619 1333 4683 loco.

455 4712 666 4776 insistendum
686 4714 806 4778 divino.
824 4715 892 4791 Vel,
910 4724 945 4777 ut
963 4717 1077 4779 asserit
1096 4718 1197 4781 Rabbi
1292 4723 1426 4780 Honora
1442 4729 1570 4797 patrem
1586 4730 1679 4779 tuum
1694 4730 1723 4779 ct
1739 4728 1874 4779 matrem
1890 4726 1993 4789 tuum,

455 4809 581 4888 Paulus,
609 4810 680 4874 ideo
703 4813 837 4874 verbum
867 4814 950 4876 istud
976 4815 1194 4896 premittitur,
1253 4818 1317 4881 imo
1333 4826 1364 4880 et
1379 4825 1500 4881 ceteros
1511 4815 1994 4898 progenitores,spiritualesque

323 4918 442 4971 arod-su.
456 4908 610 4991 quiajam
630 4918 703 4972 ante
721 4910 754 4971 in
774 4910 927 4973 descensu
944 4931 1068 4976 manne
1088 4915 1197 4977 datum
1252 4926 1357 4998 patres
1371 4935 1407 4980 ac
1423 4916 1575 4993 seniores
1593 4924 1625 4978 et
1644 4913 1863 4978 benefactores
1878 4934 1915 4978 ac
1930 4933 1996 4976 rna-

310 4986 366 5026 ²³“
376 4994 422 5038 ἠ’
456 5005 519 5069 luit
533 5006 617 5069 istud
633 5015 837 5090 preceptum,
852 5016 886 5071 ut
902 5028 998 5091 supra
1015 5012 1127 5092 patuit.
1142 5013 1199 5077 lle
1252 5015 1378 5095 gistros,
1388 5016 1520 5078 cordiali
1535 5014 1667 5091 allectu,
1680 5014 1805 5077 decenti
1819 5011 1934 5090 aifatu,
1950 5032 1996 5075 re

455 5105 531 5168 citat
551 5124 679 5188 quoque
701 5105 801 5169 Rabbi
822 5107 960 5171 Paulus:
983 5109 1106 5173 Hebrei
1131 5131 1199 5175 cre·
1253 5112 1295 5173 ali
1317 5111 1589 5194 obtemperatione
1609 5122 1705 5194 atque
1727 5112 1891 5194 obsequio,
1914 5120 1945 5174 et
1967 5112 1994 5173 si

454 5204 534 5267 dunt
548 5206 632 5287 quod
653 5205 864 5270 sanctificatio
880 5209 1004 5270 sabbati
1022 5210 1194 5291 precipua,
1252 5230 1333 5292 opus
1356 5209 1463 5286 fucrit,
1485 5211 1581 5274 otiam
1604 5212 1845 5275 sustentatione.
1869 5211 1912 5273 De
1933 5211 1992 5273 hac

453 5304 606 5370 consistat
620 5305 653 5367 in
669 5304 887 5387 corporalibus
907 5306 1173 5370 delectationibus
1188 5332 1196 5384 ;
1253 5328 1286 5371 re
1303 5307 1431 5370 infinita
1443 5310 1677 5390 quodammodo
1692 5310 1755 5373 diei
1767 5308 1996 5392 possent.Sub·
