4309 6259
445 475 504 539 492
768 508 941 556 manuario
962 511 992 557 ru
1013 512 1082 557 em.
1105 510 1181 557 xxxi
1200 511 1398 561 saumones.
1419 534 1460 544 -
1480 513 1551 560 aar.
1573 514 1666 561 xsrur

447 670 479 733 in
496 672 600 753 bellis,
618 684 653 738 ut
672 678 792 741 dietum
814 689 860 743 est
883 701 989 764 supra.
1006 684 1095 747 Unde
1109 693 1141 745 et
1156 684 1189 746 in
1204 682 1231 745 A
1246 683 1338 746 Balac
1355 701 1362 745 :
1379 684 1604 749 Verumtamen
1621 705 1756 768 pergens
1769 687 1810 748 ad
1831 685 1987 768 populum
2006 709 2119 750 aueum

307 778 431 829 teuerst-
447 770 631 837 libroJosue
642 776 790 855 leguntur
805 789 925 862 septem
943 784 1131 860 sacerdotes,
1145 804 1191 847 se·
1246 801 1364 860 meum,
1382 785 1465 847 dabo
1485 785 1543 847 tibi
1564 786 1743 861 consilium,
1761 794 1835 862 ete,
1853 794 1888 846 ut
1912 784 1989 846 scri·
2004 774 2036 812 ¹⁸·

446 879 532 952 ptem
558 871 702 937 buccinis
724 876 891 941 planxisse.
909 879 964 942 Vel
982 901 1058 943 vasa
1082 892 1190 945 saneta
1246 890 1336 964 ptum
1352 893 1400 946 est
1415 903 1521 966 supra.

445 978 536 1031 erant
550 975 1190 1063 quacumqueinstrumentadeputataad
1285 984 1417 1059 Egressi
1437 994 1514 1044 sant
1533 995 1640 1045 autem
1656 988 1778 1061 Moyses
1801 994 1831 1045 et
1847 987 1991 1045 Eleazar

445 1066 500 1129 Dei
516 1068 649 1147 cultum,
666 1090 803 1153 quorum
826 1096 901 1138 usus
917 1086 1040 1159 poterat
1065 1098 1134 1143 esse
1156 1081 1189 1143 in
1244 1085 1402 1151 sacerdos,
1417 1093 1447 1143 et
1462 1103 1569 1143 emam
1581 1086 1747 1162 principes
1760 1104 1943 1160 synepape,
1956 1084 1988 1146 id

445 1166 574 1247 praeliis.
592 1168 774 1235 Sacerdotes
788 1175 908 1257 quippe
923 1177 1103 1241 babuerunt
1117 1179 1192 1242 bue·
1245 1188 1293 1242 est
1307 1181 1403 1243 duces
1423 1180 1564 1243 tribuum
1584 1190 1616 1244 et
1636 1182 1759 1263 judiees
1773 1181 1830 1263 qui
1854 1179 1990 1263 praelue-

446 1264 535 1327 cinas
564 1267 719 1348 duplieeS,
752 1272 873 1336 scilieet
903 1294 1044 1351 corneas,
1071 1276 1191 1359 quibus
1246 1287 1321 1340 runt
1336 1279 1396 1340 sub
1410 1279 1523 1361 lloyse,
1543 1283 1580 1340 ia
1594 1301 1760 1340 eeearsem
1773 1300 1896 1349 eertum,
1913 1278 1989 1361 quia

448 1364 618 1427 utebantur
635 1366 666 1429 in
686 1368 817 1449 jubilaeo
833 1382 863 1434 et
879 1372 968 1436 lestis
984 1376 1189 1456 quibusdam,
1246 1377 1416 1441 victoriose
1437 1386 1580 1459 egerunt,
1603 1390 1697 1439 eetra
1715 1390 1831 1440 eastra.
1848 1379 1936 1441 Unde
1957 1387 1989 1440 et

447 1462 564 1543 quibus
580 1465 658 1527 etin
675 1467 881 1533 subversione
891 1472 1015 1536 lcricbo
1030 1475 1081 1537 usi
1097 1486 1189 1551 sunt3
1245 1475 1402 1537 militibus
1413 1478 1552 1539 strenuis
1566 1497 1638 1540 eum
1654 1477 1815 1559 triumpho
1832 1478 1990 1540 redeunti-

448 1569 479 1623 ot
491 1561 565 1624 item
579 1565 771 1644 productiles
783 1569 930 1633 bellicas:
943 1580 1039 1635 etcur
1051 1574 1115 1636 illis
1127 1584 1192 1638 ute·
1246 1574 1306 1636 bus
1323 1594 1376 1637 rex
1391 1575 1472 1637 solet
1486 1595 1661 1639 occurrere.
1680 1580 1851 1656 [ratasque
1865 1580 1989 1653 illapsas

309 1674 431 1724 nunant.
448 1660 564 1722 bantur
575 1661 606 1723 in
620 1664 749 1744 praeliis,
762 1667 879 1730 dictum
894 1680 942 1731 est
957 1692 1062 1754 supra.
1077 1674 1191 1755 sieque
1247 1673 1293 1735 ira
1308 1692 1365 1755 per
1384 1672 1497 1750 zelum,
1512 1676 1715 1752 priaetpibus
1732 1677 1892 1734 eser-eiam
1913 1675 1990 1737 duo-

448 1778 593 1839 pervasa
609 1770 717 1825 sancta
734 1764 867 1847 intelligi
884 1778 1013 1849 possent
1035 1771 1189 1850 buccinae,
1246 1772 1349 1834 decim
1372 1772 1521 1849 millium,
1538 1781 1647 1855 utpote
1670 1774 1810 1833 tribunis
1829 1784 1861 1833 et
1881 1785 1990 1834 cente»

448 1857 565 1938 quibus
582 1860 614 1920 in
631 1860 873 1927 solennitatibus
888 1867 1069 1933 utebantur.
1210 1863 1393 1931 Brtoaioas
1407 1873 1467 1950 qai
1488 1882 1641 1932 venerant
1659 1875 1699 1932 de
1720 1874 1809 1933 bello.
1826 1872 1989 1954 Principes

490 1959 657 2038 Quemque
668 1975 867 2038 pepnassent
888 1963 949 2027 filii
971 1967 1064 2030 lsrael
1079 1980 1192 2029 eontra
1247 1977 1353 2031 autern
1370 1969 1416 2030 illi
1433 1968 1630 2051 praefuerunt
1645 1969 1808 2045 exercitui,
1821 1970 1852 2031 id
1870 1980 1920 2032 est
1934 1970 1991 2032 ali-

449 2058 663 2131 Madiaaitas,
680 2071 775 2140 atque
790 2065 948 2134 vicissent,
966 2086 1072 2127 omnes
1089 2090 1193 2129 mares
1247 2068 1365 2149 quibus
1380 2068 1523 2150 partibus
1534 2069 1656 2149 ejuS,cl
1670 2076 1760 2131 erant
1774 2068 1833 2130 sub
1842 2068 1989 2145 Phineas,

450 2156 644 2217 eeei'dereat.
673 2158 880 2242 Omnipotens
910 2164 995 2227 enim
1022 2167 1194 2247 perterruit
1247 2166 1384 2247 quierat
1410 2165 1559 2249 princeps
1579 2166 1755 2229 communis
1780 2168 1877 2229 totius
1902 2168 1991 2229 illius

450 2260 481 2314 ct
498 2252 614 2333 dejecit
629 2254 745 2339 impios
761 2258 844 2337 illos,
862 2270 893 2323 et
910 2262 1104 2327 confortavit
1119 2285 1192 2328 suos
1248 2266 1414 2327 exereitus,
1427 2265 1487 2327 Sed
1496 2284 1595 2345 quare
1605 2265 1723 2346 Moyses
1734 2284 1797 2327 non
1814 2264 1877 2328 luit
1891 2266 1992 2327 iratus

449 2350 596 2414 cultores.
614 2353 729 2417 Dicunt
744 2366 849 2420 autem
864 2359 975 2438 ludaei,
992 2364 1078 2443 quod
1098 2383 1194 2427 aurea
1249 2363 1310 2445 ipsi
1325 2363 1468 2440 Phineos,
1487 2383 1586 2445 quum
1602 2364 1632 2425 ei
1655 2382 1791 2445 sequens
1813 2365 1909 2446 eulpa
1924 2372 1992 2427 tan-

450 2448 568 2512 lamina
583 2451 766 2516 elevabatur
783 2456 814 2518 in
835 2457 933 2519 altum
954 2477 961 2521 :
978 2478 1041 2541 qua
1057 2462 1126 2524 visa
1140 2464 1194 2525 ad·
1248 2481 1344 2543 quarn
1360 2461 1516 2544 superiori
1537 2462 1698 2526 videretur
1717 2463 1818 2543 magis
1834 2463 1992 2545 imputan-

449 2549 580 2611 vorsarii
606 2554 763 2631 excaecati,
789 2566 976 2619 corruerunt
1006 2558 1038 2620 in
1065 2568 1191 2623 terram.
1248 2562 1299 2638 da,
1316 2580 1410 2641 quarn
1432 2560 1527 2622 aliisl
1547 2560 1615 2623 [lici
1631 2569 1745 2642 potest,
1761 2563 1846 2642 quod
1870 2570 1902 2624 ct
1921 2563 1994 2623 Phi·

449 2649 492 2707 Et
514 2669 600 2725 repes
625 2668 735 2711 eorem
758 2656 822 2715 Eei
837 2665 867 2715 et
888 2659 956 2717 Ser
975 2668 1005 2717 et
1029 2661 1143 2720 Reae-m
1165 2670 1194 2720 et
1249 2679 1323 2723 neos
1335 2658 1509 2721 includitur
1520 2659 1579 2721 sub
1596 2659 1725 2722 nomine
1735 2660 1992 2741 principum,rcl

317 2757 434 2811 tttetsxu,
453 2749 527 2807 Har
540 2758 569 2808 et
584 2751 675 2810 Rebe.
693 2750 902 2815 Praebabitum
925 2763 983 2833 ost,
1001 2758 1087 2837 quod
1102 2758 1194 2821 Balac
1249 2759 1282 2821 in
1299 2758 1383 2821 laeto
1399 2758 1455 2821 illo
1471 2776 1534 2821 non
1554 2756 1665 2819 habuit
1684 2759 1821 2840 culpam,
1835 2760 1913 2840 quia
1929 2760 1994 2823 lor-

305 2824 336 2864 '⁰'
451 2842 512 2906 luit
527 2864 580 2908 rcx
602 2847 851 2913 Madianitarum.
870 2853 941 2916 ldeo
964 2854 1016 2916 isti
1039 2874 1103 2919 non
1130 2857 1194 2919 lue·
1249 2857 1343 2920 tassis
1358 2857 1454 2920 cessit
1470 2856 1652 2939 principum
1669 2857 1993 2939 importunitatiAit.·

450 2952 522 3006 runt
532 2945 674 3026 plenarie
685 2951 839 3027 regesscd
852 2951 949 3031 reguli
962 2960 993 3015 et
1004 2954 1194 3036 prineipales
1251 2960 1316 3017 Car
1339 2957 1479 3034 sentines
1503 2956 1718 3016 reservastis?
1739 2955 1771 3017 id
1795 2965 1854 3034 est,
1883 2956 1993 3020 vivere

301 3048 432 3099 luderet·
451 3051 521 3125 post
532 3062 637 3125 regem
655 3047 751 3109 totius
767 3049 867 3129 regni,
880 3053 1148 3131 quemadmodum
1164 3052 1231 3116 etl}
1248 3054 1450 3137 permisistis,
1469 3072 1569 3134 quum
1589 3054 1765 3117 meruerint
1783 3063 1929 3131 mortem,
1946 3057 1994 3119 al-

304 3114 433 3222 ffl¹f¹⁰⁹⁸¹¹⁸
449 3141 599 3205 Philistaei
616 3143 764 3223 leguntur
779 3146 928 3211 habuisse
949 3159 1090 3232 satrapas
1105 3153 1195 3234 quin·
1248 3152 1386 3215 liciendo
1416 3150 1504 3214 lilios
1529 3151 1623 3214 lsrael
1648 3152 1687 3213 ad
1713 3151 1935 3216 fornicandum
1960 3164 1994 3217 et

449 3260 513 3322 que
535 3250 565 3304 et
588 3262 705 3323 regern.
729 3244 809 3308 Hine
831 3247 870 3307 de
893 3248 942 3310 bis
966 3249 1087 3312 Madian
1114 3252 1194 3331 regi·
1248 3248 1525 3313 idololatrandum.
1542 3248 1992 3329 ldeosequiturtNoaaeiste’

450 3340 510 3401 bus
535 3339 682 3403 subditur
705 3332 880 3425 :pai'eqee
901 3350 1066 3425 principes
1087 3353 1194 3427 petetis
1247 3359 1323 3409 sunt
1337 3369 1410 3427 quae
1428 3351 1619 3425 deceperant
1636 3350 1722 3424 filios
1736 3352 1838 3408 Israel
1854 3350 1899 3407 ad
1917 3367 1993 3423 sup-

450 3456 572 3508 eorum‚
595 3438 638 3501 ita
658 3441 742 3520 quod
765 3444 985 3525 unusquisque
1003 3464 1113 3509 eorum
1134 3448 1193 3510 sub
1244 3449 1419 3524 pestz‘eaem
1434 3450 1586 3517 Balaam,
1603 3453 1639 3506 ut
1660 3445 1761 3526 patuit
1783 3444 1923 3527 capitulo
1944 3444 1992 3508 vi·
2022 3463 2122 3507 tarsu«.

451 3555 535 3618 rege,
561 3537 689 3620 praefuit
711 3540 806 3603 alicui
833 3543 915 3623 parti
934 3545 1044 3626 populi
1064 3546 1127 3607 sibi
1148 3566 1194 3609 es·
1248 3543 1367 3607 cesima
1378 3544 1501 3625 quinto,
1513 3554 1543 3605 et
1552 3546 1769 3621 praevaricari
1782 3545 1927 3621 fecerunt
1938 3566 1992 3604 ees
2008 3532 2049 3571 Η·

453 3634 594 3715 signatae.
612 3642 753 3700 Balaam
773 3660 897 3720 quoque
915 3646 1024 3720 filiurn
1044 3649 1128 3705 Beer
1145 3649 1195 3707 ia·
1249 3646 1285 3703 in
1305 3645 1443 3703 Domino
1467 3662 1565 3719 seper
1581 3652 1708 3719 peceato
1727 3644 1864 3718 Pbeper,
1886 3641 1918 3702 id
1944 3651 1992 3704 est

455 3739 647 3815 terfeeereet
674 3740 785 3813 plede'o
806 3760 817 3798 .·
843 3740 953 3822 sicque
984 3742 1064 3804 obiit
1093 3754 1195 3807 morte
1249 3762 1306 3826 per
1330 3740 1541 3804 idololatriam
1568 3739 1782 3822 Beelphegor?
1808 3740 1861 3802 Est
1883 3750 1991 3804 autern

453 3834 622 3915 justorum,
633 3834 664 3896 id
676 3844 724 3897 est
740 3836 827 3899 illata
843 3838 906 3901 sibi
921 3858 939 3900 a
953 3840 1063 3922 justis;
1076 3843 1131 3904 sed
1143 3843 1195 3906 ab·
1250 3840 1447 3905 consuetudo
1466 3839 1647 3921 Scriptura,
1669 3847 1704 3901 ut
1727 3838 1886 3901 adscribat
1906 3858 1993 3902 eorn-

453 3932 555 3994 solute
566 3932 733 4015 loquendo,
743 3936 823 3998 obiit
833 3938 1146 4020 mortoinjustorum,
1157 3943 1196 4003 de
1251 3938 1398 4002 munitati
1427 3946 1483 3999 aut
1511 3937 1666 4015 societati,
1691 3938 1776 4018 qued
1801 3935 1994 3999 factumest

305 4029 1027 4141 ²senaar.(puai1112521111102l10rs[sescentorum
1045 4039 1193 4121 pessima.
1249 4045 1304 4100 aut
1322 4036 1458 4115 contigit
1476 4035 1667 4117 quibusdam
1688 4055 1726 4098 en
1746 4035 1802 4097 eis
1821 4034 1872 4097 Sie
1890 4044 1923 4099 et
1938 4036 1992 4098 isti

319 4126 339 4143 ”’
454 4128 532 4191 Hinc
547 4130 684 4209 elicitur,
702 4133 788 4213 quod
805 4134 930 4196 Balaam
947 4144 1019 4217 post
1036 4156 1195 4200 recessum
1250 4137 1401 4200 dicuntur
1423 4134 1528 4197 taliter
1547 4133 1756 4215 praevaricati,
1774 4134 1993 4215 quoniamae-

454 4246 546 4289 suum
563 4248 581 4292 a
597 4228 697 4307 balae,
719 4232 758 4293 ad
774 4231 957 4295 Madianitas
976 4254 1121 4298 reversus
1141 4236 1193 4297 sit.
1210 4234 1235 4294 D
1250 4254 1318 4296 rum
1336 4233 1476 4297 consocii
1493 4232 1774 4296 idololatraserunt
1793 4232 1826 4293 in
1842 4233 1963 4313 Pbogor
1982 4250 1990 4294 ε

454 4326 595 4389 Forsitan
626 4328 728 4406 enim,
755 4330 863 4392 audita
886 4333 1138 4413 transgressione
1164 4344 1196 4397 et
1249 4334 1305 4416 qui
1327 4332 1414 4395 enim
1436 4332 1492 4394 illa
1515 4330 1649 4394 erimina
1668 4330 1905 4406 commiserunt,
1923 4331 1994 4393 lue
2061 4360 2114 4398 aa.

453 4425 675 4490 interlectione
697 4427 838 4491 liliorum
855 4430 959 4506 lsrael,
978 4451 1057 4512 quas
1075 4433 1196 4496 incide·
1250 4440 1324 4493 runt
1339 4429 1446 4494 occisi.
1465 4430 1521 4493 Vel
1542 4429 1569 4491 si
1586 4428 1689 4491 adbuc
1710 4428 1839 4509 quidam
1863 4428 1991 4490 illorum

452 4533 527 4587 runt
541 4544 579 4588 cx
594 4545 652 4589 sua
667 4527 878 4607 suggestione,
890 4529 1012 4611 putavit
1023 4548 1076 4593 eos
1092 4531 1194 4594 adhue
1249 4537 1339 4593 erant
1354 4528 1550 4611 superstites,
1569 4545 1624 4608 per
1648 4526 1866 4609 paenitentiam
1888 4534 1919 4589 et
1932 4546 1992 4608 per

451 4623 625 4687 vincendos
642 4625 675 4687 in
692 4625 787 4703 bollo,
801 4626 871 4689 ideo
888 4628 1024 4710 sumpsit
1039 4629 1193 4692 redeundi
1249 4629 1350 4690 zelum
1381 4626 1663 4708 operationemque
1691 4624 1836 4701 Phineas,
1862 4644 1989 4687 manum

452 4720 862 4787 audaciamllerumtamen
873 4725 1022 4805 Origenes
1033 4727 1195 4790 eireabaec
1250 4725 1374 4789 Domini
1390 4732 1559 4787 evaserunt
1572 4724 1661 4805 juxta
1677 4723 1880 4805 praeindueta.

453 4820 564 4882 scribit
581 4838 588 4883 :
604 4821 726 4884 Dictum
744 4832 791 4885 est
811 4825 895 4904 quod
912 4825 1035 4887 Balaam
1053 4826 1147 4888 rediit
1162 4826 1195 4888 in
1289 4827 1376 4901 Erpa
1391 4834 1520 4883 cetratos
1540 4824 1713 4899 interficite
1729 4824 1891 4902 quidquid
1900 4842 1993 4899 pene-

454 4919 559 4981 loeum
574 4939 665 4982 suum
678 4944 685 4995 3
698 4921 753 4982 scd
764 4920 845 4983 forte
857 4942 1002 4985 reversus
1017 4932 1075 5000 est,
1088 4944 1198 5005 quam·
1251 4925 1298 4984 ris
1312 4932 1356 4982 est
1374 4922 1561 4989 maseatiai,
1571 4922 1670 4981 etiam
1686 4923 1723 4981 ia
1734 4922 1894 4997 pareatis.
1906 4919 1992 4981 lstud

455 5017 502 5079 vis
514 5017 675 5099 Scriptura
691 5036 754 5080 non
771 5019 953 5097 dixeritve}
972 5020 1079 5084 lorsan
1094 5041 1113 5083 a
1128 5022 1197 5085 loeo
1253 5020 1387 5083 fortasse
1401 5019 1517 5079 durum
1538 5025 1570 5080 et
1593 5017 1722 5080 crudele
1741 5016 1866 5079 videtur
1881 5014 1992 5093 fuisse,

455 5114 607 5178 sacrificii
624 5116 717 5178 rediit
734 5116 766 5177 in
788 5116 893 5179 locum
915 5118 962 5180 sui
986 5120 1128 5201 hospitii.
1146 5120 1199 5182 Αῖ-
1253 5128 1284 5182 et
1297 5127 1402 5180 tamen
1412 5117 1497 5198 juste
1507 5135 1544 5179 ac
1554 5116 1787 5179 rationabiliter
1796 5124 1918 5197 gestum
1931 5123 1991 5186 est,

458 5222 561 5275 tamen
580 5213 683 5294 potius
709 5233 789 5291 reor,
807 5216 892 5296 quod
910 5216 1008 5299 coepit
1027 5219 1143 5281 reverti
1166 5218 1199 5280 in
1253 5215 1405 5280 videlicet
1416 5214 1448 5277 in
1460 5223 1620 5278 tantorum
1631 5214 1870 5276 detestationem
1882 5211 1997 5275 lucino

456 5320 572 5375 terram
598 5331 698 5375 suam.
722 5313 798 5375 Nam
825 5312 907 5376 inter
932 5325 1036 5379 cetera
1061 5316 1140 5379 dixit
1159 5318 1199 5379 ad
1255 5334 1326 5377 rurn
1339 5312 1582 5377 commissorum
1598 5332 1615 5374 a
1631 5311 1774 5395 patribus
1790 5310 1992 5393 parvulorum
