4309 6259
444 479 502 552 tat
842 499 1016 554 nnnnnnrro
1038 509 1068 552 m
1091 505 1158 552 cnr.
1182 506 1204 552 n
1225 497 1362 554 tnrnrcr.
1387 527 1427 536 -
1447 498 1518 554 an'r.
1541 499 1583 554 tn
2131 519 2132 576 3

2131 607 2132 666 l

444 674 605 740 ferebatur
620 679 730 742 vinum
744 705 751 755 3
769 680 820 744 vel
836 680 869 743 in
886 681 1137 758 condimentum,
1155 688 1187 742 et
1202 677 1227 740 Α
1242 699 1303 758 ree,
1320 671 1355 742 et
1366 685 1483 760 tepere
1501 701 1619 759 azyme
1635 684 1700 740 oleo
1716 682 1785 741 tite.
1798 677 1855 742 Per
1869 675 1982 759 lagana
2131 681 2132 762 l

443 776 482 838 de
504 777 554 838 bis
576 777 796 842 offerebantur
815 779 921 843 oleum
944 789 975 843 ει
996 780 1129 855 sa13vel
1154 779 1187 841 in
1242 781 1411 862 azyma‚‚id
1432 789 1480 842 εει
1495 799 1558 842 non
1576 779 1775 856 fermentata,
1792 777 1924 859 quidam
1939 777 1986 840 in·
2131 767 2132 850 l

443 876 759 955 medicamentum,et
774 879 873 942 dehis
889 878 1085 943 oflerebatur
1101 879 1185 956 thus,
1243 878 1392 960 telligunt
1413 898 1511 961 panes
1533 879 1613 942 latos
1632 897 1669 941 ae
1691 886 1813 954 tenues,
1832 895 1897 940 non
1912 895 1986 940 con-

444 976 528 1054 quod
545 984 593 1037 εει
608 977 814 1040 aromaticum
831 986 862 1041 ει
877 977 1156 1041 consolidativum.
1244 978 1441 1060 spersoS‚sed
1454 977 1563 1042 linitos
1574 976 1714 1059 oleo,qui
1726 976 1886 1038 interdum
1899 984 1987 1038 torta

483 1077 532 1135 Ae
549 1077 669 1153 defeat
685 1076 823 1139 similam
839 1077 974 1140 oleatum
995 1085 1027 1139 et
1043 1078 1128 1152 tbus,
1146 1080 1189 1137 ed
1244 1085 1408 1141 vocantur.
1433 1077 1472 1139 Et
1497 1078 1540 1140 ita
1565 1077 1598 1138 in
1621 1075 1726 1140 verbis
1750 1075 1819 1138 istis
1841 1074 1985 1137 innuitur

443 1174 845 1250 filiosAaronsecerdotes,
855 1176 886 1237 id
899 1185 947 1238 est
962 1176 1002 1238 ad
1019 1175 1188 1238 interiores
1244 1175 1361 1258 duplex
1387 1175 1535 1239 formatio
1560 1195 1678 1258 panum
1704 1175 1738 1237 in
1764 1173 1858 1238 lurno
1883 1183 1986 1238 cocto

445 1274 634 1351 sacerdotes,
651 1293 788 1356 quorum
809 1274 956 1338 ellicium
982 1274 1054 1351 luit,
1079 1275 1190 1356 hujus-
1245 1274 1395 1336 rumnllii
1412 1295 1467 1356 per
1479 1276 1590 1355 lagana
1600 1275 1661 1338 ista
1676 1273 1861 1354 intelligunt
1870 1291 1984 1356 panem

445 1372 532 1434 modi
548 1371 854 1455 sacrificiorumque
868 1373 979 1456 populi
991 1374 1054 1437 Deo
1070 1373 1190 1436 ollerre
1244 1391 1282 1434 ex
1306 1373 1412 1435 simila
1435 1382 1560 1436 coctum
1585 1373 1617 1435 in
1643 1373 1745 1436 calida
1770 1392 1861 1454 equa,
1886 1380 1922 1433 ut
1947 1371 1987 1433 sit

445 1469 479 1532 in
502 1470 571 1533 loco
595 1490 704 1548 saer03
728 1493 867 1551 quorum
882 1494 968 1533 enus
983 1477 1068 1535 tollet
1079 1475 1190 1552 pupil—
1245 1472 1373 1533 tertium
1400 1490 1500 1551 genus
1525 1471 1677 1536 sacrificii
1702 1491 1740 1535 ex
1764 1470 1869 1534 simila
1897 1469 1985 1533 lacti.

446 1573 662 1647 templerum
676 1573 794 1633 similae
813 1582 843 1632 et
862 1573 934 1644 olei,
957 1571 989 1633 id
1009 1579 1056 1634 est
1076 1571 1189 1632 similae
1245 1569 1397 1633 Subditur
1410 1580 1516 1634 autem
1531 1573 1569 1633 ad
1584 1589 1684 1652 genus
1701 1568 1853 1634 sacrificii
1869 1569 1984 1650 hujus:

446 1666 564 1745 oleatae,
575 1669 739 1752 implendo
754 1670 914 1752 pugillum
928 1690 966 1733 ex
980 1691 1027 1748 ea,
1040 1692 1078 1731 ee
1090 1681 1189 1732 lotum
1246 1672 1285 1730 Sl
1300 1672 1417 1729 oblatio
1435 1681 1491 1730 tue
1511 1672 1614 1748 (uerit
1634 1674 1674 1730 de
1691 1671 1867 1747 sartagine,
1887 1668 1920 1731 id
1940 1675 1987 1730 est

447 1769 520 1828 thus
544 1768 659 1831 similea
682 1770 884 1850 appositum;
911 1780 941 1830 el
956 1780 1055 1847 ponet
1077 1789 1190 1830 mento
1246 1768 1337 1850 panis
1358 1776 1466 1831 coctus
1489 1769 1521 1830 in
1545 1769 1671 1851 patella,
1689 1770 1820 1846 oblatio,
1842 1769 1983 1850 inquam,

445 1869 529 1927 ridle
542 1887 637 1945 super
653 1873 765 1941 altare,
784 1868 890 1946 idest,
909 1868 969 1931 isla
991 1869 1087 1930 simul
1110 1867 1190 1930 olle·
1205 1873 1227 1935 B
1244 1870 1362 1930 similer
1383 1889 1555 1947 conceperam
1572 1874 1648 1944 oleo,
1665 1881 1695 1932 et
1716 1873 1831 1950 absque
1849 1871 1988 1946 sermen-

446 1973 494 2028 εει
509 1965 543 2028 in
558 1966 649 2028 altari
666 1967 699 2028 in
715 1967 913 2046 memoriam,
924 1976 959 2029 ut
974 1967 1097 2030 scilicet
1109 1967 1190 2030 Deus
1247 1978 1287 2038 ιο,
1301 1968 1331 2028 id
1347 1976 1395 2030 εει
1411 1967 1545 2030 formala
1561 1988 1599 2032 ex
1616 1969 1720 2031 simile
1735 1988 1799 2032 non
1816 1968 1987 2031 fermenta·

445 2068 498 2150 pie
513 2088 635 2133 memor
650 2069 692 2130 sit
711 2069 889 2148 offerentis,
913 2070 962 2135 vel
985 2079 1021 2132 ut
1043 2071 1190 2133 sacerdos
1245 2067 1351 2143 ta,sed
1368 2067 1438 2129 oleo
1453 2085 1639 2150 conspersa3
1653 2071 1778 2129 divides
1793 2089 1864 2129 eain
1882 2069 1988 2128 minu-

446 2185 503 2247 per
517 2165 611 2229 istam
622 2168 816 2231 oblationem
832 2187 954 2232 memor
965 2167 1007 2229 sit
1022 2167 1190 2230 immolan-
1247 2167 1351 2237 tettm,
1369 2165 1401 2227 id
1423 2175 1471 2228 εει
1492 2165 1526 2227 in
1550 2166 1651 2229 frusta
1672 2166 1806 2245 minuta,
1824 2177 1854 2228 et
1868 2169 1987 2244 fundes

446 2264 487 2326 tis
501 2266 622 2329 orando
636 2286 694 2349 pro
712 2286 759 2344 eo,
778 2267 828 2331 vel
847 2276 932 2330 certe
947 2267 980 2329 in
1001 2266 1191 2329 memoriam
1244 2283 1340 2342 super
1353 2284 1424 2325 earu
1444 2269 1559 2326 oleum
1577 2269 1639 2327 Sin
1655 2276 1761 2326 eudem
1776 2267 1987 2326 decreticum

446 2371 478 2426 et
493 2364 754 2444 recognitionem,
764 2367 847 2447 quod
864 2365 1006 2429 ollerens
1022 2366 1083 2428 isla
1097 2375 1127 2428 et
1143 2383 1191 2428 ce·
1243 2364 1347 2439 fuerit
1361 2365 1569 2441 sacrificium,
1581 2363 1613 2425 id
1629 2373 1686 2440 est,
1697 2363 1724 2426 si
1741 2364 1773 2425 in
1791 2362 1986 2427 sacrificium

446 2469 514 2524 tera
528 2471 642 2525 cuncta
657 2483 695 2527 ex
711 2464 802 2526 terris
818 2464 983 2547 producta,
1001 2464 1187 2545 quaehabet,
1245 2460 1398 2524 obtuleris
1421 2481 1536 2543 panem
1558 2482 1596 2526 ex
1616 2461 1721 2525 simila
1742 2481 1838 2544 super
1853 2462 1986 2525 craticu-

312 2574 430 2628 tmna.
445 2561 537 2624 olleo
553 2561 682 2624 sortitus
698 2571 763 2638 est3
776 2565 813 2624 in
823 2567 950 2624 odorem
959 2565 1189 2623 suavissimum
1245 2559 1307 2622 lam
1319 2568 1546 2641 coelumque
1556 2564 1667 2622 sitella
1677 2572 1901 2638 consperpetur
1912 2564 1984 2630 oleo,

444 2662 593 2734 Domino,
611 2660 694 2723 sieut
714 2660 746 2723 in
768 2661 974 2744 praecedentis
989 2660 1122 2743 capituli
1138 2679 1190 2722 en·
1245 2659 1350 2735 idest,
1369 2659 1474 2721 simila
1495 2679 1532 2722 ex
1553 2680 1617 2742 qua
1640 2659 1711 2723 talis
1734 2659 1826 2741 panis
1847 2658 1987 2722 forman-

443 2757 602 2840 positione
617 2759 746 2822 litterali
762 2761 942 2844 expositum
963 2769 1021 2824 est.
1034 2759 1189 2823 Adolebat
1244 2759 1302 2820 dus
1318 2765 1375 2834 est,
1388 2758 1458 2821 oleo
1469 2767 1707 2841 conspergetur,
1726 2759 1808 2822 sieut
1824 2767 1855 2821 et
1871 2776 1985 2840 prece

442 2857 561 2941 quippe
578 2859 638 2922 ista
654 2861 799 2924 sacerdos
815 2879 911 2942 super
926 2860 1026 2924 altare
1042 2859 1189 2922 holocau-
1243 2857 1354 2920 dentes
1370 2856 1558 2921 oblationes.

442 2956 483 3017 sti
504 2957 536 3018 in
552 2957 644 3021 atrio.
664 2958 752 3022 Circa
768 2959 835 3022 baec
852 2960 885 3020 in
902 2957 1096 3022 Scholastica
1112 2957 1188 3019 reei—
1280 2959 1382 3024 Quem.
1393 2959 1525 3034 offerens
1536 2958 1682 3029 Domino,
1692 2976 1756 3021 non
1772 2975 1829 3038 per
1841 2955 1985 3038 proprias

442 3057 965 3121 laturhistoriatlraduntHebreai
984 3076 1048 3120 non
1062 3054 1223 3138 semperC
1243 3074 1366 3132 manus
1390 3055 1444 3116 sed
1470 3074 1527 3137 per
1549 3054 1763 3117 ministerium
1787 3055 1983 3118 sacerdotis:

441 3152 573 3234 plenum
595 3155 753 3237 pugillum
773 3156 897 3234 ollerri,
916 3157 971 3220 sed
991 3157 1077 3238 quod
1099 3155 1188 3236 juxta
1243 3153 1361 3215 ideirco
1373 3153 1586 3235 subjungitur,
1595 3158 1699 3215 trades
1709 3173 1778 3218 eam
1789 3157 1826 3214 io
1837 3157 1986 3215 urant-'bus

442 3253 651 3332 quantitatem
668 3253 782 3318 similae
802 3255 908 3316 minus
928 3261 1051 3336 poterat
1071 3254 1186 3317 immo·
1241 3255 1415 3314 sacerdotis
1429 3261 1464 3314 ut
1479 3252 1636 3316 olleratur
1647 3272 1703 3334 per
1713 3255 1870 3323 eumont
1884 3275 1986 3334 quum

443 3350 510 3428 lari,
521 3351 554 3412 in
570 3360 691 3413 tantum
703 3354 788 3434 quod
801 3353 895 3415 etiam
913 3353 1044 3435 impleto
1054 3353 1186 3436 pugillo,
1242 3354 1392 3412 obtulerit
1406 3372 1488 3424 eum,
1506 3351 1656 3414 videlieet
1677 3351 1816 3414 similam
1838 3351 1883 3413 sic
1904 3350 1986 3414 olea·

443 3457 551 3529 posset
566 3451 712 3514 sacerdos
723 3469 833 3514 omnes
845 3451 961 3531 digitos
976 3451 1100 3534 aperire
1111 3471 1187 3535 pree
1243 3458 1317 3526 tam,
1332 3451 1491 3513 redactam
1507 3449 1541 3512 in
1557 3470 1673 3532 panem
1690 3469 1785 3532 super
1800 3459 1918 3513 cratem
1934 3469 1986 3513 co

444 3554 491 3609 tor
513 3548 665 3610 medium.
682 3549 720 3634 Et
739 3548 820 3611 illud
842 3549 1012 3629 tantillum,
1034 3550 1121 3631 quod
1142 3569 1187 3612 re·
1242 3556 1350 3622 ctum,
1375 3553 1460 3609 tollet
1476 3551 1660 3609 memoriale
1678 3552 1717 3608 cle
1735 3551 1907 3627 sacrificio,
1924 3548 1985 3612 boc

443 3646 592 3708 manebat
607 3646 690 3710 inter
704 3648 839 3728 digitum
855 3649 947 3710 illum
963 3657 995 3712 et
1009 3650 1114 3712 volam
1130 3668 1185 3712 seu
1242 3655 1299 3724 εει,
1318 3655 1439 3728 partem
1456 3646 1607 3709 sacrificii
1624 3666 1680 3709 seu
1702 3646 1794 3729 panis
1810 3645 1914 3723 istius,
1933 3646 1982 3709 vel

443 3743 593 3826 palmam,
621 3745 750 3809 sullecit
779 3747 818 3809 ad
848 3746 1063 3810 ollerendum.
1090 3749 1185 3812 Porro
1241 3765 1340 3806 unum
1357 3765 1471 3828 panem
1489 3745 1534 3808 sic
1551 3745 1682 3824 lactum,
1700 3745 1726 3806 si
1743 3745 1850 3828 plures
1866 3744 1985 3827 pariter

441 3842 596 3925 Iosephus
622 3844 699 3908 dicit
724 3844 923 3908 offerendam
949 3846 1049 3910 luisse
1074 3846 1186 3908 drach·
1241 3843 1431 3921 offeruntur,
1444 3844 1579 3926 accipiet
1595 3843 1626 3905 in
1644 3843 1830 3907 memoriam
1845 3842 1985 3906 olleren·

442 3959 538 4020 mam,
558 3942 652 4005 idest
669 3945 748 4007 ιεει]
763 3945 914 4026 ponderis
930 3945 1080 4007 similam.
1096 3949 1185 4014 Quod
1241 3942 1292 4018 tis,
1315 3951 1350 4004 ut
1370 3943 1451 4005 Deus
1468 3961 1590 4005 memor
1605 3943 1647 4004 sit
1662 3943 1742 4024 ejus,
1761 3942 1843 4005 sieut
1860 3943 1985 4025 exposi-

441 4051 548 4101 eutem
573 4046 738 4122 reliquum
762 4046 866 4122 suerit
890 4048 929 4104 cle
951 4047 1123 4123 sacrificio,
1151 4043 1182 4107 id
1240 4050 1306 4103 tum
1323 4050 1370 4104 est
1385 4041 1527 4123 plenius;
1544 4053 1573 4103 et
1588 4045 1736 4112 adolebit,
1747 4041 1778 4103 id
1795 4050 1853 4119 est,
1866 4059 1985 4104 crema-

440 4148 488 4201 est
503 4140 664 4202 residuum
679 4141 818 4223 praelatae
834 4141 1013 4218 oblationis
1024 4162 1086 4205 non
1104 4161 1185 4206 com-
1239 4139 1285 4201 bit
1301 4159 1486 4218 eam,super
1499 4144 1602 4202 altere
1617 4143 1651 4201 ln
1668 4144 1795 4201 odorem
1809 4143 1984 4201 suavitatis

440 4236 633 4318 prehensum
650 4239 782 4320 pugillo,
794 4243 977 4302 erttileron
992 4251 1022 4301 et
1035 4243 1180 4319 filiorum
1199 4237 1223 4297 D
1239 4242 1388 4310 Domino,
1405 4238 1437 4300 id
1458 4247 1506 4301 est
1520 4240 1560 4302 ad
1576 4239 1645 4316 hoe,
1665 4239 1751 4321 quod
1767 4239 1830 4302 Deo
1846 4238 1984 4320 compla-

439 4337 521 4414 ejus,
538 4336 643 4414 idest,
662 4338 695 4399 in
716 4343 808 4401 usum
829 4340 1026 4402 sacerdotum
1044 4338 1184 4402 olleren-
1239 4345 1308 4399 ceat
1322 4337 1440 4400 oblatio
1461 4337 1522 4400 ista
1537 4357 1575 4401 ex
1592 4338 1655 4400 lide
1671 4345 1702 4400 et
1718 4337 1886 4401 devotione
1901 4335 1985 4400 olle

441 4436 519 4498 tium
542 4438 653 4511 cedet3
675 4450 821 4500 sonetum
837 4451 1022 4500 selectorum
1041 4444 1080 4499 ele
1100 4443 1184 4501 edlu·
1239 4436 1505 4510 rentisQuamvis
1521 4437 1607 4499 enim
1624 4445 1687 4499 tota
1703 4435 1775 4498 talis
1790 4436 1985 4499 oblatiolleo

442 4537 581 4597 tionibus
592 4539 735 4609 Domini,
744 4537 775 4598 id
791 4546 839 4600 εει
854 4537 957 4619 portio
968 4538 1059 4602 valde
1075 4547 1184 4600 sancta
1239 4534 1444 4610 oflerebatur,
1468 4554 1532 4598 non
1553 4543 1658 4598 tamen
1682 4543 1747 4598 tota
1768 4553 1864 4618 super
1883 4533 1985 4599 altare

441 4634 658 4697 sacerdotibus
677 4636 837 4717 deputata,
856 4636 920 4698 imo
941 4645 971 4698 ει
987 4638 1049 4699 1)εο
1063 4637 1180 4713 oblata,
1241 4633 1477 4710 incendebatur,
1500 4635 1555 4697 sed,
1571 4654 1643 4716 pers
1663 4635 1732 4716 ejus
1748 4635 1910 4696 dumtaxat
1926 4652 1933 4696 :
1950 4643 1986 4698 et

441 4753 479 4795 ex
501 4733 551 4794 bis
566 4752 637 4813 quae
659 4733 789 4815 praelato
810 4735 904 4796 modo
927 4735 1090 4797 immolata
1110 4743 1184 4796 sunt
1240 4732 1360 4795 illesic
1385 4733 1585 4795 cremabatur
1604 4733 1637 4795 in
1658 4733 1845 4795 memoriam
1870 4732 1985 4796 immo-

441 4832 514 4894 beo.
1239 4831 1335 4892 lautis
1350 4832 1439 4912 juxta
1450 4850 1577 4894 sensum
1589 4830 1985 4912 praebabitum,residuu1n

481 4929 629 5011 Sequitur
651 4931 809 4994 secundus
831 4931 943 4994 modus
966 4931 1125 4994 ollerendi
1146 4951 1184 4994 ex
1240 4949 1314 4991 vero
1335 4929 1430 4992 cessit
1453 4929 1484 4990 in
1501 4949 1589 4993 esum
1606 4937 1638 4993 et
1658 4929 1865 4993 relectionem
1881 4947 1986 4992 sacer.-

440 5026 544 5090 larina
568 5047 624 5091 seu
645 5028 761 5091 simila.
780 5034 885 5098 Queun
905 5040 1012 5091 autem
1033 5032 1183 5090 oblecteris
1239 5030 1359 5091 dotum.
1377 5028 1508 5111 Propter
1524 5030 1608 5110 quod
1626 5028 1796 5091 subditur:
1817 5031 1986 5108 Quidquid

438 5129 638 5205 sacrificium
660 5137 783 5188 coetum
806 5131 842 5187 in
857 5131 983 5188 elibano
998 5132 1035 5188 ele
1057 5130 1180 5199 simila,
1238 5139 1345 5188 eutem
1368 5129 1531 5208 reliquum
1551 5138 1595 5188 est
1618 5129 1658 5190 de
1682 5125 1903 5208 hujuscemodi
1929 5125 1986 5190 bo-

433 5245 536 5303 penee
549 5227 670 5286 scilieet
690 5229 805 5306 absque
819 5231 986 5308 fermentO,
1006 5227 1037 5288 id
1053 5235 1101 5289 est
1117 5245 1181 5289 non
1238 5226 1308 5304 slia,
1327 5228 1411 5307 quod
1434 5226 1557 5290 seilicet
1577 5245 1641 5290 non
1661 5226 1805 5289 adoletur
1825 5243 1920 5308 supet·
1941 5227 1986 5288 al-

437 5323 656 5402 lermentat0S,
674 5345 852 5404 conspersos
866 5331 943 5400 oleo,
961 5326 1085 5409 supple,
1100 5324 1181 5390 olle·
1237 5334 1315 5404 tare,
1332 5328 1395 5386 erit
1410 5330 1523 5387 Aaron
1539 5335 1568 5387 el
1588 5327 1734 5405 filiorum
1751 5327 1821 5405 ejus
1836 5345 1847 5386 :
1863 5324 1928 5388 imo
1948 5335 1983 5389 et
