4309 6259
577 539 751 587 marsuano
773 541 803 585 ru
825 541 893 587 car.
917 541 969 587 xn
989 523 1126 588 aarrrrc'r.
1149 561 1189 572 —
1210 544 1281 589 aar.
1304 544 1368 592 xxx
1686 525 1745 588 229

194 707 257 770 boc
284 717 333 771 est
359 708 400 772 ab
427 709 637 772 inidoneitate
663 709 804 771 intrandi
829 711 945 773 atrium
960 709 986 770 A
1001 712 1041 774 de
1057 713 1211 793 sanguina
1225 713 1337 777 hostiae
1352 733 1423 795 quae
1440 713 1602 777 immolata
1619 722 1667 777 cst
1686 732 1743 796 pro

195 814 355 870 sanctum.
373 811 417 870 Et
436 830 534 886 suprcr
549 812 683 886 pollices
702 831 819 869 moraris
839 831 877 868 oc
892 831 946 886 pr-
1002 811 1129 888 delicto,
1148 821 1245 894 ponet
1268 831 1363 895 super
1385 821 1560 875 extremum
1580 811 1742 889 auricula,

194 909 247 966 (lis
271 909 394 968 drani.
422 907 513 970 Ratio
536 907 649 968 horum
680 907 856 988 praehabita
885 916 943 970 est.
1001 919 1061 972 etc.
1079 911 1182 984 Quum
1204 919 1308 974 autem
1330 911 1529 973 distinxisset
1547 929 1666 991 agnum
1687 928 1744 992 pro

195 1003 284 1066 Unde
310 1005 499 1068 Parisiensis
522 1005 696 1069 disseruit:
715 1007 748 1068 ln
774 1007 945 1088 pollicibus
1000 1009 1196 1086 delicto‚nec
1213 1010 1410 1073 distinxisset
1425 1010 1502 1091 quid
1519 1009 1654 1073 aliorum
1670 1010 1745 1072 duc

196 1103 271 1178 illis,
290 1105 351 1166 hoc
368 1114 417 1167 est
436 1105 469 1167 in
491 1106 702 1170 sensibilitate
717 1124 839 1183 eorum,
857 1106 945 1188 lepra
1000 1127 1082 1184 rum,
1102 1107 1250 1170 videlicet
1272 1108 1346 1189 agni
1366 1117 1397 1170 et
1416 1127 1506 1188 agnae
1526 1126 1583 1190 pro
1601 1116 1741 1190 peccato,

196 1202 335 1284 primum
348 1204 690 1284 dignoscitur.Ut.ergo
707 1205 776 1286 ipsa
792 1205 824 1266 in
841 1205 945 1286 capite
999 1206 1123 1286 etquid
1141 1205 1361 1269 holocaustum
1383 1206 1485 1283 lieret,
1504 1206 1610 1268 innuit
1625 1225 1694 1269 esse
1710 1201 1742 1269 iu

194 1308 225 1362 et
242 1301 350 1364 radice
366 1321 424 1364 sua
438 1304 574 1384 percuti,
586 1303 802 1383 radicitusque
815 1302 943 1384 purgari
998 1304 1132 1367 arbitrio
1148 1305 1381 1382 sacerdotis,de
1396 1323 1478 1384 agno
1494 1313 1525 1367 et
1539 1323 1598 1368 cve
1613 1305 1743 1368 annicu-

194 1408 454 1477 cognosccretur‚
472 1400 516 1462 ita
531 1410 725 1482 preceptum
742 1408 790 1462 θεῖ
808 1399 891 1476 lieri,
909 1407 944 1461 ut
998 1402 1039 1478 la,
1058 1403 1179 1465 scilicet
1204 1420 1294 1482 agna,
1312 1412 1347 1465 ut
1366 1404 1501 1466 alterum
1522 1421 1579 1484 pro
1601 1412 1740 1486 peccato,

195 1495 279 1558 idern
292 1507 378 1560 esset
392 1500 471 1562 crdo
482 1499 682 1580 purgationis
698 1508 729 1561 et
745 1497 940 1561 iniectionis.
998 1500 1133 1562 alterum
1159 1501 1378 1563 holocaustum
1406 1501 1499 1564 tieret
1523 1503 1607 1582 quod
1633 1502 1740 1563 vellet.

194 1595 339 1658 Forsitan
371 1605 477 1660 autem
504 1605 536 1660 et
562 1598 595 1658 in
621 1606 764 1660 extrcmc
793 1597 943 1660 auriculae
999 1599 1224 1661 Verumtamen
1241 1599 1354 1661 ultima
1370 1619 1443 1683 pars
1459 1599 1535 1663 dicti
1557 1600 1659 1677 istius,
1677 1618 1741 1662 nun

193 1694 313 1757 dextrae
329 1695 456 1774 signum
472 1695 602 1776 aliquod
623 1696 719 1777 leprae
735 1704 943 1758 consueverat
998 1697 1126 1759 ridetur
1142 1715 1235 1778 posse
1251 1697 1384 1760 salvari:
1395 1697 1545 1779 quoniam
1560 1697 1643 1760 circa
1657 1716 1743 1761 excr-

193 1812 360 1874 apparcre‚
381 1793 457 1874 quia
482 1813 555 1875 pars
582 1793 638 1856 illa
661 1795 755 1856 valde
780 1793 942 1856 sensibilis
998 1796 1088 1857 dium
1099 1795 1308 1877 expositionis
1321 1795 1600 1876 hujusvcluminis
1614 1804 1645 1859 et
1658 1815 1741 1878 saepe

193 1900 251 1953 est.
270 1892 342 1954 llaec
357 1891 557 1954 Guillelmus.
576 1895 619 1953 Εῖ
639 1914 735 1971 sarper
749 1894 939 1970 saoprrr'nem
959 1892 1150 1976 Bdeinceps
1173 1894 1384 1974 prehabitum
1408 1901 1466 1972 est,
1483 1894 1569 1975 quod
1590 1894 1741 1956 animalia

192 1993 252 2070 qrri
267 1994 364 2070 farus
377 2001 423 2050 est
434 2011 496 2068 pro
510 1994 636 2062 dclr'rto,
647 1991 679 2052 id
696 1999 744 2053 θεῖ
760 2009 856 2072 super
871 2010 942 2052 san·
998 1992 1129 2054 feminei
1151 2012 1242 2056 sexus
1265 2010 1327 2055 ncn
1346 2001 1492 2075 poterant
1507 1991 1620 2056 cllcrri
1637 1993 1670 2054 in
1685 1981 1741 2054 ho

191 2088 323 2168 guinem
340 2089 415 2169 agni
431 2107 490 2170 pro
506 2088 624 2152 delicto
638 2089 756 2171 leprosi
773 2089 890 2166 lusum,
905 2089 941 2150 li·
996 2091 1185 2154 locaustum.
1203 2091 1321 2155 Idcirco
1342 2092 1392 2170 (ut
1417 2093 1501 2171 reor)
1522 2091 1562 2152 de
1586 2089 1637 2152 his
1660 2090 1739 2152 duc-

193 2186 295 2248 nitum
313 2207 411 2269 super
430 2187 578 2268 praelatas
599 2197 704 2269 partes
724 2187 939 2250 membrorum
995 2190 1055 2252 bus
1070 2189 1263 2252 animalibus
1278 2189 1397 2271 Moyses
1414 2208 1477 2252 non
1494 2188 1649 2264 distinxit,
1661 2207 1740 2269 quc

192 2286 350 2363 sanguine
365 2294 567 2362 adactorum,
585 2297 615 2347 et
634 2308 731 2365 saper
746 2297 843 2364 caput
857 2288 939 2362 rjus,
995 2288 1082 2351 niam
1098 2307 1135 2351 ex
1147 2288 1351 2370 praeinductis
1367 2297 1488 2350 certum
1505 2287 1644 2368 reliquit,
1653 2287 1738 2367 quod

192 2393 268 2466 puta
283 2383 402 2465 leprosi
418 2385 474 2466 qui
491 2387 842 2466 mundatur‚quatenus
858 2385 939 2447 sicut
994 2406 1107 2467 agnus·
1124 2405 1188 2450 ncn
1205 2386 1273 2450 oris
1288 2385 1449 2464 annicula,
1463 2385 1523 2448 luit
1538 2385 1570 2447 in
1588 2383 1738 2448 holocau-

190 2493 264 2544 antc
281 2483 413 2545 incessit
424 2484 529 2565 capite
545 2484 630 2546 nudo
647 2483 679 2544 in
696 2483 823 2562 signum
841 2483 939 2564 lepro
995 2495 1078 2548 stum
1095 2483 1292 2549 offerendus.

190 2581 305 2657 sitatis,
323 2581 367 2642 ita
382 2600 468 2644 nuuc
488 2590 583 2664 caput
602 2582 673 2644 oleo
693 2583 939 2664 pertunderetur
1034 2584 1184 2665 Sequitur
1199 2585 1239 2646 de
1254 2583 1343 2666 lepra
1358 2582 1531 2659 domus‚de
1546 2601 1609 2664 quo
1625 2582 1738 2646 ultimo

191 2678 222 2740 in
245 2679 374 2757 signum
401 2679 586 2742 curationis.
608 2682 808 2759 Ropabitque
822 2701 884 2757 pro
903 2701 937 2738 ro
993 2684 1113 2766 Moyses
1129 2691 1253 2760 tractat,
1271 2682 1422 2764 quoniam
1443 2682 1623 2745 sacerdotes
1642 2683 1681 2744 de
1701 2700 1737 2744 ea

188 2781 334 2837 caradoc
354 2799 462 2838 coram
480 2781 630 2850 Domino,
646 2788 676 2839 et
695 2780 794 2856 societ
812 2780 937 2854 sacm'fi-
994 2800 1057 2845 non
1081 2783 1261 2844 babuerunt
1284 2781 1438 2862 judicare,
1460 2780 1614 2861 quamdiu
1638 2798 1737 2861 popu-

187 2879 276 2935 cium
299 2895 359 2951 pro
381 2885 521 2952 peccato.
542 2880 632 2936 Tunc
655 2878 833 2936 immolabit
854 2879 937 2937 holo·
994 2880 1042 2942 lus
1062 2881 1156 2943 lsrael
1179 2880 1210 2941 in
1232 2879 1404 2943 solitudine
1424 2878 1553 2954 mansit,
1571 2877 1603 2938 in
1623 2896 1687 2959 qua
1704 2877 1735 2938 in

187 2983 347 3043 vacuum,
357 2973 389 3034 id
403 2981 569 3049 estunam
581 2975 804 3056 predictorum
820 2975 938 3037 anima·
994 2978 1150 3057 tentoriis,
1170 2997 1234 3041 ncn
1256 2978 1288 3039 in
1309 2976 1468 3055 domibus,
1488 2975 1663 3056 dequibus
1684 2974 1735 3037 hic

187 3069 266 3132 lium
283 3069 440 3134 clleretur
451 3089 509 3152 pro
524 3071 650 3152 leproso
666 3072 699 3134 in
716 3073 935 3137 holocaustum
951 3077 973 3141 C
992 3079 1124 3155 mentio,
1146 3076 1312 3140 habitavit.
1336 3079 1537 3154 Luctatusque
1558 3083 1602 3134 est
1626 3076 1735 3134 Domi-

186 3171 225 3232 ad
248 3169 370 3232 divinae
395 3171 606 3234 reverentiam
630 3172 852 3253 majestatis‚a
874 3191 936 3253 qua
991 3199 1053 3238 nas
1068 3182 1113 3238 ad
1133 3180 1265 3254 Moysen
1285 3185 1314 3236 et
1334 3177 1458 3245 Aaron,
1475 3175 1584 3233 dicens
1599 3193 1610 3231 :
1628 3175 1734 3242 Quum

187 3277 235 3330 θεῖ
249 3268 357 3331 omnis
373 3269 516 3342 medela3
528 3280 558 3330 et
569 3280 666 3346 ponet
681 3272 768 3331 illud
783 3272 819 3332 in
834 3274 936 3332 altori
990 3278 1128 3354 inpressi
1151 3275 1283 3351 fueritis
1310 3283 1429 3333 terram
1451 3274 1618 3342 t'lronaon,
1634 3291 1733 3351 quam

187 3388 260 3427 cam
283 3370 469 3429 libamentis
483 3369 562 3438 sacis,
579 3367 675 3430 idest
691 3369 823 3450 liquidis
838 3377 936 3431 male·
988 3395 1043 3453 epo
1058 3376 1139 3435 dabo
1155 3375 1292 3434 cubicio
1306 3371 1542 3451 possessionem.

188 3465 330 3547 riisquaa
341 3466 437 3527 simul
447 3485 519 3528 cum
531 3467 661 3529 animali
679 3467 935 3544 incendebantur,
1029 3473 1074 3534 Ad
1094 3470 1336 3552 intelligendum
1357 3471 1442 3531 hunc
1462 3469 1580 3544 locum,
1599 3467 1655 3549 qui
1671 3466 1735 3549 pri-

70 3569 131 3642 ·Jtr-
154 3585 173 3615 τ·
187 3562 340 3628 videlicet
361 3583 433 3626 cum
455 3565 562 3626 simila
583 3565 833 3642 oleataetrinc,
851 3567 933 3628 utin
991 3570 1140 3634 malacia
1162 3569 1287 3632 ridetur
1306 3567 1397 3650 quasi
1418 3566 1590 3629 ridiculose
1610 3585 1733 3643 sonare,

66 3646 99 3670 ’δ’
187 3664 334 3726 Numeris
351 3663 479 3744 plenius
494 3665 687 3727 continetur.
990 3670 1093 3751 primo
1111 3668 1300 3730 intuendum
1321 3666 1405 3746 quod
1421 3664 1557 3728 Thomas
1578 3664 1611 3725 in
1632 3663 1735 3745 prima

228 3767 321 3832 Qaaod
335 3764 366 3822 si
375 3783 505 3840 pauper
514 3774 571 3834 est,
579 3774 609 3823 et
625 3785 688 3824 non
700 3775 802 3842 potest
817 3785 934 3824 monus
989 3767 1136 3828 secundae
1156 3764 1289 3841 inducit,
1314 3762 1490 3844 quaestione
1510 3760 1589 3824 102:
1608 3761 1681 3823 Erat
1702 3761 1733 3821 in

185 3863 256 3938 ejus
272 3863 423 3921 invenire
437 3882 509 3941 quta
523 3864 612 3922 (licto
626 3873 715 3931 sunt,
731 3862 791 3924 hcc
806 3870 864 3937 θεῖ,
883 3879 935 3942 po
989 3864 1058 3943 lege
1073 3864 1217 3946 quaedam
1234 3860 1439 3923 immunditia
1456 3878 1562 3922 rerum
1581 3857 1734 3921 inanimo-

187 3967 333 4020 tcstatem
355 3958 538 4021 nonhabet
557 3958 715 4021 offerendi
735 3960 815 4021 duos
834 3978 933 4039 agnos
989 3972 1091 4023 tarum
1109 3961 1282 4023 secundum
1299 3979 1344 4035 se,
1361 3966 1396 4020 ut
1416 3956 1619 4020 immunditia
1639 3955 1734 4037 leprae

185 4066 216 4120 ct
241 4076 358 4138 agnam
379 4077 442 4134 pro
465 4059 581 4118 delimo
600 4083 614 4130 ,·
635 4067 773 4118 assumet
797 4079 933 4134 morcio,
988 4061 1020 4122 in
1037 4062 1132 4123 domo
1148 4067 1178 4121 et
1194 4059 1226 4121 in
1244 4055 1644 4122 vestimentissicutenim
1655 4073 1735 4116 mor-

186 4165 260 4231 etc.‚
276 4159 422 4234 duosque
438 4166 590 4224 turtures,
607 4166 667 4219 etc.
685 4157 745 4219 lste
768 4176 880 4239 passus
895 4175 933 4218 cx
988 4160 1047 4221 bus
1064 4158 1160 4240 lepra
1175 4156 1290 4219 accidit
1306 4155 1339 4216 in
1354 4154 1540 4218 bominibus
1552 4153 1733 4218 exhumare

186 4255 350 4336 praedictis
375 4263 424 4316 est
450 4255 565 4316 clarus.
590 4256 697 4336 ltaque
722 4255 781 4317 etsi
812 4274 932 4338 pauper
947 4256 971 4318 D
987 4265 1137 4336 corrupto
1153 4253 1384 4336 putrefacicnte
1398 4271 1525 4314 carnem
1545 4260 1577 4314 et
1593 4269 1732 4314 corrum-

186 4354 258 4429 luit‚
278 4361 387 4414 tamen
402 4372 502 4414 unum
517 4370 634 4432 agnum
654 4355 819 4434 oportebat
835 4352 933 4416 oller·
987 4363 1103 4436 pentc;
1127 4354 1170 4415 ita
1192 4352 1288 4414 etiam
1311 4359 1440 4433 propter
1461 4349 1602 4431 aliquam
1624 4368 1732 4412 corru-

185 4471 227 4526 rr,
246 4459 277 4512 θῖ
293 4467 352 4531 pro
367 4449 432 4511 alio
447 4466 529 4528 agno
545 4459 576 4511 ct
591 4469 672 4530 agna
688 4451 766 4512 duas
783 4450 931 4530 praelatas
986 4453 1127 4535 ptionem
1151 4458 1182 4514 et
1205 4469 1368 4513 excessum
1388 4447 1588 4511 humiditatis
1604 4446 1654 4512 vel
1671 4447 1731 4510 sic-

183 4567 270 4625 aves,
295 4567 366 4628 quaa
389 4547 422 4608 in
447 4556 529 4610 terra
553 4547 694 4610 liliorum
715 4549 809 4611 lsrael
831 4550 931 4611 abun·
985 4550 1102 4626 θίῖθῖίε,
1128 4549 1168 4611 iit
1189 4547 1361 4627 aliquando
1382 4546 1489 4628 aliquo
1511 4545 1673 4627 corruptio
1695 4546 1728 4607 in

181 4647 312 4709 dabant.
985 4647 1147 4730 lapidibus
1158 4642 1554 4708 domusautrestimentis.
1566 4642 1636 4705 ldco
1647 4640 1730 4705 banc

221 4745 269 4806 Ad
295 4743 538 4822 intelligendum
562 4744 713 4825 praedicta
731 4745 815 4808 valet
835 4753 931 4827 atque
985 4745 1223 4827 corruptionem
1238 4751 1331 4806 vocat
1346 4742 1396 4804 lex
1411 4742 1543 4823 lepram,
1554 4759 1591 4804 ex
1602 4759 1664 4822 qua
1679 4740 1732 4803 dc

181 4842 384 4923 pensandum
401 4848 460 4918 est,
473 4842 559 4921 quod
574 4841 718 4922 Magister
735 4843 768 4903 in
787 4842 930 4905 historiis
985 4865 1056 4907 mus
1072 4844 1122 4906 vel
1139 4841 1236 4905 vestis
1256 4841 1451 4922 judicaretur
1469 4839 1644 4914 immunda,
1663 4847 1731 4900 tum

181 4940 316 5003 scribit:
335 4940 403 5016 Hic,
428 4939 589 5020 inquiens,
614 4940 741 5023 proprie
762 4941 931 5022 distingui·
984 4944 1060 5024 quia
1075 4941 1180 5006 omnis
1196 4940 1359 5021 corruptio
1369 4939 1407 5000 ad
1420 4937 1654 5000 immunditiam
1667 4956 1733 5019 per·

182 5037 444 5100 tursacrilicium
460 5039 758 5120 prodelictc,cujus
775 5040 930 5119 sanguine
987 5041 1118 5116 duchat,
1145 5049 1211 5102 tum
1236 5037 1388 5120 quoniam
1413 5044 1523 5099 contra
1547 5034 1732 5116 hujusmodi

180 5137 358 5199 liniebatur
374 5135 430 5216 qui
447 5137 670 5214 mundabatur,
688 5145 718 5199 et
735 5137 930 5200 sacriticium
984 5138 1222 5221 corruptionem
1249 5135 1384 5217 gentiles
1409 5135 1554 5199 colebant
1580 5133 1656 5196 deos
1681 5151 1733 5215 pe-

180 5255 240 5317 pro
263 5243 407 5316 peccato,
425 5235 464 5296 de
486 5254 550 5316 quo
576 5235 657 5296 nibil
683 5234 782 5298 tiebat
807 5236 929 5298 homini
986 5246 1087 5299 nates.
1114 5237 1186 5299 ldcc
1212 5235 1261 5298 lex
1284 5233 1381 5315 jussit
1405 5234 1527 5310 domos,
1554 5233 1587 5295 in
1613 5231 1730 5314 quibus

180 5335 243 5396 illi.
261 5333 352 5395 Unde
368 5332 489 5414 llcyses
508 5333 572 5395 ait:
590 5334 763 5396 assumens
784 5335 930 5398 sacerdos
984 5345 1076 5398 erant
1091 5334 1169 5397 tales
1185 5332 1405 5414 corruptiones
1420 5341 1671 5414 perseverantes,
1681 5331 1731 5393 dc
