<?xml version="1.0" encoding="UTF-8"?>
<!DOCTYPE html PUBLIC "-//W3C//DTD XHTML 1.0 Transitional//EN"
    "http://www.w3.org/TR/xhtml1/DTD/xhtml1-transitional.dtd">
<html xmlns="http://www.w3.org/1999/xhtml" xml:lang="en" lang="en">
 <head>
  <title>
</title>
<meta http-equiv="Content-Type" content="text/html;charset=utf-8" />
  <meta name='ocr-system' content='tesseract 3.04.00' />
  <meta name='ocr-capabilities' content='ocr_page ocr_carea ocr_par ocr_line ocrx_word'/>
</head>
<body>
  <div class='ocr_page' id='page_1' title='image "./doctorisecstati00unkngoog_0659.png"; bbox 0 0 4309 6259; ppageno 0'>
   <div class='ocr_carea' id='block_1_1' title="bbox 522 517 1385 568">
    <p class='ocr_par' dir='ltr' id='par_1_1' title="bbox 522 517 1385 568">
     <span class='ocr_line' id='line_1_1' title="bbox 522 517 1385 568; baseline 0.001 -5"><span class='ocrx_word' id='word_1_1' title='bbox 522 517 695 565; x_wconf 68' lang='lat' dir='ltr'>mantano</span> <span class='ocrx_word' id='word_1_2' title='bbox 717 518 747 563; x_wconf 79' lang='lat' dir='ltr'>ln</span> <span class='ocrx_word' id='word_1_3' title='bbox 769 518 837 565; x_wconf 74' lang='lat' dir='ltr'>CAP-</span> <span class='ocrx_word' id='word_1_4' title='bbox 861 518 912 563; x_wconf 85' lang='lat' dir='ltr'>xtv</span> <span class='ocrx_word' id='word_1_5' title='bbox 933 518 1166 567; x_wconf 73' lang='lat' dir='ltr'>pumtuonotttt.</span> <span class='ocrx_word' id='word_1_6' title='bbox 1190 540 1229 549; x_wconf 94' lang='lat'><em>-</em></span> <span class='ocrx_word' id='word_1_7' title='bbox 1250 520 1321 568; x_wconf 73' lang='lat' dir='ltr'>altr.</span> <span class='ocrx_word' id='word_1_8' title='bbox 1345 521 1385 567; x_wconf 73' lang='lat' dir='ltr'>XV</span> 
     </span>
    </p>
   </div>
   <div class='ocr_carea' id='block_1_2' title="bbox 731 930 1165 1017">
    <p class='ocr_par' dir='ltr' id='par_1_2' title="bbox 731 930 1165 1017">
     <span class='ocr_line' id='line_1_2' title="bbox 731 930 1165 1017; baseline 0.009 -4"><span class='ocrx_word' id='word_1_9' title='bbox 731 930 1055 1017; x_wconf 79' lang='lat' dir='ltr'>ARTICULUS</span> <span class='ocrx_word' id='word_1_10' title='bbox 1090 932 1165 1017; x_wconf 81' lang='lat' dir='ltr'>xv</span> 
     </span>
    </p>
   </div>
   <div class='ocr_carea' id='block_1_3' title="bbox 253 1203 1649 1456">
    <p class='ocr_par' dir='ltr' id='par_1_3' title="bbox 253 1203 1649 1456">
     <span class='ocr_line' id='line_1_3' title="bbox 569 1203 1342 1259; baseline 0.005 -10"><span class='ocrx_word' id='word_1_11' title='bbox 569 1203 726 1250; x_wconf 76' lang='lat' dir='ltr'>Exeostrto</span> <span class='ocrx_word' id='word_1_12' title='bbox 748 1203 923 1251; x_wconf 78' lang='lat' dir='ltr'>tlt&#39;rttnntts</span> <span class='ocrx_word' id='word_1_13' title='bbox 942 1204 1079 1250; x_wconf 75' lang='lat' dir='ltr'>caritot!</span> <span class='ocrx_word' id='word_1_14' title='bbox 1101 1206 1315 1259; x_wconf 72' lang='lat' dir='ltr'>Qunnutuacutt</span> <span class='ocrx_word' id='word_1_15' title='bbox 1334 1209 1342 1253; x_wconf 87' lang='lat'>:</span> 
     </span>
     <span class='ocr_line' id='line_1_4' title="bbox 253 1302 1649 1363; baseline 0.006 -14"><span class='ocrx_word' id='word_1_16' title='bbox 253 1303 326 1349; x_wconf 79' lang='lat' dir='ltr'>FlLll</span> <span class='ocrx_word' id='word_1_17' title='bbox 349 1302 461 1363; x_wconf 70' lang='lat' dir='ltr'>estora</span> <span class='ocrx_word' id='word_1_18' title='bbox 481 1302 587 1349; x_wconf 79' lang='lat' dir='ltr'>DOlllNl</span> <span class='ocrx_word' id='word_1_19' title='bbox 608 1302 659 1347; x_wconf 78' lang='lat' dir='ltr'>bat</span> <span class='ocrx_word' id='word_1_20' title='bbox 681 1302 797 1349; x_wconf 80' lang='lat' dir='ltr'>VES&#39;l&#39;lll.</span> <span class='ocrx_word' id='word_1_21' title='bbox 822 1302 857 1347; x_wconf 78' lang='grc' dir='ltr'>ΕΤ</span> <span class='ocrx_word' id='word_1_22' title='bbox 878 1303 918 1347; x_wconf 79' lang='lat' dir='ltr'>llll</span> <span class='ocrx_word' id='word_1_23' title='bbox 938 1303 1139 1349; x_wconf 74' lang='lat' dir='ltr'>llUL&#39;l&#39;lTllDlNE</span> <span class='ocrx_word' id='word_1_24' title='bbox 1162 1305 1387 1353; x_wconf 71' lang='lat' dir='ltr'><strong>PRAECEPTORUH</strong></span> <span class='ocrx_word' id='word_1_25' title='bbox 1408 1309 1532 1356; x_wconf 78' lang='lat' dir='ltr'>Vffl&#39;llllls</span> <span class='ocrx_word' id='word_1_26' title='bbox 1554 1311 1649 1357; x_wconf 75' lang='lat' dir='ltr'>teum.</span> 
     </span>
     <span class='ocr_line' id='line_1_5' title="bbox 641 1401 1274 1456; baseline 0.002 -7"><span class='ocrx_word' id='word_1_27' title='bbox 641 1402 740 1456; x_wconf 74' lang='lat' dir='ltr'><strong>ATQUE</strong></span> <span class='ocrx_word' id='word_1_28' title='bbox 760 1402 800 1446; x_wconf 79' lang='lat' dir='ltr'>DE</span> <span class='ocrx_word' id='word_1_29' title='bbox 820 1401 919 1447; x_wconf 79' lang='lat' dir='ltr'>CAUSA</span> <span class='ocrx_word' id='word_1_30' title='bbox 939 1401 1149 1449; x_wconf 77' lang='lat' dir='ltr'>tttttmwutttls</span> <span class='ocrx_word' id='word_1_31' title='bbox 1172 1404 1274 1453; x_wconf 77' lang='lat' dir='ltr'>flotus</span> 
     </span>
    </p>
   </div>
   <div class='ocr_carea' id='block_1_4' title="bbox 178 1679 1728 2265">
    <p class='ocr_par' dir='ltr' id='par_1_4' title="bbox 178 1679 1728 2265">
     <span class='ocr_line' id='line_1_6' title="bbox 251 1679 1728 1765; baseline 0.005 -18"><span class='ocrx_word' id='word_1_32' title='bbox 251 1682 927 1765; x_wconf 81' lang='lat' dir='ltr'>Enumeroaemnltitudinepraeceptorum</span> <span class='ocrx_word' id='word_1_33' title='bbox 943 1679 968 1742; x_wconf 83' lang='grc' dir='ltr'><strong>Α</strong></span> <span class='ocrx_word' id='word_1_34' title='bbox 984 1681 1072 1744; x_wconf 91' lang='lat' dir='ltr'>ribus</span> <span class='ocrx_word' id='word_1_35' title='bbox 1095 1684 1164 1744; x_wconf 89' lang='lat' dir='ltr'>ausi</span> <span class='ocrx_word' id='word_1_36' title='bbox 1185 1693 1270 1762; x_wconf 90' lang='lat' dir='ltr'>sunt,</span> <span class='ocrx_word' id='word_1_37' title='bbox 1289 1686 1389 1750; x_wconf 91' lang='lat' dir='ltr'>donec</span> <span class='ocrx_word' id='word_1_38' title='bbox 1409 1689 1571 1752; x_wconf 82' lang='lat' dir='ltr'>commixti</span> <span class='ocrx_word' id='word_1_39' title='bbox 1591 1700 1665 1754; x_wconf 89' lang='lat' dir='ltr'>sunt</span> <span class='ocrx_word' id='word_1_40' title='bbox 1680 1692 1728 1755; x_wconf 95' lang='lat' dir='ltr'>in-</span> 
     </span>
     <span class='ocr_line' id='line_1_7' title="bbox 260 1780 1726 1871; baseline 0.005 -26"><span class='ocrx_word' id='word_1_41' title='bbox 260 1783 404 1847; x_wconf 81' lang='lat' dir='ltr'>llosaieae</span> <span class='ocrx_word' id='word_1_42' title='bbox 420 1782 510 1865; x_wconf 83' lang='lat' dir='ltr'>legis,</span> <span class='ocrx_word' id='word_1_43' title='bbox 528 1782 559 1845; x_wconf 91' lang='lat' dir='ltr'>S.</span> <span class='ocrx_word' id='word_1_44' title='bbox 572 1782 708 1845; x_wconf 80' lang='lat' dir='ltr'>Thomas</span> <span class='ocrx_word' id='word_1_45' title='bbox 723 1780 838 1860; x_wconf 84' lang='lat' dir='ltr'>allegat</span> <span class='ocrx_word' id='word_1_46' title='bbox 852 1780 929 1843; x_wconf 86' lang='lat' dir='ltr'>Rab</span> <span class='ocrx_word' id='word_1_47' title='bbox 985 1788 1031 1843; x_wconf 89' lang='lat' dir='ltr'>ter</span> <span class='ocrx_word' id='word_1_48' title='bbox 1051 1790 1174 1861; x_wconf 80' lang='lat' dir='ltr'>gentes,</span> <span class='ocrx_word' id='word_1_49' title='bbox 1191 1782 1341 1847; x_wconf 84' lang='lat' dir='ltr'>videlicet</span> <span class='ocrx_word' id='word_1_50' title='bbox 1363 1785 1446 1849; x_wconf 92' lang='lat' dir='ltr'>inter</span> <span class='ocrx_word' id='word_1_51' title='bbox 1460 1788 1649 1871; x_wconf 84' lang='lat' dir='ltr'>Babylonios</span> <span class='ocrx_word' id='word_1_52' title='bbox 1671 1810 1726 1854; x_wconf 91' lang='lat' dir='ltr'>seu</span> 
     </span>
     <span class='ocr_line' id='line_1_8' title="bbox 178 1878 1728 1970; baseline 0.002 -23"><span class='ocrx_word' id='word_1_53' title='bbox 178 1884 212 1947; x_wconf 91' lang='lat' dir='ltr'>bi</span> <span class='ocrx_word' id='word_1_54' title='bbox 239 1883 378 1965; x_wconf 73' lang='lat' dir='ltr'>Moysen,</span> <span class='ocrx_word' id='word_1_55' title='bbox 406 1890 634 1964; x_wconf 78' lang='lat' dir='ltr'><strong>protestantem</strong></span> <span class='ocrx_word' id='word_1_56' title='bbox 659 1881 743 1962; x_wconf 90' lang='lat' dir='ltr'>quod</span> <span class='ocrx_word' id='word_1_57' title='bbox 768 1889 815 1943; x_wconf 91' lang='lat' dir='ltr'>tot</span> <span class='ocrx_word' id='word_1_58' title='bbox 838 1889 928 1943; x_wconf 85' lang='lat' dir='ltr'>erant</span> <span class='ocrx_word' id='word_1_59' title='bbox 983 1878 1145 1942; x_wconf 80' lang='lat' dir='ltr'>Chaldaeos</span> <span class='ocrx_word' id='word_1_60' title='bbox 1161 1888 1192 1943; x_wconf 88' lang='lat' dir='ltr'>et</span> <span class='ocrx_word' id='word_1_61' title='bbox 1206 1880 1324 1945; x_wconf 84' lang='lat' dir='ltr'>Arabes</span> <span class='ocrx_word' id='word_1_62' title='bbox 1341 1901 1349 1945; x_wconf 74' lang='grc' dir='ltr'>ι</span> <span class='ocrx_word' id='word_1_63' title='bbox 1365 1903 1436 1965; x_wconf 85' lang='lat' dir='ltr'>qnae</span> <span class='ocrx_word' id='word_1_64' title='bbox 1451 1885 1521 1948; x_wconf 76' lang='lat' dir='ltr'>due</span> <span class='ocrx_word' id='word_1_65' title='bbox 1533 1895 1644 1965; x_wconf 79' lang='lat' dir='ltr'><strong>gentes</strong></span> <span class='ocrx_word' id='word_1_66' title='bbox 1659 1888 1728 1970; x_wconf 92' lang='lat' dir='ltr'>phi-</span> 
     </span>
     <span class='ocr_line' id='line_1_9' title="bbox 178 1977 1728 2069; baseline 0.003 -24"><span class='ocrx_word' id='word_1_67' title='bbox 178 1992 341 2066; x_wconf 81' lang='lat' dir='ltr'>praacepta</span> <span class='ocrx_word' id='word_1_68' title='bbox 362 1981 395 2043; x_wconf 92' lang='lat' dir='ltr'>in</span> <span class='ocrx_word' id='word_1_69' title='bbox 412 1979 491 2060; x_wconf 81' lang='lat' dir='ltr'>lege,</span> <span class='ocrx_word' id='word_1_70' title='bbox 509 1988 588 2062; x_wconf 86' lang='lat' dir='ltr'>quot</span> <span class='ocrx_word' id='word_1_71' title='bbox 608 1988 682 2041; x_wconf 92' lang='lat' dir='ltr'>sunt</span> <span class='ocrx_word' id='word_1_72' title='bbox 697 1978 765 2042; x_wconf 92' lang='lat' dir='ltr'>dies</span> <span class='ocrx_word' id='word_1_73' title='bbox 781 1979 815 2041; x_wconf 95' lang='lat' dir='ltr'>in</span> <span class='ocrx_word' id='word_1_74' title='bbox 831 1998 926 2057; x_wconf 88' lang='lat' dir='ltr'>anno,</span> <span class='ocrx_word' id='word_1_75' title='bbox 983 1977 1139 2059; x_wconf 85' lang='lat' dir='ltr'>losophiaa</span> <span class='ocrx_word' id='word_1_76' title='bbox 1150 1978 1335 2062; x_wconf 90' lang='lat' dir='ltr'>disciplinas</span> <span class='ocrx_word' id='word_1_77' title='bbox 1348 2002 1384 2045; x_wconf 91' lang='lat' dir='ltr'>ac</span> <span class='ocrx_word' id='word_1_78' title='bbox 1395 1984 1499 2045; x_wconf 88' lang='lat' dir='ltr'>studia</span> <span class='ocrx_word' id='word_1_79' title='bbox 1509 1986 1645 2049; x_wconf 84' lang='lat' dir='ltr'>maxime</span> <span class='ocrx_word' id='word_1_80' title='bbox 1656 2006 1728 2069; x_wconf 93' lang='lat' dir='ltr'>pro-</span> 
     </span>
     <span class='ocr_line' id='line_1_10' title="bbox 178 2078 1728 2167; baseline 0.002 -21"><span class='ocrx_word' id='word_1_81' title='bbox 178 2084 229 2146; x_wconf 84' lang='lat' dir='ltr'>vel</span> <span class='ocrx_word' id='word_1_82' title='bbox 252 2090 333 2164; x_wconf 90' lang='lat' dir='ltr'>quot</span> <span class='ocrx_word' id='word_1_83' title='bbox 355 2088 430 2142; x_wconf 91' lang='lat' dir='ltr'>snut</span> <span class='ocrx_word' id='word_1_84' title='bbox 451 2097 524 2144; x_wconf 88' lang='lat' dir='ltr'>ossa</span> <span class='ocrx_word' id='word_1_85' title='bbox 548 2080 582 2141; x_wconf 95' lang='lat' dir='ltr'>in</span> <span class='ocrx_word' id='word_1_86' title='bbox 606 2078 746 2141; x_wconf 91' lang='lat' dir='ltr'>homine.</span> <span class='ocrx_word' id='word_1_87' title='bbox 765 2078 929 2141; x_wconf 80' lang='lat' dir='ltr'>Verumta-</span> <span class='ocrx_word' id='word_1_88' title='bbox 984 2086 1149 2153; x_wconf 86' lang='lat' dir='ltr'>vexerunt,</span> <span class='ocrx_word' id='word_1_89' title='bbox 1167 2087 1198 2141; x_wconf 88' lang='lat' dir='ltr'>et</span> <span class='ocrx_word' id='word_1_90' title='bbox 1212 2078 1316 2141; x_wconf 89' lang='lat' dir='ltr'>adhuc</span> <span class='ocrx_word' id='word_1_91' title='bbox 1331 2081 1485 2163; x_wconf 87' lang='lat' dir='ltr'>ampliare</span> <span class='ocrx_word' id='word_1_92' title='bbox 1507 2092 1603 2166; x_wconf 88' lang='lat' dir='ltr'>atque</span> <span class='ocrx_word' id='word_1_93' title='bbox 1618 2104 1728 2167; x_wconf 79' lang='lat' dir='ltr'>prove</span> 
     </span>
     <span class='ocr_line' id='line_1_11' title="bbox 178 2175 1728 2265; baseline 0.001 -21"><span class='ocrx_word' id='word_1_94' title='bbox 178 2180 469 2244; x_wconf 77' lang='lat' dir='ltr'>men&#39;Guillelmus</span> <span class='ocrx_word' id='word_1_95' title='bbox 490 2177 676 2241; x_wconf 91' lang='lat' dir='ltr'>Parisiensis</span> <span class='ocrx_word' id='word_1_96' title='bbox 695 2176 778 2240; x_wconf 93' lang='lat' dir='ltr'>libro</span> <span class='ocrx_word' id='word_1_97' title='bbox 799 2178 838 2240; x_wconf 90' lang='lat' dir='ltr'>de</span> <span class='ocrx_word' id='word_1_98' title='bbox 853 2178 929 2242; x_wconf 83' lang='lat' dir='ltr'>Fide</span> <span class='ocrx_word' id='word_1_99' title='bbox 984 2175 1059 2238; x_wconf 92' lang='lat' dir='ltr'>here</span> <span class='ocrx_word' id='word_1_100' title='bbox 1076 2194 1140 2238; x_wconf 92' lang='lat' dir='ltr'>uon</span> <span class='ocrx_word' id='word_1_101' title='bbox 1156 2177 1323 2254; x_wconf 89' lang='lat' dir='ltr'>desistunt,</span> <span class='ocrx_word' id='word_1_102' title='bbox 1340 2198 1523 2260; x_wconf 82' lang='lat' dir='ltr'>quanquam</span> <span class='ocrx_word' id='word_1_103' title='bbox 1538 2201 1574 2245; x_wconf 91' lang='lat' dir='ltr'>ea</span> <span class='ocrx_word' id='word_1_104' title='bbox 1590 2184 1728 2265; x_wconf 78' lang='lat' dir='ltr'>AEgyptii</span> 
     </span>
    </p>
   </div>
   <div class='ocr_carea' id='block_1_5' title="bbox 160 2274 1733 5419">
    <p class='ocr_par' dir='ltr' id='par_1_5' title="bbox 160 2274 1733 5419">
     <span class='ocr_line' id='line_1_12' title="bbox 179 2274 1729 2361; baseline 0.001 -18"><span class='ocrx_word' id='word_1_105' title='bbox 179 2289 210 2343; x_wconf 93' lang='lat' dir='ltr'>et</span> <span class='ocrx_word' id='word_1_106' title='bbox 227 2279 354 2361; x_wconf 81' lang='lat' dir='ltr'>legibus</span> <span class='ocrx_word' id='word_1_107' title='bbox 370 2278 496 2341; x_wconf 92' lang='lat' dir='ltr'>videtur</span> <span class='ocrx_word' id='word_1_108' title='bbox 507 2276 735 2357; x_wconf 90' lang='lat' dir='ltr'>sentire,quod</span> <span class='ocrx_word' id='word_1_109' title='bbox 750 2284 839 2339; x_wconf 90' lang='lat' dir='ltr'>arant</span> <span class='ocrx_word' id='word_1_110' title='bbox 851 2276 930 2339; x_wconf 91' lang='lat' dir='ltr'>mul·</span> <span class='ocrx_word' id='word_1_111' title='bbox 985 2274 1173 2357; x_wconf 76' lang='lat' dir='ltr'>inceperint,</span> <span class='ocrx_word' id='word_1_112' title='bbox 1191 2283 1223 2338; x_wconf 87' lang='lat' dir='ltr'>et</span> <span class='ocrx_word' id='word_1_113' title='bbox 1237 2276 1336 2339; x_wconf 83' lang='lat' dir='ltr'>Graeci</span> <span class='ocrx_word' id='word_1_114' title='bbox 1356 2278 1588 2343; x_wconf 90' lang='lat' dir='ltr'>studiosissime</span> <span class='ocrx_word' id='word_1_115' title='bbox 1606 2300 1643 2344; x_wconf 89' lang='lat' dir='ltr'>ao</span> <span class='ocrx_word' id='word_1_116' title='bbox 1663 2302 1729 2344; x_wconf 91' lang='lat' dir='ltr'>ma-</span> 
     </span>
     <span class='ocr_line' id='line_1_13' title="bbox 179 2368 1728 2460; baseline 0.002 -19"><span class='ocrx_word' id='word_1_117' title='bbox 179 2388 213 2442; x_wconf 93' lang='lat' dir='ltr'>to</span> <span class='ocrx_word' id='word_1_118' title='bbox 239 2368 345 2460; x_wconf 89' lang='lat' dir='ltr'>plura.</span> <span class='ocrx_word' id='word_1_119' title='bbox 364 2376 415 2440; x_wconf 87' lang='lat' dir='ltr'>Sic</span> <span class='ocrx_word' id='word_1_120' title='bbox 436 2376 554 2440; x_wconf 85' lang='lat' dir='ltr'>etenim</span> <span class='ocrx_word' id='word_1_121' title='bbox 572 2375 616 2438; x_wconf 91' lang='lat' dir='ltr'>ait</span> <span class='ocrx_word' id='word_1_122' title='bbox 634 2394 641 2438; x_wconf 93' lang='lat'><strong>:</strong></span> <span class='ocrx_word' id='word_1_123' title='bbox 659 2375 690 2438; x_wconf 88' lang='lat' dir='ltr'>Si</span> <span class='ocrx_word' id='word_1_124' title='bbox 711 2384 871 2456; x_wconf 74' lang='lat' dir='ltr'>quaeratur</span> <span class='ocrx_word' id='word_1_125' title='bbox 889 2376 928 2438; x_wconf 93' lang='lat' dir='ltr'>ad</span> <span class='ocrx_word' id='word_1_126' title='bbox 984 2373 1105 2455; x_wconf 80' lang='lat' dir='ltr'>gnifica</span> <span class='ocrx_word' id='word_1_127' title='bbox 1116 2376 1273 2455; x_wconf 89' lang='lat' dir='ltr'>prosecuti</span> <span class='ocrx_word' id='word_1_128' title='bbox 1285 2375 1360 2438; x_wconf 92' lang='lat' dir='ltr'>sint.</span> <span class='ocrx_word' id='word_1_129' title='bbox 1370 2378 1536 2459; x_wconf 86' lang='lat' dir='ltr'>Postquam</span> <span class='ocrx_word' id='word_1_130' title='bbox 1547 2399 1621 2444; x_wconf 90' lang='lat' dir='ltr'>vero</span> <span class='ocrx_word' id='word_1_131' title='bbox 1629 2381 1728 2443; x_wconf 75' lang='lat' dir='ltr'>tadei</span> 
     </span>
     <span class='ocr_line' id='line_1_14' title="bbox 179 2472 1727 2559; baseline 0.002 -20"><span class='ocrx_word' id='word_1_132' title='bbox 179 2478 259 2559; x_wconf 91' lang='lat' dir='ltr'>quid</span> <span class='ocrx_word' id='word_1_133' title='bbox 277 2484 364 2539; x_wconf 91' lang='lat' dir='ltr'>tanta</span> <span class='ocrx_word' id='word_1_134' title='bbox 387 2474 598 2539; x_wconf 79' lang='lat' dir='ltr'>numerositas</span> <span class='ocrx_word' id='word_1_135' title='bbox 620 2474 841 2537; x_wconf 90' lang='lat' dir='ltr'>mandatorum</span> <span class='ocrx_word' id='word_1_136' title='bbox 858 2474 929 2536; x_wconf 86' lang='lat' dir='ltr'>data</span> <span class='ocrx_word' id='word_1_137' title='bbox 984 2472 1165 2555; x_wconf 78' lang='lat' dir='ltr'>Babyloniis</span> <span class='ocrx_word' id='word_1_138' title='bbox 1180 2475 1332 2557; x_wconf 82' lang='lat' dir='ltr'>gentique</span> <span class='ocrx_word' id='word_1_139' title='bbox 1341 2476 1479 2539; x_wconf 79' lang='lat' dir='ltr'>Arabum</span> <span class='ocrx_word' id='word_1_140' title='bbox 1496 2487 1569 2540; x_wconf 89' lang='lat' dir='ltr'>sunt</span> <span class='ocrx_word' id='word_1_141' title='bbox 1583 2480 1727 2557; x_wconf 78' lang='lat' dir='ltr'>admixti,</span> 
     </span>
     <span class='ocr_line' id='line_1_15' title="bbox 180 2566 1730 2659; baseline 0.003 -22"><span class='ocrx_word' id='word_1_142' title='bbox 180 2575 222 2637; x_wconf 89' lang='lat' dir='ltr'>sit</span> <span class='ocrx_word' id='word_1_143' title='bbox 239 2566 360 2658; x_wconf 84' lang='lat' dir='ltr'>populo</span> <span class='ocrx_word' id='word_1_144' title='bbox 385 2573 599 2649; x_wconf 77' lang='lat' dir='ltr'>Hebraeorum,</span> <span class='ocrx_word' id='word_1_145' title='bbox 617 2571 767 2634; x_wconf 89' lang='lat' dir='ltr'>videlicet</span> <span class='ocrx_word' id='word_1_146' title='bbox 782 2580 929 2635; x_wconf 83' lang='lat' dir='ltr'>sexcenta</span> <span class='ocrx_word' id='word_1_147' title='bbox 986 2570 1228 2635; x_wconf 80' lang='lat' dir='ltr'>immiscuerunt</span> <span class='ocrx_word' id='word_1_148' title='bbox 1253 2592 1286 2637; x_wconf 92' lang='lat' dir='ltr'>se</span> <span class='ocrx_word' id='word_1_149' title='bbox 1316 2574 1527 2657; x_wconf 77' lang='lat' dir='ltr'>philosophiae</span> <span class='ocrx_word' id='word_1_150' title='bbox 1552 2579 1730 2659; x_wconf 88' lang='lat' dir='ltr'>studiisque</span> 
     </span>
     <span class='ocr_line' id='line_1_16' title="bbox 180 2667 1729 2758; baseline 0.002 -21"><span class='ocrx_word' id='word_1_151' title='bbox 180 2683 212 2737; x_wconf 92' lang='lat' dir='ltr'>et</span> <span class='ocrx_word' id='word_1_152' title='bbox 232 2672 397 2749; x_wconf 86' lang='lat' dir='ltr'>tredecim,</span> <span class='ocrx_word' id='word_1_153' title='bbox 418 2690 518 2753; x_wconf 89' lang='lat' dir='ltr'>quum</span> <span class='ocrx_word' id='word_1_154' title='bbox 541 2678 666 2733; x_wconf 89' lang='lat' dir='ltr'>constat</span> <span class='ocrx_word' id='word_1_155' title='bbox 681 2689 849 2733; x_wconf 91' lang='lat' dir='ltr'>nnmerum</span> <span class='ocrx_word' id='word_1_156' title='bbox 867 2671 930 2733; x_wconf 91' lang='lat' dir='ltr'>vir·</span> <span class='ocrx_word' id='word_1_157' title='bbox 985 2667 1125 2747; x_wconf 91' lang='lat' dir='ltr'>illorum,</span> <span class='ocrx_word' id='word_1_158' title='bbox 1139 2679 1169 2733; x_wconf 92' lang='lat' dir='ltr'>et</span> <span class='ocrx_word' id='word_1_159' title='bbox 1186 2671 1499 2738; x_wconf 88' lang='lat' dir='ltr'>inciderunterrores</span> <span class='ocrx_word' id='word_1_160' title='bbox 1510 2675 1664 2758; x_wconf 92' lang='lat' dir='ltr'>ipsorum,</span> <span class='ocrx_word' id='word_1_161' title='bbox 1678 2696 1729 2741; x_wconf 83' lang='lat' dir='ltr'>ne</span> 
     </span>
     <span class='ocr_line' id='line_1_17' title="bbox 160 2766 1730 2856; baseline 0.001 -20"><span class='ocrx_word' id='word_1_162' title='bbox 160 2781 287 2853; x_wconf 86' lang='lat' dir='ltr'>tutum</span> <span class='ocrx_word' id='word_1_163' title='bbox 317 2771 413 2853; x_wconf 86' lang='lat' dir='ltr'>longe</span> <span class='ocrx_word' id='word_1_164' title='bbox 442 2770 599 2833; x_wconf 87' lang='lat' dir='ltr'>minorem</span> <span class='ocrx_word' id='word_1_165' title='bbox 629 2788 698 2832; x_wconf 91' lang='lat' dir='ltr'>esse</span> <span class='ocrx_word' id='word_1_166' title='bbox 721 2770 857 2849; x_wconf 86' lang='lat' dir='ltr'>(certum</span> <span class='ocrx_word' id='word_1_167' title='bbox 882 2778 930 2832; x_wconf 93' lang='lat' dir='ltr'>est</span> <span class='ocrx_word' id='word_1_168' title='bbox 986 2766 1122 2830; x_wconf 91' lang='lat' dir='ltr'>scientes</span> <span class='ocrx_word' id='word_1_169' title='bbox 1144 2788 1182 2831; x_wconf 90' lang='lat' dir='ltr'>ea</span> <span class='ocrx_word' id='word_1_170' title='bbox 1203 2789 1273 2851; x_wconf 73' lang='lat' dir='ltr'>quaa</span> <span class='ocrx_word' id='word_1_171' title='bbox 1289 2770 1322 2832; x_wconf 93' lang='lat' dir='ltr'>in</span> <span class='ocrx_word' id='word_1_172' title='bbox 1346 2771 1415 2852; x_wconf 71' lang='lat' dir='ltr'>lege</span> <span class='ocrx_word' id='word_1_173' title='bbox 1437 2792 1494 2835; x_wconf 87' lang='lat' dir='ltr'>sua</span> <span class='ocrx_word' id='word_1_174' title='bbox 1515 2774 1633 2856; x_wconf 88' lang='lat' dir='ltr'>scripta</span> <span class='ocrx_word' id='word_1_175' title='bbox 1655 2785 1730 2837; x_wconf 92' lang='lat' dir='ltr'>sunt</span> 
     </span>
     <span class='ocr_line' id='line_1_18' title="bbox 180 2866 1727 2952; baseline 0 -17"><span class='ocrx_word' id='word_1_176' title='bbox 180 2872 268 2936; x_wconf 90' lang='lat' dir='ltr'>enim</span> <span class='ocrx_word' id='word_1_177' title='bbox 280 2870 496 2934; x_wconf 89' lang='lat' dir='ltr'>declaratione</span> <span class='ocrx_word' id='word_1_178' title='bbox 511 2868 678 2932; x_wconf 89' lang='lat' dir='ltr'>verissima</span> <span class='ocrx_word' id='word_1_179' title='bbox 690 2887 857 2931; x_wconf 92' lang='lat' dir='ltr'>numerum</span> <span class='ocrx_word' id='word_1_180' title='bbox 869 2868 930 2931; x_wconf 90' lang='lat' dir='ltr'>vir·</span> <span class='ocrx_word' id='word_1_181' title='bbox 948 2866 1156 2931; x_wconf 88' lang='lat' dir='ltr'>Bdefendere</span> <span class='ocrx_word' id='word_1_182' title='bbox 1185 2878 1295 2932; x_wconf 89' lang='lat' dir='ltr'>contra</span> <span class='ocrx_word' id='word_1_183' title='bbox 1324 2871 1556 2952; x_wconf 79' lang='lat' dir='ltr'>disputationes</span> <span class='ocrx_word' id='word_1_184' title='bbox 1586 2872 1727 2950; x_wconf 89' lang='lat' dir='ltr'>illorum,</span> 
     </span>
     <span class='ocr_line' id='line_1_19' title="bbox 182 2966 1728 3051; baseline 0 -18"><span class='ocrx_word' id='word_1_185' title='bbox 182 2980 289 3033; x_wconf 90' lang='lat' dir='ltr'>tntum</span> <span class='ocrx_word' id='word_1_186' title='bbox 315 2967 603 3051; x_wconf 80' lang='lat' dir='ltr'>quadragenarium</span> <span class='ocrx_word' id='word_1_187' title='bbox 629 2986 692 3031; x_wconf 92' lang='lat' dir='ltr'>non</span> <span class='ocrx_word' id='word_1_188' title='bbox 726 2986 819 3049; x_wconf 90' lang='lat' dir='ltr'>posse</span> <span class='ocrx_word' id='word_1_189' title='bbox 843 2986 930 3029; x_wconf 87' lang='lat' dir='ltr'>exce·</span> <span class='ocrx_word' id='word_1_190' title='bbox 984 2966 1122 3028; x_wconf 85' lang='lat' dir='ltr'>maxime</span> <span class='ocrx_word' id='word_1_191' title='bbox 1144 2976 1312 3049; x_wconf 89' lang='lat' dir='ltr'>postquam</span> <span class='ocrx_word' id='word_1_192' title='bbox 1336 2986 1466 3049; x_wconf 75' lang='lat' dir='ltr'>regnum</span> <span class='ocrx_word' id='word_1_193' title='bbox 1484 2970 1728 3035; x_wconf 89' lang='lat' dir='ltr'>Sarracenorum</span> 
     </span>
     <span class='ocr_line' id='line_1_20' title="bbox 181 3063 1729 3149; baseline 0 -18"><span class='ocrx_word' id='word_1_194' title='bbox 181 3070 273 3149; x_wconf 92' lang='lat' dir='ltr'>dere)</span> <span class='ocrx_word' id='word_1_195' title='bbox 290 3084 298 3129; x_wconf 78' lang='lat' dir='ltr'><em>z</em></span> <span class='ocrx_word' id='word_1_196' title='bbox 317 3068 357 3129; x_wconf 90' lang='lat' dir='ltr'>ad</span> <span class='ocrx_word' id='word_1_197' title='bbox 373 3066 459 3147; x_wconf 90' lang='lat' dir='ltr'>quod</span> <span class='ocrx_word' id='word_1_198' title='bbox 477 3066 717 3147; x_wconf 86' lang='lat' dir='ltr'>respondemus,</span> <span class='ocrx_word' id='word_1_199' title='bbox 735 3072 799 3128; x_wconf 92' lang='lat' dir='ltr'>tres</span> <span class='ocrx_word' id='word_1_200' title='bbox 818 3083 929 3127; x_wconf 88' lang='lat' dir='ltr'>causas</span> <span class='ocrx_word' id='word_1_201' title='bbox 985 3064 1033 3127; x_wconf 94' lang='lat' dir='ltr'>dil</span> <span class='ocrx_word' id='word_1_202' title='bbox 1036 3063 1141 3126; x_wconf 91' lang='lat' dir='ltr'>lusum</span> <span class='ocrx_word' id='word_1_203' title='bbox 1153 3075 1202 3129; x_wconf 88' lang='lat' dir='ltr'>est</span> <span class='ocrx_word' id='word_1_204' title='bbox 1212 3084 1308 3148; x_wconf 91' lang='lat' dir='ltr'>snper</span> <span class='ocrx_word' id='word_1_205' title='bbox 1318 3066 1459 3149; x_wconf 90' lang='lat' dir='ltr'>ipsorum</span> <span class='ocrx_word' id='word_1_206' title='bbox 1471 3067 1668 3132; x_wconf 83' lang='lat' dir='ltr'>llebraeorum</span> <span class='ocrx_word' id='word_1_207' title='bbox 1679 3070 1729 3131; x_wconf 88' lang='lat' dir='ltr'>ba·</span> 
     </span>
     <span class='ocr_line' id='line_1_21' title="bbox 183 3163 1730 3230; baseline 0 -1"><span class='ocrx_word' id='word_1_208' title='bbox 183 3167 285 3229; x_wconf 89' lang='lat' dir='ltr'>luisse</span> <span class='ocrx_word' id='word_1_209' title='bbox 316 3164 532 3227; x_wconf 90' lang='lat' dir='ltr'>multitudinis</span> <span class='ocrx_word' id='word_1_210' title='bbox 564 3163 795 3226; x_wconf 90' lang='lat' dir='ltr'>mandatorum.</span> <span class='ocrx_word' id='word_1_211' title='bbox 827 3163 930 3225; x_wconf 86' lang='lat' dir='ltr'>Prima</span> <span class='ocrx_word' id='word_1_212' title='bbox 985 3163 1166 3227; x_wconf 90' lang='lat' dir='ltr'>bitationes.</span> <span class='ocrx_word' id='word_1_213' title='bbox 1180 3164 1300 3228; x_wconf 82' lang='lat' dir='ltr'>Exinde</span> <span class='ocrx_word' id='word_1_214' title='bbox 1314 3166 1400 3229; x_wconf 92' lang='lat' dir='ltr'>enim</span> <span class='ocrx_word' id='word_1_215' title='bbox 1416 3166 1624 3230; x_wconf 69' lang='lat' dir='ltr'>aeternitatem</span> <span class='ocrx_word' id='word_1_216' title='bbox 1640 3188 1730 3229; x_wconf 93' lang='lat' dir='ltr'>mun-</span> 
     </span>
     <span class='ocr_line' id='line_1_22' title="bbox 183 3261 1729 3347; baseline 0.003 -20"><span class='ocrx_word' id='word_1_217' title='bbox 183 3266 245 3327; x_wconf 89' lang='lat' dir='ltr'>iuit</span> <span class='ocrx_word' id='word_1_218' title='bbox 261 3264 385 3326; x_wconf 92' lang='lat' dir='ltr'>ruditas</span> <span class='ocrx_word' id='word_1_219' title='bbox 401 3271 433 3327; x_wconf 89' lang='lat' dir='ltr'>et</span> <span class='ocrx_word' id='word_1_220' title='bbox 448 3262 609 3344; x_wconf 90' lang='lat' dir='ltr'>imperitia</span> <span class='ocrx_word' id='word_1_221' title='bbox 625 3262 747 3344; x_wconf 90' lang='lat' dir='ltr'>populi,</span> <span class='ocrx_word' id='word_1_222' title='bbox 765 3261 821 3343; x_wconf 90' lang='lat' dir='ltr'>qni</span> <span class='ocrx_word' id='word_1_223' title='bbox 837 3279 931 3341; x_wconf 82' lang='lat' dir='ltr'>gene-</span> <span class='ocrx_word' id='word_1_224' title='bbox 977 3261 1018 3324; x_wconf 91' lang='lat' dir='ltr'>di</span> <span class='ocrx_word' id='word_1_225' title='bbox 1040 3270 1072 3324; x_wconf 92' lang='lat' dir='ltr'>et</span> <span class='ocrx_word' id='word_1_226' title='bbox 1094 3263 1231 3325; x_wconf 90' lang='lat' dir='ltr'>aliorum</span> <span class='ocrx_word' id='word_1_227' title='bbox 1251 3264 1513 3347; x_wconf 91' lang='lat' dir='ltr'>philosophorum</span> <span class='ocrx_word' id='word_1_228' title='bbox 1534 3286 1657 3330; x_wconf 92' lang='lat' dir='ltr'>errores</span> <span class='ocrx_word' id='word_1_229' title='bbox 1679 3286 1729 3331; x_wconf 87' lang='lat' dir='ltr'>so·</span> 
     </span>
     <span class='ocr_line' id='line_1_23' title="bbox 182 3360 1728 3445; baseline 0 -19"><span class='ocrx_word' id='word_1_230' title='bbox 182 3364 306 3427; x_wconf 88' lang='lat' dir='ltr'>ralibus</span> <span class='ocrx_word' id='word_1_231' title='bbox 322 3361 489 3445; x_wconf 86' lang='lat' dir='ltr'>praeeeptis</span> <span class='ocrx_word' id='word_1_232' title='bbox 506 3360 582 3423; x_wconf 88' lang='lat' dir='ltr'>satis</span> <span class='ocrx_word' id='word_1_233' title='bbox 598 3360 716 3423; x_wconf 91' lang='lat' dir='ltr'>erudiri</span> <span class='ocrx_word' id='word_1_234' title='bbox 734 3380 798 3423; x_wconf 92' lang='lat' dir='ltr'>non</span> <span class='ocrx_word' id='word_1_235' title='bbox 814 3360 927 3443; x_wconf 93' lang='lat' dir='ltr'>potuit.</span> <span class='ocrx_word' id='word_1_236' title='bbox 985 3360 1051 3421; x_wconf 91' lang='lat' dir='ltr'>cuti</span> <span class='ocrx_word' id='word_1_237' title='bbox 1073 3370 1160 3438; x_wconf 89' lang='lat' dir='ltr'>sunt,</span> <span class='ocrx_word' id='word_1_238' title='bbox 1177 3362 1221 3424; x_wconf 92' lang='lat' dir='ltr'>ita</span> <span class='ocrx_word' id='word_1_239' title='bbox 1236 3364 1321 3444; x_wconf 86' lang='lat' dir='ltr'>quod</span> <span class='ocrx_word' id='word_1_240' title='bbox 1342 3365 1435 3445; x_wconf 89' lang='lat' dir='ltr'>pauci</span> <span class='ocrx_word' id='word_1_241' title='bbox 1458 3373 1643 3428; x_wconf 92' lang='lat' dir='ltr'>manserunt</span> <span class='ocrx_word' id='word_1_242' title='bbox 1662 3366 1728 3429; x_wconf 90' lang='lat' dir='ltr'>veri</span> 
     </span>
     <span class='ocr_line' id='line_1_24' title="bbox 182 3458 1731 3545; baseline 0.001 -20"><span class='ocrx_word' id='word_1_243' title='bbox 182 3464 254 3526; x_wconf 91' lang='lat' dir='ltr'>ldeo</span> <span class='ocrx_word' id='word_1_244' title='bbox 280 3463 364 3525; x_wconf 93' lang='lat' dir='ltr'>sicut</span> <span class='ocrx_word' id='word_1_245' title='bbox 388 3461 558 3543; x_wconf 90' lang='lat' dir='ltr'>parvulum</span> <span class='ocrx_word' id='word_1_246' title='bbox 585 3459 691 3520; x_wconf 87' lang='lat' dir='ltr'>lilium</span> <span class='ocrx_word' id='word_1_247' title='bbox 719 3459 818 3520; x_wconf 88' lang='lat' dir='ltr'>nutrit</span> <span class='ocrx_word' id='word_1_248' title='bbox 842 3468 931 3540; x_wconf 89' lang='lat' dir='ltr'>pater</span> <span class='ocrx_word' id='word_1_249' title='bbox 985 3458 1095 3534; x_wconf 75' lang='lat' dir='ltr'>ludaei,</span> <span class='ocrx_word' id='word_1_250' title='bbox 1118 3458 1268 3523; x_wconf 92' lang='lat' dir='ltr'>videlicet</span> <span class='ocrx_word' id='word_1_251' title='bbox 1288 3462 1343 3542; x_wconf 89' lang='lat' dir='ltr'>qui</span> <span class='ocrx_word' id='word_1_252' title='bbox 1367 3463 1487 3526; x_wconf 91' lang='lat' dir='ltr'>nonin</span> <span class='ocrx_word' id='word_1_253' title='bbox 1511 3463 1619 3545; x_wconf 89' lang='lat' dir='ltr'>aliqua</span> <span class='ocrx_word' id='word_1_254' title='bbox 1641 3474 1731 3545; x_wconf 87' lang='lat' dir='ltr'>parte</span> 
     </span>
     <span class='ocr_line' id='line_1_25' title="bbox 183 3556 1730 3643; baseline 0.001 -19"><span class='ocrx_word' id='word_1_255' title='bbox 183 3560 396 3625; x_wconf 89' lang='lat' dir='ltr'>lractionibns</span> <span class='ocrx_word' id='word_1_256' title='bbox 412 3568 443 3623; x_wconf 91' lang='lat' dir='ltr'>et</span> <span class='ocrx_word' id='word_1_257' title='bbox 458 3558 603 3621; x_wconf 90' lang='lat' dir='ltr'>minutiis</span> <span class='ocrx_word' id='word_1_258' title='bbox 618 3577 748 3640; x_wconf 89' lang='lat' dir='ltr'>panum,</span> <span class='ocrx_word' id='word_1_259' title='bbox 767 3558 813 3621; x_wconf 92' lang='lat' dir='ltr'>sic</span> <span class='ocrx_word' id='word_1_260' title='bbox 831 3558 932 3621; x_wconf 89' lang='lat' dir='ltr'>llomi-</span> <span class='ocrx_word' id='word_1_261' title='bbox 986 3556 1230 3620; x_wconf 88' lang='lat' dir='ltr'>Sarracenornm</span> <span class='ocrx_word' id='word_1_262' title='bbox 1246 3569 1278 3621; x_wconf 91' lang='lat' dir='ltr'>et</span> <span class='ocrx_word' id='word_1_263' title='bbox 1293 3560 1558 3643; x_wconf 86' lang='lat' dir='ltr'>philosophorum</span> <span class='ocrx_word' id='word_1_264' title='bbox 1568 3562 1730 3625; x_wconf 92' lang='lat' dir='ltr'>erroribus</span> 
     </span>
     <span class='ocr_line' id='line_1_26' title="bbox 183 3657 1528 3744; baseline -0.003 -20"><span class='ocrx_word' id='word_1_265' title='bbox 183 3680 243 3723; x_wconf 92' lang='lat' dir='ltr'>nus</span> <span class='ocrx_word' id='word_1_266' title='bbox 261 3660 417 3744; x_wconf 91' lang='lat' dir='ltr'>populum</span> <span class='ocrx_word' id='word_1_267' title='bbox 440 3658 531 3720; x_wconf 94' lang='lat' dir='ltr'>illum</span> <span class='ocrx_word' id='word_1_268' title='bbox 554 3657 664 3719; x_wconf 90' lang='lat' dir='ltr'>multis</span> <span class='ocrx_word' id='word_1_269' title='bbox 678 3657 931 3738; x_wconf 83' lang='lat' dir='ltr'>particularibus</span> <span class='ocrx_word' id='word_1_270' title='bbox 985 3665 1226 3718; x_wconf 90' lang='lat' dir='ltr'>consenserunt.</span> <span class='ocrx_word' id='word_1_271' title='bbox 1244 3657 1315 3721; x_wconf 75' lang='lat' dir='ltr'>llaec</span> <span class='ocrx_word' id='word_1_272' title='bbox 1329 3658 1528 3723; x_wconf 86' lang='lat' dir='ltr'>Guillelmus.</span> 
     </span>
     <span class='ocr_line' id='line_1_27' title="bbox 183 3752 1732 3841; baseline -0.001 -18"><span class='ocrx_word' id='word_1_273' title='bbox 183 3759 323 3823; x_wconf 90' lang='lat' dir='ltr'>erudivit</span> <span class='ocrx_word' id='word_1_274' title='bbox 339 3756 519 3840; x_wconf 82' lang='lat' dir='ltr'>praeoeptis.</span> <span class='ocrx_word' id='word_1_275' title='bbox 538 3756 681 3818; x_wconf 86' lang='lat' dir='ltr'>Secunda</span> <span class='ocrx_word' id='word_1_276' title='bbox 697 3775 792 3817; x_wconf 87' lang='lat' dir='ltr'>causa</span> <span class='ocrx_word' id='word_1_277' title='bbox 807 3755 878 3833; x_wconf 87' lang='lat' dir='ltr'>luit,</span> <span class='ocrx_word' id='word_1_278' title='bbox 896 3765 932 3818; x_wconf 91' lang='lat' dir='ltr'>ut</span> <span class='ocrx_word' id='word_1_279' title='bbox 1026 3752 1178 3828; x_wconf 85' lang='lat' dir='ltr'>Quocirca</span> <span class='ocrx_word' id='word_1_280' title='bbox 1193 3758 1293 3836; x_wconf 72' lang='lat' dir='ltr'>quaeri</span> <span class='ocrx_word' id='word_1_281' title='bbox 1313 3767 1427 3838; x_wconf 90' lang='lat' dir='ltr'>potest,</span> <span class='ocrx_word' id='word_1_282' title='bbox 1445 3758 1589 3839; x_wconf 87' lang='lat' dir='ltr'>qualiter.</span> <span class='ocrx_word' id='word_1_283' title='bbox 1601 3779 1732 3841; x_wconf 90' lang='lat' dir='ltr'>compn-</span> 
     </span>
     <span class='ocr_line' id='line_1_28' title="bbox 184 3852 1728 3940; baseline -0.001 -19"><span class='ocrx_word' id='word_1_284' title='bbox 184 3877 240 3940; x_wconf 93' lang='lat' dir='ltr'>per</span> <span class='ocrx_word' id='word_1_285' title='bbox 257 3867 322 3920; x_wconf 92' lang='lat' dir='ltr'>tam</span> <span class='ocrx_word' id='word_1_286' title='bbox 346 3856 445 3917; x_wconf 87' lang='lat' dir='ltr'>multa</span> <span class='ocrx_word' id='word_1_287' title='bbox 467 3862 625 3937; x_wconf 79' lang='lat' dir='ltr'>praeoepta</span> <span class='ocrx_word' id='word_1_288' title='bbox 639 3856 721 3917; x_wconf 85' lang='lat' dir='ltr'>lleus</span> <span class='ocrx_word' id='word_1_289' title='bbox 745 3854 862 3917; x_wconf 88' lang='lat' dir='ltr'>laceret</span> <span class='ocrx_word' id='word_1_290' title='bbox 877 3872 932 3936; x_wconf 94' lang='lat' dir='ltr'>po·</span> <span class='ocrx_word' id='word_1_291' title='bbox 987 3852 1064 3915; x_wconf 86' lang='lat' dir='ltr'>tatio</span> <span class='ocrx_word' id='word_1_292' title='bbox 1080 3855 1302 3917; x_wconf 91' lang='lat' dir='ltr'>mandatorum</span> <span class='ocrx_word' id='word_1_293' title='bbox 1320 3858 1494 3919; x_wconf 91' lang='lat' dir='ltr'>secundnm</span> <span class='ocrx_word' id='word_1_294' title='bbox 1510 3857 1728 3933; x_wconf 89' lang='lat' dir='ltr'>Guillelmum,</span> 
     </span>
     <span class='ocr_line' id='line_1_29' title="bbox 184 3952 1732 4038; baseline 0 -19"><span class='ocrx_word' id='word_1_295' title='bbox 184 3958 297 4038; x_wconf 91' lang='lat' dir='ltr'>pulum</span> <span class='ocrx_word' id='word_1_296' title='bbox 314 3974 406 4017; x_wconf 90' lang='lat' dir='ltr'>suum</span> <span class='ocrx_word' id='word_1_297' title='bbox 422 3953 463 4015; x_wconf 90' lang='lat' dir='ltr'>ab</span> <span class='ocrx_word' id='word_1_298' title='bbox 479 3954 656 4017; x_wconf 87' lang='lat' dir='ltr'>idololatris</span> <span class='ocrx_word' id='word_1_299' title='bbox 675 3954 807 4016; x_wconf 92' lang='lat' dir='ltr'>omnino</span> <span class='ocrx_word' id='word_1_300' title='bbox 823 3953 932 4016; x_wconf 90' lang='lat' dir='ltr'>diller-</span> <span class='ocrx_word' id='word_1_301' title='bbox 986 3952 1218 4034; x_wconf 89' lang='lat' dir='ltr'>computationi</span> <span class='ocrx_word' id='word_1_302' title='bbox 1229 3972 1339 4016; x_wconf 90' lang='lat' dir='ltr'>eorum</span> <span class='ocrx_word' id='word_1_303' title='bbox 1355 3957 1530 4018; x_wconf 89' lang='lat' dir='ltr'>secundum</span> <span class='ocrx_word' id='word_1_304' title='bbox 1540 3956 1640 4020; x_wconf 87' lang='lat' dir='ltr'>llabbi</span> <span class='ocrx_word' id='word_1_305' title='bbox 1652 3956 1732 4038; x_wconf 76' lang='lat' dir='ltr'>lloy-</span> 
     </span>
     <span class='ocr_line' id='line_1_30' title="bbox 184 4044 1731 4137; baseline 0.001 -20"><span class='ocrx_word' id='word_1_306' title='bbox 184 4075 228 4119; x_wconf 92' lang='lat' dir='ltr'>re.</span> <span class='ocrx_word' id='word_1_307' title='bbox 241 4056 303 4117; x_wconf 85' lang='lat' dir='ltr'>Lex</span> <span class='ocrx_word' id='word_1_308' title='bbox 314 4052 432 4117; x_wconf 90' lang='lat' dir='ltr'>etenim</span> <span class='ocrx_word' id='word_1_309' title='bbox 444 4071 502 4135; x_wconf 93' lang='lat' dir='ltr'>pro</span> <span class='ocrx_word' id='word_1_310' title='bbox 514 4070 628 4131; x_wconf 80' lang='lat' dir='ltr'>magna</span> <span class='ocrx_word' id='word_1_311' title='bbox 639 4061 729 4134; x_wconf 91' lang='lat' dir='ltr'>parte</span> <span class='ocrx_word' id='word_1_312' title='bbox 744 4051 882 4115; x_wconf 88' lang='lat' dir='ltr'>intendit</span> <span class='ocrx_word' id='word_1_313' title='bbox 892 4053 931 4114; x_wconf 89' lang='lat' dir='ltr'>ad</span> <span class='ocrx_word' id='word_1_314' title='bbox 949 4044 971 4107; x_wconf 88' lang='lat' dir='ltr'>C</span> <span class='ocrx_word' id='word_1_315' title='bbox 987 4068 1043 4113; x_wconf 91' lang='lat' dir='ltr'>sen</span> <span class='ocrx_word' id='word_1_316' title='bbox 1060 4050 1164 4113; x_wconf 88' lang='lat' dir='ltr'>valcat</span> <span class='ocrx_word' id='word_1_317' title='bbox 1178 4053 1375 4116; x_wconf 89' lang='lat' dir='ltr'>concordari.</span> <span class='ocrx_word' id='word_1_318' title='bbox 1392 4055 1439 4118; x_wconf 82' lang='lat' dir='ltr'>nd</span> <span class='ocrx_word' id='word_1_319' title='bbox 1454 4056 1539 4136; x_wconf 88' lang='lat' dir='ltr'>quod</span> <span class='ocrx_word' id='word_1_320' title='bbox 1556 4055 1731 4137; x_wconf 86' lang='lat' dir='ltr'>responsio</span> 
     </span>
     <span class='ocr_line' id='line_1_31' title="bbox 183 4150 1731 4236; baseline -0.001 -20"><span class='ocrx_word' id='word_1_321' title='bbox 183 4153 417 4217; x_wconf 87' lang='lat' dir='ltr'>eliminandum</span> <span class='ocrx_word' id='word_1_322' title='bbox 433 4169 562 4215; x_wconf 90' lang='lat' dir='ltr'>omnem</span> <span class='ocrx_word' id='word_1_323' title='bbox 579 4150 767 4213; x_wconf 80' lang='lat' dir='ltr'>idololatriae</span> <span class='ocrx_word' id='word_1_324' title='bbox 784 4150 879 4213; x_wconf 91' lang='lat' dir='ltr'>ritum</span> <span class='ocrx_word' id='word_1_325' title='bbox 896 4170 931 4213; x_wconf 92' lang='lat' dir='ltr'>ac</span> <span class='ocrx_word' id='word_1_326' title='bbox 988 4166 1061 4210; x_wconf 91' lang='lat' dir='ltr'>nem</span> <span class='ocrx_word' id='word_1_327' title='bbox 1084 4157 1203 4211; x_wconf 88' lang='lat' dir='ltr'>certam</span> <span class='ocrx_word' id='word_1_328' title='bbox 1225 4150 1259 4213; x_wconf 91' lang='lat' dir='ltr'>in</span> <span class='ocrx_word' id='word_1_329' title='bbox 1283 4162 1433 4236; x_wconf 91' lang='lat' dir='ltr'>promptu</span> <span class='ocrx_word' id='word_1_330' title='bbox 1456 4172 1519 4217; x_wconf 92' lang='lat' dir='ltr'>nou</span> <span class='ocrx_word' id='word_1_331' title='bbox 1540 4154 1644 4230; x_wconf 92' lang='lat' dir='ltr'>vidco,</span> <span class='ocrx_word' id='word_1_332' title='bbox 1668 4152 1731 4215; x_wconf 89' lang='lat' dir='ltr'>nisi</span> 
     </span>
     <span class='ocr_line' id='line_1_32' title="bbox 183 4244 1733 4337; baseline -0.001 -21"><span class='ocrx_word' id='word_1_333' title='bbox 183 4254 336 4337; x_wconf 89' lang='lat' dir='ltr'>speciem,</span> <span class='ocrx_word' id='word_1_334' title='bbox 349 4252 526 4335; x_wconf 70' lang='lat' dir='ltr'>praesertim</span> <span class='ocrx_word' id='word_1_335' title='bbox 542 4252 576 4313; x_wconf 96' lang='lat' dir='ltr'>in</span> <span class='ocrx_word' id='word_1_336' title='bbox 588 4250 747 4314; x_wconf 90' lang='lat' dir='ltr'>universis</span> <span class='ocrx_word' id='word_1_337' title='bbox 762 4252 929 4327; x_wconf 89' lang='lat' dir='ltr'>mandatis,</span> <span class='ocrx_word' id='word_1_338' title='bbox 988 4244 1070 4312; x_wconf 85' lang='lat' dir='ltr'>lorte</span> <span class='ocrx_word' id='word_1_339' title='bbox 1081 4250 1294 4313; x_wconf 87' lang='lat' dir='ltr'>diversimode</span> <span class='ocrx_word' id='word_1_340' title='bbox 1303 4252 1502 4333; x_wconf 89' lang='lat' dir='ltr'>accipiantur</span> <span class='ocrx_word' id='word_1_341' title='bbox 1510 4254 1640 4317; x_wconf 92' lang='lat' dir='ltr'>uomina</span> <span class='ocrx_word' id='word_1_342' title='bbox 1650 4273 1733 4316; x_wconf 89' lang='lat' dir='ltr'>mau-</span> 
     </span>
     <span class='ocr_line' id='line_1_33' title="bbox 167 4348 1730 4436; baseline -0.001 -19"><span class='ocrx_word' id='word_1_343' title='bbox 167 4373 254 4436; x_wconf 86' lang='lat' dir='ltr'>-quae</span> <span class='ocrx_word' id='word_1_344' title='bbox 275 4353 380 4436; x_wconf 88' lang='lat' dir='ltr'>prima</span> <span class='ocrx_word' id='word_1_345' title='bbox 401 4352 483 4414; x_wconf 89' lang='lat' dir='ltr'>lacie</span> <span class='ocrx_word' id='word_1_346' title='bbox 505 4351 654 4413; x_wconf 89' lang='lat' dir='ltr'>videntur</span> <span class='ocrx_word' id='word_1_347' title='bbox 676 4349 804 4412; x_wconf 88' lang='lat' dir='ltr'>inutilia</span> <span class='ocrx_word' id='word_1_348' title='bbox 825 4358 857 4413; x_wconf 92' lang='lat' dir='ltr'>et</span> <span class='ocrx_word' id='word_1_349' title='bbox 877 4350 933 4412; x_wconf 90' lang='lat' dir='ltr'>ab·</span> <span class='ocrx_word' id='word_1_350' title='bbox 987 4348 1052 4410; x_wconf 89' lang='lat' dir='ltr'>dati</span> <span class='ocrx_word' id='word_1_351' title='bbox 1068 4351 1529 4433; x_wconf 83' lang='lat' dir='ltr'>atquepraeeepti.Sicuteuim</span> <span class='ocrx_word' id='word_1_352' title='bbox 1547 4361 1730 4434; x_wconf 70' lang='lat' dir='ltr'>praetactum</span> 
     </span>
     <span class='ocr_line' id='line_1_34' title="bbox 183 4447 1732 4533; baseline -0.001 -18"><span class='ocrx_word' id='word_1_353' title='bbox 183 4450 420 4528; x_wconf 83' lang='lat' dir='ltr'>surda.&#39;lertia,</span> <span class='ocrx_word' id='word_1_354' title='bbox 434 4457 470 4513; x_wconf 91' lang='lat' dir='ltr'>ut</span> <span class='ocrx_word' id='word_1_355' title='bbox 484 4450 582 4513; x_wconf 80' lang='lat' dir='ltr'>ludaei</span> <span class='ocrx_word' id='word_1_356' title='bbox 599 4449 753 4511; x_wconf 89' lang='lat' dir='ltr'>haberent</span> <span class='ocrx_word' id='word_1_357' title='bbox 768 4448 932 4511; x_wconf 88' lang='lat' dir='ltr'>sulficien-</span> <span class='ocrx_word' id='word_1_358' title='bbox 987 4454 1045 4524; x_wconf 87' lang='lat' dir='ltr'>est,</span> <span class='ocrx_word' id='word_1_359' title='bbox 1072 4447 1202 4528; x_wconf 89' lang='lat' dir='ltr'>quidam</span> <span class='ocrx_word' id='word_1_360' title='bbox 1232 4450 1316 4512; x_wconf 90' lang='lat' dir='ltr'>inter</span> <span class='ocrx_word' id='word_1_361' title='bbox 1339 4451 1488 4513; x_wconf 88' lang='lat' dir='ltr'>mandata</span> <span class='ocrx_word' id='word_1_362' title='bbox 1511 4458 1542 4513; x_wconf 90' lang='lat' dir='ltr'>et</span> <span class='ocrx_word' id='word_1_363' title='bbox 1576 4460 1732 4533; x_wconf 74' lang='lat' dir='ltr'>praeapte</span> 
     </span>
     <span class='ocr_line' id='line_1_35' title="bbox 184 4545 1732 4630; baseline -0.002 -17"><span class='ocrx_word' id='word_1_364' title='bbox 184 4561 247 4614; x_wconf 92' lang='lat' dir='ltr'>tem</span> <span class='ocrx_word' id='word_1_365' title='bbox 264 4549 431 4612; x_wconf 85' lang='lat' dir='ltr'>materiam</span> <span class='ocrx_word' id='word_1_366' title='bbox 448 4566 481 4610; x_wconf 92' lang='lat' dir='ltr'>se</span> <span class='ocrx_word' id='word_1_367' title='bbox 496 4547 673 4630; x_wconf 88' lang='lat' dir='ltr'>occupandi</span> <span class='ocrx_word' id='word_1_368' title='bbox 686 4547 719 4607; x_wconf 93' lang='lat' dir='ltr'>in</span> <span class='ocrx_word' id='word_1_369' title='bbox 737 4547 805 4625; x_wconf 81' lang='lat' dir='ltr'>lege</span> <span class='ocrx_word' id='word_1_370' title='bbox 821 4566 888 4623; x_wconf 90' lang='lat' dir='ltr'>sna,</span> <span class='ocrx_word' id='word_1_371' title='bbox 900 4556 931 4610; x_wconf 93' lang='lat' dir='ltr'>et</span> <span class='ocrx_word' id='word_1_372' title='bbox 988 4545 1200 4626; x_wconf 83' lang='lat' dir='ltr'>distinguunt,</span> <span class='ocrx_word' id='word_1_373' title='bbox 1225 4547 1269 4609; x_wconf 83' lang='lat' dir='ltr'>ita</span> <span class='ocrx_word' id='word_1_374' title='bbox 1289 4548 1375 4629; x_wconf 91' lang='lat' dir='ltr'>qnod</span> <span class='ocrx_word' id='word_1_375' title='bbox 1397 4550 1546 4611; x_wconf 86' lang='lat' dir='ltr'>mandata</span> <span class='ocrx_word' id='word_1_376' title='bbox 1568 4560 1630 4611; x_wconf 89' lang='lat' dir='ltr'>non</span> <span class='ocrx_word' id='word_1_377' title='bbox 1652 4548 1732 4612; x_wconf 91' lang='lat' dir='ltr'>obli-</span> 
     </span>
     <span class='ocr_line' id='line_1_36' title="bbox 185 4645 1732 4728; baseline 0 -17"><span class='ocrx_word' id='word_1_378' title='bbox 185 4668 248 4712; x_wconf 93' lang='lat' dir='ltr'>non</span> <span class='ocrx_word' id='word_1_379' title='bbox 266 4648 422 4711; x_wconf 88' lang='lat' dir='ltr'>haberent</span> <span class='ocrx_word' id='word_1_380' title='bbox 437 4646 638 4709; x_wconf 88' lang='lat' dir='ltr'>occasionem</span> <span class='ocrx_word' id='word_1_381' title='bbox 655 4646 832 4728; x_wconf 90' lang='lat' dir='ltr'>occupandi</span> <span class='ocrx_word' id='word_1_382' title='bbox 849 4664 882 4709; x_wconf 91' lang='lat' dir='ltr'>se</span> <span class='ocrx_word' id='word_1_383' title='bbox 899 4646 931 4708; x_wconf 92' lang='lat' dir='ltr'>in</span> <span class='ocrx_word' id='word_1_384' title='bbox 986 4653 1063 4723; x_wconf 80' lang='lat' dir='ltr'>gant</span> <span class='ocrx_word' id='word_1_385' title='bbox 1079 4664 1137 4708; x_wconf 91' lang='lat' dir='ltr'>nec</span> <span class='ocrx_word' id='word_1_386' title='bbox 1156 4645 1340 4725; x_wconf 82' lang='lat' dir='ltr'>obligabant</span> <span class='ocrx_word' id='word_1_387' title='bbox 1358 4647 1482 4711; x_wconf 81' lang='lat' dir='ltr'>ludaeos</span> <span class='ocrx_word' id='word_1_388' title='bbox 1502 4656 1564 4710; x_wconf 89' lang='lat' dir='ltr'>tam</span> <span class='ocrx_word' id='word_1_389' title='bbox 1587 4647 1732 4712; x_wconf 89' lang='lat' dir='ltr'>absolute</span> 
     </span>
     <span class='ocr_line' id='line_1_37' title="bbox 184 4744 1732 4828; baseline 0 -19"><span class='ocrx_word' id='word_1_390' title='bbox 184 4748 277 4810; x_wconf 89' lang='lat' dir='ltr'>libris</span> <span class='ocrx_word' id='word_1_391' title='bbox 298 4745 440 4828; x_wconf 85' lang='lat' dir='ltr'>gentium</span> <span class='ocrx_word' id='word_1_392' title='bbox 465 4745 611 4821; x_wconf 87' lang='lat' dir='ltr'>aliarum,</span> <span class='ocrx_word' id='word_1_393' title='bbox 631 4763 670 4807; x_wconf 96' lang='lat' dir='ltr'>ne</span> <span class='ocrx_word' id='word_1_394' title='bbox 695 4744 729 4805; x_wconf 90' lang='lat' dir='ltr'>in</span> <span class='ocrx_word' id='word_1_395' title='bbox 754 4763 876 4807; x_wconf 91' lang='lat' dir='ltr'>errores</span> <span class='ocrx_word' id='word_1_396' title='bbox 901 4752 933 4808; x_wconf 90' lang='lat' dir='ltr'>et</span> <span class='ocrx_word' id='word_1_397' title='bbox 988 4744 1071 4807; x_wconf 90' lang='lat' dir='ltr'>sicut</span> <span class='ocrx_word' id='word_1_398' title='bbox 1085 4753 1262 4826; x_wconf 77' lang='lat' dir='ltr'>praecepta3</span> <span class='ocrx_word' id='word_1_399' title='bbox 1280 4745 1334 4808; x_wconf 89' lang='lat' dir='ltr'>sed</span> <span class='ocrx_word' id='word_1_400' title='bbox 1352 4745 1601 4828; x_wconf 78' lang='lat' dir='ltr'>interpraecepta</span> <span class='ocrx_word' id='word_1_401' title='bbox 1617 4756 1732 4809; x_wconf 90' lang='lat' dir='ltr'>etcon-</span> 
     </span>
     <span class='ocr_line' id='line_1_38' title="bbox 184 4841 1733 4928; baseline -0.001 -20"><span class='ocrx_word' id='word_1_402' title='bbox 184 4844 430 4928; x_wconf 91' lang='lat' dir='ltr'>superstitiones</span> <span class='ocrx_word' id='word_1_403' title='bbox 442 4843 503 4924; x_wconf 80' lang='lat' dir='ltr'>legi</span> <span class='ocrx_word' id='word_1_404' title='bbox 515 4842 745 4907; x_wconf 89' lang='lat' dir='ltr'>contrariantes</span> <span class='ocrx_word' id='word_1_405' title='bbox 757 4841 933 4905; x_wconf 88' lang='lat' dir='ltr'>dilaberen-</span> <span class='ocrx_word' id='word_1_406' title='bbox 987 4842 1556 4919; x_wconf 89' lang='lat' dir='ltr'>siliaseudooumenta,mediomodo</span> <span class='ocrx_word' id='word_1_407' title='bbox 1572 4844 1733 4908; x_wconf 90' lang='lat' dir='ltr'>habebant</span> 
     </span>
     <span class='ocr_line' id='line_1_39' title="bbox 185 4939 1733 5023; baseline 0.001 -18"><span class='ocrx_word' id='word_1_408' title='bbox 185 4953 236 5006; x_wconf 88' lang='lat' dir='ltr'>tur</span> <span class='ocrx_word' id='word_1_409' title='bbox 255 4961 262 5006; x_wconf 93' lang='lat'><strong>:</strong></span> <span class='ocrx_word' id='word_1_410' title='bbox 281 4943 367 5023; x_wconf 90' lang='lat' dir='ltr'>quod</span> <span class='ocrx_word' id='word_1_411' title='bbox 383 4942 484 5004; x_wconf 92' lang='lat' dir='ltr'>multa</span> <span class='ocrx_word' id='word_1_412' title='bbox 500 4942 667 5021; x_wconf 83' lang='lat' dir='ltr'>diligentia</span> <span class='ocrx_word' id='word_1_413' title='bbox 682 4960 719 5003; x_wconf 90' lang='lat' dir='ltr'>ac</span> <span class='ocrx_word' id='word_1_414' title='bbox 741 4941 933 5004; x_wconf 90' lang='lat' dir='ltr'>discretione</span> <span class='ocrx_word' id='word_1_415' title='bbox 989 4960 1032 5003; x_wconf 91' lang='lat' dir='ltr'>se.</span> <span class='ocrx_word' id='word_1_416' title='bbox 1050 4939 1156 5004; x_wconf 89' lang='lat' dir='ltr'>Potuit</span> <span class='ocrx_word' id='word_1_417' title='bbox 1171 4960 1246 5023; x_wconf 84' lang='lat' dir='ltr'>ergo</span> <span class='ocrx_word' id='word_1_418' title='bbox 1261 4960 1342 5019; x_wconf 88' lang='lat' dir='ltr'>esse,</span> <span class='ocrx_word' id='word_1_419' title='bbox 1359 4943 1445 5023; x_wconf 88' lang='lat' dir='ltr'>quod</span> <span class='ocrx_word' id='word_1_420' title='bbox 1461 4942 1649 5006; x_wconf 88' lang='lat' dir='ltr'>Guillelmus</span> <span class='ocrx_word' id='word_1_421' title='bbox 1665 4944 1733 5006; x_wconf 77' lang='lat' dir='ltr'>hac</span> 
     </span>
     <span class='ocr_line' id='line_1_40' title="bbox 184 5039 1733 5123; baseline -0.003 -17"><span class='ocrx_word' id='word_1_422' title='bbox 184 5042 389 5107; x_wconf 89' lang='lat' dir='ltr'>observatum</span> <span class='ocrx_word' id='word_1_423' title='bbox 404 5048 452 5104; x_wconf 90' lang='lat' dir='ltr'>est</span> <span class='ocrx_word' id='word_1_424' title='bbox 467 5040 551 5122; x_wconf 91' lang='lat' dir='ltr'>apud</span> <span class='ocrx_word' id='word_1_425' title='bbox 568 5039 714 5103; x_wconf 83' lang='lat' dir='ltr'>llebraeos</span> <span class='ocrx_word' id='word_1_426' title='bbox 730 5040 839 5101; x_wconf 92' lang='lat' dir='ltr'>multis</span> <span class='ocrx_word' id='word_1_427' title='bbox 857 5047 933 5102; x_wconf 94' lang='lat' dir='ltr'>tem·</span> <span class='ocrx_word' id='word_1_428' title='bbox 988 5040 1051 5102; x_wconf 93' lang='lat' dir='ltr'>duo</span> <span class='ocrx_word' id='word_1_429' title='bbox 1067 5058 1125 5121; x_wconf 93' lang='lat' dir='ltr'>pro</span> <span class='ocrx_word' id='word_1_430' title='bbox 1137 5041 1249 5102; x_wconf 92' lang='lat' dir='ltr'>eodem</span> <span class='ocrx_word' id='word_1_431' title='bbox 1264 5039 1411 5122; x_wconf 87' lang='lat' dir='ltr'>accipiat,</span> <span class='ocrx_word' id='word_1_432' title='bbox 1424 5041 1532 5122; x_wconf 90' lang='lat' dir='ltr'>sicque</span> <span class='ocrx_word' id='word_1_433' title='bbox 1548 5043 1649 5104; x_wconf 88' lang='lat' dir='ltr'>multa</span> <span class='ocrx_word' id='word_1_434' title='bbox 1663 5042 1733 5123; x_wconf 90' lang='lat' dir='ltr'>pln-</span> 
     </span>
     <span class='ocr_line' id='line_1_41' title="bbox 184 5137 1731 5222; baseline 0.001 -21"><span class='ocrx_word' id='word_1_435' title='bbox 184 5139 330 5222; x_wconf 85' lang='lat' dir='ltr'>poribns,</span> <span class='ocrx_word' id='word_1_436' title='bbox 346 5139 389 5201; x_wconf 83' lang='lat' dir='ltr'>ita</span> <span class='ocrx_word' id='word_1_437' title='bbox 404 5139 491 5220; x_wconf 92' lang='lat' dir='ltr'>quod</span> <span class='ocrx_word' id='word_1_438' title='bbox 506 5138 663 5220; x_wconf 90' lang='lat' dir='ltr'>sapientia</span> <span class='ocrx_word' id='word_1_439' title='bbox 683 5138 763 5219; x_wconf 83' lang='lat' dir='ltr'>legis</span> <span class='ocrx_word' id='word_1_440' title='bbox 778 5138 931 5215; x_wconf 91' lang='lat' dir='ltr'>contenti,</span> <span class='ocrx_word' id='word_1_441' title='bbox 989 5157 1023 5199; x_wconf 92' lang='lat' dir='ltr'>ra</span> <span class='ocrx_word' id='word_1_442' title='bbox 1039 5137 1124 5199; x_wconf 86' lang='lat' dir='ltr'>dicat</span> <span class='ocrx_word' id='word_1_443' title='bbox 1139 5157 1209 5201; x_wconf 92' lang='lat' dir='ltr'>esse</span> <span class='ocrx_word' id='word_1_444' title='bbox 1228 5147 1386 5221; x_wconf 76' lang='lat' dir='ltr'>praecepta</span> <span class='ocrx_word' id='word_1_445' title='bbox 1406 5159 1461 5202; x_wconf 93' lang='lat' dir='ltr'>seu</span> <span class='ocrx_word' id='word_1_446' title='bbox 1477 5142 1626 5203; x_wconf 89' lang='lat' dir='ltr'>mandata</span> <span class='ocrx_word' id='word_1_447' title='bbox 1642 5140 1731 5219; x_wconf 65' lang='lat' dir='ltr'>legis</span> 
     </span>
     <span class='ocr_line' id='line_1_42' title="bbox 185 5231 1733 5318; baseline 0.001 -17"><span class='ocrx_word' id='word_1_448' title='bbox 185 5239 284 5301; x_wconf 91' lang='lat' dir='ltr'>libros</span> <span class='ocrx_word' id='word_1_449' title='bbox 301 5236 442 5303; x_wconf 89' lang='lat' dir='ltr'>aliarum</span> <span class='ocrx_word' id='word_1_450' title='bbox 457 5236 600 5315; x_wconf 81' lang='lat' dir='ltr'>gentium</span> <span class='ocrx_word' id='word_1_451' title='bbox 623 5236 832 5299; x_wconf 88' lang='lat' dir='ltr'>declinarent.</span> <span class='ocrx_word' id='word_1_452' title='bbox 845 5237 933 5299; x_wconf 92' lang='lat' dir='ltr'>Unde</span> <span class='ocrx_word' id='word_1_453' title='bbox 950 5231 974 5292; x_wconf 86' lang='lat' dir='ltr'><strong>D</strong></span> <span class='ocrx_word' id='word_1_454' title='bbox 988 5255 1085 5317; x_wconf 88' lang='lat' dir='ltr'>quam</span> <span class='ocrx_word' id='word_1_455' title='bbox 1100 5236 1200 5298; x_wconf 86' lang='lat' dir='ltr'>Rabbi</span> <span class='ocrx_word' id='word_1_456' title='bbox 1214 5238 1345 5318; x_wconf 86' lang='lat' dir='ltr'>Moyses.</span> <span class='ocrx_word' id='word_1_457' title='bbox 1357 5237 1459 5312; x_wconf 83' lang='lat' dir='ltr'>Quum</span> <span class='ocrx_word' id='word_1_458' title='bbox 1475 5257 1549 5318; x_wconf 80' lang='lat' dir='ltr'>ergo</span> <span class='ocrx_word' id='word_1_459' title='bbox 1560 5239 1625 5301; x_wconf 92' lang='lat' dir='ltr'>siut</span> <span class='ocrx_word' id='word_1_460' title='bbox 1640 5247 1686 5301; x_wconf 91' lang='lat' dir='ltr'>tot</span> <span class='ocrx_word' id='word_1_461' title='bbox 1701 5248 1733 5302; x_wconf 92' lang='lat' dir='ltr'>et</span> 
     </span>
     <span class='ocr_line' id='line_1_43' title="bbox 187 5334 1732 5419; baseline 0 -19"><span class='ocrx_word' id='word_1_462' title='bbox 187 5356 244 5401; x_wconf 92' lang='lat' dir='ltr'>nec</span> <span class='ocrx_word' id='word_1_463' title='bbox 260 5335 475 5419; x_wconf 74' lang='lat' dir='ltr'>philosophia</span> <span class='ocrx_word' id='word_1_464' title='bbox 490 5354 619 5417; x_wconf 92' lang='lat' dir='ltr'>operam</span> <span class='ocrx_word' id='word_1_465' title='bbox 642 5337 716 5399; x_wconf 89' lang='lat' dir='ltr'>dare</span> <span class='ocrx_word' id='word_1_466' title='bbox 733 5335 797 5398; x_wconf 94' lang='lat' dir='ltr'>illis</span> <span class='ocrx_word' id='word_1_467' title='bbox 813 5343 933 5418; x_wconf 87' lang='lat' dir='ltr'>tempo-</span> <span class='ocrx_word' id='word_1_468' title='bbox 990 5343 1078 5397; x_wconf 90' lang='lat' dir='ltr'>tanta</span> <span class='ocrx_word' id='word_1_469' title='bbox 1100 5334 1178 5415; x_wconf 82' lang='lat' dir='ltr'>legis</span> <span class='ocrx_word' id='word_1_470' title='bbox 1200 5344 1368 5416; x_wconf 68' lang='lat' dir='ltr'>praecepta,</span> <span class='ocrx_word' id='word_1_471' title='bbox 1386 5336 1499 5400; x_wconf 89' lang='lat' dir='ltr'>merito</span> <span class='ocrx_word' id='word_1_472' title='bbox 1519 5337 1599 5400; x_wconf 86' lang='lat' dir='ltr'>dixit</span> <span class='ocrx_word' id='word_1_473' title='bbox 1617 5336 1732 5416; x_wconf 83' lang='lat' dir='ltr'>glorio-</span> 
     </span>
    </p>
   </div>
   <div class='ocr_carea' id='block_1_6' title="bbox 0 0 2175 6259">
    <p class='ocr_par' dir='ltr' id='par_1_6' title="bbox 0 0 2175 6259">
     <span class='ocr_line' id='line_1_44' title="bbox 0 0 2175 6259; baseline 0 0"><span class='ocrx_word' id='word_1_474' title='bbox 0 0 2175 6259; x_wconf 95' lang='lat' dir='ltr'> </span> 
     </span>
    </p>
   </div>
  </div>
 </body>
</html>
