4309 6259
502 522 675 569 mansino
696 522 727 567 uv
748 521 816 566 aar.
840 520 903 567 xxx
924 520 1159 568 omraaououu.
1181 541 1221 552 —
1243 523 1313 567 nur.
1337 522 1435 568 xxxin
1680 501 1739 566 bil

188 693 397 774 evangelicae,
422 692 640 773 naturalisque
666 692 755 772 legis.
774 693 880 773 ltaque
902 711 939 753 ex
955 689 980 752 tt
997 691 1105 754 sertim
1130 711 1186 772 per
1210 692 1433 769 idololatriam,
1447 693 1589 771 praedico
1610 693 1669 752 tidt
1688 693 1740 751 bo

188 791 346 856 distantia
367 791 431 854 loei
452 810 515 854 non
538 799 627 872 potes
646 799 675 853 te
690 809 850 853 excusare.
868 790 939 853 ideo
996 793 1146 870 dr'equod
1158 802 1322 870 parcerent
1333 812 1437 868 pareo
1454 802 1591 866 tempore
1609 790 1739 849 aaron

189 891 349 973 sequitur,
359 901 393 951 ut
405 893 509 970 possis
519 892 643 951 dicere:
655 891 731 958 Quis
743 901 885 950 nostram
897 891 940 950 od
996 891 1030 949 in
1060 900 1145 950 terra
1170 893 1214 949 ad
1238 911 1333 969 quarn
1361 891 1555 966 inpredr'eris
1575 890 1740 966 possiden·

188 995 308 1054 coelum
325 995 410 1051 valet
426 994 644 1060 conscendere,
663 1001 698 1051 ut
713 992 838 1066 deferat
855 993 940 1050 illud
995 991 1084 1048 dam.
1106 987 1257 1061 Quamvis
1280 987 1365 1051 enirn
1388 987 1483 1049 etiam
1506 987 1600 1049 idolis
1623 985 1739 1066 saepius

189 1093 235 1150 ad
261 1111 330 1161 nos,
355 1101 391 1149 ut
417 1092 604 1162 audiemus,
622 1091 707 1152 etet
725 1092 834 1169 Neque
851 1099 941 1149 trans
998 1087 1179 1160 serviendo,
1197 1086 1421 1148 habitaverunt
1442 1085 1474 1147 in
1501 1093 1584 1148 terra
1610 1085 1665 1146 illa
1690 1103 1742 1145 us-

190 1211 283 1248 vnare
294 1191 450 1266 positum,
462 1199 498 1249 ut
513 1191 654 1248 causeris
669 1197 699 1248 et
712 1191 822 1248 dices:
833 1189 941 1256 Qur'sc
997 1205 1059 1266 quo
1075 1187 1114 1247 ad
1130 1185 1351 1267 Babylonicum
1368 1184 1597 1267 captivitatem,
1615 1185 1675 1247 hoe
1698 1192 1742 1246 ta·

190 1289 282 1348 nobis
291 1289 412 1364 poterit
428 1307 517 1347 marc
530 1289 749 1364 transfretare,
759 1296 788 1346 et
803 1289 888 1346 illud
899 1289 942 1344 od
997 1303 1070 1346 men
1099 1283 1160 1344 luit
1185 1284 1244 1346 sub
1270 1283 1452 1346 infidelium
1477 1283 1564 1364 jugo,
1592 1283 1636 1347 ita
1656 1282 1743 1365 quod

190 1405 250 1446 atos
267 1407 366 1465 osque
375 1386 513 1461 deferre,
524 1395 560 1446 ut
572 1386 731 1462 possimus
740 1387 942 1464 fecerequod
998 1382 1223 1444 habitaverunt
1239 1382 1283 1444 ibi
1301 1380 1406 1464 pot-ius
1427 1389 1461 1443 ut
1479 1381 1597 1463 captivi
1614 1389 1645 1444 et
1659 1380 1742 1444 servi

185 1494 389 1562 praeceptum
402 1486 542 1544 est?Sed
554 1486 653 1558 juxto
664 1494 708 1544 est
723 1504 823 1543 serino
836 1487 939 1550 valde,
998 1500 1053 1543 seu
1076 1480 1185 1556 alieni,
1203 1500 1298 1562 quam
1321 1489 1355 1542 ut
1374 1498 1573 1562 possessores
1590 1499 1627 1543 ac
1642 1479 1743 1542 domi-

190 1586 228 1650 in
244 1604 299 1643 ore
315 1593 369 1643 tuo
384 1594 413 1644 et
430 1583 465 1642 in
481 1585 574 1642 corde
591 1593 654 1652 tuo,
673 1581 779 1659 idest,
796 1589 861 1643 tarn
877 1582 942 1645 evi·
998 1581 1043 1641 ni.
1062 1579 1123 1662 lpsi
1139 1598 1267 1660 quoque
1284 1579 1330 1642 sio
1351 1580 1414 1642 lleo
1436 1579 1583 1656 rebelles,
1600 1579 1663 1642 cito
1686 1596 1744 1659 per

190 1683 306 1744 denter
329 1689 360 1742 et
381 1689 528 1763 prompte
553 1680 715 1762 proposita
738 1688 786 1742 est
808 1679 865 1741 tibi
891 1679 942 1742 lex
998 1687 1131 1741 mortem
1157 1677 1305 1740 exstincti
1330 1677 1462 1740 luerunt
1485 1696 1492 1741 :
1519 1687 1550 1741 et
1575 1679 1619 1740 ita
1644 1695 1742 1759 parvo

190 1801 230 1844 ac
253 1781 425 1862 descripta,
443 1788 474 1842 et
497 1779 639 1861 undique
660 1780 706 1842 sic
729 1780 785 1841 tibi
805 1779 941 1842 offertur
998 1785 1141 1858 ternpore
1156 1776 1379 1838 habitaverunt
1395 1775 1521 1852 ibidem,
1532 1776 1691 1858 loquendo
1703 1776 1743 1839 de

190 1881 233 1944 ad
250 1880 521 1959 cognoscendum,
539 1887 574 1940 ut
594 1879 698 1960 possis
718 1898 787 1941 earn
808 1879 847 1940 ad
868 1877 941 1939 libi·
961 1872 1043 1938 Beis
1061 1874 1094 1936 in
1110 1874 1294 1956 particulari
1311 1883 1342 1937 ct
1358 1874 1553 1954 singulatim.
1574 1879 1673 1936 Testes
1693 1877 1743 1935 in-

193 1989 263 2041 tum
281 1986 370 2040 tuum
387 1977 505 2041 babere
521 1977 553 2038 in
569 1995 624 2041 ore
638 1977 677 2040 ad
695 1977 889 2059 loquendum
906 1996 942 2039 ac
999 1995 1071 2035 voco
1087 1976 1180 2034 hodie
1200 1978 1314 2034 cetum
1334 1985 1364 2034 et
1385 1985 1517 2043 terram,
1533 1975 1564 2036 id
1585 1982 1634 2036 est
1655 1974 1743 2037 habi-

193 2077 431 2154 conlitendum,
450 2085 480 2138 et
497 2076 530 2138 in
546 2077 640 2138 corde
656 2077 695 2138 ad
713 2077 942 2139 recordandum
999 2081 1117 2136 tatores
1142 2071 1232 2151 regni
1256 2072 1406 2149 coelestis,
1426 2071 1576 2136 videlicet
1599 2074 1740 2155 angelos,

193 2185 226 2239 et
250 2176 458 2251 credendum,
476 2176 508 2236 in
531 2174 680 2238 manibus
695 2193 822 2257 quoque
837 2174 875 2236 ad
892 2193 944 2236 ex·
1000 2173 1064 2234 imo
1094 2180 1127 2234 et
1152 2171 1296 2233 omnium
1321 2171 1517 2247 Creatorem,
1543 2179 1573 2233 et
1600 2171 1745 2234 habitan-

194 2275 556 2357 sequendum3propter
569 2276 656 2356 quod
670 2273 832 2336 subditur:
846 2283 882 2333 ut
897 2274 944 2348 fa·
1001 2280 1047 2334 tes
1068 2271 1102 2331 in
1124 2278 1218 2346 terra,
1236 2269 1286 2332 vel
1307 2271 1376 2352 ipsa
1395 2269 1536 2334 eoelestia
1556 2289 1688 2353 corpora
1708 2291 1745 2335 ac

193 2376 264 2434 ctas
291 2375 399 2433 ittam.
418 2372 474 2434 l'el
501 2373 573 2435 ideo
598 2372 658 2434 ista
685 2371 846 2447 dicuntur,
869 2370 945 2452 quia
1000 2370 1170 2445 elementa,
1188 2376 1224 2430 ut
1240 2367 1323 2430 inira
1338 2373 1619 2450 exponetur,quod
1631 2391 1746 2449 propo-

195 2470 332 2534 moralia
355 2470 434 2552 legis
457 2479 614 2554 praecepta
634 2479 708 2532 sunt
730 2471 769 2532 de
792 2469 945 2531 naturalis
1001 2471 1123 2530 sutrim
1140 2469 1226 2528 vobis
1242 2469 1344 2528 vitam
1358 2478 1388 2528 et
1403 2478 1548 2554 inertem,
1560 2471 1747 2530 benedictio

195 2569 371 2633 dictamine
387 2569 540 2632 rationis:
559 2579 589 2632 at
606 2569 742 2632 maximo
762 2569 826 2631 duo
843 2568 945 2649 prima
1002 2590 1074 2630 nem
1090 2578 1120 2628 et
1136 2569 1404 2628 maledictionem.
1423 2568 1517 2644 Etr'ye
1538 2587 1611 2644 arpo
1631 2570 1745 2641 vitam,

195 2669 253 2731 illa
279 2676 448 2750 precepta,
471 2667 588 2749 quibus
611 2669 692 2730 lleus
718 2667 945 2749 proximusque
1002 2667 1034 2729 id
1051 2675 1099 2729 est
1114 2683 1222 2728 veram
1239 2665 1385 2727 salutern.
1402 2664 1522 2728 Electio
1543 2665 1665 2748 quippe
1685 2675 1744 2744 est,

195 2767 298 2831 amari
313 2765 476 2847 jubentur,
494 2767 533 2828 ad
556 2765 700 2828 naturale
716 2766 848 2829 rationis
864 2765 946 2847 jndi-
1002 2765 1128 2828 duobus
1152 2772 1207 2827 aut
1233 2763 1379 2845 pluribus
1407 2764 1590 2845 propositis,
1615 2766 1747 2829 alterius

196 2864 355 2928 notorium
379 2864 551 2946 pertinent,
569 2873 600 2927 et
623 2864 711 2928 velut
732 2863 890 2946 principia
912 2863 945 2924 in
1003 2863 1222 2947 praeacceptio.
1246 2865 1284 2924 Ut
1308 2872 1343 2922 tu
1366 2864 1456 2922 vivas
1479 2881 1536 2944 per
1555 2863 1701 2942 gratiam,
1718 2876 1748 2927 et

197 2962 419 3046 operabilibus
449 2971 583 3025 exstant.
611 2962 699 3025 ilino.
720 2963 759 3024 ad
790 2963 947 3026 Romanos
1002 2965 1124 3040 ditique
1139 2964 1315 3022 Danaidum
1331 2964 1432 3021 Deam
1451 2970 1555 3031 tuum,
1570 2973 1601 3022 et
1620 2966 1748 3024 obedias

65 3079 181 3128 nontin,
198 3060 618 3143 scribitriposlolus:Quum
635 3070 746 3142 gentes
760 3080 830 3143 qum
846 3061 945 3141 legem
965 3061 986 3124 C
1004 3065 1073 3122 voci
1095 3062 1176 3137 ejus,
1192 3069 1222 3119 ct
1238 3061 1292 3119 itti
1306 3062 1483 3120 oddrareaa
1501 3063 1573 3138 Ipse
1593 3071 1638 3120 cat
1659 3065 1748 3123 enim
1850 3081 1854 3090 ·

61 3145 87 3182 '⁵'
200 3179 265 3224 non
289 3159 418 3236 babent,
437 3159 624 3222 naturaliter
640 3178 677 3222 ea
693 3179 763 3240 quae
780 3159 858 3239 legis
875 3167 949 3221 sunt
1004 3163 1072 3221 uita
1099 3170 1168 3229 toa,
1186 3158 1218 3220 id
1238 3166 1286 3220 est
1306 3158 1396 3220 dator
1411 3165 1443 3220 et
1456 3168 1660 3223 conservator
1677 3160 1749 3225 vitta

202 3259 337 3334 iaciunt,
357 3257 418 3340 ipsi
440 3257 500 3319 sibi
521 3268 595 3320 sunt
614 3258 685 3332 lex;
702 3258 758 3339 qui
778 3259 945 3322 ostendunt
1004 3268 1076 3331 ture,
1095 3267 1189 3339 atque
1210 3257 1372 3338 objectum
1392 3264 1425 3319 et
1440 3256 1512 3320 lons
1528 3257 1686 3322 beatifice
1702 3260 1749 3322 vi-

200 3378 283 3441 opus
300 3357 380 3437 legis
396 3356 549 3438 scripturn
565 3356 598 3418 in
609 3357 759 3420 cordibus
775 3356 948 3418 suist'ndc
1006 3367 1094 3433 tae‚et
1111 3359 1278 3431 lonqitodo
1293 3358 1423 3416 itteram
1440 3367 1580 3428 tuorum,
1593 3356 1626 3420 id
1641 3366 1690 3420 est
1704 3357 1749 3422 al·

93 3489 130 3522 a.
144 3479 183 3526 ,a
200 3477 301 3539 quum
318 3455 636 3529 dixissetPsalmista,
647 3455 733 3518 llulti
745 3455 947 3531 dicunt,Quis
1005 3457 1119 3520 liciens
1135 3455 1328 3537 principium
1346 3455 1565 3518 diuturnitatis
1581 3457 1654 3520 vitae
1673 3465 1745 3535 tue,

200 3555 342 3621 ostendit
357 3553 451 3617 nobis
467 3553 573 3618 bonai
590 3554 763 3635 respondit,
783 3554 946 3634 Signatum
1004 3567 1039 3618 ut
1054 3558 1177 3616 liabitas
1194 3558 1228 3615 in
1245 3565 1331 3615 terro
1342 3575 1403 3632 pro
1418 3576 1484 3634 que
1496 3557 1631 3632 jurat-it
1642 3560 1748 3634 patri-

200 3663 249 3718 est
271 3673 368 3736 super
391 3670 448 3716 nos
471 3652 580 3715 lumen
601 3651 706 3714 vultus
727 3652 784 3730 tui,
805 3653 945 3715 Domine.
1003 3658 1059 3715 bus
1076 3656 1163 3714 tuis:
1180 3672 1243 3716 non
1263 3653 1350 3733 quod
1371 3660 1495 3714 terre-na
1516 3651 1573 3716 illa
1593 3654 1748 3718 habitatio

199 3753 279 3815 Nam
305 3760 336 3814 et
361 3751 489 3814 habitus
515 3749 749 3831 cognoscitivus
771 3751 946 3832 primorum
1005 3752 1102 3816 luerit
1119 3751 1196 3813 linis
1212 3751 1319 3831 hujus,
1329 3751 1414 3830 quod
1430 3752 1511 3814 lleus
1527 3759 1575 3814 est
1585 3752 1651 3815 vita
1666 3753 1748 3835 ipso-

199 3851 446 3934 principiorum,
465 3858 528 3912 tarn
555 3849 588 3910 in
610 3848 826 3930 operabilibus
851 3869 946 3930 quam
1004 3870 1086 3926 rum,
1104 3857 1159 3912 aut
1174 3849 1247 3912 vitae
1263 3847 1440 3930 spiritualis
1457 3849 1673 3930 pergratiam,
1691 3853 1746 3914 sed

200 3951 234 4012 in
250 3947 470 4031 speculativis,
489 3947 617 4008 innatus
633 3955 679 4010 est
696 3946 800 4009 nobis.
1005 3949 1066 4012 luit
1088 3947 1338 4012 concomitanter
1363 3967 1397 4009 se
1422 3947 1543 4010 babens
1567 3949 1606 4011 ad
1633 3949 1698 4026 illa,
1716 3959 1748 4013 et
1778 3974 1893 4022 natvm,

242 4049 417 4110 Considera
440 4051 526 4126 qaod
550 4048 645 4108 bodie
667 4049 888 4122 proposuerim
914 4049 947 4106 in
1004 4048 1134 4130 sequela
1149 4048 1306 4110 bonorum
1322 4045 1461 4108 illorum.
1763 4039 1782 4085 ¹·
1796 4039 1853 4078 ⁷⁴⁰·

199 4157 369 4225 conspeetu
386 4155 439 4206 tao
456 4148 558 4206 vitarit
572 4155 602 4205 et
619 4147 747 4214 donant,
767 4145 798 4206 id
814 4144 948 4219 est,loo-
1043 4147 1138 4209 Porro
1153 4145 1238 4226 quod
1254 4143 1374 4206 dietum
1391 4153 1449 4220 esi,
1462 4145 1639 4207 Mandatum
1662 4149 1746 4228 quod

199 4263 272 4324 gam
297 4263 333 4306 ac
355 4262 540 4325 prosperam
556 4242 666 4317 vitam,
684 4242 749 4305 imo
766 4243 864 4304 vitam
879 4261 948 4322 gra·
964 4249 988 4309 o
1003 4264 1062 4326 ego
1078 4244 1229 4325 precipio
1246 4242 1303 4304 tibi
1319 4243 1424 4319 hodie,
1441 4242 1557 4324 allegat
1572 4253 1603 4307 et
1618 4246 1748 4327 exponit

202 4343 254 4406 tie
271 4343 304 4404 in
320 4341 523 4423 praesentiet
540 4341 635 4405 vitam
653 4340 810 4422 gloriatin
828 4340 945 4418 futuro,
1003 4343 1174 4424 Apostolus
1184 4343 1223 4404 ad
1235 4341 1400 4418 Romanos,
1411 4342 1494 4404 sicut
1507 4343 1551 4405 ibi
1568 4345 1745 4426 expositum
1762 4368 1892 4417 nomaso.

202 4442 317 4504 saltem
333 4439 502 4522 implicite,
520 4439 653 4522 promisi
673 4439 729 4502 tibi
747 4439 772 4500 si
789 4439 948 4503 obedieris
1004 4451 1062 4506 est.
1086 4441 1239 4504 Praeterea
1263 4450 1311 4503 est
1337 4442 1547 4522 pensandum,
1564 4461 1660 4524 quam
1686 4442 1748 4506 ler-

204 4541 277 4614 ileo,
294 4549 325 4599 et
346 4540 526 4598 econtrario
553 4542 676 4600 rnatum
701 4549 730 4597 et
755 4549 898 4610 trtortent,
918 4538 948 4600 id
1003 4540 1190 4606 ventissimo
1212 4559 1248 4602 ac
1269 4539 1499 4603 instantissime
1519 4549 1647 4604 sanetus
1667 4542 1749 4624 Moy-

202 4647 250 4702 est
275 4638 420 4712 adversa,
443 4637 635 4702 occisionem
661 4645 692 4699 et
715 4636 950 4700 condemnatio
1005 4660 1054 4704 ses
1077 4639 1232 4722 populum
1255 4638 1315 4700 sibi
1338 4638 1543 4703 commissum
1566 4640 1749 4704 exhortetur

203 4756 289 4812 nem,
314 4735 340 4796 si
368 4735 557 4800 inobediens
584 4733 683 4796 lueris
707 4735 748 4812 ei,
771 4746 806 4795 at
830 4737 951 4812 ditiqas
1005 4741 1043 4802 ad
1071 4739 1188 4800 divinat
1209 4736 1442 4800 observantiam
1465 4737 1554 4816 legiS,
1572 4740 1748 4821 praesertim

203 4837 383 4897 Hominmn
399 4839 503 4894 neum
520 4844 663 4904 tuamet
678 4837 820 4894 ornbulea
837 4837 871 4894 tn
890 4837 951 4893 viis
1005 4839 1044 4900 ad
1065 4838 1120 4899 Dei
1141 4853 1302 4900 amorem:
1320 4837 1405 4917 quod
1429 4836 1589 4898 universis
1610 4838 1749 4918 praelatis

202 4937 285 5013 ejus,
304 4935 559 5012 multiplicetque
583 4942 623 5002 te,
638 4943 668 4992 et
688 4934 790 4993 vivas.
809 4935 870 4994 Sin
893 4955 952 4993 au·
1006 4955 1041 4998 ac
1067 4934 1329 5017 predicatoribus
1353 4934 1522 5014 vigilanter
1547 4943 1595 4998 est
1623 4935 1750 5001 intuen-

205 5044 266 5094 tem
283 5053 435 5094 auersum
449 5032 553 5108 suerit
569 5051 622 5091 cor
643 5041 734 5091 ittam
748 5051 766 5093 a
781 5032 855 5108 Dee,
873 5050 952 5113 prae-
1007 5035 1096 5110 dum,
1113 5042 1209 5115 atque
1224 5033 1466 5115 infatigabiliter
1482 5033 1683 5097 imitandum.
