4309 6259
449 476 509 545 ete
801 493 974 543 manuario
995 496 1026 542 ur
1047 494 1116 541 car.
1140 494 1170 538 rr
1190 487 1425 542 ocuranonorm.
1446 515 1487 525 -
1508 496 1579 543 am.
1601 496 1644 543 ru

449 673 586 748 lapideis
600 690 680 750 qaas
697 671 837 731 tradidit
852 670 946 729 mitt.
964 667 1040 729 Nam
1062 666 1139 749 quia
1155 666 1194 727 ad
1211 661 1354 725 livorem
1369 667 1431 726 oa·
1447 668 1585 727 virentis
1604 669 1689 726 sieut
1712 686 1767 725 nos
1788 666 1993 734 audicimus,

450 768 626 830 naturalem
652 767 812 848 pertinent
838 766 1003 842 rationem,
1016 773 1047 827 et
1068 764 1196 827 univer·
1248 774 1278 823 at
1289 768 1389 840 possit
1402 764 1631 845 or'aeretquasi
1647 764 1766 838 dicam,
1780 762 1914 844 Fragilis
1928 780 1997 823 cre

449 884 501 927 sos
520 872 727 941 concernunt,
751 864 1034 947 praestantiumque
1054 871 1140 934 sunt,
1164 871 1195 924 et
1248 868 1338 923 atura
1362 864 1501 926 humana
1521 862 1659 925 sufferre
1680 881 1744 926 non
1768 870 1883 943 potest.
1904 860 1995 921 Unde

448 965 487 1026 ad
504 984 541 1027 ea
557 965 750 1026 reducuntur
764 962 837 1038 alia,
855 961 955 1025 voluit
971 960 1123 1024 Dominus
1139 978 1195 1041 per
1249 958 1281 1019 in
1302 960 1491 1043 Apocalypsi
1512 961 1556 1023 ait
1582 960 1612 1024 S.
1629 959 1765 1024 loannes
1789 976 1797 1020 :
1820 958 1924 1032 Quum
1951 958 1995 1021 vi·
2007 978 2118 1031 amis.

449 1082 493 1141 se,
518 1064 577 1126 hoe
599 1071 647 1125 est
670 1082 726 1144 per
747 1061 897 1141 angelum
922 1061 954 1121 in
978 1080 1035 1121 sua
1059 1077 1195 1140 persona
1248 1058 1570 1136 dissemeum,eeeidi
1584 1060 1625 1121 ad
1642 1060 1738 1140 pedes
1753 1058 1823 1139 ejus
1840 1066 1990 1137 unquam

450 1162 716 1242 loquentem,non
731 1179 789 1242 per
804 1159 978 1234 hominem,
988 1158 1091 1240 primo
1107 1175 1195 1218 man·
1249 1167 1404 1220 mortuno.
1421 1159 1459 1219 Et
1474 1158 1586 1221 isaias:
1598 1158 1708 1221 Corrni
1720 1176 1820 1238 quum
1835 1156 1990 1231 audirem,
2007 1170 2116 1214 rain-n

450 1262 524 1323 dare
544 1280 581 1323 aa
600 1262 639 1323 ad
660 1259 825 1342 populum.
1248 1256 1402 1319 emarcuit
1423 1275 1478 1319 cor
1497 1276 1615 1320 meum.
1634 1256 1743 1318 Daniel
1767 1273 1895 1336 quoque
1912 1255 1993 1317 :llo
2006 1270 2116 1311 rania.

497 1360 535 1420 m
559 1360 731 1420 accessistis
756 1362 799 1420 ad
824 1379 873 1418 rne
898 1377 1004 1417 ornnes
1030 1356 1195 1433 principes
1249 1355 1346 1430 mine,
1364 1356 1479 1436 inquit,
1493 1356 1661 1418 invisione
1678 1364 1731 1417 tua
1745 1353 1993 1417 dissolutaesunt

453 1460 597 1519 tribuum
612 1468 641 1518 et
663 1459 800 1535 majores
815 1467 908 1527 natu,
925 1466 1021 1535 atque
1034 1456 1168 1515 dixistis
1183 1470 1195 1512 .·
1249 1472 1417 1535 compages
1442 1474 1531 1531 mete,
1548 1464 1579 1517 et
1605 1453 1686 1515 nihil
1712 1454 1745 1515 iu
1768 1472 1819 1515 me
1842 1450 1992 1514 remansit

453 1559 682 1620 trecasenae
704 1558 793 1617 nobis
808 1558 968 1616 Dominus
983 1558 1069 1615 Dens
1091 1562 1196 1612 nostin
1251 1550 1378 1614 virium.

452 1657 650 1733 majestatem
678 1665 708 1716 et
738 1655 1000 1732 rnapnitadinem
1029 1672 1136 1719 suam,
1163 1650 1194 1711 id
1291 1655 1382 1720 Quod
1406 1672 1507 1731 qurum
1532 1653 1673 1713 audisset
1690 1652 1861 1721 Dominus,
1878 1650 1911 1712 id
1933 1657 1990 1723 ast,

452 1762 509 1831 est,
523 1774 579 1837 per
595 1772 669 1817 suos
684 1753 819 1816 effectus
836 1770 917 1834 quos
934 1752 966 1813 in
984 1759 1093 1814 monte
1108 1748 1194 1811 Sinai
1250 1748 1335 1812 intra
1359 1769 1393 1814 se
1415 1751 1627 1830 cognovisset,
1640 1753 1689 1811 ait
1712 1753 1756 1810 ad
1779 1771 1829 1809 me
1838 1770 1851 1807 .·
1867 1749 1993 1809 Anatim

452 1852 591 1916 vidimus
607 1859 638 1915 et
653 1852 843 1927 audivimus,
858 1850 1008 1933 patefecit
1023 1848 1116 1911 nobis
1131 1867 1196 1911 om·
1211 1850 1235 1914 B
1251 1870 1355 1909 racem
1371 1852 1538 1910 vatorum
1552 1849 1668 1927 papati
1682 1850 1793 1925 ladas,
1808 1868 1882 1927 qnae
1895 1849 1992 1907 tacuit

452 1950 661 2033 nipotentiam
677 1959 709 2013 et
724 1948 930 2012 eminentiam
946 1967 1055 2021 suam3
1080 1958 1110 2007 et
1121 1967 1196 2024 pro·
1249 1959 1325 2009 saint
1350 1950 1420 2009 tibi.
1437 1952 1524 2009 Betae
1548 1949 1660 2010 omnia
1684 1957 1760 2009 sant
1785 1948 1896 2006 locati.
1916 1948 1991 2013 Qids

451 2050 597 2109 trivimus
626 2051 720 2109 nodie
749 2068 806 2131 per
834 2046 1083 2128 experientiam,
1109 2047 1196 2125 qnod
1249 2050 1414 2108 deitatem
1435 2068 1486 2107 eos
1506 2050 1621 2108 lrabew
1642 2057 1778 2107 mentem
1799 2056 1835 2105 nt
1859 2047 1991 2103 timeant

452 2150 597 2226 loquente
617 2152 680 2209 Deo
702 2168 776 2207 curn
799 2148 938 2217 nornine,
956 2146 1075 2205 viaerit
1091 2148 1196 2212 horno,
1249 2166 1299 2207 nte
1314 2149 1329 2205 l
1343 2146 1406 2209 Hoc
1422 2146 1575 2209 Dominus
1589 2146 1644 2219 ait,
1657 2163 1722 2210 non
1737 2144 1830 2225 quasi
1846 2140 1992 2223 impossi-

450 2263 550 2325 quum
566 2253 671 2308 tamen
686 2245 824 2307 humana
836 2242 1002 2324 fragilitas,
1019 2242 1194 2324 presertim
1249 2244 1314 2306 bile
1330 2244 1391 2305 sibi
1407 2244 1449 2306 sit
1467 2245 1543 2307 dare
1565 2232 1751 2307 hominibus
1773 2250 1914 2304 mentem
1939 2240 1992 2301 hu-

451 2340 616 2405 hominum
634 2342 907 2425 imperfectorum,
920 2360 984 2404 non
1001 2341 1100 2423 possit
1118 2339 1196 2402 faoi·
1249 2342 1400 2422 jusmodi,
1417 2344 1472 2405 sed
1488 2344 1527 2406 ad
1550 2342 1776 2405 insinuandum
1796 2340 1930 2402 humani
1949 2356 1993 2399 ar·

450 2440 522 2503 liter
539 2441 633 2503 talem
655 2441 848 2504 locutionem
872 2438 1021 2502 sufferre.
1041 2442 1106 2499 Car
1120 2458 1194 2515 arpo
1250 2440 1338 2501 bitrii
1353 2440 1543 2516 libertatem,
1555 2448 1587 2503 et
1602 2439 1687 2520 quod
1704 2437 1772 2520 ipse
1787 2446 1945 2518 quantum
1960 2435 1990 2496 in

452 2541 640 2609 morientur,
655 2550 684 2599 et
698 2540 863 2599 devorabit
882 2559 938 2599 nos
958 2540 1046 2615 ipnis
1061 2539 1115 2596 tte
1129 2558 1195 2597 ma·
1250 2558 1283 2601 se
1297 2540 1624 2621 est,cupiatnostram
1641 2538 1827 2613 salutemet
1841 2536 1992 2615 adjuvare

449 2638 590 2697 airuns?
610 2638 702 2719 quasi
725 2636 857 2699 dicant:
877 2636 944 2698 lam
968 2636 1044 2697 satis
1067 2644 1195 2698 ostensa
1248 2646 1377 2720 paratus
1398 2638 1450 2699 sit.
1468 2638 1547 2700 Hinc
1570 2637 1602 2699 in
1624 2637 1702 2699 lsaia
1724 2636 1850 2699 locutus
1869 2644 1917 2696 est
1938 2634 1991 2695 llo

450 2741 497 2794 est
514 2734 605 2796 nobis
622 2733 862 2813 magnificentia
877 2734 931 2795 Dei
954 2733 1054 2795 nostri
1076 2752 1133 2814 per
1148 2731 1195 2793 ef·
1249 2737 1355 2798 minus
1373 2754 1380 2797 :
1396 2736 1522 2799 Utinam
1539 2737 1728 2799 attendisses
1745 2735 1894 2797 mandata
1909 2751 1989 2795 mea.
2026 2749 2118 2790 rann

450 2829 551 2894 fectus
566 2841 743 2914 protectos,
761 2852 819 2894 nec
834 2851 916 2913 opus
932 2839 980 2893 est
999 2839 1032 2893 ut
1049 2831 1193 2912 amplius
1250 2838 1409 2895 Cantodite
1423 2856 1496 2912 erpo
1517 2846 1547 2895 et
1570 2838 1669 2912 facite
1689 2856 1727 2897 ea
1748 2855 1820 2912 qua
1839 2834 1992 2911 praesepti
2007 2815 2037 2853 ¹⁸·

449 2928 525 2991 talia
539 2932 706 2994 audiamus
721 2939 752 2992 et
767 2930 976 3011 inspiciamus
996 2947 1002 2990 ζ
1025 2930 1103 3012 quid
1119 2946 1194 3008 ergo
1248 2936 1407 2995 Dominus
1421 2938 1507 2995 Deus
1522 2935 1619 2994 vobis.
1638 2936 1712 2995 Non
1726 2934 1934 2993 declinabitis
1944 2953 1992 2990 ne·

449 3037 650 3106 neeesseest,
670 3037 757 3092 ulex
780 3028 890 3090 talium
907 3028 1089 3091 sensatione
1105 3027 1230 3109 peni-C
1248 3053 1309 3109 arte
1330 3036 1374 3093 ad
1393 3036 1555 3104 eleanam,
1571 3052 1673 3111 neque
1698 3036 1742 3092 ad
1760 3031 1944 3099 sinistrant,
1961 3030 1992 3091 id

448 3136 499 3190 tus
521 3131 781 3211 prosternamur?
805 3129 844 3189 Si
864 3131 952 3187 enim
976 3132 1065 3188 nitra
1086 3130 1195 3188 auae»
1248 3137 1296 3191 est
1317 3131 1355 3192 ad
1379 3130 1503 3193 nullum
1529 3130 1680 3193 vitiosum
1703 3138 1894 3204 extremum,
1910 3129 1995 3191 inter

447 3230 553 3288 rimas
576 3248 681 3289 vocem
707 3229 840 3288 Domini
865 3227 926 3286 Dei
950 3228 1065 3295 nostri,
1092 3226 1195 3289 idest
1248 3248 1319 3310 quae
1340 3228 1458 3291 mediat
1480 3228 1582 3293 virtus
1601 3246 1608 3291 :
1628 3248 1688 3293 nec
1709 3228 1793 3295 ultra
1812 3227 1899 3290 vires
1913 3227 1991 3308 quid

448 3344 557 3391 socom
573 3326 662 3388 illam
679 3324 819 3387 tubalem
840 3332 872 3387 et
892 3324 1110 3403 magnificam,
1129 3346 1194 3384 rno-
1249 3328 1423 3403 attentetis,
1438 3346 1497 3391 nec
1512 3328 1593 3390 eitra
1607 3328 1692 3390 vires
1706 3325 1932 3408 pusillanimes
1951 3324 1993 3385 si·

447 3425 583 3497 riamar,
601 3424 633 3485 id
658 3432 716 3499 est,
737 3422 820 3485 ferre
846 3440 910 3485 non
934 3424 1120 3503 poterimus,
1139 3424 1193 3485 sed
1251 3426 1302 3501 tis,
1319 3424 1527 3502 remissioni
1549 3426 1670 3507 tepidi;
1694 3444 1752 3488 nec
1772 3433 1903 3507 propter
1924 3442 1995 3505 pro

448 3540 486 3585 ex
512 3523 611 3585 nimia
641 3521 823 3597 formidine,
850 3520 1039 3585 alterat-ioue
1064 3530 1096 3585 et
1126 3542 1197 3585 sen·
1251 3542 1342 3606 spera
1366 3523 1473 3585 saeculi
1497 3524 1760 3600 obtinendanec
1787 3531 1917 3604 propter
1945 3522 1994 3583 ad·

448 3640 541 3683 suum
557 3620 696 3699 lesione,
714 3638 843 3702 prorsus
865 3618 1054 3684 deficiemus
1076 3622 1110 3683 in
1127 3641 1196 3683 cor·
1251 3638 1343 3685 versa
1364 3620 1557 3701 effugienda,
1575 3622 1730 3685 recedatis
1751 3641 1770 3682 a
1790 3621 1842 3683 via
1863 3619 1994 3700 justitia

448 3737 535 3801 pore.
546 3722 633 3789 Quid
648 3720 734 3782 enim
748 3730 793 3780 est
808 3721 913 3779 omnis
928 3740 1013 3793 caro,
1023 3731 1059 3781 at
1075 3723 1194 3781 audiat
1252 3740 1288 3783 ac
1304 3719 1426 3788 salutis.

1001 4151 1326 4239 ARTICULUS
1365 4155 1447 4238 VII

558 4422 747 4472 extenuatio
770 4424 942 4474 cisrenanis
963 4427 1101 4473 curuum
1122 4427 1210 4474 sumt
1230 4429 1238 4474 f
1263 4428 1330 4474 utic
1351 4428 1429 4475 SUNT
1450 4427 1614 4474 eamcam
1635 4426 1671 4473 m*
1692 4427 1884 4475 GAERIHOMAE.

451 4768 454 4773 .
487 4709 512 4773 N
526 4708 655 4773 exordio
671 4708 766 4790 hujus
776 4706 907 4790 capituli
924 4706 1064 4786 tangitur
1077 4707 1191 4790 triplex
1210 4706 1389 4788 ltprimum
1412 4706 1515 4788 magis
1539 4708 1668 4790 proprie
1682 4714 1803 4789 spectet
1817 4709 1858 4770 ad
1880 4706 1987 4782 fidem,

485 4825 587 4887 genus
598 4816 827 4890 preceptorum
839 4804 955 4868 veteris
966 4805 1123 4886 legisfloc
1135 4806 1194 4887 pri·
1248 4824 1320 4886 qum
1337 4816 1384 4869 est
1399 4806 1541 4870 omnium
1563 4806 1806 4869 fundamentum
1822 4806 1987 4869 virtutum.

448 4927 535 4971 mum
546 4916 595 4970 est
609 4914 801 4988 preceptum
816 4904 1035 4986 morale‚quod
1052 4904 1194 4967 ostdire-
1248 4903 1319 4966 Alia
1342 4913 1463 4987 septem
1487 4904 1527 4967 ad
1556 4905 1713 4986 justitiam
1738 4904 1910 4986 pertinent.
1937 4906 1989 4967 Se-

447 5014 498 5068 ota
512 5007 552 5068 de
567 5013 640 5068 aotu
653 5004 784 5086 justitie
807 5022 863 5065 seu
879 5002 1006 5065 virtutis
1022 5003 1195 5066 observan-
1249 5003 1388 5065 cundum
1412 5021 1512 5083 genus
1539 5012 1601 5079 est,
1629 5011 1823 5086 preceptum
1848 5004 1987 5065 eaerime

448 5104 500 5180 do,
509 5104 559 5167 vel
573 5104 612 5167 de
628 5102 757 5166 vitando
772 5102 842 5183 ejus
858 5101 1028 5164 contrario.
1039 5100 1116 5162 Nam
1134 5102 1194 5163 tria
1250 5100 1344 5178 niele,
1361 5102 1446 5182 quod
1461 5102 1577 5163 multas
1593 5101 1714 5183 speeies
1730 5100 1835 5163 habet.
1846 5101 1988 5183 Suntque
2089 5098 2094 5107 '

448 5202 551 5285 prima
562 5208 717 5285 praccepta
728 5200 938 5282 pertinantad
950 5200 1195 5275 latriam,seeuu-
1249 5207 1406 5281 precepta
1426 5198 1663 5277 cerimonialia,
1679 5200 1824 5281 quadam
1841 5199 1989 5263 determi-

450 5300 525 5363 dum
544 5298 794 5382 assignationem
814 5317 1028 5375 communem,
1046 5298 1193 5378 quamvis
1249 5306 1330 5360 natae
1340 5297 1568 5379 explicationes
1576 5298 1673 5359 trium
1688 5298 1832 5380 priorum
1842 5298 1985 5378 Decafogi
