4309 6259
429 472 512 567 'aaa

791 517 965 564 susanam
985 518 1017 563 tu
1037 517 1106 563 GAP.
1129 517 1183 563 XIX
1198 517 1341 562 ‘tevmct
1363 516 1495 562 -nltr
1518 515 1636 561 XXXVIII

441 697 598 775 praecepta
615 690 680 769 illa,
698 691 872 754 secundum
888 690 971 771 quod
992 689 1096 771 primo
1112 687 1226 750 suntA
1244 693 1334 769 puos',
1352 687 1578 763 Alexandrum,
1596 687 1760 762 l'bomam,
1778 685 1941 748 Albertum
1955 694 1986 748 et

441 791 566 866 tradita,
580 799 654 851 sunt
675 797 833 872 praecepta
853 787 985 869 justitias
1010 787 1185 850 secundum

439 889 585 952 doctores
601 888 825 950 communiter.
844 885 980 949 Intentio
995 890 1123 967 quoque
1143 885 1187 948 lc-

438 986 599 1066 gislatoris
621 995 680 1062 est,
703 986 856 1068 populum
881 1005 972 1046 suum
997 983 1101 1047 Iacere
1122 983 1185 1045 vir-

440 1094 578 1148 tuosum.
590 1085 735 1166 Denique
747 1093 904 1166 praecepta
915 1082 1059 1163 Deealogi
1076 1101 1187 1145 sccun-

439 1184 514 1246 dum
531 1183 617 1265 quod
634 1182 737 1265 primo
748 1191 823 1245 sunt
838 1182 1052 1258 data,duabus
1069 1180 1185 1244 tabulis

439 1290 514 1344 sunt
529 1281 695 1363 inscripta,
712 1290 743 1344 et
759 1281 791 1342 in
810 1280 912 1344 Iorma
927 1280 982 1342 illa
998 1289 1186 1362 permanent

439 1399 541 1461 usque
558 1381 591 1442 in
608 1398 759 1462 praescus
772 1388 804 1441 et
819 1378 1022 1442 sufficienter
1037 1387 1112 1440 sunt
1129 1387 1186 1440 tra-

439 1479 516 1556 dita,
535 1480 709 1542 seeundum
726 1480 811 1560 quod
831 1498 888 1560 per
901 1497 1011 1541 eorum
1029 1478 1187 1560 impletio·

440 1597 512 1640 nem
529 1578 591 1641 [leo
608 1568 1032 1659 placeretur3etsec1indum
1049 1576 1184 1640 formam

439 1675 529 1737 illam
545 1677 663 1738 cadunt
679 1674 738 1736 sub
754 1675 822 1753 lege
840 1674 960 1751 divina,
978 1684 1009 1738 et
1025 1673 1186 1757 pertinent

439 1775 479 1836 ad
503 1775 647 1837 eamdem
671 1783 821 1855 tanquam
845 1773 949 1856 prima
973 1783 1005 1836 et
1026 1773 1187 1855 principa-

1243 794 1376 863 ceteros,
1395 786 1438 849 ita
1454 795 1502 848 est
1517 802 1650 848 sensus:
1669 786 1732 864 Ego
1748 786 1833 848 enim
1852 804 1921 846 sum
1933 785 1986 847 llo

1244 885 1350 947 minus
1367 886 1447 948 licus
1463 893 1546 960 tuus,
1556 883 1793 961 tortis,zelotes,
1804 883 1835 945 id
1846 893 1905 960 est,
1916 883 1985 946 ideo

1244 984 1302 1046 tibi
1327 985 1505 1048 alienorum
1527 984 1658 1047 deorum
1681 983 1801 1045 cultum
1827 993 1858 1045 et
1879 983 1986 1045 adora-

1244 1084 1361 1147 tionem
1384 1083 1549 1165 probibe0,
1568 1083 1717 1164 quoniam
1740 1100 1797 1162 ego
1814 1082 1900 1145 solus
1916 1102 1984 1144 sum

1242 1202 1335 1245 verus
1362 1184 1442 1245 [leus
1467 1191 1498 1244 et
1522 1181 1675 1244 Domiuus
1701 1191 1784 1256 tuus,
1810 1181 1866 1263 qui
1887 1180 1985 1242 instar

1243 1281 1351 1363 sponsi
1378 1290 1408 1344 et
1438 1281 1542 1343 mariti
1574 1299 1629 1343 seu
1659 1279 1982 1361 amatoris'zelotypi,

1242 1381 1315 1444 volo
1340 1401 1358 1443 a
1384 1379 1535 1444 fidelibus
1559 1378 1727 1442 animabus
1756 1380 1842 1441 solus
1872 1380 1982 1455 amari,

1242 1479 1378 1556 adorari,
1397 1479 1557 1560 amplecti,
1576 1487 1608 1540 et
1623 1477 1684 1540 coli
1701 1485 1736 1539 ut
1750 1478 1832 1540 Deus
1846 1486 1878 1540 ct
1894 1497 1986 1559 spon-

1242 1577 1351 1654 sus,ita
1362 1587 1396 1640 ut
1407 1578 1439 1639 in
1452 1575 1688 1656 derogationem
1699 1584 1731 1642 et
1741 1575 1984 1639 minorationem

1243 1677 1305 1740 mei
1322 1677 1450 1752 amoris,
1464 1676 1508 1738 nil
1527 1694 1651 1738 mecum
1667 1684 1985 1756 ametur:propterca

1243 1774 1328 1855 plebi
1353 1784 1383 1837 et
1406 1793 1531 1857 sponsas
1553 1793 1631 1836 meae
1652 1773 1805 1854 prohibeo
1821 1793 1893 1835 cum
1914 1773 1985 1836 aliis

440 1872 521 1936 liora
543 1873 614 1952 ejus
637 1879 805 1953 precepta,
831 1891 888 1954 per
911 1892 1047 1952 quorum
1073 1872 1186 1953 imple·
1205 1872 1305 1935 Bdiis
1323 1872 1724 1953 fornicarisicutsponsus
1735 1891 1884 1953 sponsam
1896 1892 1984 1934 suam

439 1971 561 2034 tionem
584 1971 664 2033 lleus
687 1970 788 2033 voluit
812 1978 843 2032 et
869 1969 1007 2031 intendit
1035 1971 1186 2032 interiora

440 2069 552 2151 populi
575 2068 624 2130 sui
648 2087 783 2150 purgare
806 2077 837 2131 et
860 2067 1045 2145 reformare,
1068 2077 1099 2131 et
1122 2087 1187 2130 suas

440 2167 598 2249 majestati
626 2167 739 2230 serviri
760 2167 800 2229 ab
824 2167 896 2230 eis:
918 2168 1004 2248 quod
1027 2186 1097 2230 esse
1123 2185 1186 2228 non

441 2265 556 2348 potuit,
566 2265 627 2327 nisi
644 2267 819 2328 secundum
834 2259 921 2347 quod
935 2265 1187 2329 observabantur

440 2384 478 2427 cx
505 2363 651 2426 interiori
677 2364 782 2426 cordis
807 2364 990 2440 allectione,
1017 2373 1048 2427 et
1071 2365 1186 2427 mentis

440 2463 671 2525 deliberatione
685 2472 780 2543 atque
795 2462 969 2545 proposito.

481 2561 638 2643 Amplius,
657 2560 689 2622 in
716 2562 819 2643 prima
842 2570 1070 2644 praceptorum
1093 2562 1188 2624 tradi-

441 2660 529 2723 tione
544 2660 626 2723 Deus
643 2659 829 2723 intendebat
840 2661 901 2723 sibi
918 2661 1114 2743 synagogam
1131 2680 1188 2743 per

440 2758 604 2821 caritatem
628 2758 730 2835 unire,
746 2758 812 2822 imo
830 2766 861 2822 ct
881 2759 1084 2841 desponsare,
1102 2778 1188 2822 aece-

442 2861 594 2938 ptamquc
615 2855 719 2919 lacere
739 2875 796 2938 per
815 2857 1050 2920 observantiam
1071 2877 1190 2939 praece-¹

441 2962 569 3036 ptorum
585 2956 761 3017 secundum
784 2974 912 3018 sensum
928 2965 959 3018 et
979 2955 1115 3019 formam
1131 2975 1187 3019 seu

1245 1991 1306 2036 non
1333 1973 1452 2054 patitur
1477 1972 1567 2034 alteri
1593 1971 1804 2034 commisceri.
1822 1971 1901 2034 Ecce
1927 1971 1987 2034 cla·

1243 2069 1369 2133 rissime
1380 2071 1412 2131 in
1430 2071 1532 2152 prima
1542 2069 1638 2151 hujus
1655 2069 1825 2132 traditione
1835 2068 1986 2150 praecepti

1243 2169 1407 2232 evidenter
1426 2168 1615 2251 exprimitur
1635 2168 1748 2231 modus
1769 2168 1915 2230 servandi
1941 2167 1987 2250 ip

1244 2287 1325 2345 sum,
1344 2276 1379 2330 ut
1400 2267 1522 2330 scilicet
1537 2286 1574 2329 ex
1595 2265 1738 2329 interiori
1759 2266 1863 2329 cordis
1884 2265 1987 2328 inten-

1244 2365 1330 2427 tione
1355 2372 1386 2426 ct
1415 2362 1547 2440 affectu,
1573 2364 1654 2425 Deus
1680 2383 1772 2425 verus
1802 2363 1925 2426 colatur
1956 2372 1987 2425 et

1242 2465 1402 2527 adoretur.
1419 2462 1539 2525 Idcirco
1554 2464 1682 2544 quoque
1697 2461 1730 2523 in
1748 2461 1808 2525 isto
1828 2471 1988 2544 praecepto

1243 2569 1367 2624 vetatur
1382 2560 1549 2624 conversio
1565 2560 1681 2622 mentis
1696 2561 1735 2622 ad
1751 2559 1845 2624 idola.

1283 2660 1436 2741 Denique,
1449 2678 1548 2740 quum
1566 2659 1597 2720 in
1614 2667 1687 2721 actu
1703 2659 1849 2722 exteriori
1867 2677 1931 2720 non
1949 2659 1989 2720 sit

1242 2759 1337 2841 culpa
1351 2767 1404 2821 aut
1422 2757 1645 2834 meritum,seu
1662 2756 1783 2838 aliquid
1795 2757 1922 2821 virtutis
1934 2765 1989 2818 aut

1243 2857 1325 2934 vitii,
1339 2857 1401 2918 nisi
1417 2876 1455 2918 ex
1471 2855 1615 2918 interiori
1633 2856 1748 2918 mentis
1763 2855 1986 2937 dispositione,

1242 2957 1417 3020 secundum
1433 2956 1590 3030 doctores,
1607 2962 1732 3017 constat
1750 2955 1834 3035 quod
1850 2955 1934 3016 Deus
1954 2955 1988 3015 in

365 3136 368 3140 ⁴
441 3053 571 3116 modum
587 3071 651 3134 quo
663 3053 803 3131 tradidit,
815 3062 909 3136 prout
925 3054 1029 3117 Sancti
1046 3073 1187 3117 eommu—
1203 3055 1225 3118 C
1243 3055 1346 3136 prima
1362 3053 1507 3134 Decalogi
1530 3053 1659 3116 datione
1679 3071 1717 3116 eo
1734 3053 1828 3116 modo
1841 3052 1934 3134 jubet
1955 3071 1988 3116 se

443 3150 525 3213 niter
541 3150 663 3227 dicunt,
672 3151 847 3233 praesertim
864 3153 1186 3235 llicronymuS,atquo

321 3277 406 3320 Eme,
442 3249 656 3312 in‘Ezecbielc
672 3249 748 3311 satis
764 3250 965 3313 describitur.
978 3252 1063 3313 lstud
1079 3261 1184 3314 autem

294 3343 426 3394 ¹tt⁸t‘⁸‘l·
443 3366 645 3428 nequaquam
662 3366 771 3410 verum
787 3358 880 3424 esset,
890 3349 950 3411 nisi
963 3350 995 3412 in
1012 3351 1115 3432 prima
1131 3349 1186 3413 illa

442 3444 614 3508 traditione
629 3463 796 3526 expressus
811 3455 894 3509 esset
909 3448 1021 3510 modus
1038 3449 1185 3512 servandi

444 3543 644 3623 Deealogum.
669 3543 708 3605 At
730 3563 805 3606 vero
826 3544 887 3607 boc
909 3545 1013 3627 ipsum
1035 3566 1073 3609 ex
1099 3554 1184 3609 textu

445 3649 650 3717 monstratur,
676 3642 827 3723 quoniam
858 3642 891 3704 in
920 3643 1027 3707 Exodo
1056 3645 1183 3726 legitur,

444 3726 582 3821 qualitor
606 3740 757 3803 Dominus
782 3743 890 3805 decern
917 3753 1073 3826 praecepta
1099 3744 1186 3806 datu-

445 3857 509 3914 rus,
528 3825 572 3900 ita
594 3857 724 3902 exorsus
747 3849 795 3902 est
816 3841 903 3922 loqui
926 3843 965 3904 ad
983 3842 1184 3923 synagogam

295 3957 426 4062 ,Eff'¹¹'
444 3955 500 3997 seu
516 3925 718 3998 Israelitieam
740 3938 866 4019 plebem
885 3959 891 4002 :
909 3939 974 4020 Ego
990 3959 1060 4000 sum
1081 3940 1185 4003 Domi-

444 4053 504 4095 nus
518 4035 600 4097 treus
617 4044 698 4110 tuus,
716 4035 772 4115 qui
788 4036 881 4098 eduxi
898 4038 983 4099 tede
999 4045 1081 4100 terra
1096 4039 1184 4121 AEgy-

444 4131 502 4212 pti.
523 4132 590 4194 Non
611 4132 743 4195 babebis
763 4135 838 4197 deos
857 4134 979 4197 alienos
998 4155 1103 4198 coram
1120 4156 1181 4199 me.

1242 3153 1365 3215 adorari
1387 3161 1419 3214 et
1433 3152 1507 3229 coli,
1525 3170 1588 3232 quo
1604 3151 1746 3215 adoratio
1766 3150 1813 3212 sui
1830 3160 1861 3214 et
1881 3151 1987 3212 cultus

1242 3252 1417 3333 procedunt
1432 3270 1470 3314 ex
1487 3249 1630 3313 interiori
1647 3249 1762 3312 mentis
1778 3251 1988 3313 conversione

1241 3351 1280 3413 ad
1307 3350 1411 3432 ipsum
1438 3359 1468 3412 ct
1493 3369 1530 3412 ex
1556 3348 1685 3411 virtute.
1703 3349 1746 3412 llo
1770 3348 1865 3411 etiam
1891 3351 1988 3412 modo

1241 3449 1390 3533 prohibet
1412 3449 1534 3512 alienos
1555 3448 1631 3511 deos
1652 3448 1714 3511 coli
1736 3457 1766 3512 ct
1789 3448 1924 3524 adorari,
1944 3468 1990 3511 sc·

1241 3549 1381 3612 eundum
1406 3547 1490 3628 quod
1516 3546 1575 3610 hoc
1603 3545 1697 3609 lieret
1721 3565 1759 3609 ex
1784 3546 1889 3610 cordis
1914 3566 1989 3610 con·

1240 3647 1387 3711 versione
1410 3645 1449 3707 ad
1473 3645 1696 3726 illoslnsuper
1719 3645 1802 3707 istud
1822 3645 1989 3708 evidenter

1241 3743 1393 3826 probatur
1407 3763 1444 3806 ex
1465 3743 1568 3825 prima
1591 3743 1761 3806 traditione
1782 3743 1932 3825 praecepti
1949 3744 1988 3805 dc

1240 3842 1454 3905 celebratione
1469 3840 1603 3917 sabbati,
1622 3861 1721 3923 quum
1743 3840 1775 3902 in
1796 3841 1901 3922 prima
1916 3842 1987 3923 ejus

1241 3940 1411 4003 traditione
1427 3939 1578 4003 boninus
1592 3940 1637 4002 ait
1654 3960 1661 4003 :
1679 3939 1833 4003 Memento
1850 3949 1884 4000 ut
1899 3940 1986 4002 dicm

1240 4037 1363 4100 sabbati
1394 4037 1588 4101 sanctitices.
1616 4037 1787 4100 Remiuisci
1820 4037 1907 4100 enim
1938 4046 1988 4099 est

1239 4145 1329 4199 actus
1344 4137 1487 4212 interior,
1505 4145 1536 4199 et
1551 4156 1645 4199 verus
1661 4136 1757 4219 hujus
1772 4136 1921 4218 praecepti
1939 4135 1989 4197 in-

442 4229 536 4303 Quasi
556 4230 664 4294 dicat:
688 4233 733 4295 lle
752 4233 854 4294 solnm
875 4232 1018 4310 habebis,
1039 4235 1135 4311 coles,
1153 4233 1184 4298 el
1202 4231 1224 4293 l)
1241 4236 1384 4298 tellectus
1409 4256 1428 4298 a
1447 4237 1510 4298 Deo
1535 4235 1676 4298 intentus
1701 4243 1760 4312 cst,
1784 4242 1819 4297 ut
1840 4234 1909 4298 dies
1930 4233 1987 4298 illc

442 4328 591 4390 adorabis
616 4348 674 4412 pro
699 4349 774 4392 vero
797 4331 879 4401 lleo;
907 4339 1027 4394 ceteros
1057 4333 1111 4413 qui
1138 4333 1182 4395 dii

441 4434 605 4503 vocantur,
628 4427 784 4490 relu'tabis
803 4428 933 4491 adorare
955 4437 987 4490 et
1010 4431 1115 4494 colere
1140 4433 1183 4494 la-

442 4523 509 4586 triae
524 4524 623 4587 cultu.
640 4525 719 4587 llinc
735 4526 939 4608 subjungitur
955 4527 999 4589 ibi
1019 4527 1052 4590 in
1069 4537 1155 4591 textu
1174 4547 1181 4590 :

309 4637 424 4681 urata.
441 4621 509 4684 Non
535 4621 633 4684 Iacies
658 4623 715 4685 tibi
741 4624 900 4706 sculptile,
929 4644 1031 4706 neque
1054 4646 1181 4690 omnem

440 4719 696 4798 similitudinem,
716 4731 779 4785 etc.
801 4723 867 4785 Non
893 4724 1040 4787 adorabis
1062 4744 1099 4787 ea
1124 4746 1182 4790 nee

440 4818 536 4880 colea.
558 4817 655 4900 Cujus
681 4820 829 4903 praicepti
849 4821 1010 4884 'rationem
1035 4823 1182 4904 protinus

440 4916 549 4978 subdit
568 4916 687 4979 ibidem
706 4937 712 4979 :
733 4918 797 4998 Ego
822 4919 907 4981 enim
934 4940 1003 4981 sum
1028 4921 1181 4985 Dominus

441 5015 523 5077 llcus
542 5017 625 5091 tu'us,
644 5015 746 5091 sortis,
763 5017 891 5093 zeloteS,
908 5017 1043 5081 visitans
1065 5019 1182 5101 iniqui-

441 5120 537 5174 tatem
560 5116 693 5194 patrum¹
708 5114 741 5175 in
762 5113 859 5189 lilios,
878 5124 937 5178 cte.
955 5116 1049 5180 Porro
1065 5117 1181 5180 zelotes

440 5210 570 5292 proprie
592 5221 804 5293 nuncupatur,
820 5222 943 5275 amator
962 5214 1072 5276 volens
1095 5215 1181 5278 solus

437 5308 538 5370 amari
556 5327 563 5370 ε
582 5309 700 5373 ideirco
716 5311 891 5373 secundum
907 5313 1052 5375 doctores
1072 5314 1182 5394 praeci-

1240 4334 1382 4397 solennis
1406 4335 1439 4395 in
1464 4333 1613 4398 virtuosis
1635 4343 1667 4395 et
1689 4333 1806 4396 sanctis
1831 4333 1985 4414 operibus

1239 4433 1446 4515 expendatur.
1471 4431 1624 4495 Similiter
1649 4433 1730 4495 Deus
1756 4429 1907 4514 praecepit
1929 4432 1987 4494 ho

1239 4531 1344 4593 norari
1361 4532 1698 4613 parentes,seeundum
1715 4531 1799 4611 quod
1815 4529 1986 4592 honoratio

1238 4629 1293 4692 illa
1309 4639 1356 4693 est
1371 4639 1460 4692 actus
1472 4629 1675 4704 virtutis‚ncc
1690 4629 1782 4691 aliter
1794 4629 1898 4710 placet
1911 4629 1985 4691 Deo.

1237 4729 1367 4792 Posscnt
1390 4738 1496 4791 autern
1519 4736 1549 4791 et
1571 4728 1641 4791 alia
1656 4727 1745 4809 quasi
1768 4727 1988 4790 innumerabi-

1238 4827 1290 4904 lia,
1300 4827 1406 4889 verbis
1417 4827 1516 4889 llabbi
1533 4826 1620 4888 Pauli
1635 4825 1743 4907 obilci,
1757 4845 1828 4907 quae
1843 4825 1984 4888 dimitto.

1276 4926 1431 5007 Denique,
1448 4925 1533 5007 quod
1555 4923 1782 4987 nonobstante
1802 4924 1914 5006 populi
1937 4942 1987 4985 ru

1237 5023 1346 5100 ditate,
1373 5026 1454 5088 Deus
1484 5023 1518 5085 in
1549 5023 1653 5105 prima
1678 5022 1823 5102 Decalogi
1854 5022 1985 5084 datione

1237 5121 1412 5184 intenderit
1427 5123 1582 5205 populum
1599 5121 1690 5182 illum
1709 5119 1941 5197 inducere,imo
1953 5129 1985 5182 ct

1236 5219 1379 5300 obligare
1393 5221 1433 5282 ad
1447 5219 1683 5284 observantiam
1701 5227 1932 5300 praeceptorum
1951 5219 1985 5280 il-

1238 5315 1340 5380 lorum
1363 5316 1547 5394 cordialem,
1569 5336 1607 5379 ex
1628 5314 1772 5378 interiori
1796 5314 1986 5396 promptitu
