4309 6259
617 501 795 547 critobulo
817 502 847 547 ΙΝ
868 503 1118 549 construentium.
1144 524 1182 533 -
1203 505 1275 549 Aul.
1298 505 1309 549 l
1676 488 1735 551 695

181 668 269 749 legis
293 678 353 747 cst,
377 671 524 735 homines
549 672 685 734 amalis
710 674 880 750 retrahere,
905 681 936 735 et
951 672 976 733 Α
991 681 1039 735 est
1064 672 1210 736 homines
1236 675 1337 738 bonos
1362 674 1506 752 efficere,
1528 676 1598 738 ideo
1624 694 1735 738 seeun-

184 768 352 833 virtuosos
367 768 511 832 efficere.
528 770 662 845 Quidam
679 790 754 835 vero
769 771 935 854 hominum
991 771 1065 833 dum
1083 772 1323 835 distinctionem
1344 773 1565 855 operationum
1581 773 1735 836 bumana-

184 876 265 931 sunt
281 868 471 931 naturaliter
486 868 578 932 bonta
593 869 723 946 indolis,
736 871 937 952 quemadme
993 889 1063 932 rum
1079 870 1282 949 assignantur
1297 872 1376 934 varii
1394 872 1472 951 legis
1488 871 1636 935 effectus.
1647 871 1735 946 Qua-

184 966 267 1029 dum
279 968 319 1031 de
328 967 495 1031 Jeroboam
512 985 585 1047 rege
596 968 699 1043 lsrael,
713 970 805 1032 tertio
816 970 935 1050 Regum
991 969 1064 1031 dam
1086 968 1171 1031 enim
1195 971 1394 1052 operationes
1416 980 1490 1033 sunt
1505 990 1561 1053 per
1585 990 1619 1035 se
1644 972 1735 1035 bonae

40 1078 67 1087 ··
83 1110 91 1149 ,
107 1122 166 1161 ‚mv
184 1066 336 1143 habetur,
354 1068 387 1129 in
403 1085 467 1148 quo
487 1075 593 1130 tamen
616 1070 818 1149 postmodum
834 1069 937 1132 bonor
990 1076 1087 1148 atque
1109 1068 1293 1145 laudabiles,
1311 1078 1342 1131 ot
1364 1078 1510 1152 respectu
1526 1070 1638 1131 barum
1655 1070 1733 1149 legis

68 1186 79 1213 ε
137 1204 144 1214 -
185 1185 296 1229 moras
311 1166 465 1248 eorrupit.
482 1166 535 1229 lsti
551 1175 657 1230 autem
680 1168 750 1230 sine
765 1168 938 1231 commina-
991 1164 1128 1229 effectus
1144 1176 1192 1229 est
1207 1167 1379 1249 praeeipere
1395 1168 1463 1232 sive
1478 1166 1734 1248 consulerejux-

185 1264 278 1328 tione
293 1284 508 1348 poenorumac
520 1275 617 1343 metu,
632 1266 769 1330 faciliter
785 1266 937 1329 inducun-
991 1274 1022 1327 ta
1047 1265 1126 1327 illud
1148 1266 1408 1330 Deuteronomii:
1435 1266 1563 1330 Custodi
1585 1265 1733 1348 temetip·
1748 1292 1878 1336 n...1„.·,a,

186 1372 241 1425 tur
255 1364 297 1426 ad
313 1364 448 1440 bona,at
464 1364 698 1427 retrahuntura
712 1363 816 1427 malis.
829 1364 936 1445 Aliqui
991 1382 1062 1425 sum
1078 1372 1108 1426 et
1119 1365 1259 1427 animam
1277 1372 1361 1427 tuam
1378 1364 1525 1429 sollicite.
1538 1364 1576 1427 Et
1592 1364 1625 1426 in
1640 1365 1734 1429 losue

185 1480 265 1524 vero
275 1462 485 1525 inveniuntur
496 1463 756 1545 protervi,atque
765 1464 805 1525 ad
816 1462 935 1525 malum
992 1461 1074 1525 libro
1098 1480 1104 1523 :
1129 1463 1208 1525 Ecce
1234 1463 1385 1545 principio
1409 1462 1478 1541 tibi,
1500 1462 1682 1528 confortare
1703 1471 1734 1525 et
1760 1486 1877 1535 roseto.

185 1560 349 1643 proclives
372 1580 409 1623 ac
435 1559 563 1638 fervidi,
587 1580 667 1643 quos
693 1580 822 1624 necesse
846 1568 894 1623 est
918 1580 936 1623 a
990 1567 1058 1622 esto
1081 1560 1240 1623 robustus.
1259 1560 1336 1624 Aliae
1358 1560 1557 1643 operationes
1582 1567 1657 1623 sunt
1677 1579 1734 1642 per

186 1658 283 1722 malis
298 1658 411 1736 arceri,
429 1668 460 1723 et
475 1661 514 1722 ad
534 1659 654 1723 bonum
671 1660 791 1735 induci,
808 1660 937 1723 commi·
991 1678 1024 1721 se
1040 1659 1142 1735 malta,
1161 1668 1192 1722 et
1208 1666 1352 1741 respectu
1375 1660 1485 1722 barum
1503 1658 1639 1723 effeetus
1655 1658 1734 1738 legis

186 1757 936 1839 natione,metuaevil'alisautemdisciplina
991 1766 1039 1820 est
1069 1758 1249 1839 probibere,
1281 1759 1548 1839 quemadmodum
1579 1756 1732 1840 seriptum

186 1856 308 1918 dicitur
328 1855 377 1918 lex
398 1855 546 1918 bumana.
563 1856 693 1938 Propter
712 1856 797 1937 quod
820 1856 937 1919 consti·
954 1860 1038 1921 Best
1058 1873 1064 1917 :
1088 1856 1169 1919 Cave
1195 1875 1235 1918 na
1258 1875 1399 1939 unquam
1425 1856 1625 1920 obliviscaris
1650 1854 1732 1937 pacti
1748 1880 1879 1931 celenas.

189 1954 272 2017 tutio
289 1954 394 2035 legum
411 1954 589 2017 necessaria
609 1954 729 2017 exstitit
747 1971 754 2016 :
771 1955 934 2036 quoniam,
992 1954 1117 2018 Domini
1128 1954 1182 2017 Dei
1199 1954 1255 2017 tui.
1269 1954 1347 2017 dliae
1362 1974 1437 2019 vero
1448 1955 1648 2037 operationes
1660 1962 1734 2016 sunt

187 2052 937 2135 tostePhilosopbo,primoPoliticorum,Ouem·
991 2051 1235 2117 indifferentes:
1252 2061 1283 2115 et
1298 2054 1401 2134 quoad
1418 2054 1486 2131 bas,
1503 2052 1582 2135 legis
1597 2051 1734 2115 effectus

187 2152 362 2215 admodum
374 2152 469 2215 bomo
479 2151 597 2215 virtute
606 2152 938 2234 ornatusjustitiaque
991 2161 1039 2214 est
1054 2152 1249 2233 permittere.
1267 2151 1382 2214 Punire
1401 2160 1508 2215 autem
1523 2160 1571 2214 est
1592 2150 1671 2230 legis
1690 2149 1735 2213 ef·

188 2250 334 2327 vestitus,
351 2259 400 2313 est
415 2250 732 2316 honorabilissimum
747 2250 878 2328 animal,
891 2251 937 2314 sie
992 2250 1105 2327 feetuS,
1128 2260 1283 2333 quantum
1308 2251 1346 2313 ad
1372 2252 1470 2314 duros
1495 2258 1526 2313 et
1552 2249 1735 2332 pravarica-

189 2350 329 2430 siulege
339 2358 371 2413 et
381 2350 531 2431 aequitate
541 2358 715 2432 separetur,
732 2358 780 2413 est
792 2350 935 2413 omnium
991 2358 1086 2412 tores.

188 2447 378 2511 animalium
395 2448 580 2529 pessimum.
1030 2447 1184 2523 Quoniam
1202 2447 1308 2530 itaque
1323 2449 1374 2511 lex
1389 2447 1499 2511 divina
1513 2447 1684 2509 humanam
1702 2445 1735 2508 in

229 2547 468 2623 Verumtamen,
481 2546 632 2627 quoniam
646 2547 938 2609 lexhumanacom·
991 2566 1029 2611 eo
1050 2547 1257 2624 transcendit,
1274 2548 1358 2630 quod
1378 2566 1472 2611 omne
1493 2546 1613 2609 mulum
1634 2544 1738 2628 probi-

189 2645 341 2708 munitati
357 2644 557 2727 proponitur,
571 2644 643 2707 ideo
658 2644 852 2707 malamulta
867 2662 937 2726 per·
991 2646 1055 2722 bet,
1074 2664 1134 2709 nee
1156 2644 1286 2727 aliquod
1309 2653 1473 2727 peecatum
1498 2644 1673 2727 permittit;
1691 2644 1738 2706 id-

189 2743 303 2819 mittit,
323 2761 362 2805 ne
383 2741 542 2805 deteriora
563 2743 762 2823 contingant.
779 2743 842 2806 Lex
862 2760 938 2805 vero
991 2745 1077 2807 circo
1093 2763 1161 2807 eam
1178 2744 1339 2808 custodire
1354 2744 1386 2805 in
1410 2742 1559 2807 omnibus
1580 2741 1738 2805 difficilli-

191 2841 303 2905 divina
325 2860 426 2923 quum
441 2840 483 2901 sit
504 2842 716 2917 immaculata,
729 2849 761 2904 et
783 2841 869 2903 velut
890 2860 939 2903 ra·
992 2862 1079 2906 mum
1096 2852 1154 2920 est,
1167 2852 1197 2906 et
1208 2842 1296 2906 omni
1312 2842 1477 2923 diligentia
1492 2859 1598 2923 egens.
1608 2840 1738 2922 Propter

192 2940 266 3003 dius
283 2939 409 3002 lucidus
424 2938 503 3019 legis
523 2948 661 3015 eterno,
678 2939 802 3001 nullum
819 2939 936 3002 malum
991 2943 1076 3024 quod
1099 2941 1243 3006 bortatur
1266 2958 1323 3003 nos
1346 2958 1450 3003 sermo
1472 2938 1601 3003 divinus
1619 2956 1626 2999 :
1644 2936 1736 3003 Omni
1777 2960 1882 3009 eram,

192 3038 361 3121 permittit,
378 3056 572 3119 omnemque
592 3037 822 3119 perfectionem
839 3038 939 3101 inclu·
954 3042 976 3105 C
992 3040 1137 3104 custodia
1161 3039 1285 3105 custodi
1311 3057 1366 3102 cor
1392 3046 1492 3101 tuum.
1519 3036 1617 3118 Cujus
1643 3035 1737 3098 ratio
1751 3026 1784 3067 ²³·

48 3153 145 3205 nse...
155 3158 175 3197 a.
193 3138 250 3201 dit.
262 3136 392 3218 Propter
407 3136 492 3218 quod
504 3136 937 3199 immaculataetanimarum
993 3138 1154 3203 nemalibi
1167 3139 1293 3201 tradens
1307 3137 1392 3199 :Nisi
1405 3135 1568 3217 te,inquit,
1581 3135 1736 3203 instanter
1790 3148 1866 3193 reon.

190 3234 379 3301 conversiva
395 3243 535 3298 vocatur.
553 3233 682 3310 Tamen,
700 3244 854 3315 quantum
869 3253 938 3317 pos·
994 3239 1026 3301 io
1044 3237 1158 3301 timore
1174 3236 1227 3299 [lei
1244 3234 1431 3313 servaveris,
1455 3233 1518 3296 cito
1534 3233 1736 3297 subvertetur
1750 3225 1814 3263 ¹⁸¹¹·
1828 3214 1849 3254 ⁴·

191 3334 287 3397 sibile
310 3341 368 3408 est,
385 3332 481 3395 debet
494 3333 685 3412 (seeundum
706 3332 874 3414 lsidorum)
889 3334 938 3396 lex
993 3338 1106 3401 domus
1124 3344 1185 3398 tua.
1204 3336 1281 3397 Nam
1297 3334 1353 3416 qui
1370 3332 1493 3415 spernit
1513 3330 1647 3409 modica,
1661 3349 1737 3413 pou·
1750 3352 1882 3401 remam.

191 3433 332 3495 bumana
358 3450 428 3495 esse
449 3431 593 3508 honesta,
610 3440 768 3513 quotenus
791 3431 937 3511 religioni
993 3436 1082 3498 latim
1100 3433 1227 3497 decidit.
1240 3433 1408 3515 Propterea
1418 3431 1530 3494 altiora
1548 3439 1578 3493 to
1599 3448 1639 3492 no
1653 3447 1738 3510 quat·
1751 3451 1882 3503 larana.

190 3529 363 3595 conveniat
382 3554 389 3604 ς
407 3530 504 3611 justa,
527 3538 562 3591 ut
586 3529 761 3593 secundum
783 3530 937 3593 rationem
993 3533 1096 3609 sieris,
1110 3540 1141 3595 et
1163 3532 1297 3596 fortiora
1320 3538 1348 3593 te
1375 3549 1414 3593 ne
1430 3536 1590 3592 scrutatus
1607 3526 1708 3590 fueris
1726 3550 1734 3601 3

191 3630 343 3712 procedat
360 3653 367 3703 3
385 3627 561 3711 possibilis,
579 3637 614 3691 ut
628 3648 647 3691 a
662 3628 799 3691 subditis
819 3630 937 3711 portari
972 3619 1047 3694 ¹sed
1076 3650 1146 3711 quae
1171 3629 1322 3712 pracepit
1344 3628 1402 3691 tibi
1429 3629 1520 3704 Deus,
1548 3625 1605 3688 illa
1633 3626 1737 3705 cogita

191 3726 384 3810 implerique
401 3726 512 3809 possit.
529 3726 597 3789 Erit
611 3745 740 3808 quoquc
762 3729 937 3791 secundum
993 3748 1129 3811 semper,
1152 3736 1183 3791 et
1207 3728 1239 3789 iu
1265 3727 1411 3810 pluribus
1437 3727 1507 3807 ejus
1529 3723 1681 3806 operibus
1697 3742 1737 3787 ne

191 3826 459 3890 consuetudinem
475 3824 596 3908 patriar,
613 3833 645 3887 et
659 3824 729 3889 loeo
744 3844 782 3889 ac
803 3826 937 3908 tempori
994 3826 1094 3889 fueris
1118 3826 1274 3890 curiosus.
1292 3825 1331 3888 Et
1356 3824 1470 3888 Tobios
1495 3824 1540 3885 ait
1556 3840 1563 3885 :
1582 3821 1736 3886 Omnibus
1767 3843 1881 3894 roenna,

192 3925 288 3989 debet
311 3942 499 4005 congruere.
526 3922 570 3985 Ex
595 3923 646 3986 his
670 3924 778 4005 itaque
802 3932 937 4001 constat,
993 3926 1107 3989 diebus
1122 3925 1195 3989 vita
1212 3934 1273 3988 tuse
1284 3926 1382 3987 Deum
1398 3924 1431 3985 in
1448 3930 1554 3986 mente
1570 3921 1737 3998 habeto,et
1750 3906 1785 3950 ²⁰·

69 4034 176 4085 ciram...
192 4044 251 4087 cur
274 4023 359 4086 dieat
384 4022 578 4104 Apostolus:
597 4023 659 4084 Lex
683 4030 813 4104 propter
838 4031 939 4086 trans·
993 4033 1065 4108 pete
1086 4022 1125 4085 ab
1148 4041 1185 4086 eo
1202 4030 1237 4085 ut
1252 4022 1319 4085 vias
1337 4030 1405 4084 tuas
1421 4020 1548 4102 dirigat.
1561 4019 1628 4081 Non
1649 4017 1734 4080 enim
1750 4042 1881 4089 nomme.

53 4100 80 4139 ¹³·
191 4140 354 4202 gressores
380 4120 484 4203 posita
505 4129 573 4195 est3
588 4120 784 4201 justise-nim
811 4129 938 4185 nonest
993 4133 1040 4186 est
1056 4122 1116 4185 hoc
1131 4121 1279 4198 volentis,
1298 4139 1401 4201 neque
1417 4118 1585 4195 currentis,
1603 4117 1657 4179 sed
1680 4116 1737 4179 mi·

191 4222 242 4284 les
259 4221 372 4302 posita.
386 4220 424 4280 lit
438 4220 589 4301 quoniam
601 4219 736 4283 intentio
747 4220 938 4302 legislatoris
955 4223 978 4284 D
993 4220 1127 4284 serentis
1144 4219 1209 4282 llei.
