4309 6259
484 534 658 582 mammo
679 534 710 580 ru
731 533 800 580 cnr.
823 532 898 579 mnu
919 532 1154 580 nnmuaououu.
1176 551 1216 562 -
1236 530 1307 578 nm.
1330 529 1426 576 xxxiv
1665 508 1726 574 etc

179 707 281 788 nique
296 706 330 768 in
345 707 555 770 Numerarem
572 705 654 769 libro
672 705 821 769 recitetur
837 705 926 768 insti·
941 704 967 768 Α
982 709 1160 766 Dominum
1185 711 1288 767 mum
1311 715 1466 774 vestrum,
1489 714 1520 765 et
1543 702 1726 764 custodiant

38 811 160 900 {ergene
178 805 262 869 tutio
282 806 384 889 ipsius
398 806 491 870 Josue
508 805 541 868 in
563 806 690 883 ducatu,
708 805 751 868 ite
771 806 856 886 quod
872 805 926 868 diu
981 827 1089 867 omnes
1103 827 1261 867 sermones
1278 806 1355 882 lepis
1377 805 1488 881 liujus.
1505 804 1588 864 Filii
1603 821 1726 881 quoque

39 877 106 917 ”³¹
175 913 254 968 aute
269 905 338 968 haec
348 905 468 987 Moyses
484 904 624 967 instituit
640 904 730 967 illum
747 905 781 965 in
798 904 845 966 sui
858 923 928 967 suc·
981 925 1092 966 eorum
1107 908 1167 985 qui
1185 925 1273 966 nune
1287 907 1454 982 ionoront,
1471 911 1508 962 ut
1527 902 1645 962 audire
1653 920 1727 977 pos-

174 1023 339 1068 cessorem
354 1004 444 1085 juxta
458 1003 514 1067 Dei
533 1003 803 1080 commissionem,
820 1012 852 1066 θῖ
866 1003 926 1066 hoc
981 1007 1058 1077 sint,
1084 1015 1115 1066 et
1145 1007 1279 1066 timeant
1302 1005 1480 1064 Dominum
1503 1003 1606 1063 Deunt
1629 1019 1726 1060 suum

174 1103 275 1165 etiam
302 1102 420 1166 fatetur
443 1102 523 1185 Lyra
545 1101 674 1164 ibidem.
700 1101 858 1184 Scriptum
879 1110 927 1164 θεῖ
982 1108 1108 1167 eunetis
1131 1107 1253 1175 diebus
1277 1104 1392 1182 quibus
1414 1110 1585 1162 versantur
1604 1101 1640 1159 in
1667 1108 1727 1160 ter·

176 1221 323 1283 namque
339 1201 373 1263 in
389 1201 547 1278 Numeris,
564 1202 832 1282 quemadmodum
846 1201 928 1282 bfoy-
982 1225 1032 1277 ro,
1049 1212 1110 1267 etc.

176 1321 229 1364 ses
245 1301 354 1362 audita
368 1301 424 1363 Dei
441 1300 599 1363 sententie
614 1301 653 1363 de
673 1300 745 1377 hoc,
760 1301 845 1382 quod
863 1319 926 1364 non
1022 1307 1065 1365 Et
1081 1304 1130 1363 ait
1144 1301 1304 1364 Dominus
1318 1303 1362 1360 ad
1378 1302 1510 1376 Moysen
1518 1318 1529 1356 :
1540 1299 1620 1358 Eece
1626 1314 1727 1373 prope

177 1399 399 1462 introduceret
423 1399 577 1481 populum
603 1397 637 1460 in
660 1407 774 1461 terram
795 1399 928 1481 promis·
981 1413 1059 1465 sunt
1072 1403 1142 1462 dies
1164 1403 1276 1460 mortis
1298 1410 1372 1470 ture,
1389 1399 1422 1462 id
1443 1406 1492 1461 est
1506 1397 1586 1472 dies,
1603 1396 1637 1458 in
1651 1413 1728 1476 quo·

175 1517 259 1574 sam,
285 1516 359 1560 mox
384 1499 423 1560 de
449 1497 564 1560 idoneo
589 1515 771 1560 successore
795 1506 827 1560 et
851 1498 927 1561 boni
983 1521 1053 1564 rum
1072 1519 1136 1564 uno
1151 1499 1256 1563 solves
1276 1499 1418 1561 debitum
1435 1506 1555 1560 nature
1569 1495 1725 1571 mortalis,

175 1596 362 1660 communis
391 1596 592 1678 promotione
620 1595 788 1673 sollicitus
814 1596 894 1659 dixit
918 1614 925 1657 :
983 1623 1059 1662 voea
1073 1604 1180 1668 Josue,
1190 1609 1221 1660 et
1234 1609 1315 1660 state
1331 1601 1366 1657 in
1378 1599 1582 1657 tabernaculo
1593 1597 1728 1656 estimo

41 1708 160 1760 mmsis.
176 1695 347 1759 Provideat
364 1695 516 1758 Dominus
535 1696 617 1758 oeus
637 1694 807 1777 spirituum
823 1693 928 1757 omnis
983 1704 1045 1772 nii,
1063 1711 1100 1760 at
1118 1699 1193 1762 inde
1205 1699 1398 1776 precipiam
1414 1697 1455 1771 ei,
1473 1714 1510 1758 ea
1529 1713 1600 1775 quae
1620 1694 1726 1776 ipsum

175 1793 456 1869 earnishominem
468 1793 523 1875 qui
536 1793 576 1855 sit
588 1812 680 1875 super
691 1794 927 1857 multitudinem
983 1799 1165 1882 specialiter
1181 1797 1304 1860 ratione
1324 1794 1431 1858 officii
1447 1794 1497 1856 sui
1516 1801 1724 1857 concernunt.

176 1893 274 1956 hanc.
292 1893 468 1974 Respondit
483 1893 636 1956 Dominus
654 1909 661 1953 :
679 1892 767 1956 Tolle
780 1893 883 1969 Josue,
897 1901 927 1955 et
944 1891 967 1953 B
982 1901 1142 1961 Abierant
1155 1916 1229 1974 erpo
1239 1900 1363 1973 Moyses
1378 1905 1408 1955 et
1417 1897 1522 1965 Josue,
1533 1903 1563 1954 et
1572 1901 1727 1952 steterunt

176 2011 264 2074 pone
287 2010 418 2054 manum
441 1999 528 2053 tuam
551 2010 748 2072 supereum,
766 1999 824 2054 etc.
843 1991 927 2054 Talis
983 2001 1017 2058 in
1051 1998 1254 2058 tabenaculo
1284 1995 1469 2055 testimonii.
1501 1992 1728 2070 Apparuitque

175 2091 285 2154 autem
303 2089 466 2172 impositio
482 2109 606 2166 manuS,
621 2089 682 2152 fuit
698 2090 823 2168 signum
840 2090 928 2151 insti·
983 2097 1142 2158 minimus
1157 2095 1204 2152 ibi
1226 2095 1262 2153 in
1284 2096 1436 2152 columna
1458 2093 1565 2160 nudis,
1583 2088 1626 2150 ita
1640 2089 1726 2170 quod

177 2188 314 2253 tutionis
330 2188 363 2250 in
379 2189 570 2271 principem.
588 2189 696 2270 ltaque
710 2188 828 2253 dicitur
845 2206 852 2250 :
870 2188 928 2251 Vo-
983 2195 1084 2256 nubes
1110 2191 1351 2255 tabernaculum
1376 2189 1534 2271 operiens,
1559 2206 1617 2270 pro
1638 2197 1728 2269 parte

176 2288 265 2352 cavit
280 2289 400 2370 Moyses
414 2288 558 2364 losue‚et
573 2290 661 2348 dieii
676 2290 706 2347 ei
720 2290 928 2349 eoromomni
983 2311 1040 2355 sua
1064 2290 1241 2366 descendit,
1259 2289 1309 2352 vel
1335 2288 1398 2350 alia
1418 2287 1619 2366 nubesque
1641 2287 1728 2346 stetit

176 2389 396 2446 multitudine
411 2389 514 2447 lsrael
530 2406 541 2445 .·
558 2387 745 2462 confortare
759 2395 788 2446 et
803 2395 865 2446 esto
880 2407 928 2446 ro·
984 2397 1018 2453 in
1036 2392 1175 2451 introitu
1191 2390 1403 2458 tabernaculi,
1415 2386 1447 2448 id
1463 2386 1559 2448 estin
1574 2384 1656 2448 ostio
1671 2402 1728 2446 scu

176 2487 304 2554 onustus,
321 2483 353 2546 id
375 2493 424 2546 est
442 2491 549 2546 mente
569 2492 600 2546 et
620 2502 752 2565 corpore
777 2483 878 2560 fortis,
896 2492 928 2546 θῖ
983 2491 1130 2570 ingressu
1151 2486 1207 2568 qui
1232 2494 1300 2548 erat
1324 2485 1408 2547 inter
1432 2483 1672 2547 tabernaculum
1696 2490 1729 2543 θῖ

177 2584 212 2645 iu
230 2601 288 2664 spe
304 2581 568 2663 fortitudinisque
590 2582 707 2645 virtute
726 2582 873 2644 firmatus
887 2583 926 2645 ad
982 2587 1110 2662 atrium,
1128 2593 1159 2648 ct
1174 2584 1208 2646 in
1225 2583 1309 2646 nube
1325 2583 1380 2647 ilfa
1396 2583 1456 2644 fuit
1470 2592 1566 2663 atquc
1581 2580 1729 2663 apparuit

177 2682 328 2744 idoneam
345 2681 482 2762 injuncti
498 2679 603 2744 officii
619 2680 866 2744 exsecutionem.
880 2686 927 2743 Tu
982 2685 1115 2765 angelus
1131 2683 1164 2745 in
1175 2682 1230 2745 Dei
1241 2700 1378 2764 persona
1393 2681 1544 2762 loquens3
1557 2679 1607 2743 vel
1621 2678 1728 2742 forsan

175 2784 268 2840 enim
278 2781 462 2841 introduces
468 2783 627 2858 populum
639 2781 736 2841 istaut
750 2782 784 2840 in
797 2784 928 2850 terrant,
982 2783 1135 2848 Dominus
1150 2783 1189 2844 de
1208 2780 1336 2844 oraculo
1357 2779 1557 2860 loquebatur.
1573 2776 1728 2859 Apparuit

176 2901 279 2960 quant
297 2883 457 2939 daturum
480 2899 512 2938 se
527 2881 687 2940 Dominus
706 2881 853 2956 patribus
877 2900 926 2939 eo·
982 2890 1088 2945 autem
1114 2880 1147 2942 in
1179 2878 1274 2954 nube,
1302 2887 1337 2940 ut
1367 2877 1486 2959 populo
1515 2876 1728 2938 innotesceret

176 2999 254 3038 rum
269 2978 416 3054 juravit,
437 2987 466 3038 et
491 2987 526 3036 tu
547 2998 618 3038 eam
637 2979 763 3038 divides
782 2989 876 3047 sorte,
897 2987 927 3037 el
982 2981 1068 3062 quod
1079 2978 1232 3042 Dominus
1242 2975 1432 3057 loquebatur
1443 2973 1487 3036 ibi
1498 2993 1570 3036 cum
1582 2973 1686 3054 Moyse
1696 2980 1728 3034 et

178 3078 341 3137 Dominus
356 3077 415 3156 qui
436 3079 550 3136 ductor
574 3086 619 3136 est
645 3087 755 3148 vester,
777 3078 844 3154 ipse
864 3078 927 3137 erit
944 3070 1086 3155 Closue,
1113 3078 1223 3158 sicque
1248 3075 1353 3159 ipsum
1378 3076 1472 3138 losue
1497 3072 1651 3135 haberent
1675 3090 1729 3133 au-

178 3185 295 3236 tecum.
316 3176 389 3237 Non
412 3175 556 3235 dimittet
573 3184 611 3236 te.
631 3177 708 3237 Noli
727 3177 850 3244 timere,
871 3196 927 3235 neo
983 3175 1172 3239 thentieum.
1189 3176 1236 3236 An
1257 3182 1363 3236 autem
1377 3174 1472 3235 losue
1493 3169 1574 3235 vidit
1590 3168 1633 3231 ibi
1656 3187 1728 3232 ocu-

174 3290 308 3353 paveas.
982 3277 1012 3338 lo
1035 3273 1185 3338 exteriori
1206 3273 1354 3354 angelum
1377 3270 1517 3332 illumin
1539 3269 1647 3349 aliqua
1667 3265 1728 3330 for-

217 3373 360 3449 Seripsit
376 3374 485 3451 itaque
497 3375 619 3448 Moyses
632 3376 730 3448 lepem
745 3375 829 3434 bane
840 3392 850 3431 .·
862 3390 925 3434 non
982 3393 1034 3436 ma
1048 3371 1180 3448 visibili,
1199 3389 1262 3434 non
1279 3378 1410 3453 apparet
1425 3388 1463 3432 ex
1478 3369 1583 3431 littera
1593 3377 1725 3443 certum,

176 3471 264 3552 quod
281 3488 392 3533 omnes
415 3470 514 3533 libros
537 3488 610 3532 suos
632 3469 795 3551 scripserit
817 3469 850 3532 in
867 3469 926 3533 hoc
982 3473 1036 3535 sed
1052 3479 1177 3534 constat
1191 3470 1277 3551 quod
1292 3469 1391 3531 verba
1406 3469 1476 3549 ejus
1491 3466 1625 3530 audivit.

176 3569 259 3646 foco,
287 3578 323 3631 ut
347 3577 435 3652 patet
459 3588 497 3632 ex
522 3569 628 3646 dietis,
656 3570 710 3631 sed
736 3569 927 3632 Deuterono-
1021 3570 1348 3649 DimitqrteDominus
1363 3570 1407 3628 ad
1422 3570 1551 3644 Moysen
1570 3587 1581 3625 :
1595 3568 1676 3628 Ecce
1693 3575 1728 3626 tu

177 3668 279 3731 mium
292 3667 422 3749 scripsit
438 3667 511 3742 hiet
528 3679 557 3728 et
576 3671 715 3730 tradidit
730 3690 812 3740 eom,
831 3668 862 3729 id
879 3675 927 3730 ost
981 3670 1122 3730 dormies
1135 3668 1372 3744 cumfratribus
1389 3667 1464 3736 luis,
1476 3668 1654 3742 etpopulus
1670 3665 1728 3722 iste

176 3767 298 3829 librum
323 3766 401 3846 legis
425 3765 528 3843 istiuS,
545 3769 774 3836 sacerdotibus,
789 3785 925 3849 quorum
981 3785 1174 3844 contempens
1193 3765 1232 3827 ad
1258 3764 1341 3827 male
1365 3763 1536 3843 agendum,
1554 3763 1728 3839 fornicabi-

178 3863 241 3926 fuit
257 3864 415 3926 instrucre
431 3863 568 3946 plebem,
580 3865 691 3925 dicens
702 3885 713 3924 .·
724 3868 801 3926 Post
809 3876 926 3942 septem
984 3877 1037 3927 tur
1049 3876 1121 3942 post
1135 3868 1208 3924 deos
1224 3865 1359 3932 alienos,
1371 3862 1403 3923 id
1419 3868 1477 3938 est,
1496 3860 1727 3923 idololatrando

177 3983 295 4030 annos,
310 3981 398 4022 anno
420 3964 630 4032 remissionis,
649 3961 681 4023 id
702 3970 750 4024 est
766 3962 862 4025 semel
879 3962 927 4024 in·
982 3962 1227 4028 fornicationem
1252 3960 1451 4043 spiritualem
1472 3957 1661 4021 committet.
1672 3958 1728 4020 Ve

177 4060 227 4122 fra
242 4069 366 4142 septem
383 4079 495 4136 annos,
514 4060 665 4123 videlicet
688 4060 807 4143 inipso
830 4061 926 4144 septi·
981 4069 1172 4137 rumtamen,
1197 4060 1280 4122 sicut
1300 4059 1333 4120 in
1356 4059 1439 4121 libro
1457 4057 1605 4120 ludicum
1628 4064 1725 4139 patet,

176 4179 230 4222 mo
255 4177 352 4234 anno,
374 4159 430 4240 qui
455 4167 503 4222 est
527 4177 630 4220 annus
656 4159 865 4237 remissionis,
892 4159 924 4222 in
983 4180 1045 4224 non
1068 4160 1130 4221 nisi
1147 4158 1298 4242 perpauci
1314 4158 1556 4221 declinaverunt
1570 4156 1608 4217 ad
1626 4155 1727 4218 idolo·

176 4277 241 4340 quo
257 4257 692 4339 debitaremittuntur,juxta
703 4277 831 4320 sensum
849 4263 965 4340 prael)
982 4258 1106 4322 latriam
1128 4277 1165 4320 ex
1191 4258 1242 4319 his
1262 4257 1317 4338 qui
1339 4275 1411 4319 cum
1427 4256 1520 4318 Josue
1536 4254 1729 4316 introierunt

178 4356 335 4432 habitum,
355 4359 391 4416 in
410 4357 601 4416 solennitate
620 4359 923 4428 Tabernneulorum,
981 4366 1098 4420 terrem
1114 4357 1314 4439 promissam,
1332 4364 1387 4418 aut
1410 4354 1544 4417 forsitan
1562 4353 1654 4428 nulli,
1672 4354 1726 4416 sed

178 4461 271 4533 loyes,
285 4463 319 4516 tu
334 4453 538 4535 congregatio
555 4455 765 4530 sacerdotum,
783 4474 838 4518 seu
857 4456 926 4537 qui·
980 4455 1100 4539 posteri
1114 4456 1324 4537 quorumdam
1335 4473 1374 4516 ex
1389 4453 1469 4536 ipsis
1486 4460 1652 4533 coeperunt
1667 4451 1727 4514 hoc

74 4565 79 4579 '
125 4569 132 4608 ι’
179 4555 252 4616 dam
269 4573 307 4616 ex
323 4562 365 4631 te,
378 4555 473 4613 uerba
490 4555 568 4613 libri
576 4554 698 4630 *liujus
713 4574 822 4614 eornm
836 4559 927 4616 omni
980 4573 1073 4633 agere
1097 4554 1201 4617 adhuc
1223 4551 1407 4618 viventibus
1427 4550 1561 4613 Phiuees
1587 4548 1728 4613 etOtbo-

177 4655 292 4722 lsrael,
310 4653 521 4712 audientibus
540 4655 596 4723 eis,
615 4662 645 4711 et
660 4654 696 4712 in.
713 4673 817 4713 anum
836 4656 926 4714 omni
981 4653 1075 4729 niele,
1088 4652 1224 4733 aliisque
1241 4649 1405 4713 nonnullis
1420 4649 1476 4731 qui
1492 4667 1564 4711 cum
1575 4649 1670 4712 losue
1682 4647 1727 4708 iu-

173 4754 293 4827 populo
308 4759 497 4826 oonpreqato
514 4749 548 4810 in
563 4747 643 4812 atrio
659 4749 855 4812 tabernaculi
871 4759 925 4813 aut
981 4759 1156 4827 traverunt,
1171 4749 1321 4814 videficet
1335 4748 1463 4824 Michas,
1481 4755 1582 4810 mater
1596 4745 1677 4826 ejus,
1689 4765 1726 4809 ac
1747 4775 1873 4827 uetant

176 4847 300 4930 templi.
310 4848 399 4910 Tunc
411 4847 498 4910 enim
508 4867 581 4920 cum
593 4847 724 4930 speciali
740 4847 925 4911 celebritate
979 4849 1131 4913 Jonathas
1147 4848 1235 4910 filius
1251 4847 1391 4923 Gcrsam,
1403 4845 1464 4908 filii
1476 4845 1600 4928 Moysis,
1613 4852 1645 4907 et
1659 4844 1728 4926 qui·
1741 4840 1873 4889 ¹¹¹¹¹·³⁰·³¹·

175 4946 341 5026 legebatur
357 4945 452 5007 lectio
464 4944 523 5008 isu
538 4945 692 5027 quotidie,
705 4946 840 5008 durante
856 4947 925 5028 ipsa
979 4949 1051 5010 dam
1068 4949 1200 5025 uenite,
1218 4954 1313 5029 prout
1329 4946 1361 5007 in
1376 4945 1522 5008 iudicum
1539 4944 1673 5007 habetur
1689 4944 1727 5005 fi-

175 5045 369 5108 solennitate
398 5063 471 5124 quas
496 5052 616 5125 septem
648 5043 760 5106 dicbus
785 5044 922 5108 duravit.
979 5047 1048 5110 bro.
1075 5047 1194 5110 idcirco
1219 5045 1305 5126 quod
1331 5043 1484 5106 Dominus
1510 5043 1564 5118 ait,
1588 5043 1726 5124 Populus

174 5141 414 5205 Nihilominus
438 5141 510 5204 aliis
535 5141 648 5205 diebus
670 5142 854 5224 frequenter
879 5163 925 5207 sa·
980 5146 1040 5208 iste
1059 5163 1267 5225 consurgens,
1294 5152 1368 5218 etc,
1392 5161 1455 5204 nou
1476 5151 1525 5204 est
1545 5141 1726 5222 intelligen-

173 5243 319 5305 oerdotes
335 5248 367 5302 et
391 5239 503 5304 scribe
525 5241 678 5323 populum
705 5241 924 5304 instruxerunt
980 5245 1055 5306 dum
1071 5243 1112 5305 de
1127 5241 1246 5325 populo
1267 5240 1323 5304 illo
1339 5240 1373 5302 in
1389 5259 1433 5317 se,
1451 5241 1506 5302 sed
1522 5241 1562 5302 de
1577 5238 1723 5321 posteris.

175 5341 209 5403 in
225 5341 308 5422 lege.
331 5343 371 5404 Ut
391 5343 560 5402 audientes
580 5343 720 5411 discant,
736 5351 766 5401 ot
789 5342 924 5401 timeant
979 5342 1040 5404 Nec
1056 5340 1142 5404 enim
1158 5340 1277 5422 populo
1289 5338 1414 5416 illi‚sed
1431 5338 1607 5420 posteritati
1624 5337 1725 5420 ipsius
