4309 6259
595 529 770 578 nunnnnrro
791 530 822 578 tu
843 530 911 576 cnr.
936 531 969 576 ru
990 530 1126 578 scurror.
1150 547 1190 559 -
1210 529 1282 576 aur.
1305 527 1338 574 rx
1676 509 1734 574 153

181 702 308 786 putatio
324 702 375 766 sui
392 702 507 787 ipsius,
519 704 559 766 ad
575 724 656 786 ques
669 704 763 787 proni
779 712 865 782 sunt,
877 704 933 786 qui
949 704 975 766 h
990 703 1036 766 nii
1056 709 1259 766 excusantur.
1276 701 1315 762 Et
1335 701 1378 763 ita
1396 701 1435 764 de
1452 700 1501 762 his
1520 701 1602 764 lleus
1620 701 1736 784 poterit

183 803 246 866 Deo
272 803 394 867 servire
419 803 590 886 incipiunt,
609 803 738 886 penitus
764 804 934 868 excludan·
989 801 1244 867 honorariUnde
1255 810 1285 864 et
1301 820 1338 863 ex
1348 799 1441 863 dietis
1453 808 1484 862 et
1499 799 1592 862 libris
1604 801 1736 882 philoso-

183 911 246 965 tur.
265 901 340 976 Quae
363 903 565 966 conversatio
588 910 619 965 et
643 903 745 966 instar
767 902 862 966 larris
887 911 935 966 est
989 903 1139 986 phorum,
1152 901 1253 964 multa
1267 919 1341 963 vera
1356 901 1395 962 ad
1411 899 1593 964 christianae
1613 895 1736 983 sapien·

183 1000 428 1082 confringenda,
438 1001 471 1063 id
486 1010 535 1064 est
550 1002 714 1064 humiliter
725 1002 932 1078 discutienda,
991 1001 1041 1065 tiae
1067 1000 1314 1063 elucidationem
1340 1000 1543 1063 accommoda
1569 999 1735 1082 accipiun-

184 1121 221 1164 ac
236 1109 349 1164 sancta
369 1101 540 1165 devotione
555 1100 595 1163 ab
613 1101 701 1164 omni
718 1102 802 1165 mala
818 1102 935 1165 duritia
990 1110 1051 1163 tur.
1067 1101 1113 1162 Ex
1128 1099 1288 1181 conjugali
1305 1118 1432 1180 quoque
1447 1098 1571 1180 copula,
1589 1099 1735 1180 quamvis

184 1199 388 1263 emollienda.
398 1200 571 1276 Postremo,
581 1201 728 1282 quamvis
742 1200 934 1264 fermentum
989 1200 1192 1280 voluptuosa,
1208 1205 1401 1278 generantur
1417 1196 1565 1260 Ecclesiae
1581 1197 1654 1260 lilii.
1668 1199 1735 1261 Non

184 1307 216 1362 et
231 1299 297 1363 mel
312 1300 378 1362 Deo
393 1298 507 1362 ollerri
525 1299 767 1381 prohibeantur,
784 1299 934 1382 primitie
988 1307 1096 1361 autern
1120 1298 1267 1380 ponenda
1290 1305 1364 1359 sunt
1388 1297 1447 1358 ista
1472 1315 1566 1378 super
1587 1297 1685 1360 altare
1702 1297 1735 1358 in

185 1406 293 1460 tamen
314 1415 426 1462 eorum
443 1397 472 1461 ei
491 1397 652 1461 immolari
667 1398 841 1479 jubentur:
859 1417 935 1481 quo·
989 1399 1119 1461 odorem
1137 1397 1323 1460 suavitatis:
1341 1396 1416 1478 quia
1437 1395 1470 1458 in
1492 1414 1526 1458 se
1547 1395 1627 1476 ipsis
1644 1395 1737 1458 meri-

183 1497 273 1560 niam
288 1504 321 1559 ct
336 1496 370 1558 in
387 1496 477 1560 lalsis
493 1496 646 1561 doctrinis
660 1497 777 1579 aliquae
787 1497 935 1560 veritates
990 1497 1071 1560 toria
1094 1515 1157 1559 non
1180 1497 1370 1572 consistunt,
1388 1514 1447 1558 nee
1470 1495 1553 1558 inter
1576 1494 1735 1577 praeeipua

183 1595 304 1678 saepius
319 1596 547 1671 continentur3
567 1596 711 1658 carnales
732 1615 861 1678 quoque
883 1615 935 1659 ro
989 1597 1073 1660 bona
1089 1603 1164 1658 sunt
1180 1596 1404 1677 computanda,
1415 1595 1469 1657 sed
1487 1593 1672 1675 theologicae
1687 1614 1737 1658 ve-

183 1695 324 1778 luptatcs
339 1694 374 1758 in
389 1695 580 1777 coniugatis,
600 1715 657 1777 pcr
672 1695 757 1760 bona
772 1695 936 1758 matrime-
990 1695 1076 1757 ritati
1102 1703 1282 1777 sanctaque
1304 1694 1442 1758 castitati
1463 1693 1694 1776 postponenda.

749 2124 1077 2213 luitnotus
1114 2127 1176 2212 IX

306 2404 464 2451 suncanto
487 2403 663 2452 ttt'tttttntls
684 2403 821 2451 cnrlwet
842 2404 941 2450 TEll'lll
964 2404 971 2451 :
995 2404 1074 2461 QUOD
1096 2404 1122 2451 Sl
1145 2403 1255 2452 nosrta
1276 2404 1478 2453 ractrtcoutttt
1500 2406 1619 2454 FUElll'l'.

257 2686 280 2747 Τ
296 2693 384 2768 patet
397 2703 435 2748 ex
450 2683 594 2765 allegatis
610 2703 648 2747 ex
664 2685 794 2761 Thema,
804 2685 935 2748 Alexan·
953 2685 975 2746 B
990 2689 1130 2749 eletione
1144 2709 1211 2750 sarco
1223 2687 1292 2769 ipse
1307 2687 1460 2750 ollerens.
1470 2687 1531 2748 Cur
1547 2705 1660 2749 manus
1678 2685 1735 2749 im-

262 2786 322 2847 dro
344 2792 376 2847 et
396 2783 569 2847 Guillelmo
589 2783 771 2860 Parisiensi‚
789 2785 934 2865 quaedam
991 2787 1168 2868 ponebatur
1188 2805 1282 2870 super
1300 2786 1418 2848 animal
1441 2785 1683 2863 immolandum,
1702 2785 1735 2848 in

184 2893 278 2948 erant
298 2882 423 2958 hostia,
440 2901 512 2964 qnae
533 2882 754 2945 ollercbantur
777 2901 835 2963 pro
858 2902 935 2965 pace
991 2886 1119 2949 litterali
1145 2886 1241 2969 primi
1266 2885 1398 2967 capituli
1423 2883 1621 2967 expositione
1644 2883 1737 2946 indu-

183 2993 239 3046 ant
255 2982 370 3058 salute,
388 3000 444 3044 seu
461 2980 593 3046 victoria
608 2981 659 3045 vel
675 2981 738 3044 alio
754 2981 867 3063 quovis
884 2982 935 3044 bc·
989 2994 1076 3049 etum
1093 2993 1148 3047 est.
1159 2989 1235 3054 Qum
1252 2983 1545 3046 trernotcditurlleo
1560 3003 1578 3045 a
1594 2983 1735 3046 sacerdo

186 3083 318 3160 nelicio,
339 3081 423 3144 datis
447 3089 479 3143 et
502 3080 728 3144 conservandis
753 3089 807 3144 aut
832 3081 934 3163 impe·
990 3093 1089 3165 tepro
1105 3083 1678 3160 ollercnteiointroducebat-occuli
1694 3091 1734 3142 te-

185 3181 322 3258 mandis,
340 3199 411 3262 quae
436 3179 549 3243 hostiae
570 3179 766 3242 vocabantur
790 3180 935 3263 pacificae
987 3185 1147 3253 stimooti,
1164 3183 1196 3244 id
1214 3191 1261 3246 est
1280 3183 1369 3264 juxta
1388 3181 1506 3246 ostium
1526 3180 1610 3258 atrii,
1629 3189 1733 3244 tamen

185 3281 238 3347 rel
260 3281 437 3342 salutares:
456 3286 488 3341 et
509 3298 580 3360 quea
606 3278 854 3342 immolabantur
876 3299 934 3362 pro
990 3282 1023 3343 in
1043 3281 1125 3344 atrio
1146 3289 1177 3344 et
1196 3300 1296 3363 propo
1313 3281 1431 3355 altare3
1449 3282 1652 3361 suadentque
1666 3282 1734 3358 filii

117 3367 122 3376 ’
184 3380 294 3462 aliquo
320 3379 378 3442 tali
403 3378 489 3442 bono
513 3379 577 3461 jam
604 3379 689 3455 dato,
711 3388 847 3460 possunt
871 3380 934 3443 dici
988 3384 1100 3443 Aaron
1116 3383 1128 3406 *
1147 3383 1341 3458 sorzpzn'nem
1367 3379 1513 3442 animalis
1539 3378 1649 3456 oblati,
1673 3399 1732 3458 pcr
1760 3403 1881 3450 *senaa

185 3479 299 3544 hestiae
319 3478 492 3560 gratiarnm
515 3477 650 3540 actionis
675 3486 706 3540 et
732 3478 844 3556 laudis,
863 3498 934 3561 quae
988 3483 1163 3542 circuitum
1175 3481 1397 3561 attaris,juxta
1409 3479 1605 3542 intellectum
1622 3478 1656 3541 in
1672 3478 1735 3562 pri·
1749 3473 1781 3514 ¹⁶⁸

186 3587 293 3642 autem
309 3597 368 3660 pro
383 3576 570 3652 obtinendo,
587 3576 699 3639 hostiae
719 3577 935 3659 postulatorito
989 3578 1033 3640 mi
1054 3579 1186 3661 capituli
1208 3579 1430 3660 explanatione
1450 3576 1672 3660 praehabitum.
1690 3579 1733 3638 nt

187 3683 272 3739 recle
288 3681 455 3739 vocantur.
472 3673 516 3736 [le
532 3672 598 3736 iltis
615 3692 690 3754 crgo
711 3694 797 3737 nunc
817 3676 931 3756 agitur.
988 3683 1121 3758 offerent
1131 3683 1169 3738 dc
1185 3679 1288 3739 hostio
1299 3681 1525 3756 pacificorum,
1535 3684 1612 3759 puta
1628 3677 1667 3739 de
1683 3676 1736 3739 ho

227 3777 321 3845 Quod
339 3776 370 3834 ai
389 3775 493 3834 hostia
509 3776 724 3852 pacificorum
743 3775 847 3851 fuerit
865 3777 935 3854 ejus
989 3779 1049 3840 stia
1061 3778 1127 3859 jam
1145 3777 1304 3859 praedicta,
1324 3780 1359 3836 iu
1375 3778 1565 3837 oblationem
1581 3778 1731 3848 Domino,

186 3875 319 3942 oblatio,
335 3871 368 3934 id
384 3879 444 3948 cst,
462 3870 488 3932 si
505 3871 576 3952 quis
595 3871 766 3953 pacilieam
783 3873 935 3937 obtulerit
950 3875 971 3938 C
989 3879 1118 3954 adipem
1130 3879 1188 3956 qni
1202 3880 1305 3955 operit
1321 3877 1448 3946 attalia,
1459 3874 1490 3936 id
1505 3883 1554 3936 est
1569 3873 1733 3952 intestina,

187 3971 376 4048 hostiam‚et
390 3974 429 4030 ‹te
444 3972 538 4030 dobras
554 3974 691 4032 volucrit
706 3976 828 4052 offla-re,
840 3973 871 4034 id
887 3982 935 4036 cst
988 3986 1018 4036 et
1039 3977 1203 4055 qreidquid
1223 3975 1437 4053 pinguedinis
1461 3975 1654 4034 intrinsecus
1676 3983 1732 4044 est,

186 4071 302 4134 bovem
318 4067 933 4151 seuvitulum,maremsta-esemtuam,
990 4093 1060 4155 quae
1086 4073 1207 4137 scilicet
1232 4074 1391 4156 pinguedo
1416 4073 1504 4135 carni
1530 4071 1679 4149 adhaeret,
1703 4079 1735 4134 et

186 4173 402 4232 immaculata
417 4174 525 4245 offeret
539 4189 648 4230 coram
663 4173 813 4242 Domino,
826 4171 858 4232 id
874 4179 933 4248 est,
991 4173 1075 4234 inira
1091 4181 1194 4236 cutem
1211 4172 1357 4235 consistit
1368 4197 1374 4248 ;
1384 4175 1464 4232 duos
1475 4192 1563 4232 renes
1576 4191 1650 4231 cum
1666 4172 1735 4231 adi-

188 4267 415 4332 indilierenter
438 4265 559 4330 ollerre
582 4275 687 4349 potest
710 4268 834 4346 bovem,
853 4270 936 4331 vitu-
986 4294 1100 4352 pequo
1113 4282 1263 4348 terreatur
1276 4268 1406 4332 ittallia
1418 4278 1492 4331 sunt
1506 4289 1602 4352 parva
1618 4268 1736 4332 intesti-

188 4369 266 4445 lum,
288 4385 420 4430 vaccam
440 4374 495 4429 aut
516 4373 642 4428 taurum
660 4385 668 4429 :
688 4367 733 4430 sic
759 4377 874 4446 temen,
901 4378 935 4431 ut
992 4392 1043 4448 na,
1061 4371 1192 4433 renibus
1212 4369 1406 4432 adhaercntia
1422 4367 1579 4446 animalis,
1599 4376 1736 4450 suntque

186 4465 345 4549 quidquid
377 4465 490 4528 herum
521 4464 687 4542 obtulerit,
713 4476 818 4529 eareat
848 4455 935 4532 delc-
991 4471 1137 4534 rotunda.
1156 4472 1198 4530 Et
1222 4472 1393 4530 reticulum
1408 4470 1539 4546 jecoris.
1557 4467 1734 4530 Reticulum

187 4565 370 4642 ctuositate,
393 4563 665 4639 monstruositate,
690 4563 880 4628 infirmitate
905 4575 936 4629 ct
991 4569 1108 4632 dieitur
1128 4567 1258 4649 quidam
1281 4567 1378 4648 adeps
1401 4567 1500 4628 instar
1521 4567 1597 4629 retis
1620 4565 1737 4629 forma-

187 4663 324 4741 xilitatc‚
342 4664 495 4726 reddente
510 4662 630 4725 animal
651 4663 795 4745 ineptum
815 4666 854 4728 ad
876 4665 936 4726 im·
992 4677 1053 4730 tus.
1071 4669 1129 4730 Per
1150 4667 1240 4748 jecur
1263 4665 1451 4745 intelligitur
1474 4665 1595 4746 hepar:
1614 4674 1736 4728 namet

104 4790 130 4822 a.
153 4809 159 4820 .
187 4762 388 4838 molendum,
406 4761 490 4824 sicut
505 4761 539 4822 in
555 4761 753 4843 expositione
773 4762 869 4844 primi
887 4783 937 4826 ea·
992 4767 1025 4828 in
1041 4765 1171 4828 hebreo
1186 4767 1235 4846 (ut
1251 4765 1366 4844 l'ertur)
1382 4766 1480 4846 hepar
1496 4763 1641 4827 habetur.
1657 4767 1736 4825 Cum

187 4861 284 4945 pituli
309 4859 439 4944 plenius
463 4859 584 4922 dietum
609 4868 667 4922 est.
685 4861 718 4921 ln
744 4861 803 4924 hoc
829 4862 937 4943 itaque
991 4867 1192 4925 renunc-ulis.
1217 4863 1355 4944 Denique
1378 4861 1524 4943 quamvis
1547 4869 1647 4924 totum
1669 4862 1737 4924 ani-

186 4960 302 5024 diilert
318 4959 423 5022 hostia
437 4956 576 5040 pacifica
590 4958 631 5021 ab
646 4959 936 5042 holocausto,quod
992 4963 1055 5025 mal
1078 4964 1141 5026 Dee
1163 4961 1371 5037 oflerebatur,
1389 4969 1495 5024 tamen
1512 4960 1652 5042 praelate
1670 4961 1736 5041 jam

187 5061 223 5123 in
238 5079 275 5123 ea
290 5057 406 5123 eiierri
422 5066 527 5140 potest
544 5075 607 5120 non
624 5059 783 5121 masculus
801 5068 934 5133 tantum,
952 5070 976 5131 D
993 5070 1098 5144 partes
1125 5061 1271 5122 animalis
1299 5060 1386 5122 illius
1416 5061 1478 5122 llco
1503 5058 1662 5122 immolari
1687 5059 1735 5121 di·

187 5158 272 5222 sicut
286 5156 322 5220 in
338 5155 535 5232 holocausto,
554 5156 608 5219 sed
625 5157 722 5219 etiam
738 5156 869 5221 lemine.
887 5160 937 5220 lli-
993 5160 1157 5237 ecbantur,
1180 5159 1331 5241 quoniam
1357 5159 1396 5222 ad
1420 5157 1535 5222 divinae
1561 5158 1736 5240 maiestatis

186 5252 284 5333 gnius
305 5255 456 5337 equidem
477 5254 539 5317 luit
560 5255 780 5321 holocaustum
801 5257 938 5339 pacifica
994 5259 1146 5322 honorem
1169 5259 1201 5320 in
1222 5259 1313 5320 altari
1336 5257 1599 5334 incendebantur,
1614 5275 1671 5320 nec
1688 5277 1737 5320 ve-

188 5353 363 5418 oblationc.
382 5358 547 5436 I'onetquc
570 5377 704 5417 arianum
724 5375 820 5434 super
839 5368 937 5437 caperet
993 5365 1109 5421 norunt
1126 5356 1158 5419 in
1176 5376 1267 5420 usum
1281 5357 1464 5420 humanum.
1474 5357 1561 5421 Unde
1573 5354 1738 5439 subjungi·
