<?xml version="1.0" encoding="UTF-8"?>
<!DOCTYPE html PUBLIC "-//W3C//DTD XHTML 1.0 Transitional//EN"
    "http://www.w3.org/TR/xhtml1/DTD/xhtml1-transitional.dtd">
<html xmlns="http://www.w3.org/1999/xhtml" xml:lang="en" lang="en">
 <head>
  <title>
</title>
<meta http-equiv="Content-Type" content="text/html;charset=utf-8" />
  <meta name='ocr-system' content='tesseract 3.04.00' />
  <meta name='ocr-capabilities' content='ocr_page ocr_carea ocr_par ocr_line ocrx_word'/>
</head>
<body>
  <div class='ocr_page' id='page_1' title='image "./doctorisecstati00unkngoog_0069.png"; bbox 0 0 4309 6259; ppageno 0'>
   <div class='ocr_carea' id='block_1_1' title="bbox 583 463 1745 527">
    <p class='ocr_par' dir='ltr' id='par_1_1' title="bbox 583 463 1745 527">
     <span class='ocr_line' id='line_1_1' title="bbox 583 463 1745 527; baseline 0.001 -1"><span class='ocrx_word' id='word_1_1' title='bbox 583 479 757 526; x_wconf 77' lang='lat' dir='ltr'><strong>manuario</strong></span> <span class='ocrx_word' id='word_1_2' title='bbox 779 476 810 524; x_wconf 84' lang='lat' dir='ltr'><strong>uv</strong></span> <span class='ocrx_word' id='word_1_3' title='bbox 831 476 899 522; x_wconf 80' lang='lat' dir='ltr'><strong>car.</strong></span> <span class='ocrx_word' id='word_1_4' title='bbox 922 473 999 521; x_wconf 83' lang='lat' dir='ltr'><strong>xxur</strong></span> <span class='ocrx_word' id='word_1_5' title='bbox 1021 475 1123 524; x_wconf 82' lang='lat' dir='ltr'><strong>axoni.</strong></span> <span class='ocrx_word' id='word_1_6' title='bbox 1145 496 1186 509; x_wconf 87' lang='lat'>-</span> <span class='ocrx_word' id='word_1_7' title='bbox 1205 480 1276 527; x_wconf 78' lang='lat' dir='ltr'><strong>aar.</strong></span> <span class='ocrx_word' id='word_1_8' title='bbox 1300 480 1371 527; x_wconf 78' lang='lat' dir='ltr'><strong>narr</strong></span> <span class='ocrx_word' id='word_1_9' title='bbox 1708 463 1745 527; x_wconf 81' lang='lat'><strong>31</strong></span> 
     </span>
    </p>
   </div>
   <div class='ocr_carea' id='block_1_2' title="bbox 196 644 1746 1228">
    <p class='ocr_par' dir='ltr' id='par_1_2' title="bbox 196 644 1746 1228">
     <span class='ocr_line' id='line_1_2' title="bbox 196 644 1746 734; baseline 0.001 -21"><span class='ocrx_word' id='word_1_10' title='bbox 196 651 368 731; x_wconf 81' lang='lat' dir='ltr'><strong>Augustini</strong></span> <span class='ocrx_word' id='word_1_11' title='bbox 391 650 552 733; x_wconf 78' lang='lat' dir='ltr'><strong>praedictis</strong></span> <span class='ocrx_word' id='word_1_12' title='bbox 575 669 639 715; x_wconf 90' lang='lat' dir='ltr'><strong>non</strong></span> <span class='ocrx_word' id='word_1_13' title='bbox 664 652 805 732; x_wconf 82' lang='lat' dir='ltr'>derogat.</span> <span class='ocrx_word' id='word_1_14' title='bbox 830 649 947 712; x_wconf 83' lang='lat' dir='ltr'><strong>Verum</strong></span> <span class='ocrx_word' id='word_1_15' title='bbox 962 644 987 707; x_wconf 85' lang='grc' dir='ltr'>Α</span> <span class='ocrx_word' id='word_1_16' title='bbox 1003 655 1034 709; x_wconf 88' lang='lat' dir='ltr'><strong>et</strong></span> <span class='ocrx_word' id='word_1_17' title='bbox 1044 649 1140 713; x_wconf 89' lang='lat' dir='ltr'><strong>talem</strong></span> <span class='ocrx_word' id='word_1_18' title='bbox 1152 669 1215 713; x_wconf 91' lang='lat' dir='ltr'><strong>non</strong></span> <span class='ocrx_word' id='word_1_19' title='bbox 1227 651 1321 715; x_wconf 88' lang='lat' dir='ltr'><strong>debet</strong></span> <span class='ocrx_word' id='word_1_20' title='bbox 1330 652 1426 733; x_wconf 82' lang='lat' dir='ltr'><strong>judex</strong></span> <span class='ocrx_word' id='word_1_21' title='bbox 1436 651 1592 717; x_wconf 85' lang='lat' dir='ltr'><strong>occidere.</strong></span> <span class='ocrx_word' id='word_1_22' title='bbox 1602 652 1649 715; x_wconf 81' lang='lat' dir='ltr'><strong>hd</strong></span> <span class='ocrx_word' id='word_1_23' title='bbox 1660 652 1746 734; x_wconf 91' lang='lat' dir='ltr'><strong>quod</strong></span> 
     </span>
     <span class='ocr_line' id='line_1_3' title="bbox 196 746 1746 831; baseline 0.002 -20"><span class='ocrx_word' id='word_1_24' title='bbox 196 758 247 811; x_wconf 83' lang='lat' dir='ltr'><strong>est</strong></span> <span class='ocrx_word' id='word_1_25' title='bbox 268 749 368 827; x_wconf 84' lang='lat' dir='ltr'><strong>enim,</strong></span> <span class='ocrx_word' id='word_1_26' title='bbox 386 750 471 831; x_wconf 92' lang='lat' dir='ltr'><strong>quod</strong></span> <span class='ocrx_word' id='word_1_27' title='bbox 494 769 696 831; x_wconf 87' lang='lat' dir='ltr'><strong>nequaquam</strong></span> <span class='ocrx_word' id='word_1_28' title='bbox 722 750 787 811; x_wconf 90' lang='lat' dir='ltr'><strong>sint</strong></span> <span class='ocrx_word' id='word_1_29' title='bbox 812 746 905 810; x_wconf 90' lang='lat' dir='ltr'><strong>liberi</strong></span> <span class='ocrx_word' id='word_1_30' title='bbox 930 765 949 808; x_wconf 91' lang='lat' dir='ltr'><strong>a</strong></span> <span class='ocrx_word' id='word_1_31' title='bbox 1002 746 1085 823; x_wconf 90' lang='lat' dir='ltr'><strong>dico,</strong></span> <span class='ocrx_word' id='word_1_32' title='bbox 1105 750 1189 830; x_wconf 91' lang='lat' dir='ltr'><strong>quod</strong></span> <span class='ocrx_word' id='word_1_33' title='bbox 1205 751 1351 831; x_wconf 91' lang='lat' dir='ltr'><strong>quamvis</strong></span> <span class='ocrx_word' id='word_1_34' title='bbox 1371 770 1435 815; x_wconf 89' lang='lat' dir='ltr'><strong>non</strong></span> <span class='ocrx_word' id='word_1_35' title='bbox 1452 752 1565 815; x_wconf 88' lang='lat' dir='ltr'><strong>debeat</strong></span> <span class='ocrx_word' id='word_1_36' title='bbox 1585 750 1676 813; x_wconf 90' lang='lat' dir='ltr'><strong>illum</strong></span> <span class='ocrx_word' id='word_1_37' title='bbox 1692 770 1746 814; x_wconf 95' lang='lat' dir='ltr'><strong>oc-</strong></span> 
     </span>
     <span class='ocr_line' id='line_1_4' title="bbox 197 844 1745 930; baseline 0.001 -21"><span class='ocrx_word' id='word_1_38' title='bbox 197 857 330 928; x_wconf 88' lang='lat' dir='ltr'><strong>peocato</strong></span> <span class='ocrx_word' id='word_1_39' title='bbox 350 849 436 930; x_wconf 89' lang='lat' dir='ltr'><strong>apud</strong></span> <span class='ocrx_word' id='word_1_40' title='bbox 451 847 663 925; x_wconf 81' lang='lat' dir='ltr'><strong>Altissimum,</strong></span> <span class='ocrx_word' id='word_1_41' title='bbox 681 848 737 929; x_wconf 90' lang='lat' dir='ltr'><strong>qui</strong></span> <span class='ocrx_word' id='word_1_42' title='bbox 753 866 812 929; x_wconf 94' lang='lat' dir='ltr'><strong>pro</strong></span> <span class='ocrx_word' id='word_1_43' title='bbox 831 844 882 907; x_wconf 90' lang='lat' dir='ltr'><strong>his</strong></span> <span class='ocrx_word' id='word_1_44' title='bbox 897 861 947 906; x_wconf 91' lang='lat' dir='ltr'><strong>re·</strong></span> <span class='ocrx_word' id='word_1_45' title='bbox 1001 844 1119 923; x_wconf 78' lang='lat' dir='ltr'><strong>cidere,</strong></span> <span class='ocrx_word' id='word_1_46' title='bbox 1133 848 1347 928; x_wconf 78' lang='lat' dir='ltr'><strong>pretermisso</strong></span> <span class='ocrx_word' id='word_1_47' title='bbox 1362 850 1474 913; x_wconf 89' lang='lat' dir='ltr'><strong>ordine</strong></span> <span class='ocrx_word' id='word_1_48' title='bbox 1489 848 1582 930; x_wconf 89' lang='lat' dir='ltr'><strong>juris,</strong></span> <span class='ocrx_word' id='word_1_49' title='bbox 1595 858 1701 911; x_wconf 85' lang='lat' dir='ltr'><strong>tamen</strong></span> <span class='ocrx_word' id='word_1_50' title='bbox 1718 849 1745 911; x_wconf 89' lang='lat' dir='ltr'><strong>si</strong></span> 
     </span>
     <span class='ocr_line' id='line_1_5' title="bbox 197 943 1746 1030; baseline 0.001 -21"><span class='ocrx_word' id='word_1_51' title='bbox 197 946 259 1009; x_wconf 91' lang='lat' dir='ltr'><strong>bus</strong></span> <span class='ocrx_word' id='word_1_52' title='bbox 274 965 355 1027; x_wconf 90' lang='lat' dir='ltr'><strong>quas</strong></span> <span class='ocrx_word' id='word_1_53' title='bbox 369 954 575 1010; x_wconf 81' lang='lat' dir='ltr'><strong>contemnere</strong></span> <span class='ocrx_word' id='word_1_54' title='bbox 590 946 875 1029; x_wconf 88' lang='lat' dir='ltr'><strong>oportet,humana</strong></span> <span class='ocrx_word' id='word_1_55' title='bbox 889 960 949 1005; x_wconf 79' lang='lat' dir='ltr'><strong>cae-</strong></span> <span class='ocrx_word' id='word_1_56' title='bbox 1003 943 1092 1005; x_wconf 92' lang='lat' dir='ltr'><strong>novit</strong></span> <span class='ocrx_word' id='word_1_57' title='bbox 1107 954 1226 1008; x_wconf 90' lang='lat' dir='ltr'><strong>secrete</strong></span> <span class='ocrx_word' id='word_1_58' title='bbox 1243 946 1439 1029; x_wconf 81' lang='lat' dir='ltr'><strong>impietatem</strong></span> <span class='ocrx_word' id='word_1_59' title='bbox 1461 948 1573 1030; x_wconf 93' lang='lat' dir='ltr'><strong>ipsius,</strong></span> <span class='ocrx_word' id='word_1_60' title='bbox 1591 956 1696 1030; x_wconf 90' lang='lat' dir='ltr'><strong>potest</strong></span> <span class='ocrx_word' id='word_1_61' title='bbox 1712 967 1746 1011; x_wconf 90' lang='lat' dir='ltr'><strong>se</strong></span> 
     </span>
     <span class='ocr_line' id='line_1_6' title="bbox 196 1042 1746 1129; baseline 0.003 -23"><span class='ocrx_word' id='word_1_62' title='bbox 196 1046 236 1107; x_wconf 92' lang='lat' dir='ltr'><strong>de</strong></span> <span class='ocrx_word' id='word_1_63' title='bbox 251 1046 369 1126; x_wconf 92' lang='lat' dir='ltr'><strong>polluti</strong></span> <span class='ocrx_word' id='word_1_64' title='bbox 390 1054 475 1107; x_wconf 91' lang='lat' dir='ltr'><strong>sunt.</strong></span> <span class='ocrx_word' id='word_1_65' title='bbox 498 1044 558 1109; x_wconf 87' lang='lat' dir='ltr'><strong>Sed</strong></span> <span class='ocrx_word' id='word_1_66' title='bbox 575 1045 660 1108; x_wconf 91' lang='lat' dir='ltr'><strong>istud</strong></span> <span class='ocrx_word' id='word_1_67' title='bbox 686 1045 721 1107; x_wconf 91' lang='lat' dir='ltr'><strong>iu</strong></span> <span class='ocrx_word' id='word_1_68' title='bbox 737 1064 811 1107; x_wconf 91' lang='lat' dir='ltr'><strong>casu</strong></span> <span class='ocrx_word' id='word_1_69' title='bbox 833 1058 948 1125; x_wconf 92' lang='lat' dir='ltr'><strong>propo-</strong></span> <span class='ocrx_word' id='word_1_70' title='bbox 1002 1061 1040 1104; x_wconf 88' lang='lat' dir='ltr'><strong>ex</strong></span> <span class='ocrx_word' id='word_1_71' title='bbox 1051 1042 1107 1105; x_wconf 93' lang='lat' dir='ltr'><strong>illa</strong></span> <span class='ocrx_word' id='word_1_72' title='bbox 1120 1044 1232 1125; x_wconf 81' lang='lat' dir='ltr'><strong>juvare</strong></span> <span class='ocrx_word' id='word_1_73' title='bbox 1243 1046 1355 1108; x_wconf 90' lang='lat' dir='ltr'><strong>notitia</strong></span> <span class='ocrx_word' id='word_1_74' title='bbox 1365 1048 1404 1109; x_wconf 89' lang='lat' dir='ltr'><strong>ad</strong></span> <span class='ocrx_word' id='word_1_75' title='bbox 1420 1048 1655 1129; x_wconf 91' lang='lat' dir='ltr'><strong>procurandum</strong></span> <span class='ocrx_word' id='word_1_76' title='bbox 1664 1049 1746 1110; x_wconf 92' lang='lat' dir='ltr'><strong>ordi-</strong></span> 
     </span>
     <span class='ocr_line' id='line_1_7' title="bbox 196 1138 1745 1228; baseline 0.002 -23"><span class='ocrx_word' id='word_1_77' title='bbox 196 1144 259 1206; x_wconf 89' lang='lat' dir='ltr'><strong>sito</strong></span> <span class='ocrx_word' id='word_1_78' title='bbox 283 1142 390 1209; x_wconf 91' lang='lat' dir='ltr'><strong>locum</strong></span> <span class='ocrx_word' id='word_1_79' title='bbox 416 1162 480 1207; x_wconf 94' lang='lat' dir='ltr'><strong>non</strong></span> <span class='ocrx_word' id='word_1_80' title='bbox 505 1144 612 1221; x_wconf 87' lang='lat' dir='ltr'><strong>habet,</strong></span> <span class='ocrx_word' id='word_1_81' title='bbox 630 1144 707 1224; x_wconf 88' lang='lat' dir='ltr'><strong>quia</strong></span> <span class='ocrx_word' id='word_1_82' title='bbox 731 1142 765 1204; x_wconf 95' lang='lat' dir='ltr'><strong>in</strong></span> <span class='ocrx_word' id='word_1_83' title='bbox 790 1160 865 1204; x_wconf 88' lang='lat' dir='ltr'><strong>casu</strong></span> <span class='ocrx_word' id='word_1_84' title='bbox 892 1138 947 1201; x_wconf 91' lang='lat' dir='ltr'><strong>illo</strong></span> <span class='ocrx_word' id='word_1_85' title='bbox 1004 1150 1075 1204; x_wconf 89' lang='lat' dir='ltr'><strong>nate</strong></span> <span class='ocrx_word' id='word_1_86' title='bbox 1091 1152 1225 1206; x_wconf 92' lang='lat' dir='ltr'><strong>mortem</strong></span> <span class='ocrx_word' id='word_1_87' title='bbox 1241 1144 1343 1225; x_wconf 91' lang='lat' dir='ltr'><strong>ipsius</strong></span> <span class='ocrx_word' id='word_1_88' title='bbox 1359 1165 1416 1227; x_wconf 91' lang='lat' dir='ltr'><strong>per</strong></span> <span class='ocrx_word' id='word_1_89' title='bbox 1431 1165 1554 1227; x_wconf 85' lang='lat' dir='ltr'><strong>poenas,</strong></span> <span class='ocrx_word' id='word_1_90' title='bbox 1568 1146 1745 1228; x_wconf 74' lang='lat' dir='ltr'><strong>presertim</strong></span> 
     </span>
    </p>
   </div>
   <div class='ocr_carea' id='block_1_3' title="bbox 45 1239 1897 5371">
    <p class='ocr_par' dir='ltr' id='par_1_3' title="bbox 45 1239 1897 5371">
     <span class='ocr_line' id='line_1_8' title="bbox 197 1239 1743 1324; baseline 0.002 -21"><span class='ocrx_word' id='word_1_91' title='bbox 197 1260 263 1305; x_wconf 91' lang='lat' dir='ltr'><strong>non</strong></span> <span class='ocrx_word' id='word_1_92' title='bbox 279 1242 435 1324; x_wconf 89' lang='lat' dir='ltr'><strong>polluitur</strong></span> <span class='ocrx_word' id='word_1_93' title='bbox 449 1243 546 1324; x_wconf 79' lang='lat' dir='ltr'><strong>judex</strong></span> <span class='ocrx_word' id='word_1_94' title='bbox 560 1243 646 1305; x_wconf 78' lang='lat' dir='ltr'><strong>caede</strong></span> <span class='ocrx_word' id='word_1_95' title='bbox 659 1242 798 1305; x_wconf 91' lang='lat' dir='ltr'><strong>humana</strong></span> <span class='ocrx_word' id='word_1_96' title='bbox 809 1258 816 1303; x_wconf 74' lang='grc' dir='ltr'>ε</span> <span class='ocrx_word' id='word_1_97' title='bbox 829 1239 948 1302; x_wconf 88' lang='lat' dir='ltr'><strong>idcirco</strong></span> <span class='ocrx_word' id='word_1_98' title='bbox 1002 1239 1029 1301; x_wconf 92' lang='lat' dir='ltr'><strong>si</strong></span> <span class='ocrx_word' id='word_1_99' title='bbox 1045 1239 1101 1303; x_wconf 92' lang='lat' dir='ltr'><strong>ille</strong></span> <span class='ocrx_word' id='word_1_100' title='bbox 1120 1241 1250 1323; x_wconf 89' lang='lat' dir='ltr'><strong>iniquus</strong></span> <span class='ocrx_word' id='word_1_101' title='bbox 1265 1244 1450 1306; x_wconf 85' lang='lat' dir='ltr'><strong>adversetur</strong></span> <span class='ocrx_word' id='word_1_102' title='bbox 1466 1245 1550 1308; x_wconf 93' lang='lat' dir='ltr'><strong>bono</strong></span> <span class='ocrx_word' id='word_1_103' title='bbox 1567 1244 1743 1309; x_wconf 89' lang='lat' dir='ltr'><strong>communi.</strong></span> 
     </span>
     <span class='ocr_line' id='line_1_9' title="bbox 195 1337 1746 1424; baseline 0.002 -22"><span class='ocrx_word' id='word_1_104' title='bbox 195 1342 283 1422; x_wconf 89' lang='lat' dir='ltr'><strong>quod</strong></span> <span class='ocrx_word' id='word_1_105' title='bbox 309 1341 512 1423; x_wconf 90' lang='lat' dir='ltr'><strong>probandum</strong></span> <span class='ocrx_word' id='word_1_106' title='bbox 537 1348 601 1419; x_wconf 91' lang='lat' dir='ltr'><strong>est,</strong></span> <span class='ocrx_word' id='word_1_107' title='bbox 626 1341 755 1424; x_wconf 91' lang='lat' dir='ltr'><strong>petitur.</strong></span> <span class='ocrx_word' id='word_1_108' title='bbox 783 1340 947 1401; x_wconf 79' lang='lat' dir='ltr'><strong>Verumta·</strong></span> <span class='ocrx_word' id='word_1_109' title='bbox 1000 1337 1124 1419; x_wconf 81' lang='lat' dir='ltr'><strong>Allegat</strong></span> <span class='ocrx_word' id='word_1_110' title='bbox 1146 1339 1242 1401; x_wconf 91' lang='lat' dir='ltr'><strong>etiam</strong></span> <span class='ocrx_word' id='word_1_111' title='bbox 1257 1340 1338 1422; x_wconf 82' lang='lat' dir='ltr'><strong>Lyra</strong></span> <span class='ocrx_word' id='word_1_112' title='bbox 1352 1342 1452 1405; x_wconf 88' lang='lat' dir='ltr'><strong>Rabbi</strong></span> <span class='ocrx_word' id='word_1_113' title='bbox 1469 1342 1681 1420; x_wconf 81' lang='lat' dir='ltr'><strong>Salomonem,</strong></span> <span class='ocrx_word' id='word_1_114' title='bbox 1698 1343 1746 1406; x_wconf 88' lang='lat' dir='ltr'><strong>di-</strong></span> 
     </span>
     <span class='ocr_line' id='line_1_10' title="bbox 195 1436 1745 1522; baseline 0.001 -21"><span class='ocrx_word' id='word_1_115' title='bbox 195 1459 272 1502; x_wconf 88' lang='lat' dir='ltr'><strong>mon</strong></span> <span class='ocrx_word' id='word_1_116' title='bbox 295 1440 322 1501; x_wconf 92' lang='lat' dir='ltr'><strong>si</strong></span> <span class='ocrx_word' id='word_1_117' title='bbox 337 1440 434 1522; x_wconf 82' lang='lat' dir='ltr'><strong>judex</strong></span> <span class='ocrx_word' id='word_1_118' title='bbox 450 1441 518 1503; x_wconf 88' lang='lat' dir='ltr'><strong>zelo</strong></span> <span class='ocrx_word' id='word_1_119' title='bbox 531 1440 665 1522; x_wconf 83' lang='lat' dir='ltr'><strong>justitiae</strong></span> <span class='ocrx_word' id='word_1_120' title='bbox 687 1439 797 1501; x_wconf 90' lang='lat' dir='ltr'><strong>mallet</strong></span> <span class='ocrx_word' id='word_1_121' title='bbox 812 1436 947 1519; x_wconf 78' lang='lat' dir='ltr'><strong>dignita·</strong></span> <span class='ocrx_word' id='word_1_122' title='bbox 1001 1445 1146 1499; x_wconf 87' lang='lat' dir='ltr'><strong>centem:</strong></span> <span class='ocrx_word' id='word_1_123' title='bbox 1164 1438 1195 1500; x_wconf 95' lang='lat' dir='ltr'><strong>Si</strong></span> <span class='ocrx_word' id='word_1_124' title='bbox 1212 1438 1239 1499; x_wconf 89' lang='lat' dir='ltr'><strong>is</strong></span> <span class='ocrx_word' id='word_1_125' title='bbox 1254 1439 1311 1520; x_wconf 90' lang='lat' dir='ltr'><strong>qui</strong></span> <span class='ocrx_word' id='word_1_126' title='bbox 1326 1440 1431 1520; x_wconf 89' lang='lat' dir='ltr'><strong>justus</strong></span> <span class='ocrx_word' id='word_1_127' title='bbox 1447 1449 1587 1521; x_wconf 88' lang='lat' dir='ltr'><strong>putatur,</strong></span> <span class='ocrx_word' id='word_1_128' title='bbox 1601 1442 1656 1505; x_wconf 90' lang='lat' dir='ltr'><strong>sed</strong></span> <span class='ocrx_word' id='word_1_129' title='bbox 1672 1460 1745 1505; x_wconf 90' lang='lat' dir='ltr'><strong>reus</strong></span> 
     </span>
     <span class='ocr_line' id='line_1_11' title="bbox 196 1536 1746 1621; baseline 0.003 -22"><span class='ocrx_word' id='word_1_130' title='bbox 196 1546 261 1601; x_wconf 88' lang='lat' dir='ltr'><strong>tem</strong></span> <span class='ocrx_word' id='word_1_131' title='bbox 278 1546 374 1619; x_wconf 88' lang='lat' dir='ltr'><strong>atque</strong></span> <span class='ocrx_word' id='word_1_132' title='bbox 390 1538 538 1603; x_wconf 84' lang='lat' dir='ltr'><strong>oliicium</strong></span> <span class='ocrx_word' id='word_1_133' title='bbox 555 1538 728 1619; x_wconf 83' lang='lat' dir='ltr'><strong>resignare,</strong></span> <span class='ocrx_word' id='word_1_134' title='bbox 742 1556 839 1619; x_wconf 88' lang='lat' dir='ltr'><strong>quam</strong></span> <span class='ocrx_word' id='word_1_135' title='bbox 857 1536 947 1599; x_wconf 94' lang='lat' dir='ltr'><strong>inno·</strong></span> <span class='ocrx_word' id='word_1_136' title='bbox 1001 1542 1059 1611; x_wconf 90' lang='lat' dir='ltr'><strong>est,</strong></span> <span class='ocrx_word' id='word_1_137' title='bbox 1077 1536 1142 1597; x_wconf 84' lang='lat' dir='ltr'><strong>exit</strong></span> <span class='ocrx_word' id='word_1_138' title='bbox 1163 1538 1203 1599; x_wconf 91' lang='lat' dir='ltr'><strong>de</strong></span> <span class='ocrx_word' id='word_1_139' title='bbox 1224 1538 1319 1601; x_wconf 91' lang='lat' dir='ltr'><strong>domo</strong></span> <span class='ocrx_word' id='word_1_140' title='bbox 1340 1538 1464 1619; x_wconf 90' lang='lat' dir='ltr'><strong>judicii,</strong></span> <span class='ocrx_word' id='word_1_141' title='bbox 1483 1548 1634 1621; x_wconf 88' lang='lat' dir='ltr'><strong>tanquam</strong></span> <span class='ocrx_word' id='word_1_142' title='bbox 1655 1539 1746 1603; x_wconf 71' lang='lat' dir='ltr'><strong>inne</strong></span> 
     </span>
     <span class='ocr_line' id='line_1_12' title="bbox 196 1634 1746 1723; baseline 0.001 -24"><span class='ocrx_word' id='word_1_143' title='bbox 196 1646 324 1699; x_wconf 87' lang='lat' dir='ltr'><strong>centem</strong></span> <span class='ocrx_word' id='word_1_144' title='bbox 349 1637 512 1713; x_wconf 90' lang='lat' dir='ltr'><strong>damnare,</strong></span> <span class='ocrx_word' id='word_1_145' title='bbox 538 1635 697 1699; x_wconf 88' lang='lat' dir='ltr'><strong>laudabile</strong></span> <span class='ocrx_word' id='word_1_146' title='bbox 722 1644 824 1709; x_wconf 84' lang='lat' dir='ltr'><strong>essct3</strong></span> <span class='ocrx_word' id='word_1_147' title='bbox 843 1634 900 1697; x_wconf 90' lang='lat' dir='ltr'><strong>sed</strong></span> <span class='ocrx_word' id='word_1_148' title='bbox 919 1634 946 1695; x_wconf 93' lang='lat' dir='ltr'><strong>si</strong></span> <span class='ocrx_word' id='word_1_149' title='bbox 1000 1652 1075 1696; x_wconf 90' lang='lat' dir='ltr'><strong>cens</strong></span> <span class='ocrx_word' id='word_1_150' title='bbox 1091 1655 1110 1697; x_wconf 94' lang='lat' dir='ltr'><strong>a</strong></span> <span class='ocrx_word' id='word_1_151' title='bbox 1125 1636 1260 1700; x_wconf 90' lang='lat' dir='ltr'><strong>crimine</strong></span> <span class='ocrx_word' id='word_1_152' title='bbox 1280 1637 1341 1699; x_wconf 91' lang='lat' dir='ltr'><strong>sibi</strong></span> <span class='ocrx_word' id='word_1_153' title='bbox 1364 1638 1526 1721; x_wconf 92' lang='lat' dir='ltr'><strong>imposito,</strong></span> <span class='ocrx_word' id='word_1_154' title='bbox 1545 1649 1577 1703; x_wconf 92' lang='lat' dir='ltr'><strong>et</strong></span> <span class='ocrx_word' id='word_1_155' title='bbox 1599 1639 1746 1723; x_wconf 90' lang='lat' dir='ltr'><strong>apparuit</strong></span> 
     </span>
     <span class='ocr_line' id='line_1_13' title="bbox 197 1732 1745 1819; baseline 0.003 -22"><span class='ocrx_word' id='word_1_156' title='bbox 197 1735 345 1817; x_wconf 86' lang='lat' dir='ltr'><strong>superior</strong></span> <span class='ocrx_word' id='word_1_157' title='bbox 360 1736 608 1815; x_wconf 79' lang='lat' dir='ltr'><strong>resignationem</strong></span> <span class='ocrx_word' id='word_1_158' title='bbox 627 1754 690 1799; x_wconf 94' lang='lat' dir='ltr'><strong>non</strong></span> <span class='ocrx_word' id='word_1_159' title='bbox 707 1733 947 1816; x_wconf 70' lang='lat' dir='ltr'><strong>acceptetobe-</strong></span> <span class='ocrx_word' id='word_1_160' title='bbox 1000 1732 1117 1815; x_wconf 86' lang='lat' dir='ltr'><strong>aliquis</strong></span> <span class='ocrx_word' id='word_1_161' title='bbox 1132 1736 1188 1817; x_wconf 90' lang='lat' dir='ltr'><strong>qui</strong></span> <span class='ocrx_word' id='word_1_162' title='bbox 1210 1735 1288 1798; x_wconf 91' lang='lat' dir='ltr'><strong>velit</strong></span> <span class='ocrx_word' id='word_1_163' title='bbox 1306 1755 1380 1800; x_wconf 89' lang='lat' dir='ltr'><strong>eum</strong></span> <span class='ocrx_word' id='word_1_164' title='bbox 1400 1738 1536 1819; x_wconf 89' lang='lat' dir='ltr'><strong>probare</strong></span> <span class='ocrx_word' id='word_1_165' title='bbox 1561 1758 1662 1815; x_wconf 87' lang='lat' dir='ltr'><strong>reum,</strong></span> <span class='ocrx_word' id='word_1_166' title='bbox 1681 1758 1745 1803; x_wconf 92' lang='lat' dir='ltr'><strong>non</strong></span> 
     </span>
     <span class='ocr_line' id='line_1_14' title="bbox 197 1834 1748 1918; baseline 0.004 -23"><span class='ocrx_word' id='word_1_167' title='bbox 197 1834 354 1896; x_wconf 88' lang='lat' dir='ltr'><strong>diendnm</strong></span> <span class='ocrx_word' id='word_1_168' title='bbox 369 1842 417 1897; x_wconf 88' lang='lat' dir='ltr'><strong>est</strong></span> <span class='ocrx_word' id='word_1_169' title='bbox 433 1834 474 1897; x_wconf 94' lang='lat' dir='ltr'><strong>ei.</strong></span> <span class='ocrx_word' id='word_1_170' title='bbox 962 1842 985 1903; x_wconf 87' lang='grc' dir='ltr'><strong>Β</strong></span> <span class='ocrx_word' id='word_1_171' title='bbox 1000 1839 1049 1895; x_wconf 90' lang='lat' dir='ltr'><strong>est</strong></span> <span class='ocrx_word' id='word_1_172' title='bbox 1062 1834 1240 1897; x_wconf 89' lang='lat' dir='ltr'><strong>audiendus</strong></span> <span class='ocrx_word' id='word_1_173' title='bbox 1255 1835 1407 1898; x_wconf 90' lang='lat' dir='ltr'><strong>adversus</strong></span> <span class='ocrx_word' id='word_1_174' title='bbox 1422 1836 1530 1911; x_wconf 85' lang='lat' dir='ltr'><strong>illum;</strong></span> <span class='ocrx_word' id='word_1_175' title='bbox 1548 1857 1621 1901; x_wconf 90' lang='lat' dir='ltr'><strong>nam</strong></span> <span class='ocrx_word' id='word_1_176' title='bbox 1637 1858 1748 1918; x_wconf 89' lang='lat' dir='ltr'><strong>quam-</strong></span> 
     </span>
     <span class='ocr_line' id='line_1_15' title="bbox 238 1931 1746 2015; baseline 0.003 -20"><span class='ocrx_word' id='word_1_177' title='bbox 238 1932 327 2007; x_wconf 86' lang='lat' dir='ltr'><strong>Quod</strong></span> <span class='ocrx_word' id='word_1_178' title='bbox 353 1933 380 1995; x_wconf 90' lang='lat' dir='ltr'><strong>si</strong></span> <span class='ocrx_word' id='word_1_179' title='bbox 407 1932 568 2015; x_wconf 74' lang='lat' dir='ltr'><strong>predictis</strong></span> <span class='ocrx_word' id='word_1_180' title='bbox 593 1931 776 2012; x_wconf 88' lang='lat' dir='ltr'><strong>objiciatur,</strong></span> <span class='ocrx_word' id='word_1_181' title='bbox 800 1931 876 2013; x_wconf 91' lang='lat' dir='ltr'><strong>quia</strong></span> <span class='ocrx_word' id='word_1_182' title='bbox 900 1950 949 1992; x_wconf 89' lang='lat' dir='ltr'><strong>se·</strong></span> <span class='ocrx_word' id='word_1_183' title='bbox 1001 1931 1050 1993; x_wconf 92' lang='lat' dir='ltr'><strong>vis</strong></span> <span class='ocrx_word' id='word_1_184' title='bbox 1067 1931 1122 1995; x_wconf 92' lang='lat' dir='ltr'><strong>ille</strong></span> <span class='ocrx_word' id='word_1_185' title='bbox 1137 1934 1250 1996; x_wconf 91' lang='lat' dir='ltr'><strong>evadat</strong></span> <span class='ocrx_word' id='word_1_186' title='bbox 1264 1934 1431 1997; x_wconf 91' lang='lat' dir='ltr'><strong>hominum</strong></span> <span class='ocrx_word' id='word_1_187' title='bbox 1447 1955 1572 2014; x_wconf 90' lang='lat' dir='ltr'><strong>manus,</strong></span> <span class='ocrx_word' id='word_1_188' title='bbox 1590 1937 1746 2001; x_wconf 87' lang='lat' dir='ltr'><strong>tamenin</strong></span> 
     </span>
     <span class='ocr_line' id='line_1_16' title="bbox 197 2028 1747 2115; baseline 0.005 -22"><span class='ocrx_word' id='word_1_189' title='bbox 197 2032 340 2093; x_wconf 92' lang='lat' dir='ltr'><strong>cundum</strong></span> <span class='ocrx_word' id='word_1_190' title='bbox 363 2050 401 2094; x_wconf 89' lang='lat' dir='ltr'><strong>ea</strong></span> <span class='ocrx_word' id='word_1_191' title='bbox 419 2031 546 2093; x_wconf 90' lang='lat' dir='ltr'><strong>videtur</strong></span> <span class='ocrx_word' id='word_1_192' title='bbox 560 2028 679 2092; x_wconf 88' lang='lat' dir='ltr'><strong>Pilatus</strong></span> <span class='ocrx_word' id='word_1_193' title='bbox 694 2030 854 2093; x_wconf 84' lang='lat' dir='ltr'><strong>Christum</strong></span> <span class='ocrx_word' id='word_1_194' title='bbox 880 2028 949 2091; x_wconf 90' lang='lat' dir='ltr'><strong>sine</strong></span> <span class='ocrx_word' id='word_1_195' title='bbox 1001 2029 1055 2093; x_wconf 86' lang='lat' dir='ltr'><strong>llei</strong></span> <span class='ocrx_word' id='word_1_196' title='bbox 1072 2050 1168 2093; x_wconf 92' lang='lat' dir='ltr'><strong>manu</strong></span> <span class='ocrx_word' id='word_1_197' title='bbox 1188 2041 1353 2114; x_wconf 91' lang='lat' dir='ltr'><strong>permanet</strong></span> <span class='ocrx_word' id='word_1_198' title='bbox 1368 2034 1561 2115; x_wconf 88' lang='lat' dir='ltr'><strong>puniendus.</strong></span> <span class='ocrx_word' id='word_1_199' title='bbox 1577 2034 1667 2099; x_wconf 88' lang='lat' dir='ltr'><strong>Circa</strong></span> <span class='ocrx_word' id='word_1_200' title='bbox 1687 2037 1747 2100; x_wconf 90' lang='lat' dir='ltr'><strong>hoc</strong></span> 
     </span>
     <span class='ocr_line' id='line_1_17' title="bbox 200 2118 1747 2213; baseline 0.004 -20"><span class='ocrx_word' id='word_1_201' title='bbox 200 2139 332 2213; x_wconf 89' lang='lat' dir='ltr'><strong>peccato</strong></span> <span class='ocrx_word' id='word_1_202' title='bbox 355 2132 524 2195; x_wconf 90' lang='lat' dir='ltr'><strong>damnasse</strong></span> <span class='ocrx_word' id='word_1_203' title='bbox 548 2130 587 2191; x_wconf 92' lang='lat' dir='ltr'><strong>ad</strong></span> <span class='ocrx_word' id='word_1_204' title='bbox 614 2118 760 2207; x_wconf 83' lang='lat' dir='ltr'><strong>mortem,</strong></span> <span class='ocrx_word' id='word_1_205' title='bbox 784 2128 859 2210; x_wconf 91' lang='lat' dir='ltr'><strong>quia</strong></span> <span class='ocrx_word' id='word_1_206' title='bbox 883 2136 948 2189; x_wconf 92' lang='lat' dir='ltr'><strong>tam</strong></span> <span class='ocrx_word' id='word_1_207' title='bbox 1002 2128 1085 2205; x_wconf 92' lang='lat' dir='ltr'><strong>dico,</strong></span> <span class='ocrx_word' id='word_1_208' title='bbox 1109 2132 1195 2211; x_wconf 86' lang='lat' dir='ltr'><strong>quod</strong></span> <span class='ocrx_word' id='word_1_209' title='bbox 1214 2131 1248 2193; x_wconf 91' lang='lat' dir='ltr'><strong>in</strong></span> <span class='ocrx_word' id='word_1_210' title='bbox 1273 2132 1458 2213; x_wconf 87' lang='lat' dir='ltr'><strong>hujusmodi</strong></span> <span class='ocrx_word' id='word_1_211' title='bbox 1483 2152 1569 2212; x_wconf 86' lang='lat' dir='ltr'><strong>casu,</strong></span> <span class='ocrx_word' id='word_1_212' title='bbox 1587 2134 1615 2195; x_wconf 93' lang='lat' dir='ltr'><strong>si</strong></span> <span class='ocrx_word' id='word_1_213' title='bbox 1639 2137 1747 2199; x_wconf 90' lang='lat' dir='ltr'><strong>evasio</strong></span> 
     </span>
     <span class='ocr_line' id='line_1_18' title="bbox 72 2226 1745 2314; baseline 0.005 -25"><span class='ocrx_word' id='word_1_214' title='bbox 72 2246 163 2289; x_wconf 71' lang='lat' dir='ltr'><strong>narra.</strong></span> <span class='ocrx_word' id='word_1_215' title='bbox 201 2230 296 2292; x_wconf 89' lang='lat' dir='ltr'><strong>multi</strong></span> <span class='ocrx_word' id='word_1_216' title='bbox 312 2238 421 2307; x_wconf 86' lang='lat' dir='ltr'><strong>testes,</strong></span> <span class='ocrx_word' id='word_1_217' title='bbox 439 2229 504 2291; x_wconf 93' lang='lat' dir='ltr'><strong>imo</strong></span> <span class='ocrx_word' id='word_1_218' title='bbox 519 2236 550 2291; x_wconf 88' lang='lat' dir='ltr'><strong>et</strong></span> <span class='ocrx_word' id='word_1_219' title='bbox 570 2227 734 2310; x_wconf 91' lang='lat' dir='ltr'><strong>principes</strong></span> <span class='ocrx_word' id='word_1_220' title='bbox 750 2227 949 2291; x_wconf 89' lang='lat' dir='ltr'><strong>sacerdotum</strong></span> <span class='ocrx_word' id='word_1_221' title='bbox 1003 2226 1049 2289; x_wconf 93' lang='lat' dir='ltr'><strong>rei</strong></span> <span class='ocrx_word' id='word_1_222' title='bbox 1073 2228 1159 2306; x_wconf 79' lang='lat' dir='ltr'><strong>talia,</strong></span> <span class='ocrx_word' id='word_1_223' title='bbox 1176 2228 1218 2290; x_wconf 90' lang='lat' dir='ltr'><strong>sit</strong></span> <span class='ocrx_word' id='word_1_224' title='bbox 1243 2230 1328 2294; x_wconf 93' lang='lat' dir='ltr'><strong>bono</strong></span> <span class='ocrx_word' id='word_1_225' title='bbox 1349 2231 1534 2313; x_wconf 74' lang='lat' dir='ltr'><strong>reipublice</strong></span> <span class='ocrx_word' id='word_1_226' title='bbox 1554 2233 1745 2314; x_wconf 88' lang='lat' dir='ltr'><strong>periculosa,</strong></span> 
     </span>
     <span class='ocr_line' id='line_1_19' title="bbox 45 2310 1747 2410; baseline 0.001 -17"><span class='ocrx_word' id='word_1_227' title='bbox 45 2310 188 2363; x_wconf 76' lang='lat'><strong>¹¹”¹&#39;¹²&#39;²⁰&#39;</strong></span> <span class='ocrx_word' id='word_1_228' title='bbox 201 2336 314 2393; x_wconf 90' lang='lat' dir='ltr'><strong>contra</strong></span> <span class='ocrx_word' id='word_1_229' title='bbox 327 2328 489 2391; x_wconf 88' lang='lat' dir='ltr'><strong>Christum</strong></span> <span class='ocrx_word' id='word_1_230' title='bbox 507 2327 718 2402; x_wconf 87' lang='lat' dir='ltr'><strong>testabantur;</strong></span> <span class='ocrx_word' id='word_1_231' title='bbox 736 2325 885 2389; x_wconf 89' lang='lat' dir='ltr'><strong>similiter</strong></span> <span class='ocrx_word' id='word_1_232' title='bbox 905 2324 952 2387; x_wconf 93' lang='lat' dir='ltr'><strong>vi·</strong></span> <span class='ocrx_word' id='word_1_233' title='bbox 1002 2334 1034 2389; x_wconf 89' lang='lat' dir='ltr'><strong>et</strong></span> <span class='ocrx_word' id='word_1_234' title='bbox 1056 2326 1155 2408; x_wconf 83' lang='lat' dir='ltr'><strong>judex</strong></span> <span class='ocrx_word' id='word_1_235' title='bbox 1174 2328 1382 2410; x_wconf 83' lang='lat' dir='ltr'><strong>probabiliter</strong></span> <span class='ocrx_word' id='word_1_236' title='bbox 1406 2339 1461 2393; x_wconf 91' lang='lat' dir='ltr'><strong>aut</strong></span> <span class='ocrx_word' id='word_1_237' title='bbox 1481 2331 1747 2397; x_wconf 87' lang='lat' dir='ltr'><strong>certitudinaliter</strong></span> 
     </span>
     <span class='ocr_line' id='line_1_20' title="bbox 199 2425 1747 2509; baseline 0.003 -19"><span class='ocrx_word' id='word_1_238' title='bbox 199 2429 354 2491; x_wconf 87' lang='lat' dir='ltr'><strong>darentur</strong></span> <span class='ocrx_word' id='word_1_239' title='bbox 379 2426 552 2491; x_wconf 79' lang='lat' dir='ltr'><strong>excusandi</strong></span> <span class='ocrx_word' id='word_1_240' title='bbox 568 2426 624 2508; x_wconf 84' lang='lat' dir='ltr'><strong>qui</strong></span> <span class='ocrx_word' id='word_1_241' title='bbox 640 2425 800 2489; x_wconf 90' lang='lat' dir='ltr'><strong>Christum</strong></span> <span class='ocrx_word' id='word_1_242' title='bbox 823 2432 854 2488; x_wconf 89' lang='lat' dir='ltr'><strong>et</strong></span> <span class='ocrx_word' id='word_1_243' title='bbox 880 2443 951 2487; x_wconf 89' lang='lat' dir='ltr'><strong>san·</strong></span> <span class='ocrx_word' id='word_1_244' title='bbox 1002 2425 1082 2489; x_wconf 88' lang='lat' dir='ltr'><strong>sciat</strong></span> <span class='ocrx_word' id='word_1_245' title='bbox 1099 2428 1185 2508; x_wconf 84' lang='lat' dir='ltr'><strong>quod</strong></span> <span class='ocrx_word' id='word_1_246' title='bbox 1201 2426 1317 2507; x_wconf 84' lang='lat' dir='ltr'><strong>dignus</strong></span> <span class='ocrx_word' id='word_1_247' title='bbox 1339 2428 1380 2491; x_wconf 92' lang='lat' dir='ltr'><strong>sit</strong></span> <span class='ocrx_word' id='word_1_248' title='bbox 1394 2438 1507 2509; x_wconf 90' lang='lat' dir='ltr'><strong>morte,</strong></span> <span class='ocrx_word' id='word_1_249' title='bbox 1525 2431 1621 2495; x_wconf 90' lang='lat' dir='ltr'><strong>dehet</strong></span> <span class='ocrx_word' id='word_1_250' title='bbox 1635 2432 1747 2495; x_wconf 88' lang='lat' dir='ltr'><strong>audire</strong></span> 
     </span>
     <span class='ocr_line' id='line_1_21' title="bbox 199 2524 1748 2607; baseline 0.005 -17"><span class='ocrx_word' id='word_1_251' title='bbox 199 2534 268 2590; x_wconf 87' lang='lat' dir='ltr'><strong>ctos</strong></span> <span class='ocrx_word' id='word_1_252' title='bbox 278 2534 436 2607; x_wconf 83' lang='lat' dir='ltr'><strong>martyres</strong></span> <span class='ocrx_word' id='word_1_253' title='bbox 446 2524 631 2589; x_wconf 91' lang='lat' dir='ltr'><strong>occiderunt</strong></span> <span class='ocrx_word' id='word_1_254' title='bbox 642 2542 680 2586; x_wconf 82' lang='lat' dir='ltr'><strong>ex</strong></span> <span class='ocrx_word' id='word_1_255' title='bbox 690 2531 848 2606; x_wconf 76' lang='lat' dir='ltr'><strong>precepto</strong></span> <span class='ocrx_word' id='word_1_256' title='bbox 859 2541 951 2603; x_wconf 91' lang='lat' dir='ltr'><strong>supe·</strong></span> <span class='ocrx_word' id='word_1_257' title='bbox 1002 2534 1221 2589; x_wconf 90' lang='lat' dir='ltr'><strong>occurrentem</strong></span> <span class='ocrx_word' id='word_1_258' title='bbox 1236 2536 1472 2591; x_wconf 77' lang='lat' dir='ltr'><strong>accusatorem:</strong></span> <span class='ocrx_word' id='word_1_259' title='bbox 1490 2550 1550 2594; x_wconf 89' lang='lat' dir='ltr'><strong>nec</strong></span> <span class='ocrx_word' id='word_1_260' title='bbox 1565 2531 1650 2595; x_wconf 91' lang='lat' dir='ltr'><strong>valet</strong></span> <span class='ocrx_word' id='word_1_261' title='bbox 1666 2532 1748 2597; x_wconf 91' lang='lat' dir='ltr'><strong>ratio</strong></span> 
     </span>
     <span class='ocr_line' id='line_1_22' title="bbox 200 2621 1748 2711; baseline 0.005 -24"><span class='ocrx_word' id='word_1_262' title='bbox 200 2624 324 2689; x_wconf 90' lang='lat' dir='ltr'><strong>riorum</strong></span> <span class='ocrx_word' id='word_1_263' title='bbox 340 2623 721 2705; x_wconf 78' lang='lat' dir='ltr'><strong>suorumzrespondctur,</strong></span> <span class='ocrx_word' id='word_1_264' title='bbox 731 2622 817 2703; x_wconf 90' lang='lat' dir='ltr'><strong>quod</strong></span> <span class='ocrx_word' id='word_1_265' title='bbox 832 2621 950 2683; x_wconf 85' lang='lat' dir='ltr'><strong>Pilatus</strong></span> <span class='ocrx_word' id='word_1_266' title='bbox 1003 2624 1042 2686; x_wconf 93' lang='lat' dir='ltr'><strong>ad</strong></span> <span class='ocrx_word' id='word_1_267' title='bbox 1064 2624 1247 2706; x_wconf 91' lang='lat' dir='ltr'><strong>oppositum</strong></span> <span class='ocrx_word' id='word_1_268' title='bbox 1269 2626 1439 2707; x_wconf 78' lang='lat' dir='ltr'><strong>assignata,</strong></span> <span class='ocrx_word' id='word_1_269' title='bbox 1463 2629 1540 2711; x_wconf 91' lang='lat' dir='ltr'><strong>quia</strong></span> <span class='ocrx_word' id='word_1_270' title='bbox 1563 2633 1675 2694; x_wconf 88' lang='lat' dir='ltr'><strong>eadem</strong></span> <span class='ocrx_word' id='word_1_271' title='bbox 1701 2651 1748 2695; x_wconf 89' lang='lat' dir='ltr'><strong>ra-</strong></span> 
     </span>
     <span class='ocr_line' id='line_1_23' title="bbox 58 2720 1745 2813; baseline 0.005 -28"><span class='ocrx_word' id='word_1_272' title='bbox 58 2734 121 2777; x_wconf 71' lang='lat' dir='ltr'><strong>did-</strong></span> <span class='ocrx_word' id='word_1_273' title='bbox 134 2736 169 2775; x_wconf 74' lang='lat'><strong>18·</strong></span> <span class='ocrx_word' id='word_1_274' title='bbox 199 2724 307 2789; x_wconf 87' lang='lat' dir='ltr'><strong>sciens</strong></span> <span class='ocrx_word' id='word_1_275' title='bbox 326 2722 489 2786; x_wconf 90' lang='lat' dir='ltr'><strong>Christum</strong></span> <span class='ocrx_word' id='word_1_276' title='bbox 513 2741 551 2785; x_wconf 85' lang='lat' dir='ltr'><strong>ex</strong></span> <span class='ocrx_word' id='word_1_277' title='bbox 573 2720 696 2784; x_wconf 90' lang='lat' dir='ltr'><strong>invidia</strong></span> <span class='ocrx_word' id='word_1_278' title='bbox 717 2721 880 2797; x_wconf 91' lang='lat' dir='ltr'><strong>traditum,</strong></span> <span class='ocrx_word' id='word_1_279' title='bbox 903 2738 951 2782; x_wconf 88' lang='lat' dir='ltr'><strong>se·</strong></span> <span class='ocrx_word' id='word_1_280' title='bbox 1002 2723 1090 2786; x_wconf 89' lang='lat' dir='ltr'><strong>tione</strong></span> <span class='ocrx_word' id='word_1_281' title='bbox 1099 2722 1235 2805; x_wconf 88' lang='lat' dir='ltr'><strong>quilibet</strong></span> <span class='ocrx_word' id='word_1_282' title='bbox 1251 2743 1323 2788; x_wconf 90' lang='lat' dir='ltr'><strong>reus</strong></span> <span class='ocrx_word' id='word_1_283' title='bbox 1339 2734 1423 2790; x_wconf 88' lang='lat' dir='ltr'><strong>esset</strong></span> <span class='ocrx_word' id='word_1_284' title='bbox 1437 2728 1659 2809; x_wconf 89' lang='lat' dir='ltr'><strong>dimittendus,</strong></span> <span class='ocrx_word' id='word_1_285' title='bbox 1668 2748 1745 2813; x_wconf 84' lang='lat' dir='ltr'><strong>quo</strong></span> 
     </span>
     <span class='ocr_line' id='line_1_24' title="bbox 197 2818 1746 2905; baseline 0.003 -18"><span class='ocrx_word' id='word_1_286' title='bbox 197 2842 262 2905; x_wconf 90' lang='lat' dir='ltr'><strong>que</strong></span> <span class='ocrx_word' id='word_1_287' title='bbox 287 2840 383 2905; x_wconf 87' lang='lat' dir='ltr'><strong>posse</strong></span> <span class='ocrx_word' id='word_1_288' title='bbox 402 2841 476 2885; x_wconf 87' lang='lat' dir='ltr'><strong>eum</strong></span> <span class='ocrx_word' id='word_1_289' title='bbox 496 2839 618 2899; x_wconf 90' lang='lat' dir='ltr'><strong>eruere,</strong></span> <span class='ocrx_word' id='word_1_290' title='bbox 637 2837 702 2884; x_wconf 91' lang='lat' dir='ltr'><strong>uon</strong></span> <span class='ocrx_word' id='word_1_291' title='bbox 722 2818 847 2883; x_wconf 87' lang='lat' dir='ltr'><strong>remisit</strong></span> <span class='ocrx_word' id='word_1_292' title='bbox 865 2818 950 2900; x_wconf 88' lang='lat' dir='ltr'><strong>judi·</strong></span> <span class='ocrx_word' id='word_1_293' title='bbox 1003 2820 1090 2883; x_wconf 90' lang='lat' dir='ltr'><strong>niam</strong></span> <span class='ocrx_word' id='word_1_294' title='bbox 1117 2829 1411 2905; x_wconf 84' lang='lat' dir='ltr'><strong>quantumcumque</strong></span> <span class='ocrx_word' id='word_1_295' title='bbox 1435 2826 1602 2890; x_wconf 91' lang='lat' dir='ltr'><strong>hominum</strong></span> <span class='ocrx_word' id='word_1_296' title='bbox 1631 2848 1746 2892; x_wconf 89' lang='lat' dir='ltr'><strong>manus</strong></span> 
     </span>
     <span class='ocr_line' id='line_1_25' title="bbox 195 2917 1749 3007; baseline 0.004 -22"><span class='ocrx_word' id='word_1_297' title='bbox 195 2920 283 2985; x_wconf 90' lang='lat' dir='ltr'><strong>cium</strong></span> <span class='ocrx_word' id='word_1_298' title='bbox 300 2921 373 3002; x_wconf 88' lang='lat' dir='ltr'><strong>ejus</strong></span> <span class='ocrx_word' id='word_1_299' title='bbox 388 2917 949 3002; x_wconf 82' lang='lat' dir='ltr'><strong>adsuperiorem.hdaliud&#39;lhomas</strong></span> <span class='ocrx_word' id='word_1_300' title='bbox 1002 2920 1126 2996; x_wconf 88' lang='lat' dir='ltr'><strong>evadat,</strong></span> <span class='ocrx_word' id='word_1_301' title='bbox 1149 2927 1256 2982; x_wconf 88' lang='lat' dir='ltr'><strong>tamen</strong></span> <span class='ocrx_word' id='word_1_302' title='bbox 1281 2920 1514 3004; x_wconf 88' lang='lat' dir='ltr'><strong>Omnipotentis</strong></span> <span class='ocrx_word' id='word_1_303' title='bbox 1541 2928 1653 3007; x_wconf 88' lang='lat' dir='ltr'><strong>nequit</strong></span> <span class='ocrx_word' id='word_1_304' title='bbox 1676 2948 1749 2993; x_wconf 88' lang='lat' dir='ltr'><strong>eva-</strong></span> 
     </span>
     <span class='ocr_line' id='line_1_26' title="bbox 193 3015 1235 3103; baseline -0.004 -20"><span class='ocrx_word' id='word_1_305' title='bbox 193 3022 371 3103; x_wconf 87' lang='lat' dir='ltr'><strong>respcndet</strong></span> <span class='ocrx_word' id='word_1_306' title='bbox 388 3036 395 3082; x_wconf 93' lang='lat'><strong>:</strong></span> <span class='ocrx_word' id='word_1_307' title='bbox 413 3018 555 3082; x_wconf 87' lang='lat' dir='ltr'><strong>llinister</strong></span> <span class='ocrx_word' id='word_1_308' title='bbox 569 3016 687 3099; x_wconf 88' lang='lat' dir='ltr'><strong>judicis</strong></span> <span class='ocrx_word' id='word_1_309' title='bbox 700 3015 802 3099; x_wconf 74' lang='lat' dir='ltr'><strong>Judici</strong></span> <span class='ocrx_word' id='word_1_310' title='bbox 818 3015 949 3079; x_wconf 89' lang='lat' dir='ltr'><strong>obedire</strong></span> <span class='ocrx_word' id='word_1_311' title='bbox 966 3022 988 3086; x_wconf 88' lang='lat' dir='ltr'><strong>C</strong></span> <span class='ocrx_word' id='word_1_312' title='bbox 1003 3018 1078 3081; x_wconf 90' lang='lat' dir='ltr'><strong>dere</strong></span> <span class='ocrx_word' id='word_1_313' title='bbox 1093 3036 1235 3079; x_wconf 90' lang='lat' dir='ltr'><strong>manum.</strong></span> 
     </span>
     <span class='ocr_line' id='line_1_27' title="bbox 192 3114 1746 3201; baseline 0.002 -17"><span class='ocrx_word' id='word_1_314' title='bbox 192 3138 258 3185; x_wconf 91' lang='lat' dir='ltr'><strong>non</strong></span> <span class='ocrx_word' id='word_1_315' title='bbox 277 3120 385 3197; x_wconf 88' lang='lat' dir='ltr'><strong>debet,</strong></span> <span class='ocrx_word' id='word_1_316' title='bbox 403 3117 431 3181; x_wconf 91' lang='lat' dir='ltr'><strong>si</strong></span> <span class='ocrx_word' id='word_1_317' title='bbox 447 3117 517 3199; x_wconf 87' lang='lat' dir='ltr'><strong>ejus</strong></span> <span class='ocrx_word' id='word_1_318' title='bbox 533 3116 693 3181; x_wconf 88' lang='lat' dir='ltr'><strong>sententia</strong></span> <span class='ocrx_word' id='word_1_319' title='bbox 707 3114 943 3180; x_wconf 88' lang='lat' dir='ltr'><strong>intolerabilem</strong></span> <span class='ocrx_word' id='word_1_320' title='bbox 1042 3115 1150 3198; x_wconf 88' lang='lat' dir='ltr'><strong>ltaque</strong></span> <span class='ocrx_word' id='word_1_321' title='bbox 1164 3116 1323 3180; x_wconf 90' lang='lat' dir='ltr'><strong>insontem</strong></span> <span class='ocrx_word' id='word_1_322' title='bbox 1343 3126 1375 3181; x_wconf 89' lang='lat' dir='ltr'><strong>et</strong></span> <span class='ocrx_word' id='word_1_323' title='bbox 1388 3118 1510 3199; x_wconf 86' lang='lat' dir='ltr'><strong>justum</strong></span> <span class='ocrx_word' id='word_1_324' title='bbox 1526 3140 1591 3185; x_wconf 93' lang='lat' dir='ltr'><strong>non</strong></span> <span class='ocrx_word' id='word_1_325' title='bbox 1606 3123 1746 3201; x_wconf 90' lang='lat' dir='ltr'><strong>occides,</strong></span> 
     </span>
     <span class='ocr_line' id='line_1_28' title="bbox 193 3214 1749 3304; baseline 0.004 -25"><span class='ocrx_word' id='word_1_326' title='bbox 193 3218 341 3283; x_wconf 89' lang='lat' dir='ltr'><strong>includat</strong></span> <span class='ocrx_word' id='word_1_327' title='bbox 360 3234 502 3281; x_wconf 88' lang='lat' dir='ltr'><strong>errorem</strong></span> <span class='ocrx_word' id='word_1_328' title='bbox 520 3234 527 3277; x_wconf 93' lang='lat'><strong>:</strong></span> <span class='ocrx_word' id='word_1_329' title='bbox 545 3215 625 3278; x_wconf 89' lang='lat' dir='ltr'><strong>alias</strong></span> <span class='ocrx_word' id='word_1_330' title='bbox 640 3222 867 3279; x_wconf 84' lang='lat' dir='ltr'><strong>excusarentur</strong></span> <span class='ocrx_word' id='word_1_331' title='bbox 882 3231 950 3276; x_wconf 91' lang='lat' dir='ltr'><strong>car·</strong></span> <span class='ocrx_word' id='word_1_332' title='bbox 1003 3232 1062 3277; x_wconf 90' lang='lat' dir='ltr'><strong>nee</strong></span> <span class='ocrx_word' id='word_1_333' title='bbox 1082 3214 1247 3296; x_wconf 88' lang='lat' dir='ltr'><strong>permittes</strong></span> <span class='ocrx_word' id='word_1_334' title='bbox 1269 3215 1382 3293; x_wconf 88' lang='lat' dir='ltr'><strong>occidi,</strong></span> <span class='ocrx_word' id='word_1_335' title='bbox 1400 3217 1427 3279; x_wconf 90' lang='lat' dir='ltr'><strong>si</strong></span> <span class='ocrx_word' id='word_1_336' title='bbox 1449 3219 1676 3284; x_wconf 87' lang='lat' dir='ltr'><strong>convenienter</strong></span> <span class='ocrx_word' id='word_1_337' title='bbox 1692 3240 1749 3304; x_wconf 76' lang='lat' dir='ltr'><strong>pc</strong></span> 
     </span>
     <span class='ocr_line' id='line_1_29' title="bbox 192 3312 1748 3398; baseline 0.003 -19"><span class='ocrx_word' id='word_1_338' title='bbox 192 3316 312 3381; x_wconf 88' lang='lat' dir='ltr'><strong>uilices</strong></span> <span class='ocrx_word' id='word_1_339' title='bbox 337 3316 394 3398; x_wconf 91' lang='lat' dir='ltr'><strong>qui</strong></span> <span class='ocrx_word' id='word_1_340' title='bbox 416 3324 542 3378; x_wconf 90' lang='lat' dir='ltr'><strong>sanctos</strong></span> <span class='ocrx_word' id='word_1_341' title='bbox 568 3322 723 3395; x_wconf 86' lang='lat' dir='ltr'><strong>martyres</strong></span> <span class='ocrx_word' id='word_1_342' title='bbox 748 3313 946 3377; x_wconf 88' lang='lat' dir='ltr'><strong>occiderunt.</strong></span> <span class='ocrx_word' id='word_1_343' title='bbox 1004 3313 1081 3376; x_wconf 90' lang='lat' dir='ltr'><strong>teris</strong></span> <span class='ocrx_word' id='word_1_344' title='bbox 1096 3312 1272 3395; x_wconf 90' lang='lat' dir='ltr'><strong>impedire:</strong></span> <span class='ocrx_word' id='word_1_345' title='bbox 1289 3317 1370 3394; x_wconf 80' lang='lat' dir='ltr'><strong>quic</strong></span> <span class='ocrx_word' id='word_1_346' title='bbox 1384 3336 1514 3378; x_wconf 85' lang='lat' dir='ltr'><strong>aversor</strong></span> <span class='ocrx_word' id='word_1_347' title='bbox 1523 3320 1678 3397; x_wconf 81' lang='lat' dir='ltr'><strong>impium,</strong></span> <span class='ocrx_word' id='word_1_348' title='bbox 1689 3320 1748 3384; x_wconf 92' lang='lat' dir='ltr'><strong>hoc</strong></span> 
     </span>
     <span class='ocr_line' id='line_1_30' title="bbox 194 3410 1582 3494; baseline 0 -15"><span class='ocrx_word' id='word_1_349' title='bbox 194 3416 354 3481; x_wconf 82' lang='lat' dir='ltr'><strong>Siculam</strong></span> <span class='ocrx_word' id='word_1_350' title='bbox 377 3433 441 3478; x_wconf 91' lang='lat' dir='ltr'><strong>nou</strong></span> <span class='ocrx_word' id='word_1_351' title='bbox 467 3414 612 3477; x_wconf 88' lang='lat' dir='ltr'><strong>continet</strong></span> <span class='ocrx_word' id='word_1_352' title='bbox 633 3412 825 3494; x_wconf 89' lang='lat' dir='ltr'><strong>injustitiam</strong></span> <span class='ocrx_word' id='word_1_353' title='bbox 851 3410 950 3474; x_wconf 89' lang='lat' dir='ltr'><strong>mani·</strong></span> <span class='ocrx_word' id='word_1_354' title='bbox 1005 3420 1062 3489; x_wconf 89' lang='lat' dir='ltr'><strong>est,</strong></span> <span class='ocrx_word' id='word_1_355' title='bbox 1080 3411 1179 3494; x_wconf 91' lang='lat' dir='ltr'><strong>impie</strong></span> <span class='ocrx_word' id='word_1_356' title='bbox 1192 3412 1389 3493; x_wconf 81' lang='lat' dir='ltr'><strong>judicantem</strong></span> <span class='ocrx_word' id='word_1_357' title='bbox 1405 3415 1582 3481; x_wconf 90' lang='lat' dir='ltr'><strong>abominor.</strong></span> 
     </span>
     <span class='ocr_line' id='line_1_31' title="bbox 198 3510 1747 3595; baseline 0.002 -18"><span class='ocrx_word' id='word_1_358' title='bbox 198 3515 328 3591; x_wconf 82' lang='lat' dir='ltr'><strong>festam,</strong></span> <span class='ocrx_word' id='word_1_359' title='bbox 347 3532 412 3577; x_wconf 90' lang='lat' dir='ltr'><strong>uon</strong></span> <span class='ocrx_word' id='word_1_360' title='bbox 435 3518 546 3595; x_wconf 89' lang='lat' dir='ltr'><strong>peccat</strong></span> <span class='ocrx_word' id='word_1_361' title='bbox 570 3510 717 3574; x_wconf 89' lang='lat' dir='ltr'><strong>minister</strong></span> <span class='ocrx_word' id='word_1_362' title='bbox 739 3512 809 3592; x_wconf 86' lang='lat' dir='ltr'><strong>ejus</strong></span> <span class='ocrx_word' id='word_1_363' title='bbox 825 3517 951 3573; x_wconf 88' lang='lat' dir='ltr'><strong>senten-</strong></span> <span class='ocrx_word' id='word_1_364' title='bbox 1045 3512 1110 3574; x_wconf 86' lang='lat' dir='ltr'><strong>Nec</strong></span> <span class='ocrx_word' id='word_1_365' title='bbox 1140 3514 1276 3588; x_wconf 77' lang='lat' dir='ltr'><strong>accipiar</strong></span> <span class='ocrx_word' id='word_1_366' title='bbox 1307 3532 1457 3585; x_wconf 74' lang='lat' dir='ltr'><strong>tannem,</strong></span> <span class='ocrx_word' id='word_1_367' title='bbox 1483 3536 1555 3595; x_wconf 78' lang='lat' dir='ltr'><strong>qtae</strong></span> <span class='ocrx_word' id='word_1_368' title='bbox 1585 3529 1747 3580; x_wconf 78' lang='lat' dir='ltr'><strong>aecaecant</strong></span> 
     </span>
     <span class='ocr_line' id='line_1_32' title="bbox 197 3608 1750 3696; baseline 0.003 -22"><span class='ocrx_word' id='word_1_369' title='bbox 197 3614 274 3676; x_wconf 89' lang='lat' dir='ltr'><strong>tiam</strong></span> <span class='ocrx_word' id='word_1_370' title='bbox 298 3611 504 3694; x_wconf 83' lang='lat' dir='ltr'><strong>exsequendo</strong></span> <span class='ocrx_word' id='word_1_371' title='bbox 531 3628 538 3672; x_wconf 93' lang='lat'>:</span> <span class='ocrx_word' id='word_1_372' title='bbox 565 3610 641 3692; x_wconf 90' lang='lat' dir='ltr'><strong>quia</strong></span> <span class='ocrx_word' id='word_1_373' title='bbox 668 3628 732 3672; x_wconf 92' lang='lat' dir='ltr'><strong>non</strong></span> <span class='ocrx_word' id='word_1_374' title='bbox 762 3616 885 3691; x_wconf 87' lang='lat' dir='ltr'><strong>spectat</strong></span> <span class='ocrx_word' id='word_1_375' title='bbox 910 3608 950 3669; x_wconf 92' lang='lat' dir='ltr'><strong>ad</strong></span> <span class='ocrx_word' id='word_1_376' title='bbox 1004 3610 1102 3669; x_wconf 84' lang='lat' dir='ltr'><strong>etiam</strong></span> <span class='ocrx_word' id='word_1_377' title='bbox 1118 3612 1305 3685; x_wconf 79' lang='lat' dir='ltr'><strong>prudentes,</strong></span> <span class='ocrx_word' id='word_1_378' title='bbox 1321 3620 1351 3671; x_wconf 85' lang='lat' dir='ltr'><strong>et</strong></span> <span class='ocrx_word' id='word_1_379' title='bbox 1367 3614 1556 3676; x_wconf 64' lang='lat' dir='ltr'><strong>statement</strong></span> <span class='ocrx_word' id='word_1_380' title='bbox 1580 3619 1675 3677; x_wconf 84' lang='lat' dir='ltr'><strong>verba</strong></span> <span class='ocrx_word' id='word_1_381' title='bbox 1691 3619 1750 3696; x_wconf 68' lang='lat' dir='ltr'><strong>jac</strong></span> 
     </span>
     <span class='ocr_line' id='line_1_33' title="bbox 196 3705 1750 3793; baseline 0.003 -20"><span class='ocrx_word' id='word_1_382' title='bbox 196 3731 283 3789; x_wconf 90' lang='lat' dir='ltr'><strong>oum,</strong></span> <span class='ocrx_word' id='word_1_383' title='bbox 302 3710 480 3792; x_wconf 88' lang='lat' dir='ltr'><strong>superioris</strong></span> <span class='ocrx_word' id='word_1_384' title='bbox 496 3710 546 3772; x_wconf 90' lang='lat' dir='ltr'><strong>sui</strong></span> <span class='ocrx_word' id='word_1_385' title='bbox 561 3709 720 3771; x_wconf 89' lang='lat' dir='ltr'><strong>discutere</strong></span> <span class='ocrx_word' id='word_1_386' title='bbox 736 3707 948 3783; x_wconf 88' lang='lat' dir='ltr'><strong>sententiam;</strong></span> <span class='ocrx_word' id='word_1_387' title='bbox 1004 3714 1137 3766; x_wconf 80' lang='lat' dir='ltr'><strong>storum.</strong></span> <span class='ocrx_word' id='word_1_388' title='bbox 1160 3705 1218 3767; x_wconf 91' lang='lat' dir='ltr'><strong>Per</strong></span> <span class='ocrx_word' id='word_1_389' title='bbox 1243 3706 1327 3769; x_wconf 91' lang='lat' dir='ltr'><strong>istud</strong></span> <span class='ocrx_word' id='word_1_390' title='bbox 1354 3727 1418 3772; x_wconf 94' lang='lat' dir='ltr'><strong>non</strong></span> <span class='ocrx_word' id='word_1_391' title='bbox 1443 3711 1655 3793; x_wconf 91' lang='lat' dir='ltr'><strong>prohibentur</strong></span> <span class='ocrx_word' id='word_1_392' title='bbox 1677 3714 1750 3777; x_wconf 94' lang='lat' dir='ltr'><strong>uni-</strong></span> 
     </span>
     <span class='ocr_line' id='line_1_34' title="bbox 196 3803 1746 3891; baseline 0.001 -17"><span class='ocrx_word' id='word_1_393' title='bbox 196 3818 231 3874; x_wconf 92' lang='lat' dir='ltr'><strong>ct</strong></span> <span class='ocrx_word' id='word_1_394' title='bbox 247 3818 323 3873; x_wconf 88' lang='lat' dir='ltr'><strong>tunc</strong></span> <span class='ocrx_word' id='word_1_395' title='bbox 341 3811 411 3891; x_wconf 89' lang='lat' dir='ltr'><strong>ipse</strong></span> <span class='ocrx_word' id='word_1_396' title='bbox 434 3828 498 3871; x_wconf 92' lang='lat' dir='ltr'><strong>non</strong></span> <span class='ocrx_word' id='word_1_397' title='bbox 521 3808 639 3872; x_wconf 90' lang='lat' dir='ltr'><strong>occidit</strong></span> <span class='ocrx_word' id='word_1_398' title='bbox 661 3808 877 3883; x_wconf 87' lang='lat' dir='ltr'><strong>innocentem,</strong></span> <span class='ocrx_word' id='word_1_399' title='bbox 896 3805 950 3867; x_wconf 91' lang='lat' dir='ltr'><strong>sed</strong></span> <span class='ocrx_word' id='word_1_400' title='bbox 1006 3803 1171 3865; x_wconf 90' lang='lat' dir='ltr'><strong>versaliter</strong></span> <span class='ocrx_word' id='word_1_401' title='bbox 1187 3803 1272 3867; x_wconf 90' lang='lat' dir='ltr'><strong>datio</strong></span> <span class='ocrx_word' id='word_1_402' title='bbox 1290 3813 1384 3886; x_wconf 89' lang='lat' dir='ltr'><strong>atque</strong></span> <span class='ocrx_word' id='word_1_403' title='bbox 1404 3810 1546 3891; x_wconf 88' lang='lat' dir='ltr'><strong>acceptio</strong></span> <span class='ocrx_word' id='word_1_404' title='bbox 1566 3831 1746 3890; x_wconf 91' lang='lat' dir='ltr'><strong>munerum,</strong></span> 
     </span>
     <span class='ocr_line' id='line_1_35' title="bbox 193 3900 1897 3987; baseline 0.005 -18"><span class='ocrx_word' id='word_1_405' title='bbox 193 3906 307 3987; x_wconf 86' lang='lat' dir='ltr'><strong>judex.</strong></span> <span class='ocrx_word' id='word_1_406' title='bbox 326 3905 410 3968; x_wconf 87' lang='lat' dir='ltr'><strong>Deus</strong></span> <span class='ocrx_word' id='word_1_407' title='bbox 432 3912 539 3967; x_wconf 91' lang='lat' dir='ltr'><strong>autem</strong></span> <span class='ocrx_word' id='word_1_408' title='bbox 560 3903 660 3965; x_wconf 84' lang='lat' dir='ltr'><strong>iidem</strong></span> <span class='ocrx_word' id='word_1_409' title='bbox 686 3909 860 3983; x_wconf 76' lang='lat' dir='ltr'><strong>martyrum</strong></span> <span class='ocrx_word' id='word_1_410' title='bbox 886 3908 950 3962; x_wconf 88' lang='lat' dir='ltr'><strong>tam</strong></span> <span class='ocrx_word' id='word_1_411' title='bbox 1005 3920 1106 3982; x_wconf 84' lang='lat' dir='ltr'><strong>quum</strong></span> <span class='ocrx_word' id='word_1_412' title='bbox 1121 3900 1205 3965; x_wconf 89' lang='lat' dir='ltr'><strong>dieat</strong></span> <span class='ocrx_word' id='word_1_413' title='bbox 1221 3902 1362 3967; x_wconf 87' lang='lat' dir='ltr'><strong>Salvator</strong></span> <span class='ocrx_word' id='word_1_414' title='bbox 1380 3906 1486 3983; x_wconf 66' lang='lat' dir='ltr'><strong>:Data</strong></span> <span class='ocrx_word' id='word_1_415' title='bbox 1504 3916 1536 3970; x_wconf 91' lang='lat' dir='ltr'><strong>et</strong></span> <span class='ocrx_word' id='word_1_416' title='bbox 1550 3910 1678 3975; x_wconf 90' lang='lat' dir='ltr'><strong>dabitur</strong></span> <span class='ocrx_word' id='word_1_417' title='bbox 1694 3931 1749 3975; x_wconf 92' lang='lat' dir='ltr'><strong>vo-</strong></span> <span class='ocrx_word' id='word_1_418' title='bbox 1765 3933 1897 3985; x_wconf 60' lang='lat' dir='ltr'><strong>turmas.</strong></span> 
     </span>
     <span class='ocr_line' id='line_1_36' title="bbox 197 3999 1749 4086; baseline 0.002 -15"><span class='ocrx_word' id='word_1_419' title='bbox 197 4006 369 4071; x_wconf 83' lang='lat' dir='ltr'><strong>evidenter</strong></span> <span class='ocrx_word' id='word_1_420' title='bbox 386 4001 534 4085; x_wconf 92' lang='lat' dir='ltr'><strong>probavit</strong></span> <span class='ocrx_word' id='word_1_421' title='bbox 549 4019 606 4084; x_wconf 90' lang='lat' dir='ltr'><strong>per</strong></span> <span class='ocrx_word' id='word_1_422' title='bbox 626 3999 825 4063; x_wconf 86' lang='lat' dir='ltr'><strong>suilieientia</strong></span> <span class='ocrx_word' id='word_1_423' title='bbox 847 3999 949 4080; x_wconf 84' lang='lat' dir='ltr'><strong>signa,</strong></span> <span class='ocrx_word' id='word_1_424' title='bbox 1007 3999 1066 4063; x_wconf 93' lang='lat' dir='ltr'><strong>bis.</strong></span> <span class='ocrx_word' id='word_1_425' title='bbox 1077 4000 1116 4062; x_wconf 86' lang='lat' dir='ltr'><strong>Et</strong></span> <span class='ocrx_word' id='word_1_426' title='bbox 1129 3999 1243 4062; x_wconf 89' lang='lat' dir='ltr'><strong>Paulus</strong></span> <span class='ocrx_word' id='word_1_427' title='bbox 1258 4001 1292 4062; x_wconf 93' lang='lat' dir='ltr'><strong>in</strong></span> <span class='ocrx_word' id='word_1_428' title='bbox 1308 4002 1374 4065; x_wconf 93' lang='lat' dir='ltr'><strong>suis</strong></span> <span class='ocrx_word' id='word_1_429' title='bbox 1384 4004 1529 4086; x_wconf 88' lang='lat' dir='ltr'><strong>epistolis</strong></span> <span class='ocrx_word' id='word_1_430' title='bbox 1540 4027 1673 4072; x_wconf 91' lang='lat' dir='ltr'><strong>munera</strong></span> <span class='ocrx_word' id='word_1_431' title='bbox 1687 4010 1749 4074; x_wconf 94' lang='lat' dir='ltr'><strong>sibi</strong></span> 
     </span>
     <span class='ocr_line' id='line_1_37' title="bbox 197 4096 1749 4184; baseline 0.004 -19"><span class='ocrx_word' id='word_1_432' title='bbox 197 4104 287 4184; x_wconf 85' lang='lat' dir='ltr'><strong>quod</strong></span> <span class='ocrx_word' id='word_1_433' title='bbox 305 4108 525 4184; x_wconf 89' lang='lat' dir='ltr'><strong>persecutores</strong></span> <span class='ocrx_word' id='word_1_434' title='bbox 538 4107 569 4161; x_wconf 90' lang='lat' dir='ltr'><strong>et</strong></span> <span class='ocrx_word' id='word_1_435' title='bbox 584 4116 694 4161; x_wconf 90' lang='lat' dir='ltr'><strong>eorum</strong></span> <span class='ocrx_word' id='word_1_436' title='bbox 710 4096 849 4160; x_wconf 90' lang='lat' dir='ltr'><strong>ministri</strong></span> <span class='ocrx_word' id='word_1_437' title='bbox 860 4116 951 4159; x_wconf 78' lang='lat' dir='ltr'><strong>excu-</strong></span> <span class='ocrx_word' id='word_1_438' title='bbox 1005 4116 1024 4160; x_wconf 88' lang='lat' dir='ltr'><strong>a</strong></span> <span class='ocrx_word' id='word_1_439' title='bbox 1043 4097 1110 4159; x_wconf 92' lang='lat' dir='ltr'><strong>suis</strong></span> <span class='ocrx_word' id='word_1_440' title='bbox 1135 4098 1302 4181; x_wconf 89' lang='lat' dir='ltr'><strong>discipulis</strong></span> <span class='ocrx_word' id='word_1_441' title='bbox 1326 4101 1424 4165; x_wconf 89' lang='lat' dir='ltr'><strong>missa</strong></span> <span class='ocrx_word' id='word_1_442' title='bbox 1449 4101 1575 4168; x_wconf 88' lang='lat' dir='ltr'><strong>latetur.</strong></span> <span class='ocrx_word' id='word_1_443' title='bbox 1600 4106 1749 4172; x_wconf 88' lang='lat' dir='ltr'><strong>Salomon</strong></span> 
     </span>
     <span class='ocr_line' id='line_1_38' title="bbox 199 4194 1896 4281; baseline 0.005 -17"><span class='ocrx_word' id='word_1_444' title='bbox 199 4202 361 4267; x_wconf 88' lang='lat' dir='ltr'><strong>sationem</strong></span> <span class='ocrx_word' id='word_1_445' title='bbox 383 4217 447 4263; x_wconf 91' lang='lat' dir='ltr'><strong>uon</strong></span> <span class='ocrx_word' id='word_1_446' title='bbox 468 4197 658 4261; x_wconf 90' lang='lat' dir='ltr'><strong>hahuerunt.</strong></span> <span class='ocrx_word' id='word_1_447' title='bbox 680 4194 950 4260; x_wconf 78' lang='lat' dir='ltr'><strong>Antisiodorensis</strong></span> <span class='ocrx_word' id='word_1_448' title='bbox 968 4205 991 4266; x_wconf 81' lang='grc' dir='ltr'><strong>Ι)</strong></span> <span class='ocrx_word' id='word_1_449' title='bbox 1006 4215 1133 4278; x_wconf 86' lang='lat' dir='ltr'><strong>quoque</strong></span> <span class='ocrx_word' id='word_1_450' title='bbox 1149 4196 1182 4258; x_wconf 96' lang='lat' dir='ltr'><strong>in</strong></span> <span class='ocrx_word' id='word_1_451' title='bbox 1197 4197 1376 4262; x_wconf 90' lang='lat' dir='ltr'><strong>Proverbiis</strong></span> <span class='ocrx_word' id='word_1_452' title='bbox 1391 4206 1541 4266; x_wconf 88' lang='lat' dir='ltr'><strong>testatur:</strong></span> <span class='ocrx_word' id='word_1_453' title='bbox 1554 4205 1666 4269; x_wconf 88' lang='lat' dir='ltr'><strong>llunus</strong></span> <span class='ocrx_word' id='word_1_454' title='bbox 1682 4206 1751 4269; x_wconf 90' lang='lat' dir='ltr'><strong>ahs·</strong></span> <span class='ocrx_word' id='word_1_455' title='bbox 1778 4229 1896 4281; x_wconf 64' lang='lat' dir='ltr'><strong>emur,</strong></span> 
     </span>
     <span class='ocr_line' id='line_1_39' title="bbox 198 4292 1799 4383; baseline 0.001 -19"><span class='ocrx_word' id='word_1_456' title='bbox 198 4319 331 4383; x_wconf 89' lang='lat' dir='ltr'><strong>quoque</strong></span> <span class='ocrx_word' id='word_1_457' title='bbox 347 4297 502 4374; x_wconf 86' lang='lat' dir='ltr'><strong>aliirmat,</strong></span> <span class='ocrx_word' id='word_1_458' title='bbox 519 4297 604 4379; x_wconf 90' lang='lat' dir='ltr'><strong>quod</strong></span> <span class='ocrx_word' id='word_1_459' title='bbox 626 4294 846 4359; x_wconf 78' lang='lat' dir='ltr'><strong>interfectores</strong></span> <span class='ocrx_word' id='word_1_460' title='bbox 861 4294 951 4357; x_wconf 87' lang='lat' dir='ltr'><strong>Chri·</strong></span> <span class='ocrx_word' id='word_1_461' title='bbox 1005 4292 1169 4355; x_wconf 93' lang='lat' dir='ltr'><strong>conditum</strong></span> <span class='ocrx_word' id='word_1_462' title='bbox 1180 4294 1353 4373; x_wconf 76' lang='lat' dir='ltr'><strong>exstinguit</strong></span> <span class='ocrx_word' id='word_1_463' title='bbox 1368 4295 1441 4374; x_wconf 90' lang='lat' dir='ltr'><strong>iras,</strong></span> <span class='ocrx_word' id='word_1_464' title='bbox 1449 4307 1480 4360; x_wconf 89' lang='lat' dir='ltr'><strong>et</strong></span> <span class='ocrx_word' id='word_1_465' title='bbox 1496 4300 1615 4363; x_wconf 90' lang='lat' dir='ltr'><strong>donum</strong></span> <span class='ocrx_word' id='word_1_466' title='bbox 1627 4302 1660 4364; x_wconf 92' lang='lat' dir='ltr'><strong>in</strong></span> <span class='ocrx_word' id='word_1_467' title='bbox 1676 4303 1749 4366; x_wconf 90' lang='lat' dir='ltr'><strong>sinu</strong></span> <span class='ocrx_word' id='word_1_468' title='bbox 1766 4294 1799 4335; x_wconf 86' lang='lat'><strong>¹⁴·</strong></span> 
     </span>
     <span class='ocr_line' id='line_1_40' title="bbox 198 4391 1750 4480; baseline 0.002 -18"><span class='ocrx_word' id='word_1_469' title='bbox 198 4400 243 4461; x_wconf 89' lang='lat' dir='ltr'><strong>sti</strong></span> <span class='ocrx_word' id='word_1_470' title='bbox 258 4397 401 4462; x_wconf 84' lang='lat' dir='ltr'><strong>exlama</strong></span> <span class='ocrx_word' id='word_1_471' title='bbox 419 4414 553 4478; x_wconf 90' lang='lat' dir='ltr'><strong>operum</strong></span> <span class='ocrx_word' id='word_1_472' title='bbox 569 4394 685 4458; x_wconf 91' lang='lat' dir='ltr'><strong>Christi</strong></span> <span class='ocrx_word' id='word_1_473' title='bbox 706 4394 835 4456; x_wconf 91' lang='lat' dir='ltr'><strong>credere</strong></span> <span class='ocrx_word' id='word_1_474' title='bbox 855 4393 952 4456; x_wconf 90' lang='lat' dir='ltr'><strong>debu·</strong></span> <span class='ocrx_word' id='word_1_475' title='bbox 1006 4391 1258 4472; x_wconf 78' lang='lat' dir='ltr'><strong>indignationem</strong></span> <span class='ocrx_word' id='word_1_476' title='bbox 1289 4394 1470 4458; x_wconf 84' lang='lat' dir='ltr'><strong>maximam.</strong></span> <span class='ocrx_word' id='word_1_477' title='bbox 1498 4396 1558 4460; x_wconf 93' lang='lat' dir='ltr'><strong>Sed</strong></span> <span class='ocrx_word' id='word_1_478' title='bbox 1588 4400 1750 4480; x_wconf 80' lang='lat' dir='ltr'><strong>judicibus</strong></span> 
     </span>
     <span class='ocr_line' id='line_1_41' title="bbox 197 4488 1748 4579; baseline 0.001 -17"><span class='ocrx_word' id='word_1_479' title='bbox 197 4506 307 4573; x_wconf 88' lang='lat' dir='ltr'><strong>erunt,</strong></span> <span class='ocrx_word' id='word_1_480' title='bbox 324 4496 411 4578; x_wconf 87' lang='lat' dir='ltr'><strong>quod</strong></span> <span class='ocrx_word' id='word_1_481' title='bbox 427 4503 510 4559; x_wconf 86' lang='lat' dir='ltr'><strong>essct</strong></span> <span class='ocrx_word' id='word_1_482' title='bbox 526 4514 545 4556; x_wconf 89' lang='lat' dir='ltr'><strong>a</strong></span> <span class='ocrx_word' id='word_1_483' title='bbox 559 4494 623 4557; x_wconf 86' lang='lat' dir='ltr'><strong>Deo</strong></span> <span class='ocrx_word' id='word_1_484' title='bbox 637 4511 674 4556; x_wconf 88' lang='lat' dir='ltr'><strong>ac</strong></span> <span class='ocrx_word' id='word_1_485' title='bbox 689 4493 802 4574; x_wconf 87' lang='lat' dir='ltr'><strong>justus.</strong></span> <span class='ocrx_word' id='word_1_486' title='bbox 820 4492 907 4566; x_wconf 83' lang='lat' dir='ltr'><strong>Quod</strong></span> <span class='ocrx_word' id='word_1_487' title='bbox 924 4490 951 4553; x_wconf 93' lang='lat' dir='ltr'><strong>si</strong></span> <span class='ocrx_word' id='word_1_488' title='bbox 1006 4490 1068 4552; x_wconf 91' lang='lat' dir='ltr'><strong>ista</strong></span> <span class='ocrx_word' id='word_1_489' title='bbox 1091 4488 1251 4568; x_wconf 86' lang='lat' dir='ltr'><strong>dicuntur,</strong></span> <span class='ocrx_word' id='word_1_490' title='bbox 1276 4510 1317 4554; x_wconf 91' lang='lat' dir='ltr'><strong>ne</strong></span> <span class='ocrx_word' id='word_1_491' title='bbox 1342 4493 1382 4556; x_wconf 91' lang='lat' dir='ltr'><strong>ab</strong></span> <span class='ocrx_word' id='word_1_492' title='bbox 1406 4494 1599 4560; x_wconf 90' lang='lat' dir='ltr'><strong>habentibus</strong></span> <span class='ocrx_word' id='word_1_493' title='bbox 1623 4518 1748 4579; x_wconf 89' lang='lat' dir='ltr'><strong>causas,</strong></span> 
     </span>
     <span class='ocr_line' id='line_1_42' title="bbox 197 4588 1753 4676; baseline 0 -15"><span class='ocrx_word' id='word_1_494' title='bbox 197 4598 339 4673; x_wconf 88' lang='lat' dir='ltr'><strong>dicatur,</strong></span> <span class='ocrx_word' id='word_1_495' title='bbox 347 4596 420 4658; x_wconf 87' lang='lat' dir='ltr'><strong>dato</strong></span> <span class='ocrx_word' id='word_1_496' title='bbox 436 4594 534 4675; x_wconf 79' lang='lat' dir='ltr'><strong>igitur</strong></span> <span class='ocrx_word' id='word_1_497' title='bbox 548 4594 632 4676; x_wconf 85' lang='lat' dir='ltr'><strong>quod</strong></span> <span class='ocrx_word' id='word_1_498' title='bbox 650 4592 733 4655; x_wconf 92' lang='lat' dir='ltr'><strong>inter</strong></span> <span class='ocrx_word' id='word_1_499' title='bbox 749 4610 802 4655; x_wconf 91' lang='lat' dir='ltr'><strong>eos</strong></span> <span class='ocrx_word' id='word_1_500' title='bbox 818 4590 949 4673; x_wconf 88' lang='lat' dir='ltr'><strong>quidam</strong></span> <span class='ocrx_word' id='word_1_501' title='bbox 1006 4588 1165 4671; x_wconf 87' lang='lat' dir='ltr'><strong>accipiant</strong></span> <span class='ocrx_word' id='word_1_502' title='bbox 1186 4608 1319 4653; x_wconf 88' lang='lat' dir='ltr'><strong>munera</strong></span> <span class='ocrx_word' id='word_1_503' title='bbox 1341 4592 1380 4655; x_wconf 89' lang='lat' dir='ltr'><strong>ad</strong></span> <span class='ocrx_word' id='word_1_504' title='bbox 1396 4593 1456 4656; x_wconf 91' lang='lat' dir='ltr'><strong>hoc</strong></span> <span class='ocrx_word' id='word_1_505' title='bbox 1472 4594 1556 4672; x_wconf 91' lang='lat' dir='ltr'><strong>data,</strong></span> <span class='ocrx_word' id='word_1_506' title='bbox 1574 4616 1630 4660; x_wconf 91' lang='lat' dir='ltr'><strong>seu</strong></span> <span class='ocrx_word' id='word_1_507' title='bbox 1644 4617 1684 4661; x_wconf 90' lang='lat' dir='ltr'><strong>ea</strong></span> <span class='ocrx_word' id='word_1_508' title='bbox 1700 4599 1753 4661; x_wconf 90' lang='lat' dir='ltr'><strong>in·</strong></span> 
     </span>
     <span class='ocr_line' id='line_1_43' title="bbox 199 4688 1754 4778; baseline 0.001 -20"><span class='ocrx_word' id='word_1_509' title='bbox 199 4694 344 4757; x_wconf 83' lang='lat' dir='ltr'><strong>luissent</strong></span> <span class='ocrx_word' id='word_1_510' title='bbox 359 4692 415 4774; x_wconf 92' lang='lat' dir='ltr'><strong>qui</strong></span> <span class='ocrx_word' id='word_1_511' title='bbox 431 4693 506 4755; x_wconf 90' lang='lat' dir='ltr'><strong>inde</strong></span> <span class='ocrx_word' id='word_1_512' title='bbox 527 4691 606 4753; x_wconf 93' lang='lat' dir='ltr'><strong>nihil</strong></span> <span class='ocrx_word' id='word_1_513' title='bbox 624 4691 802 4766; x_wconf 89' lang='lat' dir='ltr'><strong>audissent,</strong></span> <span class='ocrx_word' id='word_1_514' title='bbox 820 4689 869 4752; x_wconf 93' lang='lat' dir='ltr'><strong>illi</strong></span> <span class='ocrx_word' id='word_1_515' title='bbox 888 4708 952 4753; x_wconf 91' lang='lat' dir='ltr'><strong>non</strong></span> <span class='ocrx_word' id='word_1_516' title='bbox 1007 4688 1160 4765; x_wconf 91' lang='lat' dir='ltr'><strong>tentione,</strong></span> <span class='ocrx_word' id='word_1_517' title='bbox 1178 4697 1213 4750; x_wconf 91' lang='lat' dir='ltr'><strong>ut</strong></span> <span class='ocrx_word' id='word_1_518' title='bbox 1227 4698 1410 4771; x_wconf 89' lang='lat' dir='ltr'><strong>pervertant</strong></span> <span class='ocrx_word' id='word_1_519' title='bbox 1423 4692 1592 4772; x_wconf 87' lang='lat' dir='ltr'><strong>judicium,</strong></span> <span class='ocrx_word' id='word_1_520' title='bbox 1605 4697 1691 4778; x_wconf 90' lang='lat' dir='ltr'><strong>quod</strong></span> <span class='ocrx_word' id='word_1_521' title='bbox 1707 4717 1754 4760; x_wconf 90' lang='lat' dir='ltr'><strong>es-</strong></span> 
     </span>
     <span class='ocr_line' id='line_1_44' title="bbox 198 4786 1752 4875; baseline 0.001 -18"><span class='ocrx_word' id='word_1_522' title='bbox 198 4800 390 4875; x_wconf 84' lang='lat' dir='ltr'><strong>peccassent</strong></span> <span class='ocrx_word' id='word_1_523' title='bbox 413 4810 419 4853; x_wconf 93' lang='lat'>:</span> <span class='ocrx_word' id='word_1_524' title='bbox 447 4791 618 4873; x_wconf 90' lang='lat' dir='ltr'><strong>respondet</strong></span> <span class='ocrx_word' id='word_1_525' title='bbox 641 4790 694 4852; x_wconf 93' lang='lat' dir='ltr'><strong>hic</strong></span> <span class='ocrx_word' id='word_1_526' title='bbox 719 4791 840 4865; x_wconf 90' lang='lat' dir='ltr'><strong>doctor,</strong></span> <span class='ocrx_word' id='word_1_527' title='bbox 862 4788 948 4871; x_wconf 85' lang='lat' dir='ltr'><strong>quod</strong></span> <span class='ocrx_word' id='word_1_528' title='bbox 1007 4794 1054 4849; x_wconf 90' lang='lat' dir='ltr'><strong>set</strong></span> <span class='ocrx_word' id='word_1_529' title='bbox 1070 4786 1203 4849; x_wconf 90' lang='lat' dir='ltr'><strong>mortale</strong></span> <span class='ocrx_word' id='word_1_530' title='bbox 1219 4797 1404 4868; x_wconf 87' lang='lat' dir='ltr'><strong>peccatum:</strong></span> <span class='ocrx_word' id='word_1_531' title='bbox 1422 4790 1531 4871; x_wconf 89' lang='lat' dir='ltr'><strong>sicque</strong></span> <span class='ocrx_word' id='word_1_532' title='bbox 1547 4793 1752 4859; x_wconf 91' lang='lat' dir='ltr'><strong>verbumhoc</strong></span> 
     </span>
     <span class='ocr_line' id='line_1_45' title="bbox 198 4887 1752 4974; baseline 0 -19"><span class='ocrx_word' id='word_1_533' title='bbox 198 4912 296 4955; x_wconf 88' lang='lat' dir='ltr'><strong>casus</strong></span> <span class='ocrx_word' id='word_1_534' title='bbox 317 4890 360 4953; x_wconf 90' lang='lat' dir='ltr'><strong>sit</strong></span> <span class='ocrx_word' id='word_1_535' title='bbox 384 4889 605 4972; x_wconf 91' lang='lat' dir='ltr'><strong>impossibilis,</strong></span> <span class='ocrx_word' id='word_1_536' title='bbox 627 4888 780 4971; x_wconf 85' lang='lat' dir='ltr'><strong>quoniam</strong></span> <span class='ocrx_word' id='word_1_537' title='bbox 805 4888 949 4952; x_wconf 90' lang='lat' dir='ltr'><strong>Christus</strong></span> <span class='ocrx_word' id='word_1_538' title='bbox 1007 4894 1054 4947; x_wconf 89' lang='lat' dir='ltr'><strong>cst</strong></span> <span class='ocrx_word' id='word_1_539' title='bbox 1070 4894 1274 4966; x_wconf 82' lang='lat' dir='ltr'><strong>preceptum.</strong></span> <span class='ocrx_word' id='word_1_540' title='bbox 1293 4887 1324 4949; x_wconf 86' lang='lat' dir='ltr'><strong>Si</strong></span> <span class='ocrx_word' id='word_1_541' title='bbox 1344 4896 1451 4952; x_wconf 92' lang='lat' dir='ltr'><strong>autem</strong></span> <span class='ocrx_word' id='word_1_542' title='bbox 1465 4890 1566 4972; x_wconf 85' lang='lat' dir='ltr'><strong>judici</strong></span> <span class='ocrx_word' id='word_1_543' title='bbox 1589 4892 1752 4974; x_wconf 81' lang='lat' dir='ltr'><strong>praebean-</strong></span> 
     </span>
     <span class='ocr_line' id='line_1_46' title="bbox 200 4984 1752 5072; baseline 0.001 -19"><span class='ocrx_word' id='word_1_544' title='bbox 200 5010 269 5055; x_wconf 93' lang='lat' dir='ltr'><strong>non</strong></span> <span class='ocrx_word' id='word_1_545' title='bbox 285 4988 485 5072; x_wconf 89' lang='lat' dir='ltr'><strong>permisisset</strong></span> <span class='ocrx_word' id='word_1_546' title='bbox 501 4987 579 5051; x_wconf 91' lang='lat' dir='ltr'><strong>tales</strong></span> <span class='ocrx_word' id='word_1_547' title='bbox 595 4987 658 5049; x_wconf 92' lang='lat' dir='ltr'><strong>sibi</strong></span> <span class='ocrx_word' id='word_1_548' title='bbox 674 4988 807 5068; x_wconf 87' lang='lat' dir='ltr'><strong>injicere</strong></span> <span class='ocrx_word' id='word_1_549' title='bbox 824 5006 949 5049; x_wconf 78' lang='lat' dir='ltr'><strong>manue.</strong></span> <span class='ocrx_word' id='word_1_550' title='bbox 1008 4992 1060 5046; x_wconf 89' lang='lat' dir='ltr'><strong>tur</strong></span> <span class='ocrx_word' id='word_1_551' title='bbox 1081 5002 1224 5060; x_wconf 91' lang='lat' dir='ltr'><strong>munera,</strong></span> <span class='ocrx_word' id='word_1_552' title='bbox 1242 4984 1363 5067; x_wconf 88' lang='lat' dir='ltr'><strong>absque</strong></span> <span class='ocrx_word' id='word_1_553' title='bbox 1382 4986 1491 5069; x_wconf 89' lang='lat' dir='ltr'><strong>aliqua</strong></span> <span class='ocrx_word' id='word_1_554' title='bbox 1510 4989 1670 5070; x_wconf 87' lang='lat' dir='ltr'><strong>pactione,</strong></span> <span class='ocrx_word' id='word_1_555' title='bbox 1687 4999 1752 5054; x_wconf 90' lang='lat' dir='ltr'><strong>tam</strong></span> 
     </span>
     <span class='ocr_line' id='line_1_47' title="bbox 244 5081 1755 5172; baseline 0 -20"><span class='ocrx_word' id='word_1_556' title='bbox 244 5090 400 5153; x_wconf 81' lang='lat' dir='ltr'><strong>Praeterea</strong></span> <span class='ocrx_word' id='word_1_557' title='bbox 408 5107 466 5171; x_wconf 90' lang='lat' dir='ltr'><strong>per</strong></span> <span class='ocrx_word' id='word_1_558' title='bbox 475 5089 608 5170; x_wconf 88' lang='lat' dir='ltr'><strong>justum,</strong></span> <span class='ocrx_word' id='word_1_559' title='bbox 617 5087 697 5169; x_wconf 85' lang='lat' dir='ltr'><strong>Lyra</strong></span> <span class='ocrx_word' id='word_1_560' title='bbox 708 5087 859 5167; x_wconf 79' lang='lat' dir='ltr'><strong>intelligit</strong></span> <span class='ocrx_word' id='word_1_561' title='bbox 869 5106 953 5163; x_wconf 90' lang='lat' dir='ltr'><strong>eum,</strong></span> <span class='ocrx_word' id='word_1_562' title='bbox 1009 5081 1159 5165; x_wconf 85' lang='lat' dir='ltr'><strong>explicita</strong></span> <span class='ocrx_word' id='word_1_563' title='bbox 1174 5101 1270 5163; x_wconf 91' lang='lat' dir='ltr'><strong>quam</strong></span> <span class='ocrx_word' id='word_1_564' title='bbox 1280 5083 1447 5166; x_wconf 88' lang='lat' dir='ltr'><strong>implicita,</strong></span> <span class='ocrx_word' id='word_1_565' title='bbox 1461 5106 1519 5149; x_wconf 90' lang='lat' dir='ltr'><strong>nec</strong></span> <span class='ocrx_word' id='word_1_566' title='bbox 1535 5088 1605 5170; x_wconf 90' lang='lat' dir='ltr'><strong>ipse</strong></span> <span class='ocrx_word' id='word_1_567' title='bbox 1619 5090 1755 5172; x_wconf 90' lang='lat' dir='ltr'><strong>accipiat</strong></span> 
     </span>
     <span class='ocr_line' id='line_1_48' title="bbox 201 5181 1755 5272; baseline 0 -21"><span class='ocrx_word' id='word_1_568' title='bbox 201 5189 262 5272; x_wconf 85' lang='lat' dir='ltr'><strong>qui</strong></span> <span class='ocrx_word' id='word_1_569' title='bbox 290 5189 398 5270; x_wconf 86' lang='lat' dir='ltr'><strong>justus</strong></span> <span class='ocrx_word' id='word_1_570' title='bbox 429 5186 556 5251; x_wconf 90' lang='lat' dir='ltr'><strong>videtur</strong></span> <span class='ocrx_word' id='word_1_571' title='bbox 582 5187 616 5248; x_wconf 92' lang='lat' dir='ltr'><strong>in</strong></span> <span class='ocrx_word' id='word_1_572' title='bbox 644 5186 745 5249; x_wconf 91' lang='lat' dir='ltr'><strong>oculis</strong></span> <span class='ocrx_word' id='word_1_573' title='bbox 773 5185 951 5263; x_wconf 88' lang='lat' dir='ltr'><strong>hominum,</strong></span> <span class='ocrx_word' id='word_1_574' title='bbox 1010 5202 1047 5245; x_wconf 84' lang='lat' dir='ltr'><strong>eo</strong></span> <span class='ocrx_word' id='word_1_575' title='bbox 1066 5181 1246 5245; x_wconf 85' lang='lat' dir='ltr'><strong>intentione</strong></span> <span class='ocrx_word' id='word_1_576' title='bbox 1267 5203 1428 5264; x_wconf 89' lang='lat' dir='ltr'><strong>perversa,</strong></span> <span class='ocrx_word' id='word_1_577' title='bbox 1445 5187 1549 5249; x_wconf 90' lang='lat' dir='ltr'><strong>adhuc</strong></span> <span class='ocrx_word' id='word_1_578' title='bbox 1565 5206 1630 5252; x_wconf 91' lang='lat' dir='ltr'><strong>non</strong></span> <span class='ocrx_word' id='word_1_579' title='bbox 1652 5197 1755 5252; x_wconf 91' lang='lat' dir='ltr'><strong>tutum</strong></span> 
     </span>
     <span class='ocr_line' id='line_1_49' title="bbox 201 5280 1755 5371; baseline -0.001 -20"><span class='ocrx_word' id='word_1_580' title='bbox 201 5287 356 5371; x_wconf 84' lang='lat' dir='ltr'><strong>quamvis</strong></span> <span class='ocrx_word' id='word_1_581' title='bbox 368 5287 476 5351; x_wconf 80' lang='lat' dir='ltr'><strong>forsan</strong></span> <span class='ocrx_word' id='word_1_582' title='bbox 487 5286 529 5349; x_wconf 87' lang='lat' dir='ltr'><strong>sit</strong></span> <span class='ocrx_word' id='word_1_583' title='bbox 540 5304 612 5348; x_wconf 90' lang='lat' dir='ltr'><strong>reus</strong></span> <span class='ocrx_word' id='word_1_584' title='bbox 628 5284 740 5365; x_wconf 87' lang='lat' dir='ltr'><strong>mortis</strong></span> <span class='ocrx_word' id='word_1_585' title='bbox 750 5284 835 5366; x_wconf 90' lang='lat' dir='ltr'><strong>apud</strong></span> <span class='ocrx_word' id='word_1_586' title='bbox 845 5284 955 5363; x_wconf 88' lang='lat' dir='ltr'><strong>Deum,</strong></span> <span class='ocrx_word' id='word_1_587' title='bbox 1010 5282 1159 5363; x_wconf 90' lang='lat' dir='ltr'><strong>estquod</strong></span> <span class='ocrx_word' id='word_1_588' title='bbox 1173 5280 1290 5363; x_wconf 89' lang='lat' dir='ltr'><strong>accipit</strong></span> <span class='ocrx_word' id='word_1_589' title='bbox 1305 5302 1353 5361; x_wconf 91' lang='lat' dir='ltr'><strong>ea,</strong></span> <span class='ocrx_word' id='word_1_590' title='bbox 1364 5293 1494 5367; x_wconf 91' lang='lat' dir='ltr'><strong>propter</strong></span> <span class='ocrx_word' id='word_1_591' title='bbox 1509 5304 1638 5349; x_wconf 87' lang='lat' dir='ltr'><strong>causam</strong></span> <span class='ocrx_word' id='word_1_592' title='bbox 1653 5287 1687 5349; x_wconf 92' lang='lat' dir='ltr'><strong>in</strong></span> <span class='ocrx_word' id='word_1_593' title='bbox 1705 5286 1755 5349; x_wconf 90' lang='lat' dir='ltr'><strong>lit-</strong></span> 
     </span>
    </p>
   </div>
   <div class='ocr_carea' id='block_1_4' title="bbox 0 0 2166 6259">
    <p class='ocr_par' dir='ltr' id='par_1_4' title="bbox 0 0 2166 6259">
     <span class='ocr_line' id='line_1_50' title="bbox 0 0 2166 6259; baseline 0 0"><span class='ocrx_word' id='word_1_594' title='bbox 0 0 2166 6259; x_wconf 95' lang='lat' dir='ltr'><strong> </strong></span> 
     </span>
    </p>
   </div>
  </div>
 </body>
</html>
