4309 6259
405 485 462 549 172
797 481 977 548 'autumno
998 501 1029 548 ιιι
1050 501 1118 548 car.
1142 501 1173 547 vr
1194 501 1330 548 ucrrrrct.
1352 521 1392 533 -
1413 502 1483 548 nnr.
1507 502 1547 548 ιιι

403 675 513 740 divina
538 685 671 760 praeerat
696 677 852 742 universae
872 675 1051 740 lsraeliticae
1082 673 1187 759 ple-rt
1203 695 1293 739 neres
1304 695 1341 739 en
1357 675 1610 741 concrematione
1625 676 1879 741 holocaustorum
1895 696 1943 740 re-

1202 776 1269 839 licti
1286 776 1319 837 in
1336 775 1606 854 altari,sacerdos,
1623 777 1663 838 ad
1683 777 1774 857 cujus
1795 775 1942 839 officium

1202 876 1262 938 hoc
1279 874 1452 957 spectabat,
1471 875 1576 937 induit
1591 874 1781 938 vestimenta
1801 877 1944 938 sacerdo-

1204 974 1279 1037 talia
1303 977 1369 1057 jam
1395 973 1546 1054 praefata3
1571 982 1602 1036 et
1627 973 1741 1037 tollens
1761 974 1884 1037 cineres
1905 976 1944 1038 de

1203 1074 1306 1151 altari,
1330 1074 1468 1156 ponebat
1487 1092 1540 1136 eos
1560 1073 1592 1134 in
1613 1072 1698 1155 pelvi
1718 1074 1806 1155 juxta
1825 1073 1942 1148 altare;

1203 1173 1319 1236 deinde
1341 1172 1443 1236 exutis
1459 1171 1601 1236 restibus
1623 1171 1732 1248 sacris,
1749 1171 1884 1252 aliisque
1898 1173 1946 1234 in-

1203 1273 1300 1349 dutis,
1314 1272 1396 1336 forte
1407 1273 1445 1334 ad
1462 1271 1728 1354 hocpraeparatis,
1741 1271 1791 1336 vol
1808 1263 1944 1354 propriis

404 777 447 854 bi,
472 777 592 841 idcirco
614 786 645 841 et
668 777 759 840 fratri
786 796 844 840 suo
869 777 972 840 Aaron
998 777 1146 858 pontifici

402 877 576 959 praecipere
600 876 714 959 potuit.
733 881 864 939 Iloecest
885 881 936 936 lete
957 878 1145 946 holocausti,

403 975 515 1052 idest,
538 995 675 1056 sequens
699 984 893 1059 praeceptum
918 974 1048 1056 respicit
1072 974 1148 1056 juge

403 1074 609 1137 sacrificium.
627 1075 764 1138 Diversae
779 1076 899 1157 quippe
919 1081 1010 1136 erant
1025 1073 1147 1156 species

402 1173 670 1252 holocaustorum,
682 1174 765 1236 inter
780 1194 850 1256 quae
864 1175 939 1256 juge
952 1172 1147 1236 sacrificium

403 1272 465 1335 fuit
480 1274 687 1356 praecipuum.
705 1274 793 1348 Quod
809 1292 866 1356 pro
883 1273 1046 1336 communi
1062 1273 1148 1335 bono

403 1371 500 1435 totius
515 1373 618 1454 plebis
634 1371 830 1436 oflerebatur
846 1372 1000 1453 quotidie,
1018 1371 1083 1434 imo
1099 1371 1148 1434 bis

402 1472 491 1534 omni
508 1471 560 1534 die
575 1472 723 1534 naturali.
743 1474 955 1542 cremabitur,
968 1471 999 1533 id
1016 1479 1074 1547 est,
1088 1471 1148 1534 hoe

402 1569 500 1650 jubeo
525 1577 561 1632 ut
585 1577 753 1646 cremetur,
773 1573 807 1631 in
830 1572 931 1631 altari
948 1569 1149 1633 holocausto-

404 1687 476 1730 rum
493 1668 525 1730 in
541 1668 632 1745 atrio,
644 1680 708 1730 toto
724 1680 811 1729 nocte
827 1690 924 1749 usquc
942 1690 1044 1730 mone.
1062 1668 1147 1731 lstud

404 1766 597 1848 intelligitur
617 1768 656 1830 de
673 1768 740 1849 jugi
759 1768 929 1844 sacrificio,
943 1769 1029 1849 quod
1047 1766 1148 1849 quoti-

1203 1372 1414 1448 vestimentis,
1439 1372 1563 1434 cineres
1585 1370 1749 1434 efferebat.
1774 1371 1854 1434 llinc
1875 1371 1945 1432 sub

1203 1472 1289 1534 ditur
1314 1489 1320 1532 :
1348 1470 1449 1534 Tollet
1471 1470 1595 1533 cineres
1618 1487 1699 1551 quos
1721 1488 1836 1532 vorans
1863 1470 1944 1549 ignis

1204 1569 1334 1646 exussit,
1358 1569 1390 1631 id
1415 1576 1473 1644 est,
1496 1587 1576 1649 quos
1599 1567 1693 1648 ignis,
1716 1567 1773 1648 qui
1799 1567 1945 1640 belocau7

1204 1677 1288 1731 stum
1305 1667 1490 1744 combussit,
1508 1667 1671 1749 generavit
1686 1687 1724 1730 ex
1739 1667 1942 1742 holocausto,

1203 1780 1232 1830 rt
1254 1789 1377 1846 ponens
1394 1768 1497 1845 jacto
1524 1772 1627 1828 altore
1651 1767 1774 1829 cineres
1801 1765 1886 1848 ipsos
1911 1766 1944 1828 in

404 1864 455 1929 die
470 1866 693 1929 immolabatur
703 1868 742 1929 ad
754 1886 925 1949 vesperam,
936 1876 965 1931 et
982 1874 1146 1949 pertetam
1167 1863 1188 1924 B
1204 1866 1289 1951 pelvi
1312 1885 1368 1929 seu
1388 1865 1517 1929 vasculo
1538 1865 1613 1942 alio,
1630 1867 1833 1944 spoliabitur,
1851 1865 1945 1928 idest

404 1973 529 2028 noctem
546 1966 791 2029 comburebatur
811 1967 964 2047 usquead
980 1984 1145 2040 auroram3

404 2070 545 2145 tuncque
575 2065 798 2146 imponebatur
828 2065 1021 2128 sacrificium
1047 2065 1145 2142 aliud,

404 2162 488 2244 quod
515 2171 579 2225 tota
603 2163 656 2226 die
677 2164 876 2226 cremabatur
897 2183 997 2245 usque
1021 2166 1060 2227 ad
1082 2184 1148 2227 cre·

404 2262 585 2343 pusculum.
615 2261 710 2325 Porro
741 2263 935 2326 sacrificium
971 2263 1056 2326 istud
1088 2263 1148 2325 fuit

404 2377 505 2440 agnus
524 2360 693 2423 anniculus
714 2382 797 2424 unus
818 2363 858 2426 de
880 2382 983 2440 mane,
1007 2362 1087 2425 alter
1109 2364 1147 2426 de

403 2477 535 2540 vespere
546 2476 552 2520 :
563 2459 617 2541 qui
633 2460 696 2522 duo
707 2469 860 2524 vocantur
876 2462 966 2542 quasi
982 2461 1148 2525 collective

404 2577 503 2619 unum
524 2557 731 2635 sacrificium,
749 2561 834 2641 quod
850 2570 881 2624 et
899 2561 973 2642 juge
990 2570 1121 2625 vocatur
1139 2578 1145 2622 :

404 2656 480 2737 quia
495 2657 630 2720 durante
644 2657 733 2720 cultu
753 2660 869 2722 veteris
885 2661 1075 2723 Testamenti
1093 2661 1148 2723 fic-

263 2775 389 2826 cmanu,
405 2756 459 2818 bat
484 2755 638 2837 quotidie,
662 2758 751 2839 juxta
772 2759 850 2821 illud
872 2759 968 2822 lixodi
987 2778 994 2821 :
1012 2761 1075 2821 lloc
1101 2767 1148 2822 est

258 2841 291 2890 ³8,
301 2841 334 2882 ³9.

406 2854 491 2934 quod
508 2853 604 2916 facies
617 2855 648 2916 in
665 2856 875 2936 altari,agnos
886 2858 1052 2920 anniculos
1068 2859 1147 2920 duos

405 2972 462 3034 per
487 2953 632 3034 singulos
658 2955 727 3017 dies
750 2957 879 3037 jugiter,
906 2977 1003 3019 unum
1029 2975 1147 3036 agnum

1203 1975 1296 2030 exuet
1312 1987 1356 2040 se,
1376 1968 1541 2044 prioribus
1558 1967 1753 2026 vestimentis
1767 1989 1781 2036 ,·
1796 1966 1946 2026 indutus-

1203 2089 1263 2146 que
1287 2069 1377 2134 elir's,
1398 2069 1503 2144 efferet
1527 2086 1576 2125 eos
1600 2075 1692 2125 extra
1712 2075 1830 2133 castra,
1854 2074 1884 2124 et
1910 2067 1944 2125 in

1204 2171 1267 2226 loro
1289 2167 1502 2226 rnrtudr'ssirno
1523 2185 1622 2243 usquc
1643 2167 1686 2224 od
1700 2165 1855 2241 favillam
1876 2184 1946 2224 con·

1201 2267 1289 2326 sirmi
1310 2265 1421 2342 faciet,
1437 2264 1469 2325 id
1492 2270 1550 2339 est,
1569 2262 1652 2343 ignis
1674 2261 1823 2324 incendio
1845 2280 1944 2344 usque

1202 2365 1241 2427 ad
1266 2363 1497 2426 minutissimas
1522 2370 1627 2444 partes
1652 2360 1826 2438 comburet,
1847 2379 1887 2423 ne
1912 2361 1944 2422 in

1202 2465 1377 2526 humanum
1393 2463 1432 2526 de
1454 2470 1559 2524 cetere
1579 2460 1708 2524 veniant
1724 2479 1829 2537 usum,
1844 2479 1944 2541 quum

1203 2563 1266 2624 sint
1287 2561 1430 2643 reliquiae
1452 2559 1640 2623 holocausti.
1663 2559 1757 2622 Porro
1780 2559 1868 2622 locus
1891 2558 1944 2620 ille

1202 2661 1445 2737 mundissimus,
1464 2659 1526 2721 fuit
1548 2667 1675 2741 paratus
1701 2666 1788 2721 extra
1811 2657 1945 2721 tentoria

1204 2762 1236 2825 in
1253 2762 1388 2837 deserto,
1406 2759 1557 2841 quamdiu
1582 2758 1644 2820 filii
1662 2757 1754 2820 lsrael
1781 2757 1813 2818 in
1837 2756 1946 2819 solitu-

1202 2863 1277 2925 dine
1293 2869 1393 2924 crant.
1406 2859 1571 2940 Quumque
1584 2857 1821 2920 tabernaculum
1834 2855 1945 2918 fuisset

1204 2961 1235 3022 in
1253 2960 1317 3023 Silo
1333 2979 1389 3022 seu
1405 2958 1466 3021 alia
1482 2956 1571 3034 urbe,
1585 2957 1753 3039 parabatur
1762 2954 1945 3038 hujusmodi

404 3070 507 3128 mane,
525 3062 557 3115 et
571 3053 709 3116 alterum
724 3074 876 3136 resperc3
893 3066 988 3138 atquc
1002 3059 1052 3134 (ut
1065 3058 1148 3120 lose·
1165 3060 1187 3124 C
1205 3061 1292 3124 locus
1308 3057 1538 3121 mundissimus
1549 3054 1770 3119 extra'urbem.
1782 3054 1945 3135 Quumque

404 3151 486 3232 phus
508 3151 619 3232 refert)
644 3172 727 3214 unrrs
752 3153 948 3217 offorcbatur
973 3165 1046 3218 ante
1071 3155 1147 3219 solis

404 3257 521 3325 ortum,
534 3249 613 3312 aller
627 3259 701 3314 aule
712 3271 870 3314 occasum.
883 3257 973 3331 loreis·
988 3277 1027 3314 cr
1041 3259 1147 3314 eodem

404 3349 506 3408 altori
525 3351 598 3419 erit,
617 3349 648 3410 id
669 3359 727 3423 est,
746 3351 830 3428 ignis
851 3352 981 3414 aliunde
1001 3363 1148 3434 sumptus

405 3464 469 3509 non
481 3455 617 3527 ponetur
634 3447 665 3509 in
677 3448 767 3509 altari
784 3449 1039 3514 holocaustorum
1054 3452 1148 3533 :quia

406 3544 489 3623 ignis
505 3545 558 3627 qui
575 3555 647 3627 post
663 3546 729 3610 bae
747 3548 843 3611 rerba
859 3550 1023 3612 descendit
1037 3552 1077 3612 de
1089 3569 1149 3613 οω-

405 3643 448 3721 lo,
471 3651 503 3706 et
528 3646 725 3727 consumpsit
749 3647 943 3710 sacrificium
969 3649 1085 3725 Aaron,
1110 3650 1149 3711 dc

405 3750 510 3805 cetero
528 3744 644 3805 mansit
660 3745 692 3805 in
714 3744 769 3808 illo
791 3747 895 3823 altari,
914 3766 972 3811 nec
989 3747 1079 3812 licuit
1095 3767 1150 3828 ap-

405 3859 524 3923 ponere
534 3843 759 3907 aliumllansit
770 3855 873 3909 autem
886 3867 988 3929 usquc
999 3834 1149 3910 ad'trans-

406 3940 629 4020 migrationem
646 3944 678 4005 in
694 3945 896 4027 babylonem.

454 4043 609 4101 Vestr'eftcr
618 4048 761 4103 sacerdos
773 4048 885 4106 tunica
899 4056 929 4106 cf
938 4049 1149 4123 feminalibus

407 4141 512 4199 lineis.
527 4143 685 4219 Tolletque
695 4144 825 4214 eineres,
839 4166 916 4222 qnos
934 4166 1048 4205 uorans
1065 4147 1151 4220 foreis

1202 3167 1419 3222 constructum
1446 3157 1550 3218 luerat
1573 3154 1737 3236 templum,
1762 3154 1849 3217 locus
1876 3151 1945 3215 talis

1203 3265 1291 3320 extra
1306 3255 1478 3318 Jerusalem
1495 3263 1573 3317 erat.

1237 3352 1943 3433 Ipru'snntrmdecoelodatu5,utdictumest,

1204 3460 1239 3517 r'n
1251 3458 1352 3516 alferi
1366 3475 1487 3531 semper
1502 3455 1636 3524 arrlcbif,
1654 3473 1745 3530 quem
1761 3453 1883 3512 nrrfriet
1896 3473 1945 3513 so·

1203 3559 1320 3624 rurales,
1333 3555 1504 3630 subjiciens
1522 3554 1613 3629 lr'gyuo
1626 3573 1718 3612 recurre
1727 3571 1786 3628 per
1801 3553 1945 3628 singulos

1203 3657 1281 3714 dies.
1309 3651 1416 3714 Refert
1440 3650 1602 3733 losephus‚
1630 3651 1715 3731 quod
1740 3649 1827 3712 omni
1853 3669 1945 3712 mane

1204 3752 1352 3834 apposuit
1374 3751 1437 3812 duo
1458 3749 1581 3812 modica
1603 3749 1689 3830 ligna
1711 3748 1776 3830 igni
1801 3747 1944 3830 praefate,

1206 3851 1269 3928 imo
1294 3853 1344 3930 (ut
1365 3850 1464 3930 aliqui
1491 3849 1638 3928 recitant)
1663 3847 1750 3928 ligna
1772 3847 1827 3910 illa
1850 3865 1948 3930 appo·

1205 3950 1279 4026 suit,
1293 3968 1356 4011 non
1373 3948 1457 4029 qued
1474 3947 1651 4010 necessaria
1666 3954 1756 4009 erant
1769 3946 1808 4008 ad
1825 3964 1948 4009 conser-

1206 4049 1364 4112 vationcm
1389 4047 1472 4127 ignis
1495 4046 1592 4122 illius,
1615 4045 1766 4126 quoniam
1789 4045 1871 4134 ignis
1894 4044 1948 4108 ille

1206 4146 1386 4210 continuari
1404 4146 1507 4227 potuit
1523 4144 1642 4226 absque
1659 4144 1816 4224 lignorum
1834 4143 1949 4206 additi-

263 4255 391 4308 mmmm
406 4239 538 4298 rarescit.
551 4237 593 4298 lle
609 4239 706 4300 sacris
723 4241 864 4303 vestibus
881 4242 1045 4323 pontificis
1061 4252 1090 4305 ct
1104 4263 1150 4303 sa·
1166 4250 1190 4312 1)
1206 4265 1274 4320 one,
1298 4246 1352 4306 sed
1375 4243 1523 4325 apposuit
1546 4261 1582 4305 ea
1608 4250 1735 4325 propter
1756 4242 1810 4305 Dei
1834 4261 1950 4324 praece

259 4322 280 4363 l.

406 4335 581 4410 cardetum,
610 4335 642 4396 in
669 4336 773 4399 llxodo
800 4347 974 4402 tractatur:
997 4349 1151 4421 erantque

407 4440 489 4510 octo,
517 4433 691 4495 secundum
714 4438 883 4516 quosdam;
902 4439 951 4500 rel
975 4440 1149 4502 secundum

406 4532 578 4614 losepbum
594 4540 712 4596 etcum
729 4547 909 4616 sequentes,
923 4538 1044 4614 decem,
1061 4537 1153 4599 intel-

408 4631 536 4711 ligendo
552 4649 609 4712 per
624 4640 727 4695 restes
743 4634 838 4696 etiam
855 4645 1052 4698 ornamenta.
1070 4637 1153 4699 lnter

407 4730 464 4792 bas
480 4738 594 4807 vesteS,
612 4740 747 4813 quatuor
767 4742 856 4796 crant
872 4754 1058 4797 communes
1074 4735 1154 4797 infe·

409 4827 545 4891 rioribus
557 4829 774 4892 sacerdotibus
790 4840 885 4913 atque
899 4833 1060 4914 pontifici,
1071 4832 1154 4895 intcr

408 4946 487 5008 quas
498 4927 568 4989 duae
578 4937 668 4989 erant
685 4927 848 4992 feminalia
859 4931 944 4994 linea
959 4932 998 4994 ad
1010 4931 1155 5013 operien-

407 5026 485 5087 dum
511 5027 749 5105 verecundiora,
768 5036 796 5090 ct
821 5029 928 5092 tunica
943 5029 1072 5112 byssina
1091 5048 1097 5093 :
1116 5031 1155 5092 de

409 5125 528 5206 quibus
549 5125 673 5188 duobus
691 5134 793 5189 tortus
810 5128 869 5191 istc
891 5148 976 5192 nune
1000 5129 1152 5211 loquitur.

409 5224 519 5305 ltaque
541 5225 715 5287 secundum
733 5225 904 5310 losephum
926 5237 956 5291 ct
973 5229 1155 5309 llagistrum

411 5323 444 5385 in
468 5322 621 5416 historiis,
639 5325 767 5405 quando
789 5327 1090 5408 superabundabant
1113 5329 1156 5393 ci-

1207 4353 1307 4426 ptum.
1326 4344 1550 4404 l'erumtamen
1570 4341 1715 4423 quamvis
1735 4341 1948 4404 certissimum

1207 4443 1259 4519 sit,
1273 4443 1356 4524 quod
1375 4443 1455 4504 Deus
1471 4441 1673 4523 omnipotens
1689 4440 1827 4522 potuerit
1844 4441 1948 4520 ignem

1207 4542 1297 4604 illum
1319 4541 1506 4603 continuare
1524 4549 1554 4604 et
1571 4557 1760 4604 conservare
1776 4539 1807 4600 in
1824 4558 1894 4602 esse
1911 4539 1951 4601 si·

1209 4660 1248 4702 ne
1266 4640 1423 4720 lignorum
1443 4637 1640 4718 adjectione3
1661 4656 1724 4700 non
1742 4645 1847 4700 tamen
1865 4637 1951 4700 vide

1209 4746 1259 4799 tur
1269 4737 1352 4818 quod
1371 4736 1452 4815 ignis
1470 4735 1523 4798 illc
1539 4753 1575 4798 en
1589 4755 1645 4797 sua
1658 4745 1769 4797 natura
1783 4733 1814 4796 id
1830 4735 1948 4811 babuit,

1208 4837 1294 4919 quod
1312 4837 1380 4898 sine
1397 4836 1555 4916 lignorum
1569 4834 1769 4916 appositione
1784 4833 1953 4898 mansisset

1210 4938 1242 4999 in
1264 4954 1343 5010 csse,
1364 4943 1429 4996 tum
1447 4933 1521 5015 quia
1543 4933 1574 4995 in
1597 4933 1700 4995 littora
1722 4932 1848 5011 dicitur,
1868 4934 1953 5014 quod

1210 5034 1356 5098 sacerdes
1383 5033 1487 5114 ignem
1515 5031 1606 5093 illum
1632 5031 1765 5093 nutrivit
1790 5050 1846 5113 per
1867 5032 1954 5111 ligna

1210 5131 1366 5214 apposita,
1385 5140 1450 5193 tum
1472 5130 1623 5211 quoniam
1644 5129 1723 5191 alias
1742 5131 1791 5209 (ut
1811 5133 1955 5212 apparet)

1211 5230 1363 5294 Dominus
1386 5247 1448 5291 non
1469 5228 1615 5311 jussisset
1638 5229 1723 5308 ligna
1744 5229 1872 5311 apponi.
1891 5227 1955 5292 lmo

1212 5329 1237 5392 si
1255 5328 1338 5410 ignis
1353 5329 1406 5392 ille
1422 5346 1484 5391 non
1500 5327 1633 5406 indiguit
1649 5326 1888 5390 conservatione
1901 5346 1956 5409 per
