4309 6259
604 476 778 525 manuario
799 478 830 524 m
851 474 919 521 mr.
943 474 1005 520 uxr
1026 474 1128 522 uxom.
1152 496 1192 508 -
1211 478 1284 525 aar.
1307 479 1379 527 xux
1723 468 1762 539 tr

208 650 250 707 in
268 670 352 713 arcia
368 650 534 721 lateribus,
544 661 580 711 nt
586 660 736 728 portetur
751 654 786 713 in
801 652 857 712 eis.
875 648 962 712 Facti
978 642 1002 706 Α
1057 650 1170 709 Facies
1184 659 1214 709 et
1228 652 1500 729 propitiatorium
1515 657 1555 714 de
1568 676 1650 716 auro
1665 677 1761 719 mun·

208 756 291 809 sunt
311 748 420 829 itaquo
440 748 485 810 ibi
507 748 571 812 duo
587 757 693 813 vectes
713 749 866 825 deaurati,
885 767 963 831 quo-
1017 746 1160 808 (tt'cst'mo.
1172 751 1258 809 Duos
1273 752 1393 811 cubitos
1407 761 1436 812 et
1450 755 1630 815 dimidium
1647 760 1763 817 tenebit

208 864 286 907 rum
302 865 386 907 unus
401 846 576 910 ducebatur
593 866 649 929 per
666 848 745 911 duos
766 846 903 910 circulos
924 865 961 909 ex
1019 848 1186 923 longitudo
1201 848 1319 924 ejusce
1334 852 1480 911 cubitum
1495 872 1533 911 ac
1547 854 1718 927 semissem,
1729 856 1762 919 id

208 964 280 1007 uno
303 944 401 1008 latera
423 964 514 1023 arca,
531 947 707 1008 secundum
728 944 961 1026 longitudinem
1017 950 1075 1019 est,
1102 943 1247 1007 cubitum
1275 966 1374 1010 unum
1399 967 1472 1011 cum
1499 950 1604 1015 medio
1630 951 1762 1017 habebit

208 1044 306 1125 ejus3
323 1044 414 1121 alter,
425 1063 481 1126 per
497 1043 577 1107 alios
592 1044 673 1108 duos
689 1044 826 1107 annulos
841 1044 882 1107 ab
898 1042 962 1106 alio
1017 1046 1157 1103 latitudo
1172 1044 1253 1125 ejus.
1264 1045 1308 1120 Ex
1322 1064 1386 1126 quo
1401 1056 1536 1124 constat,
1553 1050 1639 1130 quod
1649 1052 1761 1134 propi-

210 1142 314 1205 latere
333 1161 415 1207 area
435 1162 491 1225 per
511 1142 744 1223 longitudinem
761 1143 839 1224 ejus.
858 1141 963 1224 Siqui-
1018 1140 1180 1204 tiatorium
1199 1152 1267 1205 erat
1289 1152 1382 1207 tantae
1404 1144 1615 1227 longitudinis
1634 1168 1671 1212 ac
1693 1150 1761 1214 lati-

207 1242 288 1304 dem
303 1242 416 1305 circuli
432 1251 522 1305 erant
538 1261 648 1305 versus
668 1242 865 1324 superiorem
881 1259 962 1303 arca
1018 1240 1148 1317 tudinis,
1172 1240 1255 1303 sicut
1278 1261 1361 1305 arca.
1385 1243 1428 1307 De
1453 1245 1660 1327 spissitudine
1685 1268 1760 1314 vero

207 1348 336 1422 partem
353 1342 413 1405 sub
432 1341 503 1423 ejus
523 1360 651 1418 corona,
669 1350 704 1403 ut
722 1341 877 1423 losephus
893 1358 962 1402 sen·
1016 1356 1072 1401 seu
1087 1338 1257 1403 altitudine
1272 1342 1497 1423 propitiatorii,
1517 1352 1620 1410 textus
1636 1365 1701 1410 uon
1717 1348 1760 1413 lo

208 1440 263 1501 tit.
281 1439 415 1513 Quidam
436 1449 542 1504 tamen
564 1441 791 1520 imaginantur,
808 1439 894 1520 quod
911 1456 962 1501 ve
1015 1438 1135 1518 quitur.
1149 1438 1212 1502 lloc
1229 1439 1486 1520 propitiatorium
1502 1443 1632 1524 quidam
1647 1446 1759 1511 dicunt

207 1546 280 1600 ctes
301 1540 477 1621 pergebant
497 1540 672 1602 secundum
688 1540 708 1620 †
725 1536 959 1617 longitudinem
1016 1536 1115 1600 luisse
1138 1538 1334 1619 opertorium
1359 1558 1462 1615 arcae3
1489 1539 1557 1619 alii,
1584 1546 1671 1625 quod
1698 1545 1759 1609 luit

194 1656 305 1699 arcas.
319 1637 459 1711 Quatuor
481 1656 557 1703 vero
583 1638 762 1702 sacerdotes
789 1634 960 1718 portabant
1013 1654 1109 1698 aurea
1132 1655 1252 1712 mensa,
1270 1656 1325 1699 seu
1348 1637 1456 1701 tabula
1477 1640 1574 1703 altius
1596 1643 1711 1725 posita,
1727 1654 1760 1709 et

205 1755 317 1799 arcam
340 1746 373 1799 et
396 1746 547 1801 contenta
572 1737 605 1799 in
628 1756 665 1799 ea
691 1755 787 1819 super
809 1736 958 1799 humeros
1014 1753 1110 1816 super
1125 1753 1230 1797 arcam
1246 1734 1360 1813 levata,
1373 1755 1410 1798 ac
1426 1746 1605 1803 sustentata
1619 1760 1674 1805 seu
1693 1752 1760 1807 tou-

206 1854 297 1911 suoS,
321 1854 380 1919 per
401 1844 519 1913 vectes,
536 1836 600 1899 duo
622 1844 707 1911 ante,
723 1844 754 1897 et
775 1835 838 1897 duo
861 1841 956 1909 retro,
977 1826 1045 1897 Ba
1069 1852 1088 1896 a
1108 1832 1278 1897 Cherubim
1303 1833 1428 1899 duobus
1449 1835 1481 1900 in
1503 1839 1757 1907 extremitatibus

205 1934 339 2016 quando
360 1943 463 1998 castra
484 1934 652 1997 mutabant
676 1934 754 1998 loca.
774 1936 838 2003 Qui
853 1940 958 1997 vectes
1013 1933 1153 2013 ejus:ita
1168 1934 1254 2016 quod
1271 1932 1378 1997 tabula
1393 1934 1449 1997 illa
1464 1945 1533 1998 crat
1548 1938 1641 2019 quasi
1656 1941 1758 2007 sedile

203 2054 333 2111 semper
347 2044 444 2096 erum
462 2038 496 2095 in
511 2037 656 2107 circulis,
673 2055 730 2095 nec
745 2054 893 2113 unquam
908 2052 958 2091 ec·
1013 2031 1079 2109 Dei,
1096 2040 1128 2095 ot
1152 2031 1339 2115 operculum
1364 2052 1444 2096 arete
1466 2035 1558 2115 quasi
1581 2038 1757 2103 scabellum

205 2135 384 2193 trahentur
394 2135 435 2195 ad
444 2132 621 2195 eis.l'ectes
637 2150 777 2213 namque
787 2129 885 2194 semel
902 2147 958 2212 per
1012 2130 1125 2214 ipsius.
1151 2131 1247 2195 Porro
1271 2130 1327 2213 qui
1358 2131 1470 2195 dieunt
1500 2134 1758 2217 propitiatorium

203 2231 348 2295 circulos
369 2231 477 2314 posili,
496 2251 560 2296 non
582 2231 828 2295 extrahebantur
848 2230 888 2293 de
910 2248 958 2291 ce·
1013 2229 1114 2293 luisse
1127 2230 1312 2311 contiguum
1327 2250 1409 2293 arca
1423 2239 1455 2294 et
1470 2232 1540 2314 ejus
1556 2236 1755 2316 operculum,

205 2336 288 2404 tero,
307 2328 371 2391 uisi
388 2328 471 2393 iorte
487 2330 526 2392 ad
550 2329 762 2411 reparandum
783 2326 906 2409 aliquid
923 2326 956 2388 in
1011 2329 1123 2392 dicunt
1137 2328 1333 2411 opertorium
1348 2329 1428 2392 illud
1445 2328 1545 2395 luisse
1561 2333 1616 2396 Dei
1633 2334 1755 2409 sedile;

204 2427 255 2491 eis
276 2427 610 2491 contractumllectes
630 2436 737 2491 autem
757 2425 892 2489 aliarum
910 2443 957 2487 rc·
1011 2428 1230 2511 perimentum
1244 2446 1320 2492 roro
1337 2428 1545 2509 tabernaculi,
1563 2432 1661 2496 situm
1672 2444 1756 2504 ,ante

182 2526 188 2531 ’
205 2546 282 2589 rum
297 2528 566 2610 deportandarum
582 2526 828 2590 extrahebantur
844 2525 883 2588 de
898 2524 959 2587 cir·
1010 2545 1128 2604 arcam,
1146 2525 1247 2589 fuisse
1261 2526 1438 2590 scabellum
1459 2527 1573 2611 ipsius.

205 2627 303 2703 euliS,
320 2626 542 2709 deportatione
557 2626 623 2708 jem
640 2625 734 2689 laeta.
1051 2630 1138 2687 Drws
1152 2646 1275 2706 quoqne
1287 2629 1457 2688 Cherubim
1473 2650 1586 2690 aureos
1595 2642 1625 2691 et
1635 2637 1758 2710 produ·

247 2730 414 2805 Ponesque
431 2728 467 2785 in
488 2746 566 2786 orca
584 2727 839 2803 testificationem
854 2744 954 2803 quam
1010 2726 1100 2785 ctt'tes
1113 2726 1225 2802 facies,
1238 2742 1294 2806 per
1309 2743 1423 2787 manus
1437 2725 1659 2806 artificum,ecc
1671 2741 1757 2795 utra·

44 2831 187 2882 Hebron*-
203 2827 288 2886 dabo
305 2826 378 2895 tibi,
394 2824 427 2886 id
443 2831 491 2887 est
510 2823 635 2888 tabulas
657 2822 851 2899 testamenti,
871 2821 956 2885 vide
1010 2843 1069 2903 qne
1081 2833 1177 2902 parte
1190 2825 1327 2884 oraculi.
1335 2821 1506 2887 Cherubim
1522 2824 1570 2888 illi
1587 2846 1651 2891 uon
1667 2839 1757 2893 erant

205 2924 283 2987 licet
298 2924 378 2987 duas
399 2923 534 3000 tabulas,
552 2922 719 3003 inquibus
739 2923 849 2985 decem
869 2939 957 2984 man·
1012 2919 1150 2998 iusi‚sed
1162 2919 1423 3003 percussionibus
1438 2922 1626 2988 malleorum
1642 2928 1682 2989 ad
1695 2927 1757 2993 ior-

203 3024 280 3086 data
296 3030 388 3086 eraut
408 3020 507 3101 digito
530 3020 585 3085 Dei
609 3021 738 3104 scripta,
757 3021 790 3082 in
812 3020 955 3084 testimo
974 3023 995 3086 C
1011 3039 1095 3082 mam
1111 3039 1200 3083 suam
1222 3019 1368 3101 producti
1388 3038 1395 3081 :
1417 3040 1554 3102 quorum
1571 3042 1653 3087 uuus
1669 3028 1757 3089 stetit

205 3121 297 3183 nium
313 3122 400 3202 quod
417 3119 479 3182 iilii
499 3120 593 3184 lsrael
609 3120 712 3200 legem
727 3128 920 3202 acceperunt
935 3139 954 3181 a
1010 3118 1044 3180 in
1060 3136 1124 3180 uua
1138 3116 1337 3181 extremitate
1352 3117 1473 3180 oraculi
1494 3138 1549 3183 seu
1570 3122 1756 3205 propitiato-

204 3220 353 3283 Domino.
377 3219 483 3282 Nihilo
505 3220 623 3296 minus,
646 3227 681 3280 ut
702 3218 747 3281 ait
766 3218 876 3281 Petrus
897 3217 954 3281 Co
1010 3216 1060 3293 rii,
1078 3217 1158 3279 alter
1181 3214 1214 3277 in
1236 3215 1346 3293 altera,
1371 3235 1426 3279 seu
1449 3236 1487 3281 ox
1509 3227 1644 3300 utraque
1666 3232 1756 3304 parte

203 3327 338 3395 mestor,
356 3326 470 3381 cuneta
487 3318 520 3380 in
540 3337 614 3381 arca
634 3316 783 3398 reposita,
802 3315 865 3380 dici
883 3334 955 3399 pos·
1009 3315 1141 3391 oraculi,
1159 3323 1236 3396 puta
1259 3314 1294 3375 in
1316 3315 1440 3378 duobus
1462 3317 1678 3383 anterioribus
1701 3340 1756 3385 an-

205 3426 282 3479 suut
307 3416 341 3478 in
374 3416 636 3480 testificationem
665 3415 710 3477 ihi
737 3414 851 3478 locata.
878 3415 955 3479 Nam
1008 3413 1095 3495 gulis
1118 3414 1200 3495 ejus,
1223 3412 1279 3495 qui
1302 3413 1538 3478 introeuntibus
1561 3416 1642 3481 illud
1665 3430 1757 3483 crant

204 3517 312 3599 posita
327 3524 376 3579 est
389 3514 533 3579 ibitur-na
547 3532 643 3577 aurea
663 3514 759 3595 plena
774 3533 903 3591 manna,
921 3514 953 3575 in
1010 3512 1196 3576 anteriores.
1207 3513 1280 3575 ldeo
1295 3510 1460 3578 subditur:
1473 3516 1596 3577 Cterrtt
1613 3538 1700 3579 unus
1713 3522 1756 3580 sit

203 3614 470 3698 protestationem
480 3614 567 3696 quod
583 3631 665 3695 pane
676 3612 732 3676 illo
748 3612 869 3677 coelesti
886 3612 955 3675 aliti
1010 3615 1046 3673 in
1069 3617 1166 3673 tatere
1189 3632 1264 3683 uno,
1282 3622 1310 3672 et
1330 3615 1413 3673 atter
1431 3614 1468 3673 in
1490 3618 1601 3677 attero.
1627 3620 1756 3680 Utrum-

203 3724 298 3778 erant
318 3734 338 3777 a
360 3713 495 3777 Domino
518 3714 552 3775 iu
574 3712 710 3776 deserto.
734 3711 861 3775 Tabulae
880 3731 956 3794 quo
1010 3715 1167 3790 peclatus
1175 3712 1399 3788 propitiatorii
1410 3720 1528 3788 tepent,
1541 3718 1756 3791 expandentes

202 3832 279 3894 que,
290 3813 326 3874 in
342 3810 562 3876 testimonium
578 3811 664 3890 quod
679 3811 835 3875 Dominus
852 3812 953 3891 legem
1010 3812 1092 3881 atas,
1109 3819 1138 3869 et
1153 3810 1327 3886 operientes
1341 3813 1523 3871 oracutum.
1540 3810 1577 3871 lli
1598 3811 1662 3875 duo
1676 3814 1756 3878 Cho-

203 3911 397 3988 naturalem,
425 3910 458 3973 in
483 3908 635 3973 cordibus
666 3909 833 3972 hominum
860 3910 953 3991 quasi
1010 3907 1115 3969 rubim
1127 3905 1348 3988 expandebant
1363 3906 1429 3968 alas
1446 3926 1518 3969 suas
1533 3908 1681 3991 ita‚quod
1696 3912 1755 3977 alat

203 4011 356 4094 sopitam,
380 4008 542 4092 reparavit
566 4007 612 4071 eis
638 4008 672 4068 in
697 4007 837 4089 scriptis.
861 4008 956 4089 Virga
1010 4024 1120 4070 eorum
1143 4024 1177 4068 se
1202 4004 1340 4069 invicem
1364 3994 1621 4085 contingebant:
1644 4009 1756 4093 sicque

204 4112 323 4186 Aaron,
336 4109 370 4171 iu
387 4106 606 4171 testimonium
622 4107 708 4187 quod
723 4106 843 4169 electus
859 4107 955 4172 inita
1009 4106 1068 4169 ala
1083 4124 1194 4169 eorum
1212 4123 1276 4167 non
1299 4112 1389 4168 erant
1408 4113 1543 4169 extentas
1563 4126 1693 4190 prorsus
1707 4112 1756 4173 di-

48 4221 190 4271 nfflln.
204 4211 269 4273 Deo
286 4210 321 4271 in
344 4205 526 4290 presulem,
543 4214 640 4287 atque
662 4206 748 4286 quod
771 4206 876 4269 omnis
899 4227 955 4290 po·
971 4208 996 4271 D
1011 4213 1096 4267 recte
1118 4204 1151 4266 in
1173 4204 1285 4280 altum,
1310 4203 1364 4266 sed
1389 4203 1531 4285 oblique,
1557 4214 1589 4268 et
1614 4226 1671 4289 per
1695 4209 1756 4274 hoe

205 4318 304 4371 testas
323 4326 343 4368 a
364 4306 427 4369 Deo
452 4305 504 4367 sit.
522 4303 803 4367 Deuteronomium
826 4324 955 4387 quoque
1010 4302 1197 4385 operiebant
1211 4301 1445 4383 quodammodo
1456 4302 1564 4385 ipsum
1574 4306 1753 4387 oraculum,

206 4405 343 4487 legis,in
359 4402 577 4467 testimonium
594 4402 764 4485 pacti‚quo
779 4402 928 4467 dixerunt
945 4426 953 4470 ε
1010 4411 1042 4466 et
1064 4402 1146 4464 latus
1168 4401 1238 4483 ejus
1257 4409 1440 4482 utrumque.
1457 4403 1708 4486 aspiciamque
1723 4430 1757 4469 ae

140 4529 191 4565 uu·
205 4506 321 4569 Omnia
345 4523 416 4585 quat
444 4502 570 4566 loeutus
594 4508 643 4563 est
667 4501 831 4579 Dominus,
860 4504 955 4568 lacie—
1011 4512 1124 4563 mutuo
1139 4501 1239 4561 versis
1254 4503 1397 4561 vultibus
1413 4503 1450 4561 in
1468 4504 1753 4581 propitiatorium.

206 4624 290 4667 mus.
307 4602 397 4665 Unde
411 4609 443 4665 et
461 4600 493 4661 in
511 4598 754 4663 Deuteronomio
769 4599 889 4682 lloyses
909 4604 954 4665 ait
1010 4600 1067 4663 Per
1082 4600 1167 4681 quod
1183 4606 1280 4680 patet,
1297 4600 1382 4679 quod
1398 4609 1605 4682 respexerunt
1621 4620 1655 4665 se
1671 4602 1754 4667 iuvi·

135 4750 138 4755 -
206 4702 327 4766 Levitis
352 4700 497 4765 :Tollite
522 4698 639 4761 librum
664 4697 760 4775 hunc,
788 4707 820 4761 et
845 4700 955 4781 ponite
1010 4718 1079 4763 cem
1105 4717 1169 4761 non
1185 4697 1315 4774 directe,
1332 4716 1388 4760 seu
1404 4698 1585 4779 penitusex
1606 4701 1751 4782 adverso,

53 4780 65 4818 ²
83 4811 88 4821 '
206 4821 279 4865 eum
297 4802 332 4863 in
348 4800 446 4863 latere
460 4816 542 4861 arcte
558 4794 698 4873 hederis,
712 4805 748 4859 ut
763 4797 805 4858 sit
820 4797 866 4861 ibi
882 4818 956 4863 con·
1010 4799 1065 4862 sed
1088 4817 1161 4861 suas
1183 4795 1280 4859 iacies
1304 4796 1343 4859 ad
1366 4797 1530 4860 oraculum
1553 4798 1755 4869 divertebant

208 4910 255 4963 tra
271 4908 301 4963 te
322 4899 356 4961 in
378 4897 608 4961 testimonium.
626 4895 705 4958 Hinc
719 4914 792 4958 arca
814 4895 884 4973 ista,
904 4918 956 4961 vo
1008 4896 1243 4979 aliquantulum
1265 4896 1304 4958 ad
1324 4896 1418 4958 latus.
1442 4900 1509 4966 Quo
1531 4897 1754 4980 propitiatorio

206 5007 276 5061 cata
290 4997 430 5061 esthrca
446 4994 627 5058 testamenti
643 5013 699 5057 seu
713 4994 955 5059 testimonii.0b
1009 5016 1065 5059 seu
1081 4993 1209 5059 oraculo
1224 4996 1398 5072 operienda
1411 5004 1455 5055 est
1469 5015 1557 5056 arca.
1575 4995 1663 5069 Quod
1679 5017 1755 5079 qua·

206 5096 374 5161 hocetiam
386 5093 638 5157 Taberuaculum
649 5092 823 5155 testimonii
834 5093 954 5156 dictum
1009 5096 1082 5157 liter
1096 5092 1267 5175 dupliciter
1286 5101 1473 5174 exponatur,
1487 5093 1554 5175 jam
1569 5094 1694 5157 claruit.
1712 5100 1753 5159 In

207 5204 264 5259 est.
281 5196 321 5258 Et
342 5195 420 5258 item
440 5191 571 5270 idcirco,
588 5192 740 5273 quoniam
761 5210 864 5255 cause
884 5208 955 5272 age-
1008 5193 1504 5275 quaponestestimoniumqnod
1513 5194 1753 5257 dabatibi.Hoc

208 5295 323 5359 bantur
338 5302 414 5357 ante
436 5291 520 5355 iores
539 5290 651 5373 ipsius,
670 5299 748 5372 puta
762 5290 796 5353 in
812 5290 951 5373 porticu.
1008 5291 1157 5373 estquod
1172 5289 1267 5372 paulo
1283 5298 1356 5352 ante
1369 5289 1572 5370 jamdictum
1589 5299 1685 5372 atque
1701 5310 1754 5355 ex·
