4309 6259
434 474 504 557 880
777 508 950 555 snxnnxno
971 508 1002 553 tn
1024 507 1092 553 cnr.
1116 506 1168 552 xvr
1188 504 1422 552 nemenonoxn.
1444 526 1485 536 —
1505 506 1576 553 aar.
1598 507 1662 552 xvn

444 682 522 745 tnali
538 690 643 745 autem
665 681 828 745 intellectu
845 698 909 743 non
925 686 1037 743 curant
1052 678 1185 740 Hebraei.
1203 677 1393 755 Acialibus,
1420 697 1491 759 quae
1515 679 1689 741 seeundum
1714 677 1927 741 Alexandrum
1957 686 1989 739 ct

445 782 516 845 ldeo
538 781 582 843 ait
603 780 823 863 Hieronymus,
842 779 928 860 quod
950 796 1054 859 nequo
1077 777 1116 839 ad
1137 776 1188 837 lit·
1243 776 1335 852 alios,
1361 785 1435 839 sunt
1456 778 1736 840 determinationes
1756 785 1986 859 preceptorum

445 888 557 957 teram,
584 898 688 962 neque
712 879 887 942 secundum
913 878 1060 959 spiritum
1089 876 1188 938 ludaei
1244 874 1412 937 moralium
1442 875 1589 938 secundae
1614 875 1740 954 tabulae,
1771 875 1987 957 exprimentes

444 978 628 1041 custodiunt
643 978 703 1041 hoo
719 984 924 1060 praeceptum.
934 975 1022 1037 Tunc
1038 974 1136 1051 enim,
1148 974 1189 1036 vi·
1244 974 1374 1036 modum
1389 976 1536 1038 servandi
1551 974 1708 1055 justitiam
1723 974 1807 1036 inter
1826 974 1987 1055 proximos

443 1076 558 1139 delicet
581 1075 608 1138 si
632 1076 672 1138 ad
697 1076 834 1139 litteram
860 1074 892 1135 id
918 1081 1096 1149 servarent,
1123 1089 1187 1134 non
1244 1071 1277 1133 in
1307 1073 1456 1135 convictu
1484 1073 1584 1135 civili.
1610 1075 1740 1134 iudices
1764 1084 1794 1134 et
1818 1076 1988 1149 magistros

442 1174 553 1237 eodem
571 1182 712 1255 tempore
729 1168 1187 1251 fieretPentecoste,quoniam
1242 1173 1412 1232 constitues
1432 1174 1468 1233 in
1488 1174 1635 1233 omnibus
1648 1174 1752 1251 portis
1769 1173 1834 1232 tais
1849 1194 1861 1231 :
1877 1171 1983 1244 idest,

441 1274 497 1336 alii
511 1274 620 1350 citius,
642 1272 697 1335 alii
718 1274 840 1335 tardius
860 1279 993 1348 metunt,
1012 1270 1186 1333 secundum
1244 1277 1277 1330 tu
1296 1269 1414 1351 popule
1433 1270 1539 1347 lsrael,
1557 1270 1699 1351 provide,
1717 1278 1752 1332 ut
1774 1269 1809 1332 in
1825 1278 1918 1351 porta
1937 1289 1988 1331 cu-

441 1371 538 1433 situm
554 1372 719 1451 regionum
735 1390 873 1433 suarum.
887 1370 978 1445 llinc,
993 1376 1028 1430 ut
1044 1368 1077 1429 in
1094 1367 1188 1431 Solio
1242 1368 1374 1448 juslibet
1389 1367 1477 1429 urbis
1494 1376 1555 1430 tum
1565 1369 1696 1431 sedeant
1706 1368 1849 1449 quotidie
1862 1368 1985 1448 judicos

441 1470 553 1533 lastica
578 1471 679 1532 fertur
704 1469 848 1545 historia,
872 1468 1003 1549 quidam
1025 1466 1185 1543 dixerunt,
1242 1474 1274 1528 et
1288 1465 1443 1547 magistri,
1462 1466 1506 1529 ita
1521 1474 1556 1527 ut
1575 1466 1637 1548 ipsi
1662 1466 1785 1547 judices
1809 1466 1875 1527 sint
1890 1466 1984 1528 etiam

442 1559 704 1650 unumquemque
714 1566 1028 1648 agricolamaprima
1043 1564 1096 1627 die
1109 1584 1188 1627 mes
1243 1565 1398 1645 magistri,
1415 1565 1447 1626 id
1469 1574 1517 1628 est
1537 1566 1632 1648 periti
1656 1565 1690 1627 in
1715 1566 1795 1645 lege,
1821 1564 1985 1646 sciantque

443 1666 543 1729 sionis
569 1685 633 1729 sues
657 1664 891 1747 quinquaginta
915 1664 983 1727 dies
1008 1671 1188 1745 computas·
1242 1664 1314 1745 jura
1330 1664 1439 1745 patriae
1456 1664 1612 1741 instituta,
1629 1672 1725 1745 atque
1741 1664 1848 1727 idonei
1865 1664 1986 1725 sintin·

444 1783 488 1840 se,
505 1773 602 1846 atque
628 1764 660 1826 in
686 1783 723 1826 ea
747 1763 867 1825 sibiae
892 1762 959 1824 suis
980 1762 1111 1844 epulum
1136 1780 1188 1824 ex·
1243 1770 1367 1824 struere
1390 1764 1586 1825 accedentes.
1603 1762 1661 1835 eut
1681 1762 1832 1825 sedebant
1857 1762 1892 1823 in
1915 1781 1986 1844 por-

443 1861 597 1941 hibuisse,
628 1882 664 1925 ao
694 1862 778 1925 diem
805 1860 907 1941 egisse
933 1859 1097 1938 festivum,
1125 1879 1189 1923 non
1207 1856 1230 1917 B
1245 1870 1286 1937 ta,
1304 1868 1340 1922 ut
1354 1861 1504 1924 omnibus
1521 1868 1643 1942 pateret
1661 1862 1701 1923 ad
1721 1879 1774 1924 cos
1790 1860 1871 1923 liber
1886 1880 1987 1924 acces—

442 1961 648 2024 Pentecosten
663 1960 807 2041 legalem,
826 1959 881 2022 sed
898 1958 1115 2022 celebritatem
1131 1977 1189 2040 pro
1245 1980 1309 2036 sus,
1326 1969 1358 2022 et
1372 1960 1435 2023 cito
1451 1960 1789 2041 expedirentur:quod
1809 1968 1859 2023 est
1877 1968 1987 2023 eontra

443 2058 593 2121 omnibus
608 2057 674 2120 suis
683 2058 749 2139 jam
764 2056 1050 2137 congregatisllaec
1060 2075 1189 2137 quoque
1243 2058 1378 2139 judices,
1388 2058 1443 2140 qui
1460 2057 1597 2122 faciliter
1608 2078 1642 2121 se
1651 2059 1831 2133 absentant,
1841 2058 1987 2120 nimium-

443 2156 545 2237 tangit
555 2155 805 2237 Augustinustffi
817 2156 1020 2229 abuniverso,
1031 2154 1186 2235 inquiens,
1243 2176 1305 2238 que
1327 2156 1518 2239 protrabunt
1541 2157 1622 2239 juris
1646 2157 1850 2234 sententiam,
1878 2157 1987 2239 sicque

442 2255 561 2339 populo
576 2255 644 2318 haec
653 2256 835 2318 Pentecoste
849 2254 937 2335 jussa
953 2262 1001 2316 est
1016 2253 1186 2328 observari,
1244 2255 1362 2333 labore,
1376 2265 1505 2337 sumptu
1515 2276 1551 2318 ac
1562 2256 1984 2337 tadioproximosgravant:

443 2354 599 2435 numquid
624 2353 820 2417 credendum
841 2360 900 2429 est,
917 2352 1087 2415 Dominum
1111 2371 1189 2433 prae
1243 2355 1327 2435 quod
1342 2364 1391 2417 est
1400 2363 1512 2418 contra
1525 2354 1575 2436 jus
1587 2363 1708 2416 naturae
1721 2363 1816 2435 atque
1826 2355 1982 2417 divinum.

441 2451 565 2533 cepisse
580 2460 614 2514 ut
628 2470 739 2515 omnes
756 2470 819 2513 una
830 2450 882 2513 die
893 2450 1056 2513 mitterent
1072 2450 1187 2512 falcem
1248 2456 1287 2515 Ut
1303 2454 1456 2531 jaaticcnt
1471 2458 1631 2531 poputum
1648 2456 1741 2531 jaste
1752 2455 1898 2531 judicati,
1921 2462 1985 2514 tan-

443 2551 476 2613 in
491 2549 688 2613 messemei
698 2557 803 2612 autern
815 2548 878 2611 sibi
888 2548 1025 2630 quisque
1040 2549 1188 2611 observat
1243 2571 1338 2632 quarn
1348 2552 1488 2614 ministri
1498 2572 1534 2615 ac
1543 2552 1654 2615 vicarii
1665 2561 1789 2615 eternae
1799 2560 1828 2614 et
1840 2553 1986 2615 increatae

442 2649 741 2731 quinquagesimam
752 2649 852 2725 istam,
861 2667 925 2711 non
937 2657 985 2711 cst
995 2668 1059 2711 una
1069 2648 1188 2731 populo
1242 2651 1386 2729 iustitiae,
1398 2673 1455 2712 nec
1470 2654 1506 2711 ia
1522 2656 1659 2712 atteram
1669 2662 1797 2729 partem
1810 2654 1985 2720 declinent,

444 2748 594 2812 universo
610 2748 767 2811 festivitas
782 2748 852 2809 ista.
872 2747 927 2809 llla
945 2766 1020 2810 vero
1042 2756 1091 2810 est
1111 2767 1187 2824 una,
1243 2751 1303 2812 hoc
1318 2758 1377 2826 est,
1391 2749 1479 2811 nullo
1494 2749 1985 2831 modoarectitudineaaquitatis

443 2866 514 2929 quae
539 2853 740 2929 computatur
763 2846 802 2908 ab
821 2846 1040 2909 immolatione
1063 2846 1190 2908 Paschae
1243 2868 1280 2910 ac
1291 2848 1434 2911 veritatis
1444 2849 1603 2925 recedant,
1614 2867 1672 2911 nec
1683 2866 1778 2910 unam
1788 2856 1912 2930 partem
1922 2866 1985 2930 prae

446 2945 600 3026 usquead
617 2944 701 3007 diem
711 2946 792 3007 date
808 2944 887 3024 legis
903 2943 936 3005 in
953 2944 1038 3007 Sina.
1049 2944 1122 3007 llaec
1133 2943 1191 3006 du·
1244 2946 1307 3008 alia
1323 2946 1463 3028 palpent,
1481 2965 1539 3008 neo
1555 2946 1651 3007 nimis
1666 2946 1810 3025 rigorosi,
1822 2966 1882 3009 neo
1891 2946 1986 3007 nimis

447 3044 605 3124 gostinus.
630 3045 863 3105 Salernitatem
885 3063 1010 3122 qnoque
1035 3044 1228 3108 Taberna-C
1246 3044 1371 3107 remissi
1399 3044 1562 3121 exsistant,
1594 3045 1649 3107 sed
1677 3064 1734 3126 per
1761 3043 1984 3107 discretionem

316 3160 431 3212 tenni,
447 3146 595 3203 catorum
609 3143 778 3202 celebrabis
788 3160 849 3219 per
863 3150 979 3218 septem
993 3142 1072 3202 dies.
1087 3140 1188 3203 Locus
1245 3150 1485 3224 contemperent
1507 3141 1757 3205 misericordiam
1780 3152 1876 3223 atque
1900 3143 1987 3224 justi-

300 3224 431 3331 ffi'ffi,
446 3240 506 3303 iste
521 3240 555 3303 in
571 3239 711 3305 Levitico
726 3240 889 3322 expositus
905 3246 963 3302 est.
1247 3242 1333 3303 tiarn.

496 3340 611 3400 Tribus
641 3340 763 3399 vicibus
787 3358 849 3415 per
873 3358 998 3399 annana
1023 3340 1190 3416 apparebit
1287 3343 1360 3401 Nora
1376 3342 1511 3417 accipies
1516 3359 1699 3417 personam,
1716 3347 1751 3401 ut
1765 3339 1890 3421 privato
1905 3357 1986 3401 amo

445 3458 538 3499 omae
562 3438 780 3499 masculinam
804 3457 912 3497 coram
936 3438 1074 3497 Domino
1097 3458 1108 3495 :
1130 3437 1190 3499 hoo
1247 3456 1280 3500 re
1293 3446 1348 3500 aut
1362 3438 1435 3502 odio
1450 3437 1607 3501 movearis
1621 3438 1661 3500 ad
1677 3437 1828 3519 aliquem,
1844 3438 1901 3501 sed
1915 3458 1986 3500 oau-

445 3544 503 3614 est,
522 3536 636 3618 tuipse
649 3554 722 3599 curn
737 3534 846 3598 sobole
862 3543 914 3596 tua
930 3553 1023 3597 sexus
1043 3533 1191 3597 masculi·
1245 3557 1311 3599 sarn
1332 3537 1498 3599 sinceriter
1520 3535 1653 3617 inspice.
1671 3540 1737 3597 Nec
1758 3558 1907 3598 manaa.
1924 3537 1985 3600 Hoc

444 3634 477 3696 ni
500 3644 545 3697 ter
569 3634 714 3716 quolibet
732 3651 816 3695 anno
832 3632 942 3697 venies
957 3635 997 3696 ad
1014 3632 1137 3710 urbem,
1155 3633 1188 3695 in
1241 3632 1404 3715 judicibus
1418 3632 1558 3714 jubetur,
1571 3651 1612 3695 ne
1626 3632 1813 3695 imminente
1826 3634 1985 3713 judicio,a

443 3752 507 3814 qua
525 3732 764 3817 tabernaculum
782 3730 837 3794 bct
862 3739 920 3807 cst,
944 3740 1053 3813 utpote
1077 3732 1111 3793 in
1132 3732 1188 3792 tri·
1243 3732 1387 3815 partibus
1397 3731 1647 3813 accipiantdona
1657 3750 1816 3795 seorsum:
1828 3753 1887 3815 per
1901 3734 1985 3815 quod

443 3829 1188 3911 bussolennitatibus·memoratisllerumtamen
1245 3833 1327 3894 inter
1337 3840 1441 3894 cetera
1451 3830 1534 3893 mala
1545 3830 1620 3893 inde
1630 3831 1806 3912 sequentia,
1818 3841 1985 3912 praestatur

442 3948 515 3992 curn
532 3926 750 3991 habitantibus
766 3927 902 3989 multum
919 3936 1038 3991 remote
1053 3929 1094 3991 ab
1111 3928 1188 3990 urbe
1243 3931 1326 3993 mala
1341 3930 1473 3993 audacia
1483 3929 1513 3992 ei
1529 3930 1585 4010 qui
1599 3929 1734 3993 contulit
1747 3949 1864 3991 munus
1874 3954 1882 4005 3
1894 3940 1927 3993 ct
1937 3950 1985 3993 res

444 4028 509 4105 illa,
533 4027 787 4108 dispensabatur,
812 4025 857 4089 ita
879 4027 965 4108 quod
990 4026 1133 4090 nonnisi
1154 4027 1187 4088 in
1243 4030 1298 4092 illa
1314 4029 1451 4111 speciem
1467 4028 1562 4091 habet
1582 4028 1669 4104 mali,
1685 4037 1891 4111 mentemque
1902 4030 1986 4110 judi-

442 4126 571 4203 Pascba,
602 4125 647 4188 ibi
670 4143 823 4207 apparere
847 4123 1070 4206 obligabantur
1087 4143 1094 4187 :
1122 4125 1187 4188 imo
1242 4128 1288 4190 cis
1303 4128 1420 4204 inficit,
1437 4127 1622 4208 corrumpit,
1639 4136 1671 4189 et
1687 4127 1867 4191 inordinato
1883 4127 1986 4191 flectit

443 4224 542 4305 aliqui
567 4224 688 4299 dicunt,
715 4224 798 4303 quod
826 4222 1049 4302 indulgebatur
1069 4224 1126 4301 eis,
1153 4224 1348 4290 utDamore
1373 4227 1412 4288 ad
1433 4226 1570 4288 dantem.
1587 4224 1751 4306 Cupiditas
1774 4244 1904 4307 quoque
1931 4246 1986 4308 per

444 4343 507 4387 non
524 4323 585 4385 nisi
602 4322 699 4385 semel
716 4322 749 4384 in
772 4322 910 4385 triennio
929 4323 1075 4386 venirent
1091 4323 1124 4385 in
1135 4324 1187 4385 Pa·
1241 4344 1373 4387 munera
1392 4331 1561 4405 generatur
1585 4332 1639 4385 aut
1665 4323 1800 4400 fovetur,
1817 4343 1890 4405 quae
1906 4324 1985 4388 facit

443 4423 528 4486 seha.
554 4424 628 4486 Non.
653 4423 820 4500 apparebit
845 4432 919 4482 ante
939 4424 1117 4483 Dominam
1134 4446 1186 4484 va·
1240 4424 1395 4485 rationem
1418 4441 1436 4483 a
1457 4421 1561 4484 medio
1586 4420 1713 4485 virtutis
1738 4422 1896 4485 recedere.
1914 4423 1984 4485 Ideo

441 4543 532 4592 caras,
556 4524 611 4582 sed
635 4526 742 4597 offeret
765 4522 985 4600 unusquisque
1007 4526 1184 4583 secandum
1240 4520 1410 4584 subditur:
1434 4523 1514 4600 qaia
1533 4540 1671 4581 marcere
1694 4532 1853 4581 exerceant
1874 4526 1979 4581 oeulos

441 4623 526 4700 qaod
550 4620 712 4688 babuerit,
723 4620 828 4695 sacta
854 4621 1102 4681 benedictionem
1125 4624 1186 4682 Do-
1238 4622 1433 4698 sapientum,
1449 4618 1505 4700 qui
1521 4617 1643 4681 scilicet
1657 4628 1731 4681 ante
1746 4638 1915 4681 munerum
1931 4639 1979 4682 ac-

441 4720 527 4779 mioi
541 4719 601 4778 Dei
615 4718 668 4777 sai
678 4737 777 4796 qnam
792 4719 917 4777 dederit
931 4719 962 4776 ei
972 4738 982 4775 .·
999 4718 1059 4780 hoc
1074 4726 1133 4796 est,
1151 4718 1184 4779 in
1239 4718 1418 4800 ceptionem
1437 4718 1562 4781 fuerant
1582 4717 1752 4800 sapientes,
1770 4718 1824 4780 sed
1843 4737 1902 4799 per
1916 4738 1981 4781 mu-

441 4814 583 4896 praelatis
597 4815 700 4877 tribus
716 4813 944 4877 festivitatibus
965 4816 1185 4897 unusquisque
1241 4836 1317 4879 nera
1339 4817 1544 4892 seducuntur,
1560 4824 1591 4879 et
1616 4816 1702 4878 fiunt
1727 4816 1936 4898 insipientes;
1952 4827 1981 4877 et

440 4914 528 4994 juxta
544 4932 634 4975 snam
654 4912 838 4976 facultatem
855 4912 976 4993 aliquid
992 4912 1109 4977 offerat
1123 4915 1186 4977 Deo
1240 4926 1370 4976 tractarat
1385 4918 1477 4976 cerba
1486 4917 1664 4992 justorum,
1678 4914 1721 4977 ita
1735 4916 1820 4996 quod
1836 4916 1979 4997 quiante

443 5011 476 5071 in
492 5011 561 5074 loeo
576 5030 672 5088 sacro,
685 5011 782 5074 etiam
798 5010 880 5072 ultra
890 5020 1048 5093 precepta
1059 5012 1092 5073 in
1103 5012 1184 5093 lege,
1241 5012 1446 5096 proferebant
1461 5014 1557 5078 verba
1571 5013 1712 5094 institiae,
1724 5013 1881 5096 incipiunt
1895 5014 1978 5095 loqui

442 5129 480 5174 ex
496 5110 625 5191 speciali
641 5109 809 5173 devotione
824 5110 863 5172 ad
875 5110 1084 5173 reverentiam
1100 5110 1184 5188 festi,
1242 5112 1371 5193 injuste,
1389 5120 1420 5175 et
1440 5113 1520 5175 falsa
1535 5110 1679 5193 proferre
1703 5112 1832 5193 judicia.
1860 5112 1978 5193 Lingua

442 5210 507 5272 imo
522 5207 577 5270 llei
593 5208 625 5269 in
642 5206 735 5271 festo.
1241 5210 1326 5272 enim
1347 5218 1396 5271 est
1410 5210 1656 5272 instrumentum
1673 5209 1853 5272 intellectus
1873 5231 1978 5293 specu-

482 5306 630 5388 chuitur
645 5308 684 5369 de
703 5307 896 5387 quibusdam
914 5308 1081 5390 preceptis
1101 5309 1186 5390 judi·
1242 5309 1341 5385 lativi,
1359 5308 1442 5371 sicut
1457 5327 1570 5371 manus
1584 5309 1736 5390 practiei3
1753 5317 1786 5371 et
1802 5310 1905 5389 qualis
1920 5309 1974 5385 tir,
