4309 6259
433 474 471 537 rt
829 486 1001 536 manuario
1022 488 1053 532 n·
1074 486 1145 533 car.
1166 486 1221 533 m
1243 486 1344 532 axoni.
1366 506 1408 517 -
1426 488 1499 534 aar.
1521 488 1584 535 nau

431 680 500 725 eam
524 660 557 723 in
578 662 758 744 conjugem,
777 679 835 723 nec
857 668 971 743 sponte
986 658 1088 723 voluit
1102 676 1173 721 eam
1187 654 1215 717 Α
1230 668 1338 736 tatem,
1354 663 1506 721 occiderit
1525 664 1712 739 pronianum
1735 682 1843 729 merim,
1861 670 1891 719 et
1912 679 1968 736 per

430 760 609 823 dimittere:
626 762 808 837 eprelr'etur
825 762 931 835 pratis
948 761 1063 837 absque
1076 779 1175 835 pecu·
1228 762 1379 831 insidias,
1395 769 1507 823 contra
1527 760 1684 841 justiliam
1704 768 1735 819 el
1759 758 1903 822 ordinem
1921 758 1968 838 ju-

429 862 499 929 nia,
515 859 623 934 idest,
643 857 750 940 puella
773 857 873 920 libere
896 865 998 938 polest
1025 857 1173 918 recedere
1229 857 1291 931 ris3
1308 861 1348 917 ab
1362 862 1465 919 altori
1484 879 1551 918 mec
1565 863 1682 918 avelles
1701 880 1788 926 curra,
1802 868 1839 917 ut
1855 860 1968 917 morio·

427 958 523 1020 etiam
538 966 613 1019 ante
627 957 798 1038 septimum
812 973 1017 1029 annum,non
1032 957 1107 1018 dato
1120 955 1174 1016 ali
1228 966 1283 1015 tar
1293 975 1305 1018 :
1319 956 1364 1018 ita
1377 958 1463 1038 quod
1480 976 1539 1019 nec
1554 956 1588 1018 in
1603 955 1809 1019 tabernaculo
1823 974 1924 1036 neque
1934 955 1966 1016 in

425 1074 491 1137 qno
507 1055 609 1139 pretio
631 1074 688 1138 pro
711 1074 768 1118 sua
790 1054 1011 1137 redemptione
1033 1074 1052 1115 a
1074 1053 1174 1116 serri—
1227 1055 1348 1136 templo
1365 1055 1424 1118 luit
1441 1064 1571 1118 tutatus.
1583 1055 1714 1135 Propter
1724 1056 1809 1136 quod
1824 1063 1968 1117 versutus

429 1162 504 1217 tute.
1226 1161 1259 1215 et
1277 1153 1394 1216 artilex
1407 1154 1569 1217 homicida
1586 1152 1675 1229 loab,
1693 1152 1755 1215 iuit
1768 1154 1857 1234 juxta
1870 1171 1967 1215 cornu

465 1253 554 1316 Circa
574 1253 633 1315 boc
649 1261 842 1335 preceptum
858 1252 969 1313 scribit
985 1252 1122 1314 Thomas
1137 1252 1171 1314 in
1224 1252 1335 1314 altaris
1349 1252 1645 1334 occisus‚quoniam
1660 1254 1740 1314 duos
1757 1252 1842 1315 viros
1856 1270 1890 1313 se
1905 1269 1969 1311 me

426 1351 529 1434 prima
548 1352 706 1426 mennon,
722 1350 899 1432 questione
920 1350 977 1412 tet
995 1368 1002 1410 :
1020 1350 1084 1412 Lex
1104 1368 1173 1432 per-
1226 1350 1323 1414 liores
1348 1351 1392 1413 ita
1413 1352 1584 1415 occiderat.
1600 1350 1700 1414 iudei
1716 1351 1749 1412 in
1774 1349 1833 1412 boc
1855 1368 1969 1431 prece

426 1450 513 1512 misit
528 1450 613 1531 quod
630 1458 814 1531 paupertate
829 1458 962 1528 cogente
981 1448 1101 1530 aliquis
1116 1449 1173 1511 lle·
1226 1458 1297 1530 pto,
1324 1471 1382 1533 per
1410 1451 1607 1525 Proximum,
1634 1449 1818 1529 intelligunt
1842 1448 1968 1510 natione

426 1548 530 1611 bracus
553 1547 658 1609 lilium
683 1567 775 1609 suum
800 1555 854 1609 aut
881 1547 981 1609 liliam
1008 1548 1170 1611 venderet.
1225 1548 1403 1624 Hebraeum,
1421 1549 1465 1611 ita
1480 1551 1566 1631 quod
1589 1549 1640 1611 lex
1656 1549 1716 1609 ista
1741 1567 1806 1611 non
1830 1546 1971 1609 serraba-

427 1648 492 1711 lmo
515 1666 573 1729 per
597 1646 682 1709 hunc
708 1647 837 1709 modum
864 1655 985 1728 poterat
1005 1667 1038 1709 se
1065 1647 1171 1729 ipsum
1227 1656 1289 1723 tur,
1301 1648 1328 1709 si
1339 1648 1489 1711 llebraeus
1505 1647 1719 1711 interfecisset
1735 1646 1887 1709 insidiose
1896 1662 1970 1725 gen·

426 1747 581 1821 rendere,
609 1746 641 1807 in
672 1746 903 1808 mercenarium
932 1754 1038 1809 tamen
1065 1746 1172 1828 potius
1227 1746 1328 1809 tilem.

427 1864 523 1926 quam
544 1844 575 1905 in
599 1864 736 1919 sertum,
755 1844 831 1925 quia
846 1844 995 1907 Hebraeus
1016 1862 1082 1907 non
1098 1849 1210 1910 ren-B
1268 1848 1333 1913 Qui
1345 1848 1480 1924 furatae
1497 1847 1601 1923 fuerit
1621 1848 1795 1915 hominem,
1811 1843 1968 1906 abducen-

427 1942 561 2005 debatur
577 1943 608 2005 in
624 1942 810 2005 servitutem
827 1953 1024 2025 perpetuam.
1034 1943 1125 2006 l'nde
1136 1944 1171 2005 in
1226 1946 1355 2007 docum
1371 1944 1454 2007 clam
1470 1954 1526 2007 aut
1545 1942 1798 2006 fraudulentera
1819 1941 1966 2025 propriis,

428 2042 568 2105 Levitico
584 2041 743 2105 habetur:
765 2040 796 2102 Si
820 2049 1007 2122 paupertate
1029 2040 1172 2124 compul·
1225 2054 1254 2103 ct
1272 2047 1453 2105 vendiderit
1466 2065 1554 2113 eum,
1568 2045 1732 2104 conuictus
1753 2063 1858 2111 nom,
1875 2041 1906 2103 id
1920 2048 1968 2102 est

309 2146 315 2163 '
354 2146 360 2157 '
428 2159 493 2217 sus,
506 2139 684 2201 vendiderit
700 2158 733 2201 se
750 2137 807 2200 tibi
825 2138 921 2201 trater
938 2148 1022 2216 tuus,
1037 2159 1100 2202 non
1115 2158 1171 2221 op
1225 2142 1445 2224 criminosius
1461 2142 1620 2225 patefacto
1639 2140 1895 2223 atqueprobato,
1912 2158 1968 2201 seu

427 2239 546 2321 primas
560 2258 633 2301 eum
649 2237 801 2301 servitute
818 2236 1084 2315 famulorum,sed
1095 2259 1171 2321 qua·
1224 2241 1318 2303 aliter
1334 2242 1563 2318 innotescente,
1581 2252 1680 2302 morte
1694 2244 1864 2301 moriatur.
1880 2239 1968 2302 Circa

425 2337 452 2399 si
468 2336 684 2400 mercenarius
700 2344 732 2398 et
746 2336 880 2399 colonus
895 2338 966 2399 erit.
1223 2341 1309 2421 quod
1334 2341 1444 2404 dicunt
1469 2342 1664 2423 expositores
1692 2338 1856 2415 catholici,
1881 2338 1966 2400 istud

466 2436 646 2518 Sequuntur
660 2434 724 2497 alia
741 2442 899 2515 praecepta
913 2436 1090 2515 judicialia.
1103 2440 1169 2506 Qui
1225 2437 1324 2502 luisse
1338 2440 1583 2520 intelligendum
1597 2441 1727 2521 quando
1746 2437 1888 2503 venditio
1907 2436 1967 2499 luit

421 2537 615 2613 percusserit
630 2536 792 2595 kornr'nem
808 2537 914 2593 colena
928 2538 1079 2596 occidere.
1097 2534 1169 2597 Per·
1223 2548 1331 2601 secuta
1346 2538 1480 2615 lurtum,
1497 2538 1542 2601 ita
1556 2540 1641 2621 quod
1657 2557 1716 2619 pro
1730 2538 1799 2601 solo
1814 2536 1899 2600 furto
1912 2536 1967 2600 ltc-

424 2634 530 2697 cussio
546 2634 577 2695 in
594 2631 766 2714 Scripturis
782 2632 897 2693 veteris
912 2632 1105 2696 Testamenti
1119 2654 1169 2697 ac·
1222 2638 1320 2700 minis
1345 2657 1409 2703 non
1435 2638 1496 2701 luit
1523 2658 1610 2702 mors
1638 2637 1826 2718 infligenda,
1853 2644 1962 2719 utpote

424 2733 489 2815 cipi
511 2732 591 2797 solet
616 2750 673 2814 pro
692 2731 863 2807 occisione,
890 2741 921 2794 et
941 2732 984 2795 ita
1005 2752 1091 2797 nuno
1115 2755 1168 2797 su·
1220 2738 1350 2817 quando
1371 2738 1468 2800 bomo
1493 2735 1579 2799 turto
1603 2736 1759 2812 sublatus,
1783 2734 1965 2797 invenieba-

425 2832 522 2894 mitur
539 2848 546 2893 :
564 2839 599 2893 ut
622 2830 664 2891 sit
689 2849 811 2907 sensus,
829 2830 887 2905 Qui
913 2832 1024 2895 volens
1049 2853 1106 2896 seu
1127 2854 1166 2897 er
1222 2845 1274 2898 tur
1294 2845 1465 2917 antequam
1491 2835 1699 2911 vendebatur,
1726 2835 1769 2897 ita
1793 2835 1878 2916 quod
1900 2850 1964 2915 pte-

424 2930 587 3015 proposito
603 2928 798 2992 interfecerit
812 2929 953 3012 aliquem
969 2931 1089 3014 injuste
1109 2952 1164 2995 seu
1222 2954 1263 2998 na
1284 2935 1363 2997 luris
1384 2944 1461 2998 tuno
1481 2934 1543 2997 luit
1562 2934 1694 2997 reddere
1713 2933 1794 2997 duos
1818 2932 1961 2997 homines

421 3039 531 3095 contra
546 3037 751 3112 preceptum,
770 3040 868 3089 morta
885 3034 1056 3103 moriatur,
1070 3031 1101 3094 id
1118 3041 1166 3095 est
1183 3031 1205 3094 C
1220 3034 1260 3096 ad
1276 3034 1480 3097 serviendum
1500 3052 1559 3115 pro
1579 3052 1645 3095 uno
1671 3031 1782 3095 turtim
1802 3032 1961 3094 subtracto

420 3130 593 3205 occidatur,
609 3128 685 3210 quia
705 3127 905 3210 propinquus
926 3130 1023 3193 occisi
1040 3141 1165 3214 poterat
1220 3133 1368 3217 quamvis
1390 3133 1546 3196 invento:
1563 3131 1638 3213 quia
1660 3130 1806 3213 sequenti
1827 3128 1961 3192 babetur
1979 3148 2045 3191 rma
2044 3162 2101 3198 111111

419 3248 492 3291 eum
506 3227 664 3309 jugulare,
678 3226 802 3308 judiees
816 3246 956 3310 quoque.
976 3233 1040 3299 Qui
1054 3243 1160 3293 aretem
1219 3232 1368 3315 capitulo,
1380 3231 1517 3313 qualiter
1532 3250 1591 3313 pro
1605 3230 1740 3293 aliarum
1755 3248 1860 3293 rerum
1876 3228 1959 3292 lurto
1972 3214 1993 3255 ⁴·

419 3348 484 3387 non
498 3338 542 3387 est
562 3329 593 3386 ei
609 3327 796 3397 tantillulae,
815 3326 846 3388 id
866 3335 925 3405 est,
943 3328 1000 3410 qui
1020 3350 1085 3394 non
1102 3330 1163 3394 tuit
1220 3332 1451 3394 restituendum
1468 3330 1510 3393 sit
1524 3330 1669 3412 duplum.
1686 3329 1793 3410 Aliqui
1808 3347 1882 3393 vero
1903 3328 1961 3391 ile-

420 3426 570 3488 inimicus
584 3423 693 3498 occisi,
712 3442 770 3486 nec
786 3444 824 3486 ex
840 3426 1003 3509 proposito
1024 3448 1096 3491 eum
1113 3449 1164 3493 oc
1219 3429 1296 3493 brei
1310 3430 1433 3507 dicunt,
1451 3430 1536 3511 quod
1556 3446 1614 3511 pro
1628 3427 1698 3491 solo
1717 3427 1856 3492 bominis
1877 3426 1961 3489 lucto

418 3524 514 3599 cidit,
534 3526 590 3584 sed
609 3527 692 3584 Deus
712 3524 808 3583 illum
827 3528 966 3586 tradidit
988 3530 1023 3589 in
1046 3551 1163 3592 mortua
1219 3547 1305 3590 mors
1320 3528 1538 3609 infligebatur,
1555 3536 1685 3609 propter
1699 3526 1892 3589 hominisad
1906 3526 1960 3589 liei

417 3624 497 3699 ejus,
516 3622 621 3697 idest,
639 3621 1027 3704 Deusoccultaaaquitate
1047 3630 1163 3708 peruri·
1219 3628 1390 3709 imaginem
1411 3626 1488 3690 iacti
1509 3626 1721 3689 nobilitatem.

418 3722 459 3783 sit
474 3739 547 3784 eum
567 3720 669 3783 occidi
690 3738 842 3783 excausa
864 3722 955 3785 nobis
982 3717 1090 3804 ignota
1114 3747 1163 3790 ca·
1260 3730 1324 3797 Qui
1338 3728 1532 3806 perorassent
1549 3734 1677 3802 patrem
1700 3746 1798 3785 suurn
1822 3734 1880 3785 aut
1895 3745 1960 3785 ma·

417 3820 549 3885 sualiter
571 3828 603 3883 et
622 3820 692 3881 sine
711 3819 885 3883 occidentis
910 3821 1099 3888 intentione.
1118 3827 1163 3889 lta
1219 3824 1349 3892 trem,id
1366 3830 1415 3885 est
1429 3841 1529 3884 unum
1545 3840 1655 3885 eorum
1670 3830 1725 3883 aut
1739 3820 1961 3895 ambosmorte

417 3920 547 4001 exponit
561 3918 681 3995 Glossa,
699 3938 736 3981 ac
756 3918 864 3981 ceteri.
882 3920 939 3982 Per
953 3924 1038 4003 quod
1061 3934 1159 4007 patet,
1219 3925 1390 3983 moriatur.
1407 3922 1492 3984 lstud
1508 3921 1683 3983 secundum
1699 3921 1843 3984 doctores
1856 3920 1960 3982 catbo

416 4020 502 4100 quod
518 4018 592 4080 talia
607 4017 746 4081 casualia
760 4026 791 4079 et
813 4017 987 4100 improvisa
1002 4024 1157 4103 pericula,
1218 4021 1296 4085 ticos
1311 4030 1342 4083 et
1357 4019 1504 4083 Hebraeos
1520 4020 1764 4099 intelligendum
1779 4029 1826 4083 est
1842 4038 1905 4082 non
1920 4019 1960 4081 de

417 4136 481 4181 non
502 4116 585 4179 liunt
605 4116 674 4178 sinc
689 4114 743 4179 liei
764 4117 985 4197 permissione,
1004 4140 1064 4185 nec
1091 4123 1161 4187 sine
1218 4119 1423 4200 percussione
1437 4118 1512 4196 levi,
1525 4119 1580 4182 sed
1595 4119 1696 4198 gravi,
1708 4138 1747 4181 ex
1761 4138 1825 4200 qua
1839 4117 1959 4181 scilicet

418 4214 599 4281 rationabili
626 4233 731 4293 causa,
756 4234 853 4296 quum
873 4216 953 4279 lleus
977 4220 1160 4285 moderator
1176 4222 1201 4283 l)
1217 4219 1361 4299 sequitur
1379 4217 1461 4281 livor
1483 4218 1551 4280 sive
1574 4216 1694 4280 ellusio
1713 4218 1888 4298 sanguinis,
1905 4225 1960 4279 aut

418 4325 513 4398 atque
542 4314 688 4396 provisor
716 4322 843 4381 actuum
868 4314 1081 4381 bumanorum
1106 4320 1162 4383 illa
1217 4317 1280 4380 tale
1302 4317 1445 4399 aliquid3
1463 4325 1494 4379 et
1517 4317 1544 4378 si
1566 4335 1605 4379 ex
1626 4316 1789 4398 proposito
1810 4314 1879 4393 liat,
1897 4315 1957 4378 nisi

287 4438 406 4492 *ιἠᾳωι
421 4413 586 4499 permittit.
606 4414 804 4475 Conatitcom
826 4415 885 4473 titt
901 4417 1004 4477 baum
1026 4420 1061 4479 in
1076 4424 1161 4499 qua·
1218 4416 1300 4480 torte
1313 4416 1387 4497 quis
1409 4416 1510 4479 levem
1532 4424 1700 4497 parentum
1721 4416 1957 4498 percussionem

419 4516 531 4592 fupere
553 4514 673 4573 debeat.
691 4511 767 4573 Nam
787 4521 859 4593 post
878 4512 946 4575 bec
966 4516 1063 4579 verba
1077 4519 1161 4582 Deus
1218 4516 1251 4578 in
1272 4514 1535 4578 consuetudinem
1560 4516 1665 4577 ducat.
1682 4514 1741 4577 Pro
1766 4514 1828 4576 levi
1851 4521 1956 4577 autem

273 4634 405 4685 ninam,
420 4611 580 4677 ordinavit
603 4610 747 4675 civitates
778 4610 904 4692 retugii,
926 4613 966 4675 ad
985 4632 1065 4695 quas
1087 4638 1163 4682 oon·
1216 4624 1248 4677 et
1263 4633 1327 4677 non
1342 4614 1608 4677 consuetudinata
1623 4613 1764 4696 ipsorum
1781 4612 1957 4694 percussio-

272 4700 358 4804 bAEp,
375 4774 403 4811 1,,
420 4712 570 4793 fugerunt
584 4709 768 4791 hujusmodi
792 4727 855 4772 non
876 4713 1042 4791 spontanei
1063 4714 1163 4778 homi·
1217 4732 1268 4789 ne,
1285 4713 1391 4776 minor
1413 4720 1515 4775 morte
1538 4711 1715 4793 infligenda
1729 4719 1777 4773 cst
1791 4730 1897 4793 poena,
1914 4718 1957 4773 at-

272 4826 306 4875 n,
321 4828 354 4868 u.
418 4810 508 4887 cide,
528 4818 561 4871 et
585 4816 674 4871 erant
700 4808 732 4869 in
754 4806 887 4870 urbibus
908 4808 973 4871 illis
993 4830 1096 4893 usque
1121 4817 1161 4878 ad
1215 4820 1321 4874 tamen
1342 4830 1468 4893 magna,
1490 4830 1590 4893 quum
1610 4809 1888 4873 sceleratissimum
1908 4809 1956 4871 in-

273 4892 402 5005 mipace.
418 4916 552 4973 mortem
577 4906 694 4969 summi
720 4906 893 4989 pontilicis,
919 4908 968 4971 vel
993 4929 1161 4995 quousque
1214 4910 1496 4991 gratissimumque
1519 4909 1686 4985 consistat,
1713 4926 1766 4971 eos
1791 4917 1955 4991 percutere

418 5005 615 5071 reconciliati
634 5004 763 5067 luerunt
783 5006 972 5088 propinquis
987 5010 1099 5072 occisi.
1117 5012 1160 5075 lle
1214 5008 1370 5090 aquibus
1394 5017 1523 5090 accepta
1544 5015 1593 5070 est
1612 5006 1688 5084 vita,
1706 5014 1738 5069 et
1758 5006 1874 5087 quibus
1889 5014 1957 5069 tan-

417 5104 535 5185 quibus
551 5101 734 5167 civitatibus
749 5103 853 5183 agitur
869 5104 901 5165 in
917 5104 1161 5184 Numeria‚lleu-
1215 5117 1247 5170 ta
1277 5107 1453 5170 reverentia
1477 5105 1611 5169 debetur
1635 5113 1667 5168 et
1690 5106 1859 5186 gratitudo.
1893 5107 1956 5174 Qui

416 5201 791 5278 beronomio,ctlosue.Si
800 5206 872 5283 puis
879 5224 939 5281 per
948 5207 1160 5281 industriam,
1215 5207 1530 5285 maledixeritpatri
1554 5225 1611 5265 auo
1637 5215 1695 5267 act
1720 5206 1831 5277 enutri,
1857 5212 1956 5265 morte

417 5299 449 5365 id
474 5310 523 5365 est
548 5320 604 5383 per
629 5319 759 5386 pravam
787 5310 818 5365 et
838 5302 1008 5383 pessimam
1036 5304 1161 5369 callidi·
1214 5307 1387 5369 moriatur.
1403 5305 1484 5388 Lyra
1502 5302 1580 5367 dicit
1595 5304 1655 5368 boc
1672 5322 1737 5367 non
1751 5321 1822 5367 esse
1840 5302 1956 5365 intelli·
