<?xml version="1.0" encoding="UTF-8"?>
<!DOCTYPE html PUBLIC "-//W3C//DTD XHTML 1.0 Transitional//EN"
    "http://www.w3.org/TR/xhtml1/DTD/xhtml1-transitional.dtd">
<html xmlns="http://www.w3.org/1999/xhtml" xml:lang="en" lang="en">
 <head>
  <title>
</title>
<meta http-equiv="Content-Type" content="text/html;charset=utf-8" />
  <meta name='ocr-system' content='tesseract 3.04.00' />
  <meta name='ocr-capabilities' content='ocr_page ocr_carea ocr_par ocr_line ocrx_word'/>
</head>
<body>
  <div class='ocr_page' id='page_1' title='image "./doctorisecstati00unkngoog_0088.png"; bbox 0 0 4309 6259; ppageno 0'>
   <div class='ocr_carea' id='block_1_1' title="bbox 409 482 1684 558">
    <p class='ocr_par' dir='ltr' id='par_1_1' title="bbox 409 482 1684 558">
     <span class='ocr_line' id='line_1_1' title="bbox 409 482 1684 558; baseline -0.002 -13"><span class='ocrx_word' id='word_1_1' title='bbox 409 482 448 545; x_wconf 78' lang='lat' dir='ltr'>lt)</span> <span class='ocrx_word' id='word_1_2' title='bbox 783 496 957 544; x_wconf 71' lang='lat' dir='ltr'>unianimo</span> <span class='ocrx_word' id='word_1_3' title='bbox 978 500 1008 545; x_wconf 87' lang='lat' dir='ltr'>m</span> <span class='ocrx_word' id='word_1_4' title='bbox 1030 498 1098 545; x_wconf 78' lang='lat' dir='ltr'>cna.</span> <span class='ocrx_word' id='word_1_5' title='bbox 1121 494 1195 541; x_wconf 80' lang='lat' dir='ltr'>xxiv</span> <span class='ocrx_word' id='word_1_6' title='bbox 1216 494 1318 541; x_wconf 81' lang='lat' dir='ltr'>arom.</span> <span class='ocrx_word' id='word_1_7' title='bbox 1341 516 1381 527; x_wconf 93' lang='lat'><em>-</em></span> <span class='ocrx_word' id='word_1_8' title='bbox 1401 497 1473 544; x_wconf 77' lang='lat' dir='ltr'>aar.</span> <span class='ocrx_word' id='word_1_9' title='bbox 1496 498 1577 546; x_wconf 76' lang='lat' dir='ltr'>xcvn</span> <span class='ocrx_word' id='word_1_10' title='bbox 1680 551 1684 558; x_wconf 19' lang='lat'><strong>⁴</strong></span> 
     </span>
    </p>
   </div>
   <div class='ocr_carea' id='block_1_2' title="bbox 268 665 1959 5389">
    <p class='ocr_par' dir='ltr' id='par_1_2' title="bbox 268 665 1959 5389">
     <span class='ocr_line' id='line_1_2' title="bbox 409 665 1948 754; baseline -0.001 -22"><span class='ocrx_word' id='word_1_11' title='bbox 409 671 661 754; x_wconf 75' lang='lat' dir='ltr'>precedentibus</span> <span class='ocrx_word' id='word_1_12' title='bbox 683 670 832 754; x_wconf 89' lang='lat' dir='ltr'>capitulis</span> <span class='ocrx_word' id='word_1_13' title='bbox 856 669 1071 734; x_wconf 85' lang='lat' dir='ltr'>continentur.</span> <span class='ocrx_word' id='word_1_14' title='bbox 1096 672 1155 731; x_wconf 83' lang='lat' dir='ltr'>Re·</span> <span class='ocrx_word' id='word_1_15' title='bbox 1168 665 1194 727; x_wconf 83' lang='lat' dir='ltr'><strong>A</strong></span> <span class='ocrx_word' id='word_1_16' title='bbox 1209 668 1378 733; x_wconf 85' lang='lat' dir='ltr'>sacerdotii</span> <span class='ocrx_word' id='word_1_17' title='bbox 1393 670 1537 748; x_wconf 75' lang='lat' dir='ltr'>Levium,</span> <span class='ocrx_word' id='word_1_18' title='bbox 1552 671 1730 734; x_wconf 79' lang='lat' dir='ltr'><strong>sacerdotes</strong></span> <span class='ocrx_word' id='word_1_19' title='bbox 1746 668 1948 733; x_wconf 79' lang='lat' dir='ltr'>fueruntlin·</span> 
     </span>
     <span class='ocr_line' id='line_1_3' title="bbox 408 766 1947 851; baseline -0.001 -20"><span class='ocrx_word' id='word_1_20' title='bbox 408 774 598 851; x_wconf 82' lang='lat' dir='ltr'>sponditquc</span> <span class='ocrx_word' id='word_1_21' title='bbox 619 780 753 831; x_wconf 79' lang='lat' dir='ltr'>coactos</span> <span class='ocrx_word' id='word_1_22' title='bbox 772 775 915 849; x_wconf 78' lang='lat' dir='ltr'>populus</span> <span class='ocrx_word' id='word_1_23' title='bbox 931 791 999 831; x_wconf 79' lang='lat' dir='ltr'>una</span> <span class='ocrx_word' id='word_1_24' title='bbox 1021 789 1104 839; x_wconf 87' lang='lat' dir='ltr'>oocc,</span> <span class='ocrx_word' id='word_1_25' title='bbox 1122 767 1154 829; x_wconf 89' lang='lat' dir='ltr'>id</span> <span class='ocrx_word' id='word_1_26' title='bbox 1209 767 1248 828; x_wconf 84' lang='lat' dir='ltr'>de</span> <span class='ocrx_word' id='word_1_27' title='bbox 1263 766 1469 849; x_wconf 88' lang='lat' dir='ltr'>subjungitur</span> <span class='ocrx_word' id='word_1_28' title='bbox 1486 787 1493 831; x_wconf 76' lang='lat' dir='ltr'><em>z</em></span> <span class='ocrx_word' id='word_1_29' title='bbox 1511 779 1540 829; x_wconf 90' lang='lat' dir='ltr'>et</span> <span class='ocrx_word' id='word_1_30' title='bbox 1555 772 1739 831; x_wconf 81' lang='lat' dir='ltr'>obtulerunt</span> <span class='ocrx_word' id='word_1_31' title='bbox 1752 772 1947 841; x_wconf 79' lang='lat' dir='ltr'>holocausto,</span> 
     </span>
     <span class='ocr_line' id='line_1_4' title="bbox 408 865 1950 951; baseline -0.004 -18"><span class='ocrx_word' id='word_1_32' title='bbox 408 878 457 933; x_wconf 90' lang='lat' dir='ltr'>est</span> <span class='ocrx_word' id='word_1_33' title='bbox 471 867 681 946; x_wconf 89' lang='lat' dir='ltr'>concorditer,</span> <span class='ocrx_word' id='word_1_34' title='bbox 693 888 792 951; x_wconf 90' lang='lat' dir='ltr'>quum</span> <span class='ocrx_word' id='word_1_35' title='bbox 808 868 972 931; x_wconf 90' lang='lat' dir='ltr'>audissent</span> <span class='ocrx_word' id='word_1_36' title='bbox 982 868 1095 950; x_wconf 89' lang='lat' dir='ltr'>Moysis</span> <span class='ocrx_word' id='word_1_37' title='bbox 1111 886 1156 929; x_wconf 83' lang='lat' dir='ltr'>re</span> <span class='ocrx_word' id='word_1_38' title='bbox 1208 884 1279 946; x_wconf 83' lang='lat' dir='ltr'>quae</span> <span class='ocrx_word' id='word_1_39' title='bbox 1293 866 1333 928; x_wconf 93' lang='lat' dir='ltr'>ad</span> <span class='ocrx_word' id='word_1_40' title='bbox 1348 865 1467 929; x_wconf 84' lang='lat' dir='ltr'>divina</span> <span class='ocrx_word' id='word_1_41' title='bbox 1481 867 1657 950; x_wconf 85' lang='lat' dir='ltr'>majestatis</span> <span class='ocrx_word' id='word_1_42' title='bbox 1673 868 1826 931; x_wconf 79' lang='lat' dir='ltr'><strong>honorem</strong></span> <span class='ocrx_word' id='word_1_43' title='bbox 1848 865 1950 930; x_wconf 88' lang='lat' dir='ltr'>totali-</span> 
     </span>
     <span class='ocr_line' id='line_1_5' title="bbox 408 965 1950 1047; baseline -0.005 -15"><span class='ocrx_word' id='word_1_44' title='bbox 408 968 584 1032; x_wconf 86' lang='lat' dir='ltr'>lationcm:</span> <span class='ocrx_word' id='word_1_45' title='bbox 605 970 722 1029; x_wconf 83' lang='lat' dir='ltr'>Omnia</span> <span class='ocrx_word' id='word_1_46' title='bbox 747 970 841 1028; x_wconf 82' lang='lat' dir='ltr'>verba</span> <span class='ocrx_word' id='word_1_47' title='bbox 856 968 992 1029; x_wconf 80' lang='lat' dir='ltr'><em>Domini</em></span> <span class='ocrx_word' id='word_1_48' title='bbox 1015 988 1088 1047; x_wconf 75' lang='lat' dir='ltr'>quie</span> <span class='ocrx_word' id='word_1_49' title='bbox 1111 970 1155 1026; x_wconf 86' lang='lat' dir='ltr'>lo-</span> <span class='ocrx_word' id='word_1_50' title='bbox 1208 972 1256 1026; x_wconf 85' lang='lat' dir='ltr'>fer</span> <span class='ocrx_word' id='word_1_51' title='bbox 1274 965 1555 1044; x_wconf 79' lang='lat' dir='ltr'>comburebantur,</span> <span class='ocrx_word' id='word_1_52' title='bbox 1577 970 1889 1046; x_wconf 75' lang='lat' dir='ltr'><em>immolaveruntque</em></span> <span class='ocrx_word' id='word_1_53' title='bbox 1905 968 1950 1025; x_wconf 88' lang='lat' dir='ltr'>oi·</span> 
     </span>
     <span class='ocr_line' id='line_1_6' title="bbox 406 1064 1950 1147; baseline -0.002 -19"><span class='ocrx_word' id='word_1_54' title='bbox 406 1078 499 1128; x_wconf 80' lang='lat' dir='ltr'>colus</span> <span class='ocrx_word' id='word_1_55' title='bbox 520 1075 576 1139; x_wconf 86' lang='lat' dir='ltr'>est,</span> <span class='ocrx_word' id='word_1_56' title='bbox 593 1068 762 1144; x_wconf 79' lang='lat' dir='ltr'>sociemus,</span> <span class='ocrx_word' id='word_1_57' title='bbox 779 1064 811 1127; x_wconf 93' lang='lat' dir='ltr'>id</span> <span class='ocrx_word' id='word_1_58' title='bbox 834 1074 893 1143; x_wconf 89' lang='lat' dir='ltr'>est,</span> <span class='ocrx_word' id='word_1_59' title='bbox 913 1066 1063 1129; x_wconf 86' lang='lat' dir='ltr'>universa</span> <span class='ocrx_word' id='word_1_60' title='bbox 1083 1064 1154 1146; x_wconf 89' lang='lat' dir='ltr'>cjus</span> <span class='ocrx_word' id='word_1_61' title='bbox 1206 1065 1322 1123; x_wconf 87' lang='lat' dir='ltr'>ctimos</span> <span class='ocrx_word' id='word_1_62' title='bbox 1339 1068 1497 1143; x_wconf 75' lang='lat' dir='ltr'>pacificos</span> <span class='ocrx_word' id='word_1_63' title='bbox 1521 1068 1673 1136; x_wconf 81' lang='lat' dir='ltr'>Domino,</span> <span class='ocrx_word' id='word_1_64' title='bbox 1696 1083 1754 1147; x_wconf 88' lang='lat' dir='ltr'>pro</span> <span class='ocrx_word' id='word_1_65' title='bbox 1777 1064 1950 1145; x_wconf 87' lang='lat' dir='ltr'>gratiarum</span> 
     </span>
     <span class='ocr_line' id='line_1_7' title="bbox 407 1162 1951 1248; baseline -0.001 -22"><span class='ocrx_word' id='word_1_66' title='bbox 407 1172 565 1248; x_wconf 82' lang='lat' dir='ltr'>precepta</span> <span class='ocrx_word' id='word_1_67' title='bbox 579 1163 868 1245; x_wconf 89' lang='lat' dir='ltr'>implebimus,non</span> <span class='ocrx_word' id='word_1_68' title='bbox 880 1164 1154 1245; x_wconf 83' lang='lat' dir='ltr'>solumpraeccpta</span> <span class='ocrx_word' id='word_1_69' title='bbox 1207 1162 1343 1238; x_wconf 89' lang='lat' dir='ltr'>actione,</span> <span class='ocrx_word' id='word_1_70' title='bbox 1360 1164 1480 1225; x_wconf 78' lang='lat' dir='ltr'>citatos</span> <span class='ocrx_word' id='word_1_71' title='bbox 1503 1167 1684 1237; x_wconf 82' lang='lat' dir='ltr'><em>duodecim,</em></span> <span class='ocrx_word' id='word_1_72' title='bbox 1703 1163 1825 1227; x_wconf 92' lang='lat' dir='ltr'>scilicet</span> <span class='ocrx_word' id='word_1_73' title='bbox 1850 1182 1951 1225; x_wconf 92' lang='lat' dir='ltr'>unum</span> 
     </span>
     <span class='ocr_line' id='line_1_8' title="bbox 406 1260 1951 1344; baseline -0.001 -18"><span class='ocrx_word' id='word_1_74' title='bbox 406 1262 616 1341; x_wconf 89' lang='lat' dir='ltr'>affirmativa,</span> <span class='ocrx_word' id='word_1_75' title='bbox 633 1260 811 1325; x_wconf 77' lang='lat' dir='ltr'><strong>efficaciter</strong></span> <span class='ocrx_word' id='word_1_76' title='bbox 835 1262 920 1326; x_wconf 90' lang='lat' dir='ltr'>bona</span> <span class='ocrx_word' id='word_1_77' title='bbox 945 1262 1080 1344; x_wconf 88' lang='lat' dir='ltr'>agendo,</span> <span class='ocrx_word' id='word_1_78' title='bbox 1098 1263 1153 1324; x_wconf 92' lang='lat' dir='ltr'>sed</span> <span class='ocrx_word' id='word_1_79' title='bbox 1207 1278 1266 1341; x_wconf 89' lang='lat' dir='ltr'>pro</span> <span class='ocrx_word' id='word_1_80' title='bbox 1277 1260 1420 1342; x_wconf 90' lang='lat' dir='ltr'>qualibet</span> <span class='ocrx_word' id='word_1_81' title='bbox 1435 1262 1587 1339; x_wconf 91' lang='lat' dir='ltr'>tribu,vel</span> <span class='ocrx_word' id='word_1_82' title='bbox 1604 1261 1746 1344; x_wconf 90' lang='lat' dir='ltr'>singulos</span> <span class='ocrx_word' id='word_1_83' title='bbox 1760 1262 1878 1325; x_wconf 89' lang='lat' dir='ltr'>vitulos</span> <span class='ocrx_word' id='word_1_84' title='bbox 1892 1281 1951 1344; x_wconf 85' lang='lat' dir='ltr'>pro</span> 
     </span>
     <span class='ocr_line' id='line_1_9' title="bbox 408 1358 1949 1443; baseline -0.002 -18"><span class='ocrx_word' id='word_1_85' title='bbox 408 1362 483 1425; x_wconf 92' lang='lat' dir='ltr'>item</span> <span class='ocrx_word' id='word_1_86' title='bbox 500 1361 647 1441; x_wconf 83' lang='lat' dir='ltr'>negativa</span> <span class='ocrx_word' id='word_1_87' title='bbox 662 1361 924 1443; x_wconf 79' lang='lat' dir='ltr'>pracepta‚mala</span> <span class='ocrx_word' id='word_1_88' title='bbox 940 1359 1154 1438; x_wconf 88' lang='lat' dir='ltr'>vitando,sic-</span> <span class='ocrx_word' id='word_1_89' title='bbox 1208 1358 1354 1422; x_wconf 81' lang='lat' dir='ltr'><strong>tribubus</strong></span> <span class='ocrx_word' id='word_1_90' title='bbox 1379 1359 1525 1440; x_wconf 91' lang='lat' dir='ltr'>singulis.</span> <span class='ocrx_word' id='word_1_91' title='bbox 1548 1361 1587 1422; x_wconf 88' lang='lat' dir='ltr'>Et</span> <span class='ocrx_word' id='word_1_92' title='bbox 1606 1361 1650 1423; x_wconf 88' lang='lat' dir='ltr'>ita</span> <span class='ocrx_word' id='word_1_93' title='bbox 1670 1360 1844 1424; x_wconf 90' lang='lat' dir='ltr'>secundum</span> <span class='ocrx_word' id='word_1_94' title='bbox 1860 1360 1949 1438; x_wconf 89' lang='lat' dir='ltr'>istos,</span> 
     </span>
     <span class='ocr_line' id='line_1_10' title="bbox 408 1457 1952 1546; baseline -0.001 -24"><span class='ocrx_word' id='word_1_95' title='bbox 408 1468 443 1522; x_wconf 91' lang='lat' dir='ltr'>ut</span> <span class='ocrx_word' id='word_1_96' title='bbox 470 1467 545 1521; x_wconf 93' lang='lat' dir='ltr'>sunt</span> <span class='ocrx_word' id='word_1_97' title='bbox 567 1458 623 1521; x_wconf 89' lang='lat' dir='ltr'>illa</span> <span class='ocrx_word' id='word_1_98' title='bbox 640 1479 647 1523; x_wconf 93' lang='lat'>:</span> <span class='ocrx_word' id='word_1_99' title='bbox 665 1459 733 1522; x_wconf 91' lang='lat' dir='ltr'>Non</span> <span class='ocrx_word' id='word_1_100' title='bbox 753 1458 900 1522; x_wconf 90' lang='lat' dir='ltr'>adorabis</span> <span class='ocrx_word' id='word_1_101' title='bbox 919 1460 995 1522; x_wconf 91' lang='lat' dir='ltr'>deos</span> <span class='ocrx_word' id='word_1_102' title='bbox 1020 1477 1151 1531; x_wconf 79' lang='lat' dir='ltr'>corum3</span> <span class='ocrx_word' id='word_1_103' title='bbox 1208 1457 1241 1519; x_wconf 94' lang='lat' dir='ltr'>hi</span> <span class='ocrx_word' id='word_1_104' title='bbox 1254 1458 1389 1539; x_wconf 89' lang='lat' dir='ltr'>juvenes</span> <span class='ocrx_word' id='word_1_105' title='bbox 1404 1467 1556 1540; x_wconf 82' lang='lat' dir='ltr'>tanquam</span> <span class='ocrx_word' id='word_1_106' title='bbox 1572 1460 1761 1546; x_wconf 85' lang='lat' dir='ltr'>sacerdotes,</span> <span class='ocrx_word' id='word_1_107' title='bbox 1774 1478 1831 1541; x_wconf 91' lang='lat' dir='ltr'>per</span> <span class='ocrx_word' id='word_1_108' title='bbox 1846 1478 1880 1522; x_wconf 88' lang='lat' dir='ltr'>so</span> <span class='ocrx_word' id='word_1_109' title='bbox 1894 1460 1952 1521; x_wconf 84' lang='lat' dir='ltr'>Do</span> 
     </span>
     <span class='ocr_line' id='line_1_11' title="bbox 407 1555 1952 1638; baseline -0.001 -18"><span class='ocrx_word' id='word_1_110' title='bbox 407 1558 524 1635; x_wconf 88' lang='lat' dir='ltr'>et,Non</span> <span class='ocrx_word' id='word_1_111' title='bbox 540 1557 638 1619; x_wconf 90' lang='lat' dir='ltr'>inibis</span> <span class='ocrx_word' id='word_1_112' title='bbox 653 1576 726 1620; x_wconf 92' lang='lat' dir='ltr'>cum</span> <span class='ocrx_word' id='word_1_113' title='bbox 742 1558 788 1621; x_wconf 91' lang='lat' dir='ltr'>eis</span> <span class='ocrx_word' id='word_1_114' title='bbox 805 1557 1153 1621; x_wconf 82' lang='lat' dir='ltr'>foedus.Vcrumtamcn</span> <span class='ocrx_word' id='word_1_115' title='bbox 1208 1556 1295 1620; x_wconf 90' lang='lat' dir='ltr'>mino</span> <span class='ocrx_word' id='word_1_116' title='bbox 1310 1555 1505 1620; x_wconf 85' lang='lat' dir='ltr'>obtulerunt.</span> <span class='ocrx_word' id='word_1_117' title='bbox 1517 1557 1612 1621; x_wconf 90' lang='lat' dir='ltr'>Porro</span> <span class='ocrx_word' id='word_1_118' title='bbox 1622 1557 1819 1638; x_wconf 80' lang='lat' dir='ltr'>Augustinus</span> <span class='ocrx_word' id='word_1_119' title='bbox 1833 1556 1952 1620; x_wconf 87' lang='lat' dir='ltr'>sentire</span> 
     </span>
     <span class='ocr_line' id='line_1_12' title="bbox 408 1654 1951 1738; baseline 0 -20"><span class='ocrx_word' id='word_1_120' title='bbox 408 1657 490 1719; x_wconf 87' lang='lat' dir='ltr'>hanc</span> <span class='ocrx_word' id='word_1_121' title='bbox 511 1656 753 1738; x_wconf 85' lang='lat' dir='ltr'>responsionem</span> <span class='ocrx_word' id='word_1_122' title='bbox 774 1657 838 1719; x_wconf 93' lang='lat' dir='ltr'>cito</span> <span class='ocrx_word' id='word_1_123' title='bbox 861 1655 1050 1737; x_wconf 79' lang='lat' dir='ltr'>transgressi</span> <span class='ocrx_word' id='word_1_124' title='bbox 1066 1664 1152 1717; x_wconf 92' lang='lat' dir='ltr'>sunt.</span> <span class='ocrx_word' id='word_1_125' title='bbox 1208 1656 1345 1733; x_wconf 88' lang='lat' dir='ltr'>videtur,</span> <span class='ocrx_word' id='word_1_126' title='bbox 1371 1657 1456 1737; x_wconf 91' lang='lat' dir='ltr'>quod</span> <span class='ocrx_word' id='word_1_127' title='bbox 1485 1674 1550 1719; x_wconf 94' lang='lat' dir='ltr'>non</span> <span class='ocrx_word' id='word_1_128' title='bbox 1579 1655 1641 1738; x_wconf 89' lang='lat' dir='ltr'>ipsi</span> <span class='ocrx_word' id='word_1_129' title='bbox 1672 1655 1865 1732; x_wconf 88' lang='lat' dir='ltr'>immediato,</span> <span class='ocrx_word' id='word_1_130' title='bbox 1896 1654 1951 1718; x_wconf 92' lang='lat' dir='ltr'>sed</span> 
     </span>
     <span class='ocr_line' id='line_1_13' title="bbox 407 1753 1952 1835; baseline -0.001 -17"><span class='ocrx_word' id='word_1_131' title='bbox 407 1757 547 1833; x_wconf 73' lang='lat' dir='ltr'>Scripsit</span> <span class='ocrx_word' id='word_1_132' title='bbox 562 1764 669 1815; x_wconf 82' lang='lat' dir='ltr'>autem</span> <span class='ocrx_word' id='word_1_133' title='bbox 677 1757 801 1832; x_wconf 81' lang='lat' dir='ltr'>Moyses</span> <span class='ocrx_word' id='word_1_134' title='bbox 817 1757 983 1815; x_wconf 79' lang='lat' dir='ltr'>universos</span> <span class='ocrx_word' id='word_1_135' title='bbox 996 1775 1155 1815; x_wconf 81' lang='lat' dir='ltr'>sermome</span> <span class='ocrx_word' id='word_1_136' title='bbox 1208 1753 1327 1835; x_wconf 92' lang='lat' dir='ltr'>Moyses</span> <span class='ocrx_word' id='word_1_137' title='bbox 1342 1754 1531 1818; x_wconf 90' lang='lat' dir='ltr'>immolavit.</span> <span class='ocrx_word' id='word_1_138' title='bbox 1546 1754 1672 1817; x_wconf 87' lang='lat' dir='ltr'>Etenim</span> <span class='ocrx_word' id='word_1_139' title='bbox 1686 1753 1732 1817; x_wconf 84' lang='lat' dir='ltr'>ait</span> <span class='ocrx_word' id='word_1_140' title='bbox 1749 1774 1756 1817; x_wconf 72' lang='grc' dir='ltr'>ε</span> <span class='ocrx_word' id='word_1_141' title='bbox 1774 1754 1952 1818; x_wconf 77' lang='lat' dir='ltr'>Notandum</span> 
     </span>
     <span class='ocr_line' id='line_1_14' title="bbox 406 1851 1954 1936; baseline 0 -20"><span class='ocrx_word' id='word_1_142' title='bbox 406 1856 543 1916; x_wconf 79' lang='lat' dir='ltr'>Domini</span> <span class='ocrx_word' id='word_1_143' title='bbox 565 1853 631 1934; x_wconf 87' lang='lat' dir='ltr'>jam</span> <span class='ocrx_word' id='word_1_144' title='bbox 656 1852 805 1936; x_wconf 77' lang='lat' dir='ltr'>prefatos</span> <span class='ocrx_word' id='word_1_145' title='bbox 827 1853 860 1915; x_wconf 92' lang='lat' dir='ltr'>in</span> <span class='ocrx_word' id='word_1_146' title='bbox 887 1853 979 1926; x_wconf 87' lang='lat' dir='ltr'>libro,</span> <span class='ocrx_word' id='word_1_147' title='bbox 1002 1861 1037 1915; x_wconf 91' lang='lat' dir='ltr'>ut</span> <span class='ocrx_word' id='word_1_148' title='bbox 1058 1852 1154 1935; x_wconf 91' lang='lat' dir='ltr'>paulo</span> <span class='ocrx_word' id='word_1_149' title='bbox 1171 1853 1293 1933; x_wconf 85' lang='lat' dir='ltr'>Bquod</span> <span class='ocrx_word' id='word_1_150' title='bbox 1309 1852 1471 1934; x_wconf 88' lang='lat' dir='ltr'>Scriptura</span> <span class='ocrx_word' id='word_1_151' title='bbox 1492 1853 1656 1916; x_wconf 91' lang='lat' dir='ltr'>evidenter</span> <span class='ocrx_word' id='word_1_152' title='bbox 1671 1871 1757 1916; x_wconf 91' lang='lat' dir='ltr'>nunc</span> <span class='ocrx_word' id='word_1_153' title='bbox 1778 1851 1856 1916; x_wconf 90' lang='lat' dir='ltr'>dicit</span> <span class='ocrx_word' id='word_1_154' title='bbox 1871 1852 1954 1935; x_wconf 88' lang='lat' dir='ltr'>Moy·</span> 
     </span>
     <span class='ocr_line' id='line_1_15' title="bbox 408 1950 1953 2035; baseline -0.001 -19"><span class='ocrx_word' id='word_1_155' title='bbox 408 1961 481 2035; x_wconf 92' lang='lat' dir='ltr'>post</span> <span class='ocrx_word' id='word_1_156' title='bbox 504 1951 696 2030; x_wconf 88' lang='lat' dir='ltr'>insinuatur,</span> <span class='ocrx_word' id='word_1_157' title='bbox 714 1952 753 2015; x_wconf 92' lang='lat' dir='ltr'>ad</span> <span class='ocrx_word' id='word_1_158' title='bbox 775 1952 883 2034; x_wconf 89' lang='lat' dir='ltr'>jugem</span> <span class='ocrx_word' id='word_1_159' title='bbox 908 1952 1107 2029; x_wconf 92' lang='lat' dir='ltr'>memoriam,</span> <span class='ocrx_word' id='word_1_160' title='bbox 1124 1961 1156 2015; x_wconf 92' lang='lat' dir='ltr'>et</span> <span class='ocrx_word' id='word_1_161' title='bbox 1208 1970 1265 2015; x_wconf 91' lang='lat' dir='ltr'>sen</span> <span class='ocrx_word' id='word_1_162' title='bbox 1281 1950 1586 2025; x_wconf 84' lang='lat' dir='ltr'>sacrificasso.Quod</span> <span class='ocrx_word' id='word_1_163' title='bbox 1601 1952 1708 2015; x_wconf 92' lang='lat' dir='ltr'>verius</span> <span class='ocrx_word' id='word_1_164' title='bbox 1723 1952 1857 2029; x_wconf 91' lang='lat' dir='ltr'>reor,ita</span> <span class='ocrx_word' id='word_1_165' title='bbox 1867 1952 1953 2033; x_wconf 91' lang='lat' dir='ltr'>quod</span> 
     </span>
     <span class='ocr_line' id='line_1_16' title="bbox 408 2049 1952 2133; baseline -0.002 -19"><span class='ocrx_word' id='word_1_166' title='bbox 408 2050 544 2115; x_wconf 92' lang='lat' dir='ltr'>aliorum</span> <span class='ocrx_word' id='word_1_167' title='bbox 562 2050 816 2115; x_wconf 86' lang='lat' dir='ltr'>instructionem.</span> <span class='ocrx_word' id='word_1_168' title='bbox 834 2051 980 2115; x_wconf 80' lang='lat' dir='ltr'>Attamen</span> <span class='ocrx_word' id='word_1_169' title='bbox 999 2051 1110 2114; x_wconf 88' lang='lat' dir='ltr'>Glossa</span> <span class='ocrx_word' id='word_1_170' title='bbox 1124 2060 1156 2114; x_wconf 90' lang='lat' dir='ltr'>et</span> <span class='ocrx_word' id='word_1_171' title='bbox 1208 2052 1327 2133; x_wconf 83' lang='lat' dir='ltr'>Moyses</span> <span class='ocrx_word' id='word_1_172' title='bbox 1353 2050 1442 2113; x_wconf 92' lang='lat' dir='ltr'>misit</span> <span class='ocrx_word' id='word_1_173' title='bbox 1472 2049 1544 2115; x_wconf 91' lang='lat' dir='ltr'>illos</span> <span class='ocrx_word' id='word_1_174' title='bbox 1571 2051 1612 2113; x_wconf 91' lang='lat' dir='ltr'>ad</span> <span class='ocrx_word' id='word_1_175' title='bbox 1638 2051 1860 2113; x_wconf 90' lang='lat' dir='ltr'>adducendum</span> <span class='ocrx_word' id='word_1_176' title='bbox 1889 2049 1952 2112; x_wconf 88' lang='lat' dir='ltr'>sibi</span> 
     </span>
     <span class='ocr_line' id='line_1_17' title="bbox 410 2147 1953 2232; baseline -0.003 -18"><span class='ocrx_word' id='word_1_177' title='bbox 410 2150 603 2214; x_wconf 86' lang='lat' dir='ltr'>Scholastica</span> <span class='ocrx_word' id='word_1_178' title='bbox 624 2148 758 2213; x_wconf 90' lang='lat' dir='ltr'>historia</span> <span class='ocrx_word' id='word_1_179' title='bbox 777 2149 900 2227; x_wconf 92' lang='lat' dir='ltr'>dicunt,</span> <span class='ocrx_word' id='word_1_180' title='bbox 918 2150 1003 2232; x_wconf 91' lang='lat' dir='ltr'>quod</span> <span class='ocrx_word' id='word_1_181' title='bbox 1027 2150 1156 2231; x_wconf 88' lang='lat' dir='ltr'>scripsit</span> <span class='ocrx_word' id='word_1_182' title='bbox 1210 2148 1375 2211; x_wconf 89' lang='lat' dir='ltr'>materiam</span> <span class='ocrx_word' id='word_1_183' title='bbox 1396 2147 1641 2226; x_wconf 83' lang='lat' dir='ltr'>sacrificiorum,</span> <span class='ocrx_word' id='word_1_184' title='bbox 1660 2157 1692 2212; x_wconf 89' lang='lat' dir='ltr'>et</span> <span class='ocrx_word' id='word_1_185' title='bbox 1711 2149 1797 2230; x_wconf 86' lang='lat' dir='ltr'>quod</span> <span class='ocrx_word' id='word_1_186' title='bbox 1817 2147 1879 2230; x_wconf 94' lang='lat' dir='ltr'>ipsi</span> <span class='ocrx_word' id='word_1_187' title='bbox 1896 2166 1953 2231; x_wconf 88' lang='lat' dir='ltr'>per</span> 
     </span>
     <span class='ocr_line' id='line_1_18' title="bbox 409 2246 1955 2331; baseline -0.003 -19"><span class='ocrx_word' id='word_1_188' title='bbox 409 2247 577 2312; x_wconf 90' lang='lat' dir='ltr'>universos</span> <span class='ocrx_word' id='word_1_189' title='bbox 588 2248 641 2311; x_wconf 85' lang='lat' dir='ltr'>uei</span> <span class='ocrx_word' id='word_1_190' title='bbox 660 2266 822 2311; x_wconf 90' lang='lat' dir='ltr'>sermones</span> <span class='ocrx_word' id='word_1_191' title='bbox 837 2257 952 2331; x_wconf 87' lang='lat' dir='ltr'>praeter</span> <span class='ocrx_word' id='word_1_192' title='bbox 967 2248 1076 2311; x_wconf 89' lang='lat' dir='ltr'>decem</span> <span class='ocrx_word' id='word_1_193' title='bbox 1088 2267 1157 2311; x_wconf 91' lang='lat' dir='ltr'>ver·</span> <span class='ocrx_word' id='word_1_194' title='bbox 1209 2266 1323 2309; x_wconf 90' lang='lat' dir='ltr'>manus</span> <span class='ocrx_word' id='word_1_195' title='bbox 1338 2246 1452 2330; x_wconf 82' lang='lat' dir='ltr'>Moysis</span> <span class='ocrx_word' id='word_1_196' title='bbox 1467 2248 1663 2310; x_wconf 89' lang='lat' dir='ltr'>obtuleruut.</span> <span class='ocrx_word' id='word_1_197' title='bbox 1674 2247 1713 2309; x_wconf 81' lang='lat' dir='ltr'>At</span> <span class='ocrx_word' id='word_1_198' title='bbox 1727 2266 1801 2312; x_wconf 93' lang='lat' dir='ltr'>vcro</span> <span class='ocrx_word' id='word_1_199' title='bbox 1811 2247 1891 2329; x_wconf 90' lang='lat' dir='ltr'>Lyra</span> <span class='ocrx_word' id='word_1_200' title='bbox 1906 2266 1955 2310; x_wconf 81' lang='lat' dir='ltr'>as</span> 
     </span>
     <span class='ocr_line' id='line_1_19' title="bbox 409 2345 1955 2429; baseline -0.001 -20"><span class='ocrx_word' id='word_1_201' title='bbox 409 2346 460 2425; x_wconf 87' lang='lat' dir='ltr'>ha,</span> <span class='ocrx_word' id='word_1_202' title='bbox 479 2365 534 2410; x_wconf 92' lang='lat' dir='ltr'>seu</span> <span class='ocrx_word' id='word_1_203' title='bbox 550 2354 664 2428; x_wconf 80' lang='lat' dir='ltr'>prater</span> <span class='ocrx_word' id='word_1_204' title='bbox 679 2346 880 2427; x_wconf 86' lang='lat' dir='ltr'>Decalogum,</span> <span class='ocrx_word' id='word_1_205' title='bbox 900 2346 956 2429; x_wconf 92' lang='lat' dir='ltr'>qui</span> <span class='ocrx_word' id='word_1_206' title='bbox 972 2346 1002 2409; x_wconf 89' lang='lat' dir='ltr'>ei</span> <span class='ocrx_word' id='word_1_207' title='bbox 1018 2345 1051 2408; x_wconf 93' lang='lat' dir='ltr'>in</span> <span class='ocrx_word' id='word_1_208' title='bbox 1068 2345 1157 2409; x_wconf 90' lang='lat' dir='ltr'>tabu·</span> <span class='ocrx_word' id='word_1_209' title='bbox 1210 2346 1288 2409; x_wconf 87' lang='lat' dir='ltr'>serit</span> <span class='ocrx_word' id='word_1_210' title='bbox 1302 2346 1336 2407; x_wconf 91' lang='lat' dir='ltr'>in</span> <span class='ocrx_word' id='word_1_211' title='bbox 1353 2345 1482 2409; x_wconf 79' lang='lat' dir='ltr'>hebreo</span> <span class='ocrx_word' id='word_1_212' title='bbox 1499 2345 1620 2423; x_wconf 88' lang='lat' dir='ltr'>haberi,</span> <span class='ocrx_word' id='word_1_213' title='bbox 1633 2345 1768 2423; x_wconf 81' lang='lat' dir='ltr'>Vitulos,</span> <span class='ocrx_word' id='word_1_214' title='bbox 1786 2364 1850 2409; x_wconf 92' lang='lat' dir='ltr'>nou</span> <span class='ocrx_word' id='word_1_215' title='bbox 1866 2346 1955 2409; x_wconf 81' lang='lat' dir='ltr'>Vitu-</span> 
     </span>
     <span class='ocr_line' id='line_1_20' title="bbox 410 2444 1955 2527; baseline -0.001 -20"><span class='ocrx_word' id='word_1_216' title='bbox 410 2445 450 2507; x_wconf 91' lang='lat' dir='ltr'>lis</span> <span class='ocrx_word' id='word_1_217' title='bbox 475 2445 567 2508; x_wconf 87' lang='lat' dir='ltr'>datus</span> <span class='ocrx_word' id='word_1_218' title='bbox 593 2452 651 2521; x_wconf 92' lang='lat' dir='ltr'>ost,</span> <span class='ocrx_word' id='word_1_219' title='bbox 669 2444 807 2526; x_wconf 92' lang='lat' dir='ltr'>scriptus</span> <span class='ocrx_word' id='word_1_220' title='bbox 832 2444 933 2525; x_wconf 82' lang='lat' dir='ltr'>digito</span> <span class='ocrx_word' id='word_1_221' title='bbox 957 2445 1023 2507; x_wconf 84' lang='lat' dir='ltr'>Dei.</span> <span class='ocrx_word' id='word_1_222' title='bbox 1050 2444 1156 2508; x_wconf 91' lang='lat' dir='ltr'>Nihilo</span> <span class='ocrx_word' id='word_1_223' title='bbox 1210 2447 1258 2508; x_wconf 94' lang='lat' dir='ltr'>los</span> <span class='ocrx_word' id='word_1_224' title='bbox 1274 2446 1660 2527; x_wconf 84' lang='lat' dir='ltr'>duodecim3vidcturquc</span> <span class='ocrx_word' id='word_1_225' title='bbox 1675 2444 1808 2527; x_wconf 84' lang='lat' dir='ltr'>ei,quod</span> <span class='ocrx_word' id='word_1_226' title='bbox 1824 2444 1955 2507; x_wconf 89' lang='lat' dir='ltr'>fuerunt</span> 
     </span>
     <span class='ocr_line' id='line_1_21' title="bbox 410 2542 1955 2626; baseline 0.001 -21"><span class='ocrx_word' id='word_1_227' title='bbox 410 2543 517 2606; x_wconf 93' lang='lat' dir='ltr'>minus</span> <span class='ocrx_word' id='word_1_228' title='bbox 542 2551 664 2607; x_wconf 90' lang='lat' dir='ltr'>certum</span> <span class='ocrx_word' id='word_1_229' title='bbox 689 2552 746 2621; x_wconf 90' lang='lat' dir='ltr'>est,</span> <span class='ocrx_word' id='word_1_230' title='bbox 761 2544 847 2625; x_wconf 87' lang='lat' dir='ltr'>quod</span> <span class='ocrx_word' id='word_1_231' title='bbox 864 2544 983 2626; x_wconf 83' lang='lat' dir='ltr'>Moyses</span> <span class='ocrx_word' id='word_1_232' title='bbox 1008 2544 1042 2605; x_wconf 92' lang='lat' dir='ltr'>in</span> <span class='ocrx_word' id='word_1_233' title='bbox 1064 2542 1156 2606; x_wconf 89' lang='lat' dir='ltr'>libris</span> <span class='ocrx_word' id='word_1_234' title='bbox 1210 2552 1334 2607; x_wconf 90' lang='lat' dir='ltr'>tantum</span> <span class='ocrx_word' id='word_1_235' title='bbox 1351 2544 1444 2607; x_wconf 92' lang='lat' dir='ltr'>vituli</span> <span class='ocrx_word' id='word_1_236' title='bbox 1460 2544 1523 2607; x_wconf 93' lang='lat' dir='ltr'>duo</span> <span class='ocrx_word' id='word_1_237' title='bbox 1536 2561 1544 2605; x_wconf 73' lang='grc' dir='ltr'>ε</span> <span class='ocrx_word' id='word_1_238' title='bbox 1557 2545 1643 2625; x_wconf 90' lang='lat' dir='ltr'>quod</span> <span class='ocrx_word' id='word_1_239' title='bbox 1658 2552 1790 2626; x_wconf 88' lang='lat' dir='ltr'>apparet</span> <span class='ocrx_word' id='word_1_240' title='bbox 1804 2562 1868 2607; x_wconf 92' lang='lat' dir='ltr'>non</span> <span class='ocrx_word' id='word_1_241' title='bbox 1884 2563 1955 2607; x_wconf 89' lang='lat' dir='ltr'>esse</span> 
     </span>
     <span class='ocr_line' id='line_1_22' title="bbox 410 2640 1955 2725; baseline 0 -20"><span class='ocrx_word' id='word_1_242' title='bbox 410 2642 477 2705; x_wconf 91' lang='lat' dir='ltr'>suis</span> <span class='ocrx_word' id='word_1_243' title='bbox 498 2641 683 2723; x_wconf 88' lang='lat' dir='ltr'>frequenter</span> <span class='ocrx_word' id='word_1_244' title='bbox 703 2643 743 2704; x_wconf 92' lang='lat' dir='ltr'>de</span> <span class='ocrx_word' id='word_1_245' title='bbox 767 2643 876 2705; x_wconf 92' lang='lat' dir='ltr'>deccm</span> <span class='ocrx_word' id='word_1_246' title='bbox 901 2640 965 2704; x_wconf 91' lang='lat' dir='ltr'>illis</span> <span class='ocrx_word' id='word_1_247' title='bbox 988 2642 1157 2725; x_wconf 81' lang='lat' dir='ltr'>preceptis</span> <span class='ocrx_word' id='word_1_248' title='bbox 1210 2662 1332 2707; x_wconf 89' lang='lat' dir='ltr'>verum.</span> <span class='ocrx_word' id='word_1_249' title='bbox 1355 2642 1470 2719; x_wconf 90' lang='lat' dir='ltr'>Primo,</span> <span class='ocrx_word' id='word_1_250' title='bbox 1488 2641 1565 2724; x_wconf 89' lang='lat' dir='ltr'>quia</span> <span class='ocrx_word' id='word_1_251' title='bbox 1589 2641 1635 2705; x_wconf 87' lang='lat' dir='ltr'>sic</span> <span class='ocrx_word' id='word_1_252' title='bbox 1660 2641 1825 2705; x_wconf 86' lang='lat' dir='ltr'>translatio</span> <span class='ocrx_word' id='word_1_253' title='bbox 1847 2650 1955 2705; x_wconf 91' lang='lat' dir='ltr'>nostra</span> 
     </span>
     <span class='ocr_line' id='line_1_23' title="bbox 409 2740 1955 2824; baseline -0.001 -20"><span class='ocrx_word' id='word_1_254' title='bbox 409 2740 605 2823; x_wconf 89' lang='lat' dir='ltr'>loquitur,et</span> <span class='ocrx_word' id='word_1_255' title='bbox 620 2740 706 2823; x_wconf 90' lang='lat' dir='ltr'>quod</span> <span class='ocrx_word' id='word_1_256' title='bbox 722 2740 791 2822; x_wconf 90' lang='lat' dir='ltr'>ipse</span> <span class='ocrx_word' id='word_1_257' title='bbox 805 2741 1014 2823; x_wconf 89' lang='lat' dir='ltr'>personaliter</span> <span class='ocrx_word' id='word_1_258' title='bbox 1029 2741 1157 2824; x_wconf 92' lang='lat' dir='ltr'>scripsit</span> <span class='ocrx_word' id='word_1_259' title='bbox 1210 2742 1270 2804; x_wconf 93' lang='lat' dir='ltr'>hoc</span> <span class='ocrx_word' id='word_1_260' title='bbox 1294 2741 1365 2805; x_wconf 92' lang='lat' dir='ltr'>loco</span> <span class='ocrx_word' id='word_1_261' title='bbox 1388 2750 1473 2804; x_wconf 89' lang='lat' dir='ltr'>esset</span> <span class='ocrx_word' id='word_1_262' title='bbox 1497 2758 1562 2803; x_wconf 93' lang='lat' dir='ltr'>non</span> <span class='ocrx_word' id='word_1_263' title='bbox 1583 2760 1669 2803; x_wconf 89' lang='lat' dir='ltr'>vera.</span> <span class='ocrx_word' id='word_1_264' title='bbox 1697 2740 1853 2818; x_wconf 91' lang='lat' dir='ltr'>Secundo,</span> <span class='ocrx_word' id='word_1_265' title='bbox 1878 2741 1955 2822; x_wconf 89' lang='lat' dir='ltr'>quia</span> 
     </span>
     <span class='ocr_line' id='line_1_24' title="bbox 411 2838 1956 2922; baseline -0.001 -19"><span class='ocrx_word' id='word_1_266' title='bbox 411 2840 497 2904; x_wconf 88' lang='lat' dir='ltr'>eain</span> <span class='ocrx_word' id='word_1_267' title='bbox 514 2839 594 2915; x_wconf 89' lang='lat' dir='ltr'>illis;</span> <span class='ocrx_word' id='word_1_268' title='bbox 611 2848 643 2902; x_wconf 89' lang='lat' dir='ltr'>et</span> <span class='ocrx_word' id='word_1_269' title='bbox 659 2847 764 2902; x_wconf 90' lang='lat' dir='ltr'>tamen</span> <span class='ocrx_word' id='word_1_270' title='bbox 780 2838 863 2901; x_wconf 88' lang='lat' dir='ltr'>ultra</span> <span class='ocrx_word' id='word_1_271' title='bbox 877 2839 938 2903; x_wconf 91' lang='lat' dir='ltr'>hoc</span> <span class='ocrx_word' id='word_1_272' title='bbox 954 2839 1070 2903; x_wconf 88' lang='lat' dir='ltr'>tabulis</span> <span class='ocrx_word' id='word_1_273' title='bbox 1082 2849 1158 2902; x_wconf 92' lang='lat' dir='ltr'>sunt</span> <span class='ocrx_word' id='word_1_274' title='bbox 1210 2840 1376 2922; x_wconf 86' lang='lat' dir='ltr'>probabile</span> <span class='ocrx_word' id='word_1_275' title='bbox 1401 2849 1460 2917; x_wconf 93' lang='lat' dir='ltr'>est,</span> <span class='ocrx_word' id='word_1_276' title='bbox 1484 2840 1570 2921; x_wconf 88' lang='lat' dir='ltr'>quod</span> <span class='ocrx_word' id='word_1_277' title='bbox 1595 2841 1684 2922; x_wconf 79' lang='lat' dir='ltr'>juxta</span> <span class='ocrx_word' id='word_1_278' title='bbox 1709 2858 1877 2903; x_wconf 90' lang='lat' dir='ltr'>numerum</span> <span class='ocrx_word' id='word_1_279' title='bbox 1904 2841 1956 2901; x_wconf 86' lang='lat' dir='ltr'>tri-</span> 
     </span>
     <span class='ocr_line' id='line_1_25' title="bbox 411 2938 1953 3022; baseline -0.001 -21"><span class='ocrx_word' id='word_1_280' title='bbox 411 2938 576 3022; x_wconf 86' lang='lat' dir='ltr'>inscripta,</span> <span class='ocrx_word' id='word_1_281' title='bbox 599 2946 750 3020; x_wconf 88' lang='lat' dir='ltr'>tanquam</span> <span class='ocrx_word' id='word_1_282' title='bbox 767 2938 1003 3021; x_wconf 88' lang='lat' dir='ltr'>principaliora,</span> <span class='ocrx_word' id='word_1_283' title='bbox 1021 2938 1158 3019; x_wconf 90' lang='lat' dir='ltr'>diligen·</span> <span class='ocrx_word' id='word_1_284' title='bbox 1210 2938 1321 3016; x_wconf 92' lang='lat' dir='ltr'>buum,</span> <span class='ocrx_word' id='word_1_285' title='bbox 1338 2938 1436 3001; x_wconf 89' lang='lat' dir='ltr'>fucrit</span> <span class='ocrx_word' id='word_1_286' title='bbox 1457 2958 1609 3001; x_wconf 92' lang='lat' dir='ltr'>numerus</span> <span class='ocrx_word' id='word_1_287' title='bbox 1634 2938 1818 3001; x_wconf 91' lang='lat' dir='ltr'>vitulorum.</span> <span class='ocrx_word' id='word_1_288' title='bbox 1836 2938 1953 3016; x_wconf 85' lang='lat' dir='ltr'>Tertio,</span> 
     </span>
     <span class='ocr_line' id='line_1_26' title="bbox 412 3035 1956 3121; baseline -0.001 -22"><span class='ocrx_word' id='word_1_289' title='bbox 412 3037 538 3120; x_wconf 90' lang='lat' dir='ltr'>tiusque</span> <span class='ocrx_word' id='word_1_290' title='bbox 554 3037 719 3100; x_wconf 90' lang='lat' dir='ltr'>servanda.</span> <span class='ocrx_word' id='word_1_291' title='bbox 1172 3037 1288 3121; x_wconf 82' lang='lat' dir='ltr'>cquia</span> <span class='ocrx_word' id='word_1_292' title='bbox 1309 3046 1342 3100; x_wconf 90' lang='lat' dir='ltr'>et</span> <span class='ocrx_word' id='word_1_293' title='bbox 1362 3037 1443 3119; x_wconf 86' lang='lat' dir='ltr'>Lyra</span> <span class='ocrx_word' id='word_1_294' title='bbox 1465 3036 1553 3115; x_wconf 88' lang='lat' dir='ltr'>dicit,</span> <span class='ocrx_word' id='word_1_295' title='bbox 1577 3037 1663 3118; x_wconf 92' lang='lat' dir='ltr'>quod</span> <span class='ocrx_word' id='word_1_296' title='bbox 1685 3035 1817 3099; x_wconf 92' lang='lat' dir='ltr'>fuerunt</span> <span class='ocrx_word' id='word_1_297' title='bbox 1838 3036 1956 3098; x_wconf 78' lang='lat' dir='ltr'>duode</span> 
     </span>
     <span class='ocr_line' id='line_1_27' title="bbox 450 3134 1954 3218; baseline -0.002 -20"><span class='ocrx_word' id='word_1_298' title='bbox 450 3139 493 3198; x_wconf 86' lang='lat' dir='ltr'>Et</span> <span class='ocrx_word' id='word_1_299' title='bbox 515 3157 611 3198; x_wconf 83' lang='lat' dir='ltr'>mane</span> <span class='ocrx_word' id='word_1_300' title='bbox 631 3156 837 3215; x_wconf 64' lang='lat' dir='ltr'>consurgens,</span> <span class='ocrx_word' id='word_1_301' title='bbox 856 3139 1032 3214; x_wconf 72' lang='lat' dir='ltr'>edificavit</span> <span class='ocrx_word' id='word_1_302' title='bbox 1053 3141 1157 3197; x_wconf 82' lang='lat' dir='ltr'>altore</span> <span class='ocrx_word' id='word_1_303' title='bbox 1211 3136 1274 3200; x_wconf 93' lang='lat' dir='ltr'>cim</span> <span class='ocrx_word' id='word_1_304' title='bbox 1303 3137 1437 3218; x_wconf 85' lang='lat' dir='ltr'>juvenes</span> <span class='ocrx_word' id='word_1_305' title='bbox 1467 3154 1523 3198; x_wconf 89' lang='lat' dir='ltr'>scu</span> <span class='ocrx_word' id='word_1_306' title='bbox 1552 3134 1758 3217; x_wconf 85' lang='lat' dir='ltr'>primogeniti</span> <span class='ocrx_word' id='word_1_307' title='bbox 1787 3134 1954 3197; x_wconf 86' lang='lat' dir='ltr'>duodecim</span> 
     </span>
     <span class='ocr_line' id='line_1_28' title="bbox 410 3232 1957 3319; baseline -0.002 -21"><span class='ocrx_word' id='word_1_308' title='bbox 410 3236 557 3313; x_wconf 86' lang='lat' dir='ltr'>Domino,</span> <span class='ocrx_word' id='word_1_309' title='bbox 574 3254 647 3298; x_wconf 89' lang='lat' dir='ltr'>oum</span> <span class='ocrx_word' id='word_1_310' title='bbox 673 3234 833 3316; x_wconf 89' lang='lat' dir='ltr'>adjutorio</span> <span class='ocrx_word' id='word_1_311' title='bbox 858 3243 889 3297; x_wconf 91' lang='lat' dir='ltr'>et</span> <span class='ocrx_word' id='word_1_312' title='bbox 908 3233 1061 3316; x_wconf 92' lang='lat' dir='ltr'>obsequio</span> <span class='ocrx_word' id='word_1_313' title='bbox 1081 3235 1157 3298; x_wconf 80' lang='lat' dir='ltr'>alio</span> <span class='ocrx_word' id='word_1_314' title='bbox 1211 3236 1405 3319; x_wconf 89' lang='lat' dir='ltr'>principum.</span> <span class='ocrx_word' id='word_1_315' title='bbox 1421 3235 1511 3298; x_wconf 89' lang='lat' dir='ltr'>Unde</span> <span class='ocrx_word' id='word_1_316' title='bbox 1525 3242 1666 3317; x_wconf 92' lang='lat' dir='ltr'>apparet,</span> <span class='ocrx_word' id='word_1_317' title='bbox 1684 3234 1768 3315; x_wconf 87' lang='lat' dir='ltr'>quod</span> <span class='ocrx_word' id='word_1_318' title='bbox 1786 3232 1957 3314; x_wconf 90' lang='lat' dir='ltr'>unusquis·</span> 
     </span>
     <span class='ocr_line' id='line_1_29' title="bbox 412 3331 1957 3416; baseline -0.002 -20"><span class='ocrx_word' id='word_1_319' title='bbox 412 3353 493 3411; x_wconf 93' lang='lat' dir='ltr'>rum,</span> <span class='ocrx_word' id='word_1_320' title='bbox 512 3336 555 3394; x_wconf 82' lang='lat' dir='ltr'>ad</span> <span class='ocrx_word' id='word_1_321' title='bbox 569 3334 694 3393; x_wconf 84' lang='lat' dir='ltr'>radices</span> <span class='ocrx_word' id='word_1_322' title='bbox 710 3334 838 3403; x_wconf 79' lang='lat' dir='ltr'>montis,</span> <span class='ocrx_word' id='word_1_323' title='bbox 855 3342 884 3393; x_wconf 81' lang='lat' dir='ltr'>et</span> <span class='ocrx_word' id='word_1_324' title='bbox 894 3336 1063 3394; x_wconf 82' lang='lat' dir='ltr'>duodecim</span> <span class='ocrx_word' id='word_1_325' title='bbox 1081 3336 1158 3395; x_wconf 82' lang='lat' dir='ltr'>titu-</span> <span class='ocrx_word' id='word_1_326' title='bbox 1213 3353 1275 3416; x_wconf 89' lang='lat' dir='ltr'>que</span> <span class='ocrx_word' id='word_1_327' title='bbox 1294 3352 1404 3397; x_wconf 88' lang='lat' dir='ltr'>eorum</span> <span class='ocrx_word' id='word_1_328' title='bbox 1425 3333 1542 3397; x_wconf 94' lang='lat' dir='ltr'>obtulit</span> <span class='ocrx_word' id='word_1_329' title='bbox 1562 3352 1618 3395; x_wconf 92' lang='lat' dir='ltr'>seu</span> <span class='ocrx_word' id='word_1_330' title='bbox 1639 3332 1771 3395; x_wconf 85' lang='lat' dir='ltr'>adduxit</span> <span class='ocrx_word' id='word_1_331' title='bbox 1790 3351 1891 3394; x_wconf 93' lang='lat' dir='ltr'>unum</span> <span class='ocrx_word' id='word_1_332' title='bbox 1908 3331 1957 3393; x_wconf 94' lang='lat' dir='ltr'>vi-</span> 
     </span>
     <span class='ocr_line' id='line_1_30' title="bbox 413 3430 1327 3509; baseline 0.001 -16"><span class='ocrx_word' id='word_1_333' title='bbox 413 3438 457 3493; x_wconf 84' lang='lat' dir='ltr'>tos</span> <span class='ocrx_word' id='word_1_334' title='bbox 471 3451 531 3509; x_wconf 86' lang='lat' dir='ltr'>per</span> <span class='ocrx_word' id='word_1_335' title='bbox 554 3431 722 3492; x_wconf 79' lang='lat' dir='ltr'>duodecim</span> <span class='ocrx_word' id='word_1_336' title='bbox 749 3432 850 3491; x_wconf 80' lang='lat' dir='ltr'>tribas</span> <span class='ocrx_word' id='word_1_337' title='bbox 873 3432 988 3493; x_wconf 84' lang='lat' dir='ltr'>Israel.</span> <span class='ocrx_word' id='word_1_338' title='bbox 1009 3430 1157 3505; x_wconf 83' lang='lat' dir='ltr'>Quamvis</span> <span class='ocrx_word' id='word_1_339' title='bbox 1213 3432 1327 3496; x_wconf 86' lang='lat' dir='ltr'>tulum.</span> 
     </span>
     <span class='ocr_line' id='line_1_31' title="bbox 412 3526 1956 3612; baseline -0.004 -18"><span class='ocrx_word' id='word_1_340' title='bbox 412 3530 513 3612; x_wconf 89' lang='lat' dir='ltr'>aliqui</span> <span class='ocrx_word' id='word_1_341' title='bbox 537 3530 645 3592; x_wconf 91' lang='lat' dir='ltr'>dicant</span> <span class='ocrx_word' id='word_1_342' title='bbox 668 3528 793 3611; x_wconf 89' lang='lat' dir='ltr'>Moysen</span> <span class='ocrx_word' id='word_1_343' title='bbox 818 3527 864 3589; x_wconf 92' lang='lat' dir='ltr'>ibi</span> <span class='ocrx_word' id='word_1_344' title='bbox 884 3526 1062 3593; x_wconf 76' lang='lat' dir='ltr'>edificasse</span> <span class='ocrx_word' id='word_1_345' title='bbox 1083 3531 1159 3593; x_wconf 76' lang='lat' dir='ltr'>duo</span> <span class='ocrx_word' id='word_1_346' title='bbox 1256 3534 1345 3592; x_wconf 83' lang='lat' dir='ltr'>Tulit</span> <span class='ocrx_word' id='word_1_347' title='bbox 1364 3533 1474 3611; x_wconf 80' lang='lat' dir='ltr'>itaque</span> <span class='ocrx_word' id='word_1_348' title='bbox 1489 3533 1612 3608; x_wconf 78' lang='lat' dir='ltr'>Moyses</span> <span class='ocrx_word' id='word_1_349' title='bbox 1634 3530 1811 3590; x_wconf 83' lang='lat' dir='ltr'>dimidiam</span> <span class='ocrx_word' id='word_1_350' title='bbox 1827 3538 1956 3606; x_wconf 85' lang='lat' dir='ltr'>portem</span> 
     </span>
     <span class='ocr_line' id='line_1_32' title="bbox 413 3625 1958 3709; baseline -0.001 -16"><span class='ocrx_word' id='word_1_351' title='bbox 413 3628 516 3693; x_wconf 91' lang='lat' dir='ltr'>decim</span> <span class='ocrx_word' id='word_1_352' title='bbox 537 3625 659 3705; x_wconf 88' lang='lat' dir='ltr'>altaria,</span> <span class='ocrx_word' id='word_1_353' title='bbox 682 3627 772 3709; x_wconf 88' lang='lat' dir='ltr'>juxta</span> <span class='ocrx_word' id='word_1_354' title='bbox 796 3646 964 3691; x_wconf 87' lang='lat' dir='ltr'>numerum</span> <span class='ocrx_word' id='word_1_355' title='bbox 990 3628 1157 3693; x_wconf 88' lang='lat' dir='ltr'>duodecim</span> <span class='ocrx_word' id='word_1_356' title='bbox 1211 3633 1395 3709; x_wconf 66' lang='lat' dir='ltr'>sanguinis,</span> <span class='ocrx_word' id='word_1_357' title='bbox 1414 3629 1478 3692; x_wconf 93' lang='lat' dir='ltr'>fusi</span> <span class='ocrx_word' id='word_1_358' title='bbox 1502 3648 1540 3691; x_wconf 85' lang='lat' dir='ltr'>cx</span> <span class='ocrx_word' id='word_1_359' title='bbox 1565 3627 1738 3691; x_wconf 90' lang='lat' dir='ltr'>immolatis</span> <span class='ocrx_word' id='word_1_360' title='bbox 1762 3627 1884 3704; x_wconf 90' lang='lat' dir='ltr'>vitulis,</span> <span class='ocrx_word' id='word_1_361' title='bbox 1909 3646 1958 3691; x_wconf 88' lang='lat' dir='ltr'>rc-</span> 
     </span>
     <span class='ocr_line' id='line_1_33' title="bbox 414 3725 1956 3811; baseline -0.002 -21"><span class='ocrx_word' id='word_1_362' title='bbox 414 3728 554 3790; x_wconf 88' lang='lat' dir='ltr'>tribuum</span> <span class='ocrx_word' id='word_1_363' title='bbox 574 3725 680 3803; x_wconf 90' lang='lat' dir='ltr'>lsrael,</span> <span class='ocrx_word' id='word_1_364' title='bbox 697 3734 729 3788; x_wconf 89' lang='lat' dir='ltr'>et</span> <span class='ocrx_word' id='word_1_365' title='bbox 745 3726 777 3787; x_wconf 94' lang='lat' dir='ltr'>in</span> <span class='ocrx_word' id='word_1_366' title='bbox 798 3743 991 3808; x_wconf 87' lang='lat' dir='ltr'>unoquoque</span> <span class='ocrx_word' id='word_1_367' title='bbox 1010 3727 1102 3790; x_wconf 90' lang='lat' dir='ltr'>altari</span> <span class='ocrx_word' id='word_1_368' title='bbox 1122 3728 1160 3789; x_wconf 91' lang='lat' dir='ltr'>ti·</span> <span class='ocrx_word' id='word_1_369' title='bbox 1213 3729 1298 3811; x_wconf 89' lang='lat' dir='ltr'>cepti</span> <span class='ocrx_word' id='word_1_370' title='bbox 1314 3729 1347 3791; x_wconf 94' lang='lat' dir='ltr'>in</span> <span class='ocrx_word' id='word_1_371' title='bbox 1363 3728 1472 3810; x_wconf 87' lang='lat' dir='ltr'>aliqua</span> <span class='ocrx_word' id='word_1_372' title='bbox 1486 3747 1572 3804; x_wconf 92' lang='lat' dir='ltr'>vasa,</span> <span class='ocrx_word' id='word_1_373' title='bbox 1589 3738 1619 3789; x_wconf 91' lang='lat' dir='ltr'>et</span> <span class='ocrx_word' id='word_1_374' title='bbox 1638 3728 1728 3788; x_wconf 80' lang='lat' dir='ltr'>misit</span> <span class='ocrx_word' id='word_1_375' title='bbox 1747 3728 1784 3786; x_wconf 83' lang='lat' dir='ltr'>ia</span> <span class='ocrx_word' id='word_1_376' title='bbox 1803 3735 1956 3798; x_wconf 86' lang='lat' dir='ltr'>crateras,</span> 
     </span>
     <span class='ocr_line' id='line_1_34' title="bbox 414 3822 1958 3909; baseline -0.002 -20"><span class='ocrx_word' id='word_1_377' title='bbox 414 3825 516 3889; x_wconf 89' lang='lat' dir='ltr'>tulum</span> <span class='ocrx_word' id='word_1_378' title='bbox 542 3824 637 3887; x_wconf 92' lang='lat' dir='ltr'>unius</span> <span class='ocrx_word' id='word_1_379' title='bbox 667 3823 769 3887; x_wconf 90' lang='lat' dir='ltr'>tribus</span> <span class='ocrx_word' id='word_1_380' title='bbox 800 3823 899 3887; x_wconf 92' lang='lat' dir='ltr'>fuisse</span> <span class='ocrx_word' id='word_1_381' title='bbox 928 3826 1156 3907; x_wconf 89' lang='lat' dir='ltr'>conscriptum,</span> <span class='ocrx_word' id='word_1_382' title='bbox 1213 3827 1246 3890; x_wconf 94' lang='lat' dir='ltr'>id</span> <span class='ocrx_word' id='word_1_383' title='bbox 1271 3835 1319 3890; x_wconf 90' lang='lat' dir='ltr'>est</span> <span class='ocrx_word' id='word_1_384' title='bbox 1344 3827 1479 3909; x_wconf 91' lang='lat' dir='ltr'>scyphos</span> <span class='ocrx_word' id='word_1_385' title='bbox 1504 3844 1560 3889; x_wconf 89' lang='lat' dir='ltr'>seu</span> <span class='ocrx_word' id='word_1_386' title='bbox 1584 3826 1699 3889; x_wconf 88' lang='lat' dir='ltr'>calices</span> <span class='ocrx_word' id='word_1_387' title='bbox 1724 3822 1958 3907; x_wconf 87' lang='lat' dir='ltr'>quosdam,ch</span> 
     </span>
     <span class='ocr_line' id='line_1_35' title="bbox 413 3923 1959 4009; baseline -0.001 -23"><span class='ocrx_word' id='word_1_388' title='bbox 413 3923 611 4009; x_wconf 91' lang='lat' dir='ltr'>probabilius</span> <span class='ocrx_word' id='word_1_389' title='bbox 637 3932 743 3987; x_wconf 91' lang='lat' dir='ltr'>tamen</span> <span class='ocrx_word' id='word_1_390' title='bbox 768 3930 928 4002; x_wconf 90' lang='lat' dir='ltr'>censetur,</span> <span class='ocrx_word' id='word_1_391' title='bbox 946 3925 1032 4006; x_wconf 93' lang='lat' dir='ltr'>quod</span> <span class='ocrx_word' id='word_1_392' title='bbox 1057 3944 1157 3987; x_wconf 91' lang='lat' dir='ltr'>unum</span> <span class='ocrx_word' id='word_1_393' title='bbox 1213 3946 1289 3989; x_wconf 92' lang='lat' dir='ltr'>vasa</span> <span class='ocrx_word' id='word_1_394' title='bbox 1302 3925 1443 3989; x_wconf 91' lang='lat' dir='ltr'>viminea</span> <span class='ocrx_word' id='word_1_395' title='bbox 1457 3944 1552 3987; x_wconf 91' lang='lat' dir='ltr'>ansas</span> <span class='ocrx_word' id='word_1_396' title='bbox 1575 3924 1743 4000; x_wconf 81' lang='lat' dir='ltr'>habentia3</span> <span class='ocrx_word' id='word_1_397' title='bbox 1754 3934 1885 4002; x_wconf 81' lang='lat' dir='ltr'>portem</span> <span class='ocrx_word' id='word_1_398' title='bbox 1899 3945 1959 3985; x_wconf 65' lang='lat' dir='ltr'>aaa</span> 
     </span>
     <span class='ocr_line' id='line_1_36' title="bbox 414 4020 1959 4103; baseline -0.001 -17"><span class='ocrx_word' id='word_1_399' title='bbox 414 4025 577 4087; x_wconf 83' lang='lat' dir='ltr'>dumtaxat</span> <span class='ocrx_word' id='word_1_400' title='bbox 601 4020 774 4086; x_wconf 80' lang='lat' dir='ltr'>edificavit</span> <span class='ocrx_word' id='word_1_401' title='bbox 799 4022 899 4085; x_wconf 91' lang='lat' dir='ltr'>altare</span> <span class='ocrx_word' id='word_1_402' title='bbox 926 4042 963 4086; x_wconf 80' lang='lat' dir='ltr'>ex</span> <span class='ocrx_word' id='word_1_403' title='bbox 991 4022 1158 4087; x_wconf 92' lang='lat' dir='ltr'>duodecim</span> <span class='ocrx_word' id='word_1_404' title='bbox 1215 4024 1625 4103; x_wconf 81' lang='lat' dir='ltr'>temsanguinisresiduam</span> <span class='ocrx_word' id='word_1_405' title='bbox 1636 4026 1959 4102; x_wconf 76' lang='lat' dir='ltr'>suditsrcperaltcrc:</span> 
     </span>
     <span class='ocr_line' id='line_1_37' title="bbox 414 4120 1958 4205; baseline -0.001 -21"><span class='ocrx_word' id='word_1_406' title='bbox 414 4121 585 4205; x_wconf 87' lang='lat' dir='ltr'>lapidibus,</span> <span class='ocrx_word' id='word_1_407' title='bbox 602 4129 698 4203; x_wconf 86' lang='lat' dir='ltr'>atque</span> <span class='ocrx_word' id='word_1_408' title='bbox 712 4120 746 4183; x_wconf 91' lang='lat' dir='ltr'>in</span> <span class='ocrx_word' id='word_1_409' title='bbox 763 4120 896 4200; x_wconf 89' lang='lat' dir='ltr'>singulis</span> <span class='ocrx_word' id='word_1_410' title='bbox 913 4122 1038 4203; x_wconf 90' lang='lat' dir='ltr'>singula</span> <span class='ocrx_word' id='word_1_411' title='bbox 1058 4122 1160 4186; x_wconf 91' lang='lat' dir='ltr'>nomi·</span> <span class='ocrx_word' id='word_1_412' title='bbox 1214 4124 1248 4186; x_wconf 95' lang='lat' dir='ltr'>in</span> <span class='ocrx_word' id='word_1_413' title='bbox 1264 4123 1403 4203; x_wconf 91' lang='lat' dir='ltr'>signum,</span> <span class='ocrx_word' id='word_1_414' title='bbox 1419 4123 1506 4204; x_wconf 92' lang='lat' dir='ltr'>quod</span> <span class='ocrx_word' id='word_1_415' title='bbox 1526 4122 1567 4184; x_wconf 93' lang='lat' dir='ltr'>ad</span> <span class='ocrx_word' id='word_1_416' title='bbox 1582 4121 1636 4184; x_wconf 86' lang='lat' dir='ltr'>Dei</span> <span class='ocrx_word' id='word_1_417' title='bbox 1652 4121 1806 4184; x_wconf 89' lang='lat' dir='ltr'>honorem</span> <span class='ocrx_word' id='word_1_418' title='bbox 1829 4120 1958 4202; x_wconf 88' lang='lat' dir='ltr'>sanguis</span> 
     </span>
     <span class='ocr_line' id='line_1_38' title="bbox 415 4218 1958 4304; baseline -0.003 -20"><span class='ocrx_word' id='word_1_419' title='bbox 415 4241 455 4284; x_wconf 89' lang='lat' dir='ltr'>na</span> <span class='ocrx_word' id='word_1_420' title='bbox 481 4220 622 4283; x_wconf 90' lang='lat' dir='ltr'>tribuum</span> <span class='ocrx_word' id='word_1_421' title='bbox 648 4218 792 4283; x_wconf 92' lang='lat' dir='ltr'>filiorum</span> <span class='ocrx_word' id='word_1_422' title='bbox 807 4219 900 4283; x_wconf 92' lang='lat' dir='ltr'>lsrael</span> <span class='ocrx_word' id='word_1_423' title='bbox 926 4221 1064 4304; x_wconf 91' lang='lat' dir='ltr'>scripsit.</span> <span class='ocrx_word' id='word_1_424' title='bbox 1082 4222 1158 4285; x_wconf 94' lang='lat' dir='ltr'>Nam</span> <span class='ocrx_word' id='word_1_425' title='bbox 1174 4223 1201 4286; x_wconf 87' lang='lat' dir='ltr'>D</span> <span class='ocrx_word' id='word_1_426' title='bbox 1215 4222 1269 4285; x_wconf 92' lang='lat' dir='ltr'>ille</span> <span class='ocrx_word' id='word_1_427' title='bbox 1296 4221 1357 4283; x_wconf 92' lang='lat' dir='ltr'>fuit</span> <span class='ocrx_word' id='word_1_428' title='bbox 1380 4220 1516 4297; x_wconf 90' lang='lat' dir='ltr'>effusus,</span> <span class='ocrx_word' id='word_1_429' title='bbox 1543 4219 1700 4301; x_wconf 90' lang='lat' dir='ltr'>vitulique</span> <span class='ocrx_word' id='word_1_430' title='bbox 1723 4218 1833 4283; x_wconf 90' lang='lat' dir='ltr'>oblati.</span> <span class='ocrx_word' id='word_1_431' title='bbox 1859 4222 1958 4281; x_wconf 80' lang='lat' dir='ltr'>Assu-</span> 
     </span>
     <span class='ocr_line' id='line_1_39' title="bbox 415 4316 1956 4401; baseline -0.003 -18"><span class='ocrx_word' id='word_1_432' title='bbox 415 4320 523 4384; x_wconf 82' lang='lat' dir='ltr'>etalio</span> <span class='ocrx_word' id='word_1_433' title='bbox 539 4318 704 4383; x_wconf 81' lang='lat' dir='ltr'>translatio</span> <span class='ocrx_word' id='word_1_434' title='bbox 729 4317 824 4382; x_wconf 87' lang='lat' dir='ltr'>babet</span> <span class='ocrx_word' id='word_1_435' title='bbox 849 4318 905 4396; x_wconf 90' lang='lat' dir='ltr'>sic,</span> <span class='ocrx_word' id='word_1_436' title='bbox 923 4321 1008 4401; x_wconf 90' lang='lat' dir='ltr'>quod</span> <span class='ocrx_word' id='word_1_437' title='bbox 1025 4340 1062 4385; x_wconf 86' lang='lat' dir='ltr'>ex</span> <span class='ocrx_word' id='word_1_438' title='bbox 1083 4322 1160 4383; x_wconf 91' lang='lat' dir='ltr'>duo·</span> <span class='ocrx_word' id='word_1_439' title='bbox 1213 4341 1365 4400; x_wconf 83' lang='lat' dir='ltr'>mensque</span> <span class='ocrx_word' id='word_1_440' title='bbox 1386 4324 1535 4380; x_wconf 80' lang='lat' dir='ltr'>volume-n</span> <span class='ocrx_word' id='word_1_441' title='bbox 1556 4320 1698 4399; x_wconf 78' lang='lat' dir='ltr'>faederis,</span> <span class='ocrx_word' id='word_1_442' title='bbox 1715 4318 1748 4379; x_wconf 93' lang='lat' dir='ltr'>id</span> <span class='ocrx_word' id='word_1_443' title='bbox 1767 4326 1816 4381; x_wconf 86' lang='lat' dir='ltr'>cst</span> <span class='ocrx_word' id='word_1_444' title='bbox 1837 4316 1956 4381; x_wconf 85' lang='lat' dir='ltr'>librum</span> 
     </span>
     <span class='ocr_line' id='line_1_40' title="bbox 415 4416 1958 4502; baseline -0.001 -21"><span class='ocrx_word' id='word_1_445' title='bbox 415 4420 519 4482; x_wconf 90' lang='lat' dir='ltr'>decim</span> <span class='ocrx_word' id='word_1_446' title='bbox 535 4418 695 4502; x_wconf 88' lang='lat' dir='ltr'>lapidibus</span> <span class='ocrx_word' id='word_1_447' title='bbox 711 4437 811 4480; x_wconf 94' lang='lat' dir='ltr'>unum</span> <span class='ocrx_word' id='word_1_448' title='bbox 826 4418 926 4481; x_wconf 91' lang='lat' dir='ltr'>altare</span> <span class='ocrx_word' id='word_1_449' title='bbox 941 4428 1158 4482; x_wconf 90' lang='lat' dir='ltr'>constructum</span> <span class='ocrx_word' id='word_1_450' title='bbox 1215 4418 1304 4500; x_wconf 78' lang='lat' dir='ltr'>legiS,</span> <span class='ocrx_word' id='word_1_451' title='bbox 1322 4418 1356 4479; x_wconf 90' lang='lat' dir='ltr'>in</span> <span class='ocrx_word' id='word_1_452' title='bbox 1379 4436 1442 4499; x_wconf 87' lang='lat' dir='ltr'>quo</span> <span class='ocrx_word' id='word_1_453' title='bbox 1464 4417 1562 4481; x_wconf 90' lang='lat' dir='ltr'>verba</span> <span class='ocrx_word' id='word_1_454' title='bbox 1581 4416 1635 4479; x_wconf 86' lang='lat' dir='ltr'>Dei</span> <span class='ocrx_word' id='word_1_455' title='bbox 1660 4416 1862 4499; x_wconf 89' lang='lat' dir='ltr'>conscripsit,</span> <span class='ocrx_word' id='word_1_456' title='bbox 1881 4419 1958 4494; x_wconf 69' lang='lat' dir='ltr'>tegit</span> 
     </span>
     <span class='ocr_line' id='line_1_41' title="bbox 417 4514 1955 4600; baseline -0.003 -19"><span class='ocrx_word' id='word_1_457' title='bbox 417 4518 468 4581; x_wconf 92' lang='lat' dir='ltr'>sit.</span> <span class='ocrx_word' id='word_1_458' title='bbox 484 4518 586 4600; x_wconf 84' lang='lat' dir='ltr'>Atque</span> <span class='ocrx_word' id='word_1_459' title='bbox 601 4517 634 4580; x_wconf 92' lang='lat' dir='ltr'>in</span> <span class='ocrx_word' id='word_1_460' title='bbox 650 4516 733 4582; x_wconf 91' lang='lat' dir='ltr'>libro</span> <span class='ocrx_word' id='word_1_461' title='bbox 748 4517 869 4598; x_wconf 84' lang='lat' dir='ltr'>Regum</span> <span class='ocrx_word' id='word_1_462' title='bbox 885 4516 1000 4597; x_wconf 87' lang='lat' dir='ltr'>legitur</span> <span class='ocrx_word' id='word_1_463' title='bbox 1016 4516 1055 4578; x_wconf 92' lang='lat' dir='ltr'>dc</span> <span class='ocrx_word' id='word_1_464' title='bbox 1069 4517 1157 4580; x_wconf 89' lang='lat' dir='ltr'>Elia:</span> <span class='ocrx_word' id='word_1_465' title='bbox 1213 4520 1365 4577; x_wconf 82' lang='lat' dir='ltr'>audiente</span> <span class='ocrx_word' id='word_1_466' title='bbox 1375 4522 1496 4594; x_wconf 79' lang='lat' dir='ltr'>populo</span> <span class='ocrx_word' id='word_1_467' title='bbox 1517 4516 1613 4581; x_wconf 91' lang='lat' dir='ltr'>verba</span> <span class='ocrx_word' id='word_1_468' title='bbox 1628 4516 1662 4577; x_wconf 93' lang='lat' dir='ltr'>in</span> <span class='ocrx_word' id='word_1_469' title='bbox 1683 4514 1765 4578; x_wconf 92' lang='lat' dir='ltr'>libro</span> <span class='ocrx_word' id='word_1_470' title='bbox 1784 4514 1955 4597; x_wconf 88' lang='lat' dir='ltr'>descripta.</span> 
     </span>
     <span class='ocr_line' id='line_1_42' title="bbox 297 4615 1958 4698; baseline 0.001 -27"><span class='ocrx_word' id='word_1_471' title='bbox 297 4629 323 4672; x_wconf 93' lang='lat' dir='ltr'>m</span> <span class='ocrx_word' id='word_1_472' title='bbox 346 4630 401 4685; x_wconf 69' lang='lat' dir='ltr'>nec,</span> <span class='ocrx_word' id='word_1_473' title='bbox 416 4616 502 4679; x_wconf 84' lang='lat' dir='ltr'>Tulit</span> <span class='ocrx_word' id='word_1_474' title='bbox 525 4615 693 4681; x_wconf 91' lang='lat' dir='ltr'>duodecim</span> <span class='ocrx_word' id='word_1_475' title='bbox 723 4615 845 4698; x_wconf 90' lang='lat' dir='ltr'>lapides</span> <span class='ocrx_word' id='word_1_476' title='bbox 873 4616 962 4697; x_wconf 83' lang='lat' dir='ltr'>juxta</span> <span class='ocrx_word' id='word_1_477' title='bbox 990 4634 1159 4678; x_wconf 90' lang='lat' dir='ltr'>numerum</span> <span class='ocrx_word' id='word_1_478' title='bbox 1215 4617 1280 4685; x_wconf 81' lang='lat' dir='ltr'>Qui</span> <span class='ocrx_word' id='word_1_479' title='bbox 1293 4618 1471 4676; x_wconf 77' lang='lat' dir='ltr'>dicerunt:</span> <span class='ocrx_word' id='word_1_480' title='bbox 1482 4618 1599 4677; x_wconf 75' lang='lat' dir='ltr'>Omiiio</span> <span class='ocrx_word' id='word_1_481' title='bbox 1613 4635 1685 4695; x_wconf 75' lang='lat' dir='ltr'>qaae</span> <span class='ocrx_word' id='word_1_482' title='bbox 1700 4618 1823 4674; x_wconf 80' lang='lat' dir='ltr'>locutas</span> <span class='ocrx_word' id='word_1_483' title='bbox 1838 4623 1883 4673; x_wconf 86' lang='lat' dir='ltr'>est</span> <span class='ocrx_word' id='word_1_484' title='bbox 1897 4617 1958 4674; x_wconf 77' lang='lat' dir='ltr'>Do</span> 
     </span>
     <span class='ocr_line' id='line_1_43' title="bbox 268 4694 1957 4795; baseline -0.003 -18"><span class='ocrx_word' id='word_1_485' title='bbox 268 4694 401 4743; x_wconf 61' lang='lat'>¹”¹¹¹&#39;³¹&#39;³²&#39;</span> <span class='ocrx_word' id='word_1_486' title='bbox 415 4714 556 4777; x_wconf 92' lang='lat' dir='ltr'>tribuum</span> <span class='ocrx_word' id='word_1_487' title='bbox 572 4714 678 4791; x_wconf 88' lang='lat' dir='ltr'>lsrael,</span> <span class='ocrx_word' id='word_1_488' title='bbox 695 4721 727 4776; x_wconf 90' lang='lat' dir='ltr'>et</span> <span class='ocrx_word' id='word_1_489' title='bbox 745 4712 919 4777; x_wconf 76' lang='lat' dir='ltr'>edificavit</span> <span class='ocrx_word' id='word_1_490' title='bbox 939 4714 979 4776; x_wconf 92' lang='lat' dir='ltr'>de</span> <span class='ocrx_word' id='word_1_491' title='bbox 999 4711 1159 4795; x_wconf 90' lang='lat' dir='ltr'>lapidibus</span> <span class='ocrx_word' id='word_1_492' title='bbox 1214 4716 1334 4785; x_wconf 75' lang='lat' dir='ltr'>minos,</span> <span class='ocrx_word' id='word_1_493' title='bbox 1351 4716 1531 4794; x_wconf 80' lang='lat' dir='ltr'>sociemus:</span> <span class='ocrx_word' id='word_1_494' title='bbox 1547 4713 1629 4775; x_wconf 91' lang='lat' dir='ltr'>sicut</span> <span class='ocrx_word' id='word_1_495' title='bbox 1648 4712 1827 4794; x_wconf 84' lang='lat' dir='ltr'>expositum</span> <span class='ocrx_word' id='word_1_496' title='bbox 1842 4719 1911 4787; x_wconf 83' lang='lat' dir='ltr'>est3</span> <span class='ocrx_word' id='word_1_497' title='bbox 1928 4722 1957 4772; x_wconf 82' lang='lat' dir='ltr'>rt</span> 
     </span>
     <span class='ocr_line' id='line_1_44' title="bbox 414 4808 1957 4891; baseline -0.003 -15"><span class='ocrx_word' id='word_1_498' title='bbox 414 4812 562 4877; x_wconf 85' lang='lat' dir='ltr'>altarein</span> <span class='ocrx_word' id='word_1_499' title='bbox 588 4811 718 4875; x_wconf 89' lang='lat' dir='ltr'>nomine</span> <span class='ocrx_word' id='word_1_500' title='bbox 740 4810 877 4875; x_wconf 87' lang='lat' dir='ltr'>Domini.</span> <span class='ocrx_word' id='word_1_501' title='bbox 896 4813 1051 4891; x_wconf 82' lang='lat' dir='ltr'>Misilque</span> <span class='ocrx_word' id='word_1_502' title='bbox 1066 4813 1159 4889; x_wconf 79' lang='lat' dir='ltr'>juve·</span> <span class='ocrx_word' id='word_1_503' title='bbox 1212 4814 1334 4873; x_wconf 81' lang='lat' dir='ltr'>erimus</span> <span class='ocrx_word' id='word_1_504' title='bbox 1357 4814 1533 4873; x_wconf 80' lang='lat' dir='ltr'>obedientes</span> <span class='ocrx_word' id='word_1_505' title='bbox 1556 4812 1619 4875; x_wconf 85' lang='lat' dir='ltr'>Deo</span> <span class='ocrx_word' id='word_1_506' title='bbox 1643 4830 1680 4874; x_wconf 88' lang='lat' dir='ltr'>ac</span> <span class='ocrx_word' id='word_1_507' title='bbox 1702 4808 1773 4873; x_wconf 92' lang='lat' dir='ltr'>tibi.</span> <span class='ocrx_word' id='word_1_508' title='bbox 1798 4812 1861 4871; x_wconf 85' lang='lat' dir='ltr'>Ille</span> <span class='ocrx_word' id='word_1_509' title='bbox 1885 4830 1957 4871; x_wconf 82' lang='lat' dir='ltr'>cero</span> 
     </span>
     <span class='ocr_line' id='line_1_45' title="bbox 413 4907 1959 4991; baseline -0.003 -18"><span class='ocrx_word' id='word_1_510' title='bbox 413 4933 468 4973; x_wconf 81' lang='lat' dir='ltr'>nes</span> <span class='ocrx_word' id='word_1_511' title='bbox 487 4916 526 4973; x_wconf 87' lang='lat' dir='ltr'>dc</span> <span class='ocrx_word' id='word_1_512' title='bbox 544 4913 628 4990; x_wconf 75' lang='lat' dir='ltr'>filiis</span> <span class='ocrx_word' id='word_1_513' title='bbox 646 4913 760 4972; x_wconf 80' lang='lat' dir='ltr'>Israel.</span> <span class='ocrx_word' id='word_1_514' title='bbox 784 4909 964 4973; x_wconf 85' lang='lat' dir='ltr'>Secundum</span> <span class='ocrx_word' id='word_1_515' title='bbox 990 4910 1156 4991; x_wconf 86' lang='lat' dir='ltr'>quosdam,</span> <span class='ocrx_word' id='word_1_516' title='bbox 1211 4920 1376 4989; x_wconf 80' lang='lat' dir='ltr'>sumptum</span> <span class='ocrx_word' id='word_1_517' title='bbox 1396 4912 1590 4989; x_wconf 72' lang='lat' dir='ltr'>sanguinem</span> <span class='ocrx_word' id='word_1_518' title='bbox 1614 4928 1652 4972; x_wconf 81' lang='lat' dir='ltr'>ex</span> <span class='ocrx_word' id='word_1_519' title='bbox 1671 4907 1813 4986; x_wconf 81' lang='lat' dir='ltr'>oratorie,</span> <span class='ocrx_word' id='word_1_520' title='bbox 1831 4908 1865 4970; x_wconf 91' lang='lat' dir='ltr'>in</span> <span class='ocrx_word' id='word_1_521' title='bbox 1886 4908 1959 4990; x_wconf 92' lang='lat' dir='ltr'>qui-</span> 
     </span>
     <span class='ocr_line' id='line_1_46' title="bbox 410 5006 1957 5093; baseline -0.003 -20"><span class='ocrx_word' id='word_1_522' title='bbox 410 5011 544 5093; x_wconf 89' lang='lat' dir='ltr'>juvenes</span> <span class='ocrx_word' id='word_1_523' title='bbox 556 5009 605 5072; x_wconf 95' lang='lat' dir='ltr'>illi</span> <span class='ocrx_word' id='word_1_524' title='bbox 616 5007 747 5072; x_wconf 88' lang='lat' dir='ltr'>fuerunt</span> <span class='ocrx_word' id='word_1_525' title='bbox 757 5006 883 5090; x_wconf 86' lang='lat' dir='ltr'>praefati</span> <span class='ocrx_word' id='word_1_526' title='bbox 893 5008 955 5071; x_wconf 95' lang='lat' dir='ltr'>duo</span> <span class='ocrx_word' id='word_1_527' title='bbox 967 5007 1029 5070; x_wconf 91' lang='lat' dir='ltr'>filii</span> <span class='ocrx_word' id='word_1_528' title='bbox 1040 5008 1155 5085; x_wconf 83' lang='lat' dir='ltr'>Aaron,</span> <span class='ocrx_word' id='word_1_529' title='bbox 1212 5008 1272 5071; x_wconf 94' lang='lat' dir='ltr'>hus</span> <span class='ocrx_word' id='word_1_530' title='bbox 1288 5008 1476 5087; x_wconf 88' lang='lat' dir='ltr'>sanguinem</span> <span class='ocrx_word' id='word_1_531' title='bbox 1493 5008 1676 5085; x_wconf 86' lang='lat' dir='ltr'>reservavit,</span> <span class='ocrx_word' id='word_1_532' title='bbox 1688 5016 1724 5070; x_wconf 93' lang='lat' dir='ltr'>ut</span> <span class='ocrx_word' id='word_1_533' title='bbox 1739 5006 1857 5070; x_wconf 90' lang='lat' dir='ltr'>faceret</span> <span class='ocrx_word' id='word_1_534' title='bbox 1871 5008 1957 5089; x_wconf 92' lang='lat' dir='ltr'>quod</span> 
     </span>
     <span class='ocr_line' id='line_1_47' title="bbox 411 5106 1956 5189; baseline -0.005 -16"><span class='ocrx_word' id='word_1_535' title='bbox 411 5110 590 5173; x_wconf 89' lang='lat' dir='ltr'>sacerdotes</span> <span class='ocrx_word' id='word_1_536' title='bbox 621 5106 733 5170; x_wconf 90' lang='lat' dir='ltr'>futuri.</span> <span class='ocrx_word' id='word_1_537' title='bbox 765 5106 827 5168; x_wconf 84' lang='lat' dir='ltr'>Alii</span> <span class='ocrx_word' id='word_1_538' title='bbox 857 5106 1040 5189; x_wconf 89' lang='lat' dir='ltr'>opinantur,</span> <span class='ocrx_word' id='word_1_539' title='bbox 1071 5108 1157 5189; x_wconf 91' lang='lat' dir='ltr'>quod</span> <span class='ocrx_word' id='word_1_540' title='bbox 1212 5107 1371 5184; x_wconf 90' lang='lat' dir='ltr'>subditur,</span> <span class='ocrx_word' id='word_1_541' title='bbox 1398 5111 1548 5188; x_wconf 78' lang='lat' dir='ltr'>respersit</span> <span class='ocrx_word' id='word_1_542' title='bbox 1572 5111 1607 5168; x_wconf 78' lang='lat' dir='ltr'>in</span> <span class='ocrx_word' id='word_1_543' title='bbox 1624 5111 1795 5185; x_wconf 80' lang='lat' dir='ltr'>poputum,</span> <span class='ocrx_word' id='word_1_544' title='bbox 1820 5117 1850 5168; x_wconf 87' lang='lat' dir='ltr'>et</span> <span class='ocrx_word' id='word_1_545' title='bbox 1874 5110 1923 5167; x_wconf 87' lang='lat' dir='ltr'>ait</span> <span class='ocrx_word' id='word_1_546' title='bbox 1944 5128 1956 5166; x_wconf 93' lang='lat'>.·</span> 
     </span>
     <span class='ocr_line' id='line_1_48' title="bbox 411 5202 1957 5289; baseline -0.004 -17"><span class='ocrx_word' id='word_1_547' title='bbox 411 5209 541 5272; x_wconf 90' lang='lat' dir='ltr'>fuerunt</span> <span class='ocrx_word' id='word_1_548' title='bbox 555 5204 761 5289; x_wconf 87' lang='lat' dir='ltr'>primogeniti</span> <span class='ocrx_word' id='word_1_549' title='bbox 776 5204 958 5288; x_wconf 90' lang='lat' dir='ltr'>principum</span> <span class='ocrx_word' id='word_1_550' title='bbox 974 5205 1157 5287; x_wconf 86' lang='lat' dir='ltr'>lsrael,quo</span> <span class='ocrx_word' id='word_1_551' title='bbox 1212 5208 1276 5268; x_wconf 85' lang='lat' dir='ltr'>Hic</span> <span class='ocrx_word' id='word_1_552' title='bbox 1287 5216 1333 5266; x_wconf 82' lang='lat' dir='ltr'>est</span> <span class='ocrx_word' id='word_1_553' title='bbox 1346 5208 1481 5283; x_wconf 70' lang='lat' dir='ltr'>sanguis</span> <span class='ocrx_word' id='word_1_554' title='bbox 1496 5208 1640 5284; x_wconf 80' lang='lat' dir='ltr'>soederis,</span> <span class='ocrx_word' id='word_1_555' title='bbox 1649 5204 1682 5267; x_wconf 95' lang='lat' dir='ltr'>id</span> <span class='ocrx_word' id='word_1_556' title='bbox 1697 5213 1745 5268; x_wconf 94' lang='lat' dir='ltr'>est</span> <span class='ocrx_word' id='word_1_557' title='bbox 1761 5202 1890 5284; x_wconf 88' lang='lat' dir='ltr'>sanguis</span> <span class='ocrx_word' id='word_1_558' title='bbox 1905 5205 1957 5266; x_wconf 83' lang='lat' dir='ltr'>de</span> 
     </span>
     <span class='ocr_line' id='line_1_49' title="bbox 410 5301 1953 5389; baseline -0.005 -18"><span class='ocrx_word' id='word_1_559' title='bbox 410 5308 496 5371; x_wconf 89' lang='lat' dir='ltr'>niam</span> <span class='ocrx_word' id='word_1_560' title='bbox 512 5303 716 5389; x_wconf 83' lang='lat' dir='ltr'>primogeniti</span> <span class='ocrx_word' id='word_1_561' title='bbox 737 5322 838 5387; x_wconf 90' lang='lat' dir='ltr'>usque</span> <span class='ocrx_word' id='word_1_562' title='bbox 858 5305 897 5367; x_wconf 90' lang='lat' dir='ltr'>ad</span> <span class='ocrx_word' id='word_1_563' title='bbox 919 5303 1153 5368; x_wconf 88' lang='lat' dir='ltr'>institutionem</span> <span class='ocrx_word' id='word_1_564' title='bbox 1210 5304 1340 5384; x_wconf 90' lang='lat' dir='ltr'>signans</span> <span class='ocrx_word' id='word_1_565' title='bbox 1355 5313 1495 5386; x_wconf 89' lang='lat' dir='ltr'>pactum,</span> <span class='ocrx_word' id='word_1_566' title='bbox 1507 5308 1594 5386; x_wconf 81' lang='lat' dir='ltr'>qaod</span> <span class='ocrx_word' id='word_1_567' title='bbox 1603 5306 1742 5383; x_wconf 65' lang='lat' dir='ltr'>pepigit,</span> <span class='ocrx_word' id='word_1_568' title='bbox 1754 5303 1787 5367; x_wconf 93' lang='lat' dir='ltr'>id</span> <span class='ocrx_word' id='word_1_569' title='bbox 1802 5311 1852 5367; x_wconf 92' lang='lat' dir='ltr'>est</span> <span class='ocrx_word' id='word_1_570' title='bbox 1867 5301 1953 5379; x_wconf 92' lang='lat' dir='ltr'>iniit,</span> 
     </span>
    </p>
   </div>
   <div class='ocr_carea' id='block_1_3' title="bbox 0 0 2171 6259">
    <p class='ocr_par' dir='ltr' id='par_1_3' title="bbox 0 0 2171 6259">
     <span class='ocr_line' id='line_1_50' title="bbox 0 0 2171 6259; baseline 0 0"><span class='ocrx_word' id='word_1_571' title='bbox 0 0 2171 6259; x_wconf 95' lang='lat' dir='ltr'> </span> 
     </span>
    </p>
   </div>
  </div>
 </body>
</html>
