4309 6259
442 473 501 540 380
806 497 979 544 auanaarro
1001 498 1031 543 m
1053 499 1121 545 cae.
1144 499 1177 544 ιι
1197 499 1392 546 nmanonuu.
1416 519 1456 530 -
1475 500 1546 548 aar.
1569 501 1624 547 ιιι

442 666 546 748 primo
561 667 682 745 babuit,
701 665 840 732 Afferam
857 669 896 732 de
912 669 1037 751 spiritu,
1054 679 1086 733 et
1101 668 1187 731 atte-
1201 667 1226 729 A
1241 670 1422 751 superiores
1438 681 1522 749 sunt,
1536 671 1704 736 inferiores
1721 671 1915 735 illuminant.
1927 671 1983 734 Eo

443 786 516 829 rens
542 768 581 831 de
606 768 720 850 spiritu
747 777 810 845 tuo,
833 788 890 850 per
914 769 1031 851 duplex
1047 775 1083 846 ff,
1100 769 1186 850 qnod
1241 771 1313 834 dem
1330 771 1424 834 modo
1444 779 1548 853 potest
1567 773 1606 834 de
1621 772 1724 854 llovse
1743 771 1880 852 intelligi
1901 771 1982 832 circa

443 866 519 927 satis
544 875 697 929 consonat
721 867 919 930 translationi
942 869 1138 943 Chaldaieae3
1156 876 1186 930 ct
1242 871 1442 952 septuaginta
1467 871 1564 948 viros,
1591 871 1741 935 videlice-t
1764 872 1849 952 quod
1877 871 1981 936 lumen

443 973 553 1047 postea
568 965 647 1029 vitio
663 966 853 1047 scriptorum
870 975 916 1028 est
932 966 1082 1048 positum,
1100 966 1187 1030 aufe·
1242 969 1464 1054 propheticum
1480 971 1580 1032 menti
1592 969 1705 1052 Moysis
1719 971 1812 1033 alleo
1828 968 1980 1046 infusum,

444 1083 510 1126 ram
526 1072 557 1127 et
572 1064 731 1138 auferens,
750 1083 806 1146 per
821 1064 958 1128 litteram
974 1087 1006 1126 u.
1025 1067 1096 1128 llaec
1110 1065 1187 1128 Pau·
1241 1069 1433 1133 confortavit
1459 1069 1565 1130 lumen
1593 1069 1737 1132 naturale
1761 1069 1936 1144 seniorum,
1952 1080 1981 1132 et

443 1163 499 1225 lus.
509 1163 569 1226 Sed
584 1163 688 1245 prima
703 1183 776 1246 pars
789 1164 884 1244 hujus
895 1165 970 1227 dicti
988 1183 1051 1228 non
1062 1165 1187 1228 vidntur
1242 1167 1460 1231 manifestavit
1471 1168 1518 1231 eis
1529 1169 1692 1231 veritatem
1706 1168 1746 1230 de
1761 1168 1903 1249 hisquae
1918 1187 1981 1250 per-

443 1270 602 1338 vera‚‚aut
625 1271 721 1338 certa,
739 1262 890 1342 quoniam
913 1262 1119 1345 Septuaginta
1140 1263 1188 1324 in-
1242 1267 1387 1330 tinebant
1408 1269 1447 1328 ad
1470 1276 1586 1329 statum
1613 1266 1777 1346 regiminis
1800 1267 1925 1349 populi,
1942 1268 1982 1330 ita

442 1368 596 1441 terpretes
613 1359 1000 1436 transtuleruntduferam
1017 1362 1056 1424 de
1071 1361 1187 1444 spiritu
1241 1366 1327 1446 quod
1340 1363 1560 1447 principalitas
1570 1364 1667 1445 bajus
1679 1363 1928 1428 illuminationis
1938 1374 1984 1427 est

442 1458 499 1540 qni
516 1458 548 1520 in
565 1468 595 1521 te
612 1467 669 1521 est.
1242 1484 1261 1526 a
1286 1464 1354 1526 solo
1378 1463 1452 1538 fleo,
1480 1463 1669 1525 secundaria
1692 1481 1768 1526 vero
1793 1462 1982 1526 illuminatio

494 1558 585 1620 Circa
614 1558 681 1620 baec
712 1557 823 1620 scribit
847 1559 928 1639 Lyra
953 1559 1039 1639 quod
1069 1567 1186 1622 tactum
1242 1563 1346 1626 activa
1362 1562 1395 1624 in
1410 1561 1524 1644 Moyse,
1534 1563 1801 1643 quemadmodum
1818 1561 1896 1624 luna
1911 1563 1984 1624 reci-

444 1665 503 1735 est,
521 1655 644 1719 scilicet
666 1657 751 1737 quod
773 1655 833 1718 viri
856 1657 914 1734 illi,
933 1656 1106 1720 illuminati
1124 1657 1189 1722 fue·
1244 1663 1291 1743 pit
1313 1661 1421 1723 lumen
1443 1679 1462 1722 a
1487 1661 1549 1723 Deo
1569 1659 1730 1723 mediante
1750 1659 1828 1723 sole.
1845 1660 1918 1724 llaec
1936 1680 1984 1723 au-

443 1763 518 1817 runt
546 1754 667 1835 absquo
692 1754 904 1817 diminutione
929 1755 1037 1836 gratiae
1062 1756 1186 1838 Moysis,
1243 1770 1306 1823 tem
1327 1759 1514 1823 excellentia
1532 1759 1765 1823 rationabiliter
1783 1759 1879 1840 Moysi
1900 1760 1984 1821 vide

445 1853 528 1916 sicut
543 1873 561 1916 a
577 1853 698 1916 lumine
713 1854 808 1915 unius
828 1853 967 1917 candelae
987 1853 1095 1936 plures
1117 1855 1189 1916 illu·
1206 1854 1229 1916 B
1244 1868 1295 1920 tur
1307 1877 1457 1922 concessa
1467 1858 1551 1920 inter
1560 1857 1743 1940 Prophetas,
1755 1857 1908 1938 quoniam
1925 1856 1984 1918 fuit

445 1952 618 2014 minantur.
633 1952 670 2014 Et
686 1953 784 2025 addit,
795 1952 962 2015 Sciendum
981 1962 1086 2016 tamen
1102 1956 1188 2035 quod
1242 1958 1378 2021 eximius
1393 1957 1631 2038 Prophetarum,
1648 1965 1680 2019 et
1699 1957 1785 2020 solus
1808 1956 1892 2018 inter
1913 1956 1984 2018 illos

444 2052 505 2113 ista
520 2051 697 2113 similitudo
709 2069 772 2143 non
790 2059 1049 2132 tenet,quantnm
1063 2054 1102 2116 ad
1118 2073 1189 2116 can·
1242 2057 1413 2120 essentiam
1434 2054 1487 2117 llei
1504 2054 1585 2118 vidit
1605 2055 1638 2116 in
1654 2054 1720 2117 vita
1736 2055 1897 2137 presenti.
1916 2055 1984 2117 ldeo

444 2171 509 2214 sam
536 2148 729 2225 effectivam,
757 2149 801 2212 ita
826 2152 909 2231 qnod
936 2151 1055 2214 donum
1079 2153 1188 2231 gratiae
1242 2155 1359 2218 meruit
1374 2163 1406 2216 et
1421 2153 1533 2216 babuit
1548 2153 1983 2235 praerogativamangelorum

445 2250 599 2314 exsistens
620 2250 653 2311 in
674 2249 787 2332 Moyse,
805 2258 949 2312 censeret
973 2251 1005 2311 in
1027 2251 1099 2313 aliis
1121 2269 1188 2332 gra·
1242 2257 1340 2318 Deum
1352 2252 1529 2316 videntium
1543 2251 1775 2315 illuminatione
1790 2253 1986 2334 prophetica:

445 2350 521 2411 tiam
547 2347 696 2412 effective
710 2373 717 2424 3
734 2349 790 2411 sed
813 2356 935 2411 tantum
959 2349 1131 2426 meritorie,
1154 2350 1187 2412 in
1243 2354 1382 2435 itaquod
1398 2352 1480 2415 sicut
1492 2353 1573 2414 [leus
1588 2350 1801 2414 mediantibus
1816 2349 1939 2429 angelis
1955 2351 1986 2411 il·

445 2456 600 2530 quantnm
616 2448 654 2509 ad
671 2467 780 2529 preces
800 2447 912 2528 Moysis
932 2448 973 2510 ob
993 2448 1063 2529 ojus
1084 2450 1189 2511 suble
1243 2453 1380 2516 luminat
1395 2459 1518 2513 mentes
1527 2450 1759 2532 Pmphetarum,
1767 2449 1812 2511 sic
1827 2449 1986 2512 mediante

446 2546 605 2609 rationem
623 2545 794 2608 illuminati
811 2555 885 2608 sunt
899 2546 965 2609 alii.
1243 2552 1346 2633 llovse
1372 2568 1429 2631 per
1454 2549 1562 2610 lumen
1585 2547 1806 2630 propheticum
1830 2548 1860 2610 ci
1885 2546 1986 2610 excel-

483 2646 578 2709 Porro
594 2646 678 2708 circa
698 2655 729 2708 et
749 2654 858 2709 contra
874 2647 939 2710 baec
956 2647 1053 2710 verba
1068 2648 1187 2710 Nicolai
1244 2648 1422 2712 lentissime
1446 2647 1608 2722 collatum,
1631 2647 1737 2708 lumen
1763 2644 1984 2727 propheticum

422 2777 428 2784 -
446 2744 708 2826 netyrascribit
721 2744 820 2807 Rabbi
835 2745 951 2806 Paulos
967 2744 1101 2808 multum
1118 2765 1189 2828 pro
1243 2749 1420 2810 traderetur
1435 2746 1513 2809 viris
1534 2745 1609 2807 illis.
1629 2744 1659 2806 Si
1680 2745 1765 2808 enim
1786 2745 1988 2826 septuaginta

445 2845 518 2921 lixo,
537 2845 591 2906 sed
618 2863 682 2906 non
707 2844 844 2905 multum
869 2843 1007 2907 resolute
1032 2853 1087 2907 aut
1111 2845 1188 2908 satis
1244 2846 1304 2910 viri
1328 2865 1346 2907 a
1368 2846 1432 2906 Deo
1456 2844 1639 2906 immediate
1660 2844 1855 2924 recepissent
1874 2843 1986 2905 lumen

445 2944 557 3026 perite,
575 2944 667 3025 cujus
687 2943 793 3024 aliqua
808 2942 905 3005 verba
925 2952 1063 3023 tangam.
1081 2945 1189 3025 ltaque
1243 2943 1477 3028 propheticum,
1496 2942 1579 3004 sicut
1598 2942 1717 3023 Moyses
1736 2940 1920 3004 immediate
1939 2961 1988 3003 ac-

445 3044 528 3106 inter
552 3050 656 3106 cetera
680 3042 725 3105 ait
744 3059 751 3102 :
777 3041 958 3104 Similitudo
984 3042 1039 3104 illa
1064 3042 1189 3104 videtur
1204 3040 1226 3104 C
1244 3051 1382 3124 ceperat,
1399 3049 1504 3102 essent
1525 3040 1757 3121 quodammodo
1773 3057 1865 3121 pares
1880 3039 1914 3101 in
1929 3039 1988 3101 bu-

445 3151 563 3218 tenere‚
581 3141 675 3203 etiam
692 3147 848 3222 qnantum
863 3141 902 3202 ad
918 3159 1044 3204 causam
1066 3140 1189 3204 effect-i·
1243 3141 1382 3224 jusmodi
1410 3139 1575 3220 regimine,
1603 3139 1678 3220 quia
1700 3138 1801 3219 magis
1824 3148 1857 3201 et
1879 3139 1986 3202 minus

445 3259 538 3304 vam:
557 3239 708 3320 quoniam
724 3238 833 3302 Glossa
847 3238 901 3316 ait,
919 3240 1037 3320 Moyses
1053 3249 1084 3303 ot
1100 3239 1190 3321 spiri·
1244 3260 1308 3305 non
1323 3240 1448 3303 variant
1464 3239 1614 3321 speciem.

447 3348 497 3401 tus
509 3339 564 3420 qui
577 3345 645 3400 erat
660 3338 693 3399 in
705 3354 754 3412 eo,
764 3337 854 3418 quasi
870 3337 1039 3400 clarissimi
1056 3338 1188 3400 luminis
1283 3341 1354 3401 llaec
1364 3339 1490 3401 Paulus.
1500 3336 1598 3419 Cujus
1608 3337 1712 3412 verba,
1722 3336 1823 3400 multa
1836 3355 1909 3418 quta
1924 3353 1984 3398 non

446 3439 576 3500 lucerna
597 3437 668 3513 fuit,
686 3455 724 3498 ox
744 3455 806 3517 qua
825 3437 908 3498 Deus
928 3437 1127 3518 septuaginta
1144 3457 1190 3500 se
1243 3441 1393 3504 videntur
1416 3456 1508 3519 posse
1529 3437 1656 3512 salvari,
1674 3435 1852 3498 includunt.
1871 3436 1903 3497 ln
1925 3434 1987 3517 pri-

446 3557 503 3601 nes
528 3536 682 3611 accendit,
707 3535 746 3597 ad
771 3553 851 3615 quos
865 3534 1062 3617 *principalis
1094 3535 1189 3597 lumi·
1244 3538 1305 3602 mis
1321 3555 1396 3616 ergo
1412 3553 1476 3598 non
1498 3535 1661 3617 seqnitur:
1679 3535 1799 3597 Lumen
1821 3535 1901 3596 illud
1919 3552 1986 3614 gra-

447 3637 497 3700 nis
513 3635 663 3717 splendor
679 3633 816 3709 advenit,
834 3642 865 3696 et
880 3633 969 3712 origo
988 3633 1088 3714 ipsius
1109 3635 1189 3696 nibil
1244 3639 1296 3700 tias
1312 3637 1346 3697 in
1363 3635 1574 3716 septuaginta,
1593 3633 1654 3695 fuit
1669 3633 1848 3696 derivatum
1862 3652 1881 3694 a
1897 3632 1988 3694 lumi-

448 3733 555 3798 damni
574 3754 610 3795 ex
624 3732 820 3796 derivatione
835 3731 1047 3814 acceptattac
1063 3728 1192 3794 inGlos
1246 3755 1286 3798 ne
1307 3733 1417 3815 gratiae
1438 3733 1523 3813 quod
1551 3731 1612 3794 fnit
1638 3731 1670 3793 in
1696 3731 1809 3812 lfoyse,
1827 3749 1903 3809 ergo
1929 3729 1987 3791 fuit

448 3855 492 3896 sa.
511 3833 555 3895 Ex
571 3851 635 3914 quo
651 3839 736 3913 patet
753 3830 932 3905 manifeste,
951 3832 1035 3911 quod
1059 3831 1191 3912 spiritus
1245 3833 1342 3905 abeo,
1354 3831 1436 3894 sicut
1448 3851 1466 3893 a
1478 3849 1573 3892 causa
1588 3827 1987 3892 officiente.flicit.nrenirn

448 3952 504 3996 seu
525 3932 632 3994 lumen
654 3930 762 4012 gratim
783 3930 815 3991 in
837 3929 1015 3993 senioribus
1036 3929 1112 4006 illis,
1131 3930 1192 3993 fuit
1246 3930 1368 4011 aliquid
1389 3928 1526 3991 derivari
1547 3928 1587 3988 ab
1607 3927 1682 4002 alio,
1700 3945 1763 3989 non
1785 3926 1887 3988 solum
1909 3925 1990 3988 sicut

448 4031 624 4095 derivatum
646 4029 805 4105 alumine
827 4029 934 4106 gratim
957 4031 1040 4110 quod
1067 4037 1134 4091 crat
1159 4029 1191 4090 in
1247 4047 1374 4092 acausa
1394 4025 1555 4102 effectiva,
1575 4027 1629 4088 sed
1650 4025 1745 4087 etiam
1766 4025 1848 4086 sieut
1863 4043 1882 4086 a
1895 4043 1990 4087 causa

449 4133 561 4212 Moyse.
572 4129 691 4192 Deinde
702 4127 799 4190 Rabbi
809 4127 924 4190 Paulus
941 4127 1120 4208 subjungit:
1130 4129 1193 4190 Cir·
1248 4125 1386 4201 formali,
1400 4133 1455 4188 aut
1470 4123 1654 4205 exemplari,
1667 4130 1721 4185 aut
1737 4121 1840 4195 finali,
1857 4131 1914 4184 aut
1928 4142 1991 4184 ma·

449 4249 486 4292 ca
511 4229 578 4291 bace
603 4235 677 4288 sunt
699 4227 762 4289 duo
784 4226 994 4289 attendenda:
1012 4226 1116 4288 Unum
1132 4235 1190 4300 est,
1206 4221 1232 4284 D
1248 4225 1363 4302 feriali.
1382 4223 1526 4286 Secundo
1540 4222 1625 4303 quod
1643 4221 1697 4298 ait,
1715 4221 1799 4282 istud
1814 4221 1854 4282 de
1869 4220 1991 4282 lumine

402 4319 413 4342 ⁸
449 4327 535 4410 quod
558 4325 691 4407 spiritus
713 4343 769 4386 seu
791 4323 892 4403 gratia
913 4325 952 4386 de
972 4343 1035 4405 qua
1057 4325 1109 4387 hic
1131 4323 1193 4403 agi·
1246 4323 1355 4404 gratiae
1371 4323 1451 4383 data
1467 4319 1670 4402 septuaginta
1684 4319 1774 4395 viris,
1791 4338 1861 4381 csse
1876 4318 1994 4381 intelli·

451 4437 512 4502 tur,
541 4443 604 4487 non
630 4431 677 4485 est
704 4423 812 4484 lumen
838 4430 970 4498 nature,
997 4442 1054 4484 nec
1085 4422 1192 4485 lumen
1248 4422 1386 4503 gendum
1413 4420 1515 4482 solum
1538 4420 1578 4481 de
1600 4417 1702 4498 gratia
1723 4417 1910 4499 prophetiae,
1929 4437 1992 4478 non

450 4524 557 4606 gratiae
583 4529 707 4602 gratum
734 4519 891 4596 facientis,
919 4521 973 4583 sed
997 4521 1099 4598 gratia
1124 4539 1195 4602 pro
1250 4522 1288 4582 de
1303 4519 1405 4600 gratia
1419 4525 1544 4597 gratum
1560 4514 1777 4591 facient-anon
1790 4514 1917 4576 videtur
1930 4515 1994 4578 ido

452 4622 588 4707 poeria:
605 4619 681 4702 qnia
704 4619 736 4680 in
761 4617 865 4680 littora
886 4617 1013 4693 dicitnr,
1030 4617 1195 4697 Quumque
1250 4637 1308 4680 nce
1333 4616 1454 4677 dictum
1477 4632 1484 4675 ε
1510 4613 1574 4676 imo
1599 4621 1630 4675 et
1654 4613 1694 4675 de
1718 4611 1874 4692 sapientia
1898 4621 1995 4694 atque

452 4719 658 4803 requievisset
670 4718 702 4779 in
713 4716 759 4778 eis
772 4715 915 4797 Spiritus,
923 4715 1196 4796 prophetaverunt.
1250 4713 1429 4797 prudentia,
1440 4719 1534 4793 prout
1550 4719 1625 4772 sunt
1639 4711 1719 4772 dona
1734 4710 1772 4772 ad
1789 4709 1925 4772 aliorum
1941 4727 1996 4788 gir·

432 4881 435 4888 ,
453 4819 631 4882 Secundum
649 4825 707 4892 est,
725 4815 809 4896 quod
826 4813 1018 4875 illuminatio
1034 4813 1197 4894 propheti·
1250 4809 1470 4874 bernationem
1497 4809 1674 4891 spectantia
1700 4808 1732 4869 in
1759 4808 1853 4870 rebus
1874 4807 1996 4870 divinis

452 4935 581 4998 caque).
597 4923 644 4977 est
661 4911 1196 4995 principaliterafleo,qnandoque
1251 4918 1282 4972 ct
1303 4908 1463 4970 humanis.
1480 4908 1532 4968 Ait
1552 4899 1689 4988 namque
1708 4905 1872 4987 Origenes,
1891 4913 1924 4968 et
1944 4905 1997 4967 ba·

454 5015 554 5094 tangit
578 5020 701 5075 mentes
725 5010 952 5091 Prophetarum
983 5008 1197 5071 mediantibus
1250 5010 1344 5072 betur
1362 5009 1395 5069 in
1410 5007 1521 5070 Glossa
1539 5008 1741 5069 authentica:
1759 5005 1924 5087 Requievit
1945 5023 1998 5065 su-

453 5112 586 5192 angelis‚
604 5118 638 5172 ut
661 5117 746 5191 patet
765 5109 805 5170 de
825 5107 927 5190 lloyse
945 5107 978 5168 in
999 5107 1197 5188 primordiali
1252 5125 1308 5188 por
1333 5123 1387 5167 eos
1412 5105 1559 5186 Spiritus,
1582 5113 1614 5166 ct
1638 5103 1908 5186 prophetaverunt
1930 5120 1998 5164 om-

454 5231 511 5274 sua
526 5208 744 5290 assumptione
759 5208 798 5268 ad
815 5213 931 5268 statum
953 5205 1195 5287 propheticum:
1252 5223 1320 5266 nes.
1337 5203 1405 5265 Non
1426 5203 1541 5283 legitur
1557 5201 1752 5283 requievisse
1767 5199 1915 5282 Spiritus,
1934 5199 1996 5261 nisi

453 5318 485 5372 ct
500 5308 584 5389 quod
601 5305 704 5386 majus
720 5313 777 5381 est,
789 5305 883 5368 etiam
901 5304 984 5366 inter
999 5303 1129 5382 angelos
1142 5302 1198 5384 qui
1252 5302 1286 5363 in
1303 5300 1623 5382 sanetisllequiescit
1634 5299 1720 5362 enim
1734 5299 1767 5359 in
1778 5296 1828 5359 bis
1839 5297 1894 5378 qui
1910 5316 1998 5359 mun·
