4309 6259
240 3459 309 3502 Prou.
317 3462 348 3510 x,l
354 3461 372 3500 Ξ.

241 3521 249 3565 l
258 3523 318 3565 Petr.
327 3525 372 3574 me.

249 3754 373 3806 locamur,

251 4337 283 4380 1²2
289 4349 373 4392 sustu,

241 4403 261 4444 l.

397 487 455 550 lto
791 502 964 549 usurasne
985 502 1015 547 rs
1037 501 1105 548 cur.
1129 501 1159 546 rr
1180 501 1316 546 terrrrur.
1339 521 1380 530 -
1400 502 1471 547 nnr.
1494 502 1546 548 xrr

395 676 465 753 stri,
482 677 567 757 quod
584 684 632 738 est
654 673 820 756 spirituale
835 674 946 750 altare,
966 673 1075 754 inquo
1092 691 1140 734 sa·
1154 669 1179 732 Α
1194 679 1290 753 queat
1306 671 1411 749 lateri,
1423 672 1548 734 lustitia
1564 671 1693 734 indutus
1708 681 1834 748 sum3et
1850 673 1938 754 quod
1970 690 2012 734 rae
2024 705 2077 740 mx.

395 774 556 838 orificium
573 775 686 851 laudis,
698 774 851 837 orationis
867 773 1045 848 incensum,
1055 771 1139 835 bona

394 883 426 936 et
451 882 598 957 prompta
622 873 780 950 voluntas
807 872 870 935 Deo
900 872 1027 934 assidue
1057 870 1139 934 olle-

395 982 509 1034 runtur
533 990 540 1034 :
560 982 634 1035 tunc
655 972 775 1054 quippe
795 971 827 1033 in
852 971 912 1033 isto
936 969 1027 1033 altari
1052 968 1139 1032 holo

394 1081 538 1134 caustum
568 1072 647 1133 illud
677 1078 846 1146 crematur,
872 1071 946 1132 dum
979 1069 1139 1132 ferventer

394 1178 490 1252 atque
513 1178 674 1250 gratanter
697 1169 877 1246 recolimus,
896 1177 1014 1250 quanta
1039 1167 1138 1228 Filius

393 1268 449 1331 Dei
474 1288 531 1351 pro
556 1269 649 1332 nobis
675 1269 707 1330 in
733 1286 866 1350 corpore
892 1285 949 1328 suo
974 1273 1138 1347 assumpto

394 1366 558 1429 sustinuit.
577 1368 610 1430 ld
625 1385 754 1448 quoque
768 1367 924 1445 agendum
941 1373 989 1427 est
1005 1373 1069 1426 tota
1086 1382 1139 1426 no-

393 1475 454 1543 cte,
473 1465 505 1527 id
526 1475 574 1528 est
595 1465 682 1528 omni
706 1474 847 1546 tempore
863 1465 936 1527 ritae
958 1463 1135 1545 praesentis,

394 1584 466 1645 quae
481 1565 718 1647 comparatione
733 1565 806 1626 rita
823 1562 937 1626 suturae
952 1580 1014 1625 nox
1029 1562 1138 1644 appel-

393 1663 488 1726 latur.
505 1664 571 1726 Nox
587 1663 682 1726 etiam
700 1661 925 1726 defectuositas
943 1670 974 1724 et
990 1663 1137 1740 ignoran-

393 1763 437 1825 tia
452 1770 561 1825 nostra
576 1760 910 1843 vocatur.Specialiter
921 1779 995 1823 vero
1011 1769 1136 1841 tempus

1194 771 1334 852 loquitur
1354 771 1460 847 isaias,
1481 771 1586 833 lnduit
1605 791 1656 834 me
1671 772 1821 834 Dominus
1841 772 1938 834 resti·
1953 755 2078 867 ’ζώω

1193 878 1301 933 mento
1328 870 1449 948 salutis,
1467 879 1499 933 et
1519 870 1704 934 indumento
1723 871 1854 952 justitiae
1878 871 1939 934 cir-

1194 968 1356 1031 cumdedit
1377 988 1438 1032 me.
1462 970 1543 1051 Apte
1567 988 1695 1051 quoque
1720 989 1776 1052 per
1796 969 1937 1032 tunicam

1193 1066 1310 1130 lineam
1327 1068 1462 1151 simplex
1477 1078 1507 1131 et
1524 1069 1676 1132 innocens
1691 1069 1767 1146 rita,
1785 1089 1841 1132 sou
1857 1089 1937 1151 pura

1193 1167 1329 1230 intentio
1349 1167 1553 1249 designatum
1582 1188 1638 1250 per
1661 1167 1826 1232 seminalia
1848 1187 1934 1246 vero,

1192 1266 1321 1328 castitas
1337 1275 1367 1329 ct
1383 1267 1580 1330 continentia
1597 1289 1603 1331 :
1622 1267 1697 1349 quia
1719 1268 1937 1350 superomnia

1193 1372 1240 1425 est
1263 1384 1402 1442 neccsse,
1421 1374 1456 1427 ut
1475 1366 1566 1442 casti,
1583 1366 1763 1448 spirituales
1786 1374 1817 1428 et
1838 1365 1936 1429 sobrii

1193 1463 1268 1540 sint,
1294 1465 1350 1545 q'ui
1378 1465 1670 1548 superdignissimis
1695 1465 1810 1529 Christi
1837 1484 1936 1529 sacra·

1192 1563 1308 1626 mentis
1323 1563 1507 1628 deserviunt
1523 1565 1589 1629 sire
1608 1564 1851 1640 communicant,
1866 1565 1936 1646 jux·

1191 1671 1223 1723 ta
1234 1661 1313 1724 illud
1325 1663 1618 1739 lsaiaa,llundamini
1628 1664 1683 1746 qui
1699 1663 1789 1727 lertis
1799 1683 1873 1727 vasa
1882 1664 1935 1727 De
1948 1674 2081 1726 numu.

1193 1761 1283 1823 mini.
1300 1766 1457 1842 Tolletque
1472 1766 1693 1844 cinereaqzcm
1713 1785 1829 1824 vorans
1849 1765 1934 1840 tyrus

393 1861 589 1939 tentationis,
617 1860 846 1943 persecutionis
876 1869 907 1922 et
936 1859 1137 1924 adversitatis
1154 1861 1322 1922 Decessit.
1336 1860 1516 1924 Secundum
1532 1863 1684 1940 Glossam,
1697 1862 1782 1925 Cinis
1798 1870 1846 1925 est
1861 1881 1934 1925 con-

394 1979 456 2023 nox
481 1961 597 2024 dicitur
622 1979 628 2022 :
657 1961 690 2022 in
720 1978 784 2042 quo
810 1968 952 2041 tempore
978 1958 1137 2041 praeeipue

393 2060 618 2122 recurrendum
635 2068 682 2122 est
697 2060 737 2122 ad
758 2057 913 2122 fervidam
929 2066 961 2120 et
981 2056 1137 2119 intentam

392 2177 429 2219 ae
459 2158 607 2221 stabilem
633 2156 801 2220 dominicae
831 2155 988 2238 passionis
1019 2173 1137 2218 memo-

393 2257 485 2320 riam.
497 2256 650 2320 Praeterea
672 2257 806 2338 ipsemet
828 2254 924 2317 homo
947 2256 1079 2319 devotus
1105 2264 1136 2316 et

393 2354 532 2433 fervens,
545 2355 766 2418 holocaustum
782 2363 830 2415 est
845 2353 911 2430 Dei,
928 2354 1019 2434 cujus
1035 2352 1136 2416 cultui

392 2462 494 2517 totum
511 2473 545 2516 se
560 2473 632 2517 cum
648 2452 736 2516 omni
758 2452 819 2534 pie
838 2452 1015 2516 devotionis
1032 2471 1137 2534 prom-

392 2553 553 2634 ptitudine
569 2551 739 2633 mancipat,
758 2558 789 2612 et
809 2550 890 2612 nihil
911 2551 959 2612 sui
981 2551 1136 2632 relinquit

392 2652 546 2730 sibi,cum
562 2650 712 2734 hpostolo
727 2649 934 2727 dicens,l'ivo
949 2657 1054 2713 autem
1069 2651 1135 2731 Jam

391 2770 456 2813 non
472 2771 542 2833 ego,
559 2751 640 2814 vivit
654 2769 728 2812 rero
744 2749 776 2810 in
792 2769 843 2811 me
862 2749 1005 2812 Christus
1023 2770 1030 2813 ε
1048 2750 1135 2831 quod

392 2850 476 2912 veris
486 2860 517 2912 et
533 2849 650 2913 sanctis
662 2848 819 2930 religiosis
831 2848 1035 2931 potissimum
1051 2868 1135 2912 com·

390 2949 480 3030 petit.
493 2950 557 3012 Hoc
573 2949 680 3030 itaque
695 2948 915 3011 holocaustum
930 2949 1024 3010 debet
1040 2948 1073 3010 in
1090 2949 1134 3010 al-

1192 1960 1361 2023 summatio
1377 1959 1453 2024 boni
1469 1961 1585 2044 operis.
1595 1961 1723 2025 Cineres
1734 1970 1822 2024 extra
1832 1969 1934 2025 castra

1191 2056 1305 2121 clleret
1315 2060 1512 2141 Aaron,quia
1527 2080 1584 2143 per
1594 2060 1753 2122 Christum
1769 2080 1865 2142 opera
1881 2079 1933 2122 no-

1191 2165 1256 2218 stra
1275 2155 1358 2220 bona
1377 2157 1459 2220 Patri
1476 2167 1717 2240 praesentantur.
1736 2159 1817 2221 Dicit
1837 2159 1932 2221 otiam

1190 2255 1300 2318 Glossa
1315 2256 1348 2317 in
1372 2257 1432 2319 isto
1447 2257 1588 2340 capitulo
1601 2276 1608 2320 :
1622 2258 1708 2321 llane
1724 2257 1845 2340 incepit.
1866 2277 1939 2340 pas-

1191 2354 1238 2417 sio
1253 2353 1381 2433 Christi,
1399 2357 1527 2437 quando
1544 2356 1576 2418 in
1592 2357 1672 2420 atrio
1687 2357 1812 2440 Caiphae
1833 2357 1932 2439 alapis

1190 2473 1289 2516 caesus
1311 2463 1370 2532 est,
1387 2464 1419 2517 et
1439 2475 1538 2538 usque
1560 2457 1599 2519 ad
1620 2475 1783 2539 vesperam
1800 2454 1934 2538 protela-

1191 2561 1231 2615 ta.
1250 2553 1401 2616 Tenebris
1420 2555 1503 2617 enim
1523 2574 1592 2618 cam
1609 2555 1886 2638 interpolantibus
1899 2555 1932 2616 in

1189 2671 1282 2715 mane
1311 2661 1342 2716 et
1367 2673 1498 2736 vespere
1527 2653 1689 2717 dividitur.
1716 2654 1786 2717 Haee
1810 2654 1929 2717 Glossa.

1189 2749 1415 2813 Verumtamen
1440 2751 1495 2813 alii
1520 2752 1640 2829 dieunt,
1667 2751 1825 2813 Christum
1854 2751 1933 2814 hora
2003 2769 2004 2772 ’

1190 2849 1377 2912 duodecima
1391 2851 1578 2932 exspirasse.
1595 2851 1722 2914 Cineres
1739 2859 1871 2932 possunt
1888 2850 1932 2912 in-

1191 2947 1292 3028 telligi
1323 2947 1463 3010 humiles
1493 2948 1763 3012 considerationes
1795 2949 1931 3031 proprie

389 3047 449 3108 tari
464 3048 609 3125 cremari,
623 3048 667 3110 ita
682 3056 718 3108 ut
732 3047 828 3109 homo
844 3046 877 3107 in
893 3048 1022 3129 proprio
1038 3048 1133 3110 corde
1149 3052 1171 3115 C
1190 3046 1391 3109 mortalitatis
1407 3055 1438 3110 et
1454 3046 1647 3128 fragilitatis,
1664 3048 1737 3129 igne
1754 3047 1931 3113 devotionis

390 3154 506 3209 mactet
529 3167 562 3208 sc
585 3146 658 3221 Deo,
683 3165 810 3208 omnem
835 3143 1040 3208 allectionem
1063 3165 1134 3228 pcr-

389 3263 513 3307 versam
530 3253 561 3307 et
576 3263 702 3307 omnem
714 3243 841 3325 culpam
857 3244 890 3305 in
906 3262 939 3306 se
951 3244 1021 3326 ipso
1037 3243 1134 3308 sulio

306 3377 312 3387 ·
390 3363 476 3420 cans,
493 3352 524 3406 et
540 3344 614 3424 igne
629 3343 746 3406 amoris
762 3342 962 3421 comburens,
980 3344 1132 3424 quoniam

390 3442 506 3504 caritas
530 3441 780 3517 multitudinem,
799 3441 863 3505 imo
888 3451 918 3504 et
944 3442 1133 3505 universita-

391 3549 455 3604 tem
471 3541 574 3624 operit
594 3549 806 3623 peccatorum.
823 3541 888 3603 lloc
903 3550 951 3603 cst
973 3561 1006 3604 se
1027 3541 1132 3624 ipsum

389 3640 559 3703 salubriter
574 3642 742 3722 abnegare,
755 3638 961 3718 mortificare,
974 3641 1131 3715 descrere,

390 3741 523 3822 perdere
547 3748 578 3802 et
599 3740 700 3816 odire,
718 3739 800 3802 sicut
822 3739 866 3800 ait
889 3739 1032 3803 Salvator
1050 3758 1057 3803 :
1074 3738 1132 3812 Oui

388 3839 456 3902 odit
471 3839 609 3901 animam
625 3858 714 3900 suam
730 3839 764 3900 in
779 3838 838 3901 hoe
850 3838 1018 3915 mundo‚iu
1034 3839 1133 3902 vitam

389 3946 539 4001 aternam
560 3938 699 4001 custodit
710 3957 790 4000 earn.
804 3942 895 4015 Ipnts
909 3958 950 3998 ev
965 3943 1072 3999 eodem
1088 3943 1134 3999 at-

391 4037 456 4096 tari
475 4038 548 4109 erit,
573 4036 684 4112 idest,
707 4034 814 4100 fervor
836 4035 936 4098 divini
960 4036 1078 4099 amoris
1100 4043 1132 4097 et

390 4141 506 4195 sanctae
521 4133 700 4196 devotionis
720 4154 757 4195 ex
773 4135 868 4197 corde
884 4154 1008 4218 semper
1024 4153 1132 4216 proce-

1189 3165 1340 3224 accensae,
1367 3166 1438 3228 quaa
1463 3146 1495 3208 in
1527 3146 1596 3210 loco
1620 3146 1832 3210 mundissimo
1858 3156 1931 3208 sunt

1189 3243 1414 3321 custodiendae,
1424 3253 1458 3306 ut
1472 3244 1637 3307 altioribus
1649 3245 1846 3308 cessantibus
1862 3244 1931 3308 aeti·

1189 3342 1259 3419 hus,
1278 3352 1490 3405 resumantur.

1227 3444 1319 3519 Iphis
1341 3445 1377 3502 c'n
1401 3445 1502 3504 altori
1520 3463 1642 3521 semper
1659 3445 1795 3514 ardebit,
1812 3444 1852 3505 dc
1866 3461 1930 3524 quo

1189 3541 1299 3604 asserit
1321 3541 1497 3606 Dominus:
1524 3543 1631 3624 lgnem
1653 3541 1725 3604 veni
1749 3542 1875 3606 mittere
1896 3543 1929 3603 in
1944 3555 2091 3606 Lucanus.

1190 3648 1316 3718 terram,
1334 3641 1457 3722 etquid
1477 3641 1549 3704 volo
1573 3641 1635 3702 nisi
1657 3648 1691 3703 ut
1713 3642 1929 3704 accendaturl

1188 3737 1245 3811 Oui
1268 3739 1351 3820 ignis
1368 3748 1415 3801 est
1430 3739 1479 3802 vel
1496 3739 1631 3822 Spiritus
1648 3739 1790 3818 Sanctus,
1808 3740 1859 3804 rel
1881 3760 1931 3802 ea-

1189 3837 1265 3899 ritas
1282 3837 1398 3913 inlusa,
1409 3839 1478 3900 sine
1494 3858 1557 3919 qua
1572 3838 1652 3900 nihil
1664 3846 1711 3901 est
1723 3838 1930 3920 spiritualiter

1189 3937 1310 4013 virum,
1324 3938 1387 3999 Deo
1409 3945 1586 4018 acceptum,
1604 3946 1635 3999 et
1657 3937 1865 4000 meritorium.
1882 3937 1931 3999 ln-

1188 4034 1371 4098 ‹lesincntcr
1387 4054 1462 4117 ergo
1479 4037 1586 4098 ardeat
1602 4035 1635 4097 in
1646 4037 1740 4099 corde
1755 4055 1811 4099 scu
1822 4036 1931 4101 rolun·

1189 4141 1261 4197 tate.
1282 4139 1378 4203 Quem
1394 4138 1517 4196 nutriet
1532 4139 1686 4206 sacerdos
1703 4135 1877 4212 subjiciens
1894 4137 1931 4194 tt-

389 4230 464 4294 dcre
479 4231 573 4294 debet
587 4241 618 4295 et
635 4231 712 4294 ferri
734 4234 773 4295 ad
789 4233 899 4310 Deum,
914 4235 1003 4315 juxta
1024 4232 1103 4293 illud
1122 4250 1128 4294 :
1148 4237 1173 4300 D
1187 4254 1251 4308 prta
1269 4255 1362 4294 enarre
1374 4255 1433 4314 prr
1449 4237 1594 4312 stupratas
1609 4237 1684 4295 dies.
1698 4234 1797 4315 Ligna
1812 4232 1930 4315 quibus

388 4329 553 4393 Concaluit
568 4351 622 4394 cor
637 4351 742 4395 meum
760 4333 844 4393 iutra
858 4351 919 4408 me,
937 4340 968 4395 et
984 4332 1016 4393 in
1034 4331 1132 4395 medi-

388 4427 508 4493 tatione
524 4450 594 4494 mea
613 4432 794 4494 exardescet
814 4431 907 4511 ignis.

438 4531 592 4591 Vestictur
601 4533 744 4591 sacerdos
757 4532 867 4590 tunica
878 4539 907 4589 et
917 4531 1130 4610 sanctientibus

389 4629 494 4691 tineis.
511 4629 780 4704 Quemadmodum
797 4630 974 4693 sacerdotes
990 4628 1131 4692 llosaicae

387 4725 467 4808 legis
482 4729 554 4791 aliis
575 4729 746 4793 utebantur
764 4729 963 4792 vestimentis
984 4729 1017 4790 in
1038 4727 1131 4789 mini-

387 4826 484 4890 sterio
508 4827 629 4910 templi,
646 4828 783 4910 aliisque
806 4829 838 4889 in
861 4828 954 4890 lactis
979 4827 1129 4889 humanis

385 4944 421 4987 ac
436 4926 549 4988 ceteris
571 4927 706 5005 actibus,
729 4925 819 4988 itaet
840 4927 1018 4989 sacerdotes
1034 4945 1129 4988 eran-

384 5023 493 5104 gclicae
516 5023 606 5104 legis.
625 5023 810 5106 Speeialiter
831 5043 906 5087 vero
929 5025 1076 5087 sacerdos
1097 5033 1128 5088 et

384 5122 489 5184 omnis
506 5123 539 5185 in
555 5123 652 5185 sacris
668 5121 839 5184 Ordinibus
855 5124 1057 5199 constitutus,
1081 5124 1129 5184 in·

384 5221 530 5285 duendus
551 5229 599 5284 est
624 5220 741 5298 tunica,
760 5220 793 5282 id
815 5229 864 5284 est
885 5222 1128 5285 conversatione

384 5320 555 5404 exemplari
582 5329 613 5383 ct
641 5321 738 5401 justa,
766 5328 801 5381 ut
830 5341 903 5384 cum
934 5331 1043 5385 sancto
1067 5322 1125 5384 lob

1187 4332 1368 4410 nutrienda,
1393 4333 1538 4412 augenda
1563 4340 1594 4395 et
1624 4331 1853 4395 inflammanda
1882 4340 1930 4395 est

1187 4431 1301 4494 caritas
1317 4431 1499 4508 habitualis
1513 4439 1587 4494 sunt
1601 4431 1726 4513 objecta
1741 4440 1771 4494 et
1786 4431 1930 4494 conside

1187 4531 1381 4609 rationes,cx
1397 4530 1514 4612 quibus
1525 4550 1579 4593 cor
1590 4528 1807 4592 inflammatur
1822 4539 1929 4593 sancta

1186 4630 1382 4696 dilectione:
1401 4630 1551 4694 videlicet
1571 4649 1695 4691 summa
1710 4637 1739 4691 et
1760 4628 1929 4692 invariabi-

1186 4727 1225 4789 lis
1246 4728 1373 4790 bonitas
1394 4729 1460 4804 Dei,
1485 4737 1516 4792 et
1536 4728 1639 4791 omnis
1661 4726 1815 4809 perfectio
1837 4729 1926 4809 ejus;

1185 4826 1335 4888 universa
1350 4846 1477 4908 quoque
1494 4826 1651 4889 beneficia
1666 4834 1696 4888 et
1712 4825 1869 4908 promissa
1885 4827 1928 4908 ip-

1184 4925 1261 5004 sius,
1279 4925 1460 4988 humanitas
1475 4925 1603 5002 Christi,
1613 4932 1645 4988 ct
1660 4925 1927 4988 considerationes

1183 5025 1317 5088 istorum
1340 5043 1347 5086 ε
1371 5045 1442 5107 quae
1462 5025 1568 5089 omnia
1590 5024 1717 5086 assidue
1738 5023 1927 5107 applicanda

1184 5134 1257 5187 sunt
1272 5125 1412 5204 cordi,ct
1429 5125 1620 5206 imponenda
1636 5122 1758 5186 caritati
1770 5123 1923 5203 ejusdem,

1183 5231 1218 5284 ut
1243 5243 1407 5305 nunquam
1434 5221 1575 5298 deficiat,
1604 5222 1667 5283 imo
1692 5221 1836 5302 quotidie
1861 5241 1925 5283 am-

1183 5322 1269 5404 plius
1292 5320 1469 5384 inardescat
1492 5317 1575 5400 ignis
1591 5318 1650 5381 iste
1673 5318 1706 5381 in
1728 5327 1845 5397 mente,
1862 5339 1926 5384 om-
