4309 6259
731 495 904 542 numano
926 497 956 544 ul
977 499 1045 544 CAP.
1069 499 1145 546 XXX!
1165 500 1398 547 ncurcnonolsst.
1421 521 1462 532 -
1483 504 1553 549 aar.
1576 503 1671 550 xxxiv

928 915 1250 1002 tartaricus
1288 919 1470 1004 XXXIV

454 1187 610 1235 Exvostrlo
633 1189 806 1235 titubantis
828 1190 964 1236 carlrutl
986 1191 1138 1235 vulcustltl
1158 1191 1243 1236 Putat
1266 1193 1272 1236 :
1296 1193 1379 1237 ABll‘i'
1399 1194 1510 1248 liaeus
1531 1195 1659 1257 MOMSES,
1683 1197 1718 1242 ET
1741 1197 1872 1245 LOCUTUS
1893 1200 1950 1244 EST

849 1289 944 1336 enula
968 1289 1068 1335 VERBA
1090 1290 1157 1334 MAEC
1179 1291 1221 1335 An
1242 1291 1414 1338 UNlVERSUM
1436 1293 1553 1340 lsttact.

489 1566 665 1628 APlTULO
685 1566 745 1629 iste
765 1567 957 1630 describitur
973 1585 1172 1632 consumma·
1186 1564 1403 1643 Aproesertim
1413 1581 1553 1649 quumet
1563 1574 1722 1633 Dominus
1739 1575 1821 1634 mibi
1834 1578 1970 1647 dixerit,

507 1665 550 1728 tio
580 1665 809 1728 exhortationis
835 1674 866 1728 et
895 1667 1172 1731 sermocinationis
1227 1668 1301 1728 Non
1327 1671 1479 1728 transibis
1502 1673 1703 1732 Jordanem:
1725 1672 1818 1752 quasi
1843 1673 1969 1751 dixerit,

427 1763 541 1846 Moysis
556 1764 594 1826 ad
612 1763 767 1845 populum
782 1763 843 1826 sibi
856 1765 1072 1828 commissum.
1082 1771 1172 1828 Abiit
1227 1763 1389 1827 Sententia
1404 1767 1460 1829 illa
1475 1769 1617 1831 revocari
1635 1788 1699 1832 non
1718 1779 1834 1852 petest,
1851 1772 1971 1837 idcirce

427 1866 537 1942 itaque
548 1862 723 1940 Moysesln
735 1862 885 1944 capitulis
900 1862 1084 1926 immediate
1095 1885 1173 1946 prm
1228 1869 1332 1923 tamen
1355 1863 1520 1943 premisit,
1535 1865 1669 1927 Centum
1683 1866 1798 1946 viginti
1813 1887 1971 1931 annorum

428 1961 615 2023 cedentibus
641 1959 854 2022 introducitur
879 1961 997 2042 Moyses
1023 1962 1111 2044 loqui
1132 1965 1172 2026 ad
1227 1979 1297 2021 sum
1314 1960 1419 2037 hodie,
1438 1971 1472 2023 ut
1488 1962 1550 2024 lilii
1566 1964 1660 2027 lsrael
1675 1966 1888 2046 aequanimius
1909 1967 1972 2030 ier-

428 2067 528 2122 totum
554 2059 707 2141 populum
734 2078 837 2121 suum.
855 2059 1016 2134 Quomodo
1042 2079 1116 2140 ergo
1139 2063 1171 2124 in
1228 2066 1298 2120 rent
1313 2068 1448 2122 mortem
1465 2061 1586 2143 ipsius:
1604 2064 1694 2144 quasi
1711 2065 1842 2142 diecret,
1861 2065 1972 2140 Quam

428 2157 525 2238 hujus
546 2156 678 2240 capituli
701 2157 830 2220 exordio
846 2157 973 2234 dicitur,
990 2158 1077 2220 Abiit
1092 2160 1174 2242 Moy·
1227 2156 1276 2218 vis
1298 2176 1425 2238 possem
1445 2179 1502 2223 vos
1524 2161 1557 2222 in
1581 2170 1696 2224 terram
1719 2163 1910 2244 promissam
1927 2165 1974 2227 in-

429 2275 489 2332 ses‚
511 2267 541 2316 et
567 2260 691 2316 locutus
716 2267 760 2317 est
785 2259 895 2316 notizia
921 2259 1013 2318 orabo
1038 2261 1105 2319 bne
1129 2261 1173 2318 ad
1228 2257 1353 2332 ducere,
1371 2264 1477 2320 tamen
1500 2279 1563 2321 non
1583 2277 1709 2342 possem
1730 2263 1854 2326 ratione
1871 2265 1972 2328 aetatis

428 2357 617 2414 nniversam
643 2358 744 2416 Israel
757 2357 772 2414 i
785 2355 832 2415 bn
860 2355 966 2416 l'orsan
993 2375 1171 2419 sermonem
1227 2355 1363 2416 multum
1380 2356 1433 2418 diu
1450 2356 1616 2420 vobiscum
1631 2359 1756 2422 durare

427 2453 660 2534 aliquantulum
678 2453 858 2535 interrupit,
869 2453 1045 2524 etrecessit
1062 2455 1102 2516 ad
1120 2456 1173 2518 lto·
1268 2454 1493 2518 Verumtamen
1509 2457 1608 2519 Rabbi
1618 2457 1733 2520 Paulus
1748 2458 1799 2521 bis
1814 2463 1975 2524 contradi-

428 2569 506 2627 ram,
519 2551 709 2632 rediensque
725 2552 848 2614 locutus
864 2559 912 2614 cst
925 2551 1021 2614 verba
1038 2572 1173 2634 sequen·
1227 2549 1282 2626 cit,
1299 2549 1468 2613 aiiirmans
1482 2553 1567 2633 quod
1590 2553 1674 2614 ultra
1695 2572 1759 2616 nen
1784 2563 1909 2637 poterat
1927 2558 1975 2620 in

427 2649 472 2711 tia
482 2649 670 2731 populotEt
680 2651 768 2711 dimit
779 2653 823 2709 ad
833 2653 1040 2711 metientem
1052 2654 1173 2728 viginti
1227 2648 1316 2728 gredi
1332 2656 1364 2710 et
1379 2649 1485 2727 egredi
1502 2658 1630 2732 propter
1646 2650 1869 2733 impotentiam
1886 2673 1975 2718 sene

427 2769 589 2809 nortorum
600 2749 824 2810 sumnonem
835 2748 941 2811 Exodo
953 2749 1172 2831 legitur,qu0d
1227 2747 1324 2809 ctutis
1347 2764 1355 2808 t
1382 2747 1421 2809 ad
1446 2749 1538 2829 enjus
1564 2749 1821 2831 reprobationem
1848 2753 1973 2817 suflicit

279 2867 411 2920 namen.
427 2848 546 2929 Moyses
570 2855 637 2909 erat
662 2847 823 2928 octoginta
848 2865 1016 2924 annorum,
1043 2846 1399 2929 quaudobauctoritas
1418 2847 1562 2925 allegata.
1581 2847 1688 2910 Sedet
1709 2848 1770 2911 lilii
1791 2851 1887 2915 lsrael
1905 2853 1971 2933 jam

305 2958 411 3009 rorone.
429 2946 616 3028 loquebatur
631 2947 671 3008 ad
685 2946 891 3008 Pharaonem.
909 2945 980 3008 Filii
1003 2955 1108 3009 autern
1131 2949 1173 3010 ls-
1228 2953 1318 3006 erant
1332 2944 1417 3006 circa
1431 2946 1600 3008 Iordanem
1615 2946 1704 3027 juxta
1721 2948 1866 3012 confinia
1881 2959 1974 3015 terna

280 3025 313 3067 ³⁵·
429 3046 492 3108 rael
510 3044 973 3127 quadragintaannisiueruut
993 3046 1025 3107 in
1042 3065 1169 3110 eremo:
1227 3043 1459 3126 promissionis,
1487 3044 1531 3107 ita
1554 3046 1640 3126 quod
1671 3045 1760 3109 labor
1785 3049 1893 3111 nullus
1917 3060 1973 3114 aut

428 3144 492 3207 ime
515 3153 550 3206 ut
572 3163 667 3226 supra
687 3150 849 3206 ostensum
870 3151 927 3221 est,
946 3153 1018 3226 post
1033 3145 1171 3207 reditum
1226 3143 1370 3206 modicus
1385 3152 1453 3206 erat
1469 3143 1590 3224 ingredi
1612 3164 1682 3207 eam
1697 3165 1736 3208 ex
1756 3156 1846 3228 parte
1862 3149 1972 3212 localis

428 3243 661 3325 exploratorum
674 3242 825 3305 Dominus
840 3243 931 3320 dixit,
944 3245 1028 3325 quod
1039 3245 1172 3325 quadra·
1225 3241 1396 3319 distende,
1428 3261 1486 3305 nce
1511 3242 1645 3305 dubium
1669 3244 1748 3325 quin
1773 3245 1894 3328 Moyses
1917 3249 1972 3310 ad-

318 3371 411 3409 aman.
428 3343 517 3424 ginta
536 3341 629 3403 annis
651 3341 829 3422 reciperent
843 3341 1046 3423 disciplinam
1061 3361 1067 3404 :
1085 3344 1169 3424 quod
1226 3342 1289 3403 hue
1314 3339 1484 3403 incolumis
1501 3340 1608 3403 luerit.
1622 3342 1764 3423 lienique
1784 3353 1874 3425 pater
1892 3346 1972 3428 Moy·

307 3451 312 3462 ·
428 3441 489 3502 luit
511 3448 583 3522 post
605 3449 921 3502 recessumamonte
940 3440 1038 3517 Sinai,
1057 3442 1170 3522 inque
1226 3439 1269 3501 sis
1295 3440 1423 3500 eram
1450 3438 1529 3501 vixit
1559 3438 1652 3501 anuis
1681 3448 1809 3503 centum
1839 3444 1970 3525 triginta
2005 3469 2115 3511 am.

427 3557 484 3620 per
499 3557 617 3600 annum
635 3536 765 3600 luerunt
780 3546 811 3600 et
826 3537 975 3619 amplius.
988 3539 1107 3601 Deinde
1121 3558 1170 3602 oc·
1226 3545 1360 3619 septem,
1370 3544 1405 3599 ut
1421 3536 1536 3616 legitur
1552 3537 1585 3598 in
1601 3537 1715 3601 Exodo.
1729 3539 1849 3621 Moyses
1863 3550 1970 3605 autem
1985 3534 2020 3572 ³⁰·

426 3637 533 3719 cupati
551 3635 680 3699 luerunt
695 3636 780 3699 circa
795 3636 899 3699 Sehon
915 3645 946 3698 et
961 3637 1006 3717 Og
1021 3656 1122 3718 regeS,
1139 3647 1171 3701 et
1225 3635 1465 3699 confortabatur
1487 3655 1506 3697 a
1526 3636 1660 3698 Domino
1685 3640 1970 3719 supernaturaliter

426 3735 510 3798 circa
520 3734 611 3798 Baiae
627 3752 731 3814 regem
743 3734 831 3796 Moab
842 3753 877 3796 ac
888 3734 1010 3797 Madian
1022 3755 1084 3798 nen
1097 3757 1170 3818 pau·
1225 3734 1321 3798 ctiam
1335 3743 1491 3816 quantum
1506 3735 1544 3797 ad
1561 3735 1676 3798 bonam
1688 3738 1830 3819 corperis
1845 3739 1971 3802 babitu-

426 3835 472 3898 cis
491 3834 615 3910 diebus,
633 3833 716 3895 utin
733 3833 815 3895 libro
830 3833 932 3915 patuit
947 3833 1168 3898 Numererum.
1225 3835 1334 3896 dinem
1353 3852 1359 3896 :
1377 3835 1463 3915 quod
1479 3834 1511 3896 in
1528 3842 1677 3916 praetacta
1692 3837 1879 3900 auctoritate
1896 3838 1972 3901 insi-

427 3934 541 4015 Sicque
557 3932 682 3995 videtur
702 3932 821 4014 Moyses
845 3940 1051 4014 praetaxatum
1073 3953 1170 3997 anno·
1227 3941 1353 4009 nuatur,
1375 3941 1407 3996 et
1429 3933 1582 4015 probatur
1596 3951 1635 3995 ex
1657 3952 1695 3996 eo
1718 3935 1804 4016 quod
1827 3935 1861 3997 in
1883 3945 1972 3998 tanta

425 4053 496 4095 rum
514 4051 681 4094 numerum
698 4031 880 4107 excessisse,
899 4031 954 4093 sed
971 4031 1010 4094 de
1025 4033 1170 4095 minutiis
1187 4027 1210 4089 C
1226 4039 1317 4093 aetate
1333 4049 1396 4093 non
1413 4030 1564 4112 caligavit
1582 4031 1695 4093 oculus
1717 4032 1798 4113 ejus,
1817 4052 1876 4096 nee
1891 4036 1970 4098 moti

425 4143 604 4214 temporum
616 4138 647 4192 et
664 4147 867 4192 numerorum
878 4127 1039 4210 Scriptura
1051 4151 1115 4193 non
1127 4131 1171 4195 ia·
1226 4139 1301 4193 sunt
1320 4130 1391 4210 ejus
1410 4131 1533 4192 dentes.
1551 4131 1615 4192 lmo
1638 4138 1673 4191 ut
1693 4129 1791 4193 reiert
1805 4132 1896 4214 Lyra,
1913 4133 1970 4196 ubi

424 4232 468 4295 cit
483 4231 641 4295 vimNon
654 4249 785 4306 possum
801 4232 889 4288 ultra
903 4231 1013 4304 egredi
1021 4239 1051 4289 ct
1067 4232 1171 4307 inpre-
1224 4227 1390 4304 habemuS,
1413 4228 1480 4291 Non
1505 4227 1654 4309 caligavit
1677 4229 1788 4291 oculus
1811 4230 1894 4311 ejuS,
1912 4231 1971 4294 He-

423 4333 470 4403 dt,
489 4330 521 4392 id
536 4336 584 4391 est
599 4329 710 4390 ductor
725 4334 829 4389 vester
847 4325 1031 4403 consistere,
1049 4346 1169 4409 vosque
1224 4327 1301 4390 brai
1317 4326 1439 4404 dicunt,
1458 4327 1524 4390 Non
1548 4326 1609 4388 init
1627 4326 1763 4390 obscura
1781 4327 1863 4392 visio
1886 4330 1968 4411 ejus,

423 4431 574 4492 inducere
584 4436 679 4508 atque
690 4425 830 4488 educere.
840 4425 878 4486 Et
891 4425 975 4487 istud
988 4444 1050 4488 non
1063 4446 1166 4508 posse,
1224 4436 1417 4508 sumuntque
1442 4425 1598 4489 visionem
1623 4444 1681 4508 pro
1705 4427 1821 4503 colore,
1846 4429 1902 4509 qui
1922 4438 1970 4493 est

424 4549 487 4594 non
504 4529 565 4591 luit
580 4547 618 4591 ex
634 4523 777 4607 corporis
793 4523 1015 4587 debilitatione
1034 4533 1089 4588 aut
1111 4527 1169 4588 im·
1222 4525 1311 4587 visus
1322 4526 1482 4607 objectum
1501 4543 1508 4586 :
1526 4525 1637 4605 sieque
1652 4525 1740 4588 color
1754 4526 1867 4607 Moysis
1882 4547 1970 4590 man-

423 4627 566 4712 pctentia
585 4624 782 4700 ambulandi,
800 4643 856 4686 seu
872 4622 1082 4686 diuturnitate
1097 4635 1169 4688 aeta-
1223 4624 1265 4686 sit
1281 4625 1313 4686 in
1331 4624 1450 4706 ipsein
1466 4642 1524 4686 suo
1539 4623 1650 4705 vigere
1665 4633 1697 4687 et
1713 4624 1892 4688 vivacitate.

424 4729 475 4805 tis,
492 4726 643 4809 quoniam
666 4725 785 4806 Moyses
805 4723 909 4785 adhuc
925 4730 992 4786 erat
1007 4723 1118 4804 vigens
1134 4725 1167 4786 in
1272 4727 1461 4803 locavitque
1477 4726 1713 4801 ⁴'lloysaslosee
1732 4722 1967 4806 Quidam,quos

423 4826 581 4902 sensibus,
599 4831 752 4905 motuque
767 4822 922 4904 corperis,
940 4831 975 4883 ut
992 4821 1076 4885 inira
1092 4824 1169 4904 legi-
1223 4824 1367 4904 sequitur
1382 4823 1472 4905 Lyra,
1485 4823 1691 4904 dicuntqucd
1708 4823 1761 4885 hie
1776 4823 1967 4888 describitur

274 4934 406 4989 Ilici-xxm,
422 4935 493 4988 tur:
510 4925 578 4988 Non
594 4922 743 5002 caligavit
761 4921 872 4984 oculus
889 4922 969 5003 ejus,
982 4941 1039 4984 nec
1056 4923 1167 4986 dentes
1222 4922 1382 4985 institutio
1407 4921 1482 4984 novi
1508 4920 1609 4998 ducis,
1631 4921 1780 4984 videlicet
1803 4923 1907 5000 losue,
1932 4924 1964 4984 in

275 5001 294 5041 ⁷'
423 5024 509 5087 illius
525 5023 603 5086 moti
620 5020 930 5102 sunt.ldcircoqu0d
946 5021 1081 5098 ait,Non
1098 5041 1167 5103 pos·
1223 5020 1404 5102 principatu
1431 5039 1489 5102 pro
1513 5021 1627 5102 Moyse.
1654 5020 1880 5084 Verumtamen
1906 5023 1965 5085 boc

421 5143 503 5200 sum,
514 5120 817 5202 etc.,exponendum
830 5127 888 5195 est,
899 5120 966 5182 Non
983 5120 1056 5183 licet
1072 5121 1162 5198 mihi,
1221 5139 1285 5182 non
1301 5118 1438 5196 videtur,
1450 5139 1550 5200 quum
1566 5119 1619 5181 bic
1634 5118 1741 5202 petius
1756 5120 1963 5196 describatur,

419 5223 496 5305 quia
506 5221 658 5285 Dominus
669 5217 839 5282 definitive
854 5219 1067 5296 sententiavit,
1078 5221 1162 5301 quod
1179 5217 1204 5278 b
1220 5219 1356 5300 qualiter
1366 5218 1485 5300 Moyses
1501 5217 1683 5280 exhortatus
1700 5219 1741 5280 sit
1757 5217 1861 5301 ipsum
1872 5220 1964 5283 Josue

420 5340 483 5386 non
510 5318 653 5382 transibo
677 5318 845 5381 Iordanem
871 5335 878 5379 τ
906 5317 977 5381 ideo
1004 5319 1158 5400 sequitur,
1218 5318 1257 5381 ad
1274 5326 1435 5380 strenuam
1448 5317 1496 5378 sui
1514 5317 1646 5379 ducatus
1657 5317 1962 5382 exsecutionemlle
