4309 6259
452 451 514 516 246

818 468 992 514 nonnemo
1013 468 1044 512 ΙΝ
1065 467 1133 512 cttr.
1158 466 1209 512 xvt
1231 466 1367 513 bllVl'l'lGl.
1390 486 1430 496 -
1451 467 1521 512 Attr.
1545 467 1643 512 xxttttl

453 641 586 703 arietem
607 641 640 702 iu
662 640 892 716 holocaustum,
911 639 950 700 ad
970 639 1201 719 designandum
1217 638 1243 700 tl
1259 638 1432 701 munditias
1448 639 1622 720 tetigissett
1633 637 1774 700 Mirabile
1788 645 1893 699 autem
1909 635 1995 698 valde

454 739 539 819 quod
561 737 726 819 pontilicis
748 737 902 819 praelatio,
919 756 1014 819 quatu
1040 736 1123 798 aries
1138 736 1201 796 dux

454 836 559 917 gregis
575 837 730 898 exsistens
746 836 919 915 significat,
937 835 1113 898 ordinanda
1135 843 1200 896 erat

454 937 493 997 ad
509 935 564 998 Dei
581 936 746 998 bonorem.
765 935 886 998 Deinde
901 933 1058 998 ollerehat
1075 952 1133 1014 pro
1149 952 1202 1014 po·

455 1034 531 1115 pulo
548 1034 627 1097 duos
643 1034 898 1115 hircos,quorum
917 1053 999 1094 unus
1016 1031 1202 1094 immolaba-

454 1141 504 1193 tur
518 1133 557 1195 ad
574 1133 767 1214 expiandum
784 1141 949 1214 peccatum
972 1129 1199 1193 multitudinis.

453 1230 565 1294 llircus
590 1251 729 1312 namque
760 1239 809 1294 est
832 1231 949 1293 animal
977 1229 1134 1306 loetidum,
1163 1231 1201 1292 do

453 1331 546 1410 cujus
572 1329 646 1412 pilis
673 1328 758 1391 liunt
782 1330 971 1392 vestimenta
994 1328 1198 1411 pungentia:

453 1438 610 1510 quatenns
627 1447 683 1510 per
698 1429 758 1491 boc
779 1429 1039 1510 significarentur
1061 1427 1155 1490 loetor
1170 1437 1201 1490 et

454 1527 668 1602 immunditia,
678 1536 772 1608 atque
787 1527 888 1590 aculei
907 1535 1118 1608 peccatorum.
1130 1526 1201 1589 Cor-

455 1643 532 1707 pora
557 1643 632 1687 vero
658 1625 737 1688 hirci
762 1635 795 1688 ct
819 1625 911 1688 vituli
937 1625 1116 1688 oblatorum
1143 1643 1200 1706 pro

454 1731 594 1805 peccato,
611 1723 777 1804 oportebat
796 1723 953 1799 comburi,
975 1723 1013 1784 ad
1035 1723 1201 1786 ostenden-

1259 737 1395 814 vidctur,
1413 747 1444 800 ct
1460 738 1554 800 ctiam
1572 737 1755 808 ridiculum,
1772 735 1856 817 quod
1873 743 1996 816 peecata

1258 836 1368 917 populi
1393 836 1627 918 imputarentur
1652 834 1753 910 hirco,
1769 833 1824 915 qui
1851 833 1997 896 innocen-

1258 935 1400 997 tissimus
1414 944 1487 997 erat.
1498 934 1660 1009 Quomodo
1675 934 1768 996 etiam
1783 931 1919 1015 portarit
1935 951 1998 1012 pcc-

1257 1043 1327 1095 cata
1343 1033 1465 1115 populi,
1478 1053 1549 1114 quaa
1565 1052 1628 1096 non
1646 1032 1844 1113 reliquerunt
1859 1049 1915 1092 sua
1930 1029 1998 1092 suh

1256 1134 1351 1214 jecta,
1368 1132 1533 1211 migrando
1550 1131 1582 1193 in
1598 1131 1707 1194 aliudl
1722 1130 1808 1205 Quod
1825 1131 1850 1192 si
1867 1129 1995 1203 dicatur,

1257 1231 1342 1312 quod
1374 1250 1436 1294 non
1468 1231 1606 1312 portarit
1636 1239 1763 1312 peccata
1792 1228 1915 1312 populi,
1946 1229 1996 1290 sed

1258 1349 1383 1412 poenam
1400 1348 1459 1412 pro
1475 1329 1539 1390 illis
1557 1350 1563 1393 :
1583 1329 1641 1392 hoc
1663 1328 1809 1390 similiter
1832 1346 1894 1390 non
1916 1326 1996 1389 ride

1258 1436 1318 1500 tur,
1337 1429 1411 1509 quia
1428 1427 1508 1490 liber
1528 1436 1557 1489 et
1576 1447 1671 1489 sanus
1691 1426 1905 1489 emittebatur.
1927 1427 1997 1488 Prae-

1259 1535 1353 1603 terea,
1381 1526 1457 1607 quid
1483 1526 1679 1588 necessarius
1706 1524 1766 1587 luit
1790 1524 1871 1587 alius
1893 1525 1995 1586 hircus

1256 1625 1311 1706 qui
1337 1624 1551 1699 occidebatur,
1568 1633 1599 1686 et
1625 1633 1733 1704 postea
1757 1622 1997 1686 comburebatur

1258 1741 1314 1804 pro
1331 1733 1460 1804 peccato
1476 1722 1606 1804 pepulit
1622 1723 1653 1784 Si
1674 1722 1759 1784 enim
1780 1721 1887 1784 hircus
1907 1720 1995 1784 omis-

453 1822 530 1883 dum
554 1821 831 1903 consumptionem
857 1821 1035 1903 culparum,
1063 1838 1128 1883 non
1159 1829 1201 1882 ta·
1216 1813 1238 1874 B
1257 1821 1358 1882 sarius
1374 1821 1522 1884 universa
1533 1821 1643 1902 populi
1660 1831 1786 1902 peccata
1802 1820 1873 1882 tulit
1890 1819 1921 1882 in
1937 1839 1997 1882 erc-

453 1939 526 1982 men
544 1920 576 1982 in
591 1919 782 2001 altari,quia
794 1920 838 1982 ibi
857 1938 919 1983 non
931 1920 1201 1982 comburebantur

455 2018 595 2081 totaliter
611 2018 673 2080 nisi
690 2018 884 2081 holocausta.
901 2019 990 2081 Unde
1006 2027 1199 2100 preceptum

455 2116 518 2178 luit
533 2125 568 2178 ut
582 2117 844 2180 comburerentur
859 2126 947 2179 extra
961 2125 1075 2189 castra,
1094 2116 1127 2178 in
1148 2117 1201 2178 de-

455 2216 656 2279 testationem
687 2216 819 2297 peccati.
850 2215 913 2278 lloc
943 2223 1047 2277 autem
1081 2215 1198 2288 fiebat,

454 2316 721 2398 quandocumque
750 2313 975 2376 immolabatur
1004 2313 1200 2376 sacrificium

455 2433 512 2496 pro
528 2414 636 2495 aliquo
651 2413 740 2492 gravi
756 2421 896 2495 peccato,
914 2413 964 2475 vel
981 2431 1039 2494 pro
1060 2412 1201 2474 multitu-

453 2513 530 2575 dine
551 2512 762 2594 peccantium.
780 2511 867 2574 Alter
887 2511 994 2574 hircus
1015 2510 1200 2573 mittebatur

455 2612 488 2672 iu
504 2612 743 2681 desertumuon
757 2619 791 2672 ut
802 2608 974 2673 ollerretur
989 2605 1197 2678 demonibus,

455 2728 537 2790 quos
567 2709 735 2771 coluerunt
764 2708 900 2788 gentiles
926 2708 958 2770 in
990 2709 1127 2784 deserto,
1145 2709 1200 2770 scd

454 2810 494 2871 ad
511 2807 743 2888 designandum
764 2806 918 2870 ellectum
939 2807 1092 2869 sacrificii
1114 2806 1201 2868 illius

454 2907 565 2971 oblati.
575 2906 743 2968 Dicebatur
758 2915 863 2968 autem
876 2906 985 2968 hircus
996 2914 1122 2986 portare
1135 2925 1201 2986 pec-

1257 1939 1355 1996 mum,
1373 1919 1451 2000 quid
1469 1939 1597 1982 neccsse
1614 1918 1675 1981 luit
1690 1917 1786 1980 alium
1803 1918 1927 1981 hircum
1944 1937 1996 2000 pro

1257 2027 1386 2099 peccato
1411 2017 1521 2099 populi
1548 2018 1593 2080 sic
1619 2017 1743 2081 occidit
1768 2017 1871 2079 Prima
1895 2026 1995 2080 autem

1257 2136 1362 2190 causa,
1380 2116 1421 2179 ob
1441 2135 1536 2197 quam
1564 2117 1671 2179 hircus
1691 2135 1774 2178 unus
1799 2116 1833 2177 iu
1858 2116 1996 2180 solitudi-

1258 2235 1329 2277 nem
1360 2215 1556 2290 mittebatur,
1582 2234 1652 2278 essc
1683 2215 1818 2291 ridetur,
1850 2216 1996 2296 quoniam

1256 2315 1415 2376 daemones
1432 2314 1464 2375 in
1482 2313 1614 2376 desertis
1629 2314 1922 2377 babitareamultis
1938 2333 1997 2376 cre

1257 2412 1424 2488 dabantur,
1442 2419 1473 2474 et
1493 2413 1596 2474 adhuc
1617 2413 1789 2474 creduntur
1807 2430 1814 2475 :
1833 2411 1904 2474 idco
1920 2413 1997 2474 Deus

1256 2509 1485 2572 habitationem
1498 2511 1675 2572 daemonum
1693 2511 1794 2574 voluit
1809 2511 1928 2592 populo
1943 2529 1996 2572 suo

1258 2607 1362 2670 lacere
1387 2608 1636 2672 abominabilem
1662 2618 1694 2672 et
1719 2610 1921 2672 horrendam.
1948 2610 1997 2671 Se

1256 2708 1371 2784 cunda,
1389 2717 1423 2768 ut
1443 2708 1623 2770 ostenderet
1643 2709 1711 2770 loca
1731 2709 1911 2771 demonum
1931 2727 1997 2770 esse

1256 2806 1325 2868 loca
1341 2805 1615 2868 immunditiarum
1632 2816 1663 2868 ct
1678 2806 1938 2888 vitiorumquasi
1954 2807 1997 2868 di-

1257 2914 1381 2968 ceretur
1405 2906 1443 2967 ad
1469 2905 1593 2967 hircum
1612 2927 1619 2970 :
1637 2905 1713 2968 llluc
1735 2923 1830 2987 perge
1854 2915 1884 2968 ot
1912 2917 1997 2987 porta

454 3014 523 3068 cata
548 3004 658 3086 populi
676 3022 683 3066 :
701 3005 751 3067 vcl
775 3005 851 3086 quia
875 3005 907 3066 iu
934 3005 1005 3085 ejus
1030 3002 1240 3066 emissiones.
1258 3004 1477 3066 immunditias
1502 3013 1714 3086 pcccatorum,
1738 3005 1792 3066 uhi
1818 3005 1906 3068 locus
1931 3025 1998 3086 pro-

454 3103 699 3185 signiiicahatur
716 3103 862 3166 remissio
883 3113 1085 3184 peccatorum
1102 3123 1202 3185 popu-

454 3202 502 3276 tt;
530 3201 579 3264 rel
606 3201 681 3281 quia
706 3201 864 3280 ligabatur
889 3221 985 3282 super
1010 3211 1106 3284 caput
1131 3204 1200 3282 ejus

453 3300 560 3381 aliqua
586 3300 749 3374 schedula,
778 3301 810 3362 in
835 3320 900 3381 qua
930 3310 1059 3381 peecata
1090 3301 1199 3382 populi

453 3409 545 3462 erant
560 3398 687 3480 scripta.
705 3399 776 3461 llaec
791 3399 937 3460 Thomas.

493 3498 653 3572 Praeterea,
664 3497 703 3559 de
719 3497 769 3558 his
785 3496 866 3559 libro
882 3498 921 3559 de
932 3497 1007 3560 Fide
1021 3506 1053 3560 et
1068 3497 1197 3576 legibus

453 3595 564 3658 scribit
581 3595 768 3658 Guillelmus
779 3594 965 3657 Parisiensis
983 3613 990 3657 :
1007 3597 1091 3658 luter
1106 3597 1200 3658 sacri-

454 3693 529 3756 ficia
554 3694 710 3771 solennia,
728 3695 819 3756 valde
844 3693 976 3756 solenne
997 3695 1059 3756 luit
1074 3694 1199 3758 sacrili-

452 3793 537 3855 cium
553 3794 688 3856 duorum
704 3793 875 3868 hircorum,
886 3811 1021 3874 quorum
1038 3812 1121 3854 unus
1139 3793 1200 3855 tuit

452 3890 647 3954 emissarius.
659 3889 756 3964 Quem
773 3892 920 3955 sacerdos
935 3891 1042 3954 virum
1055 3901 1199 3955 statuens

451 4008 559 4053 coram
575 3991 648 4064 lleo,
666 3997 697 4051 ct
717 3990 877 4053 conlitcns
902 3989 1051 4054 universa
1071 4000 1199 4072 peccata

453 4088 595 4149 liliorum
616 4088 721 4163 lsrael,
740 4089 915 4170 imputabat
936 4109 973 4152 ea
994 4089 1090 4170 capiti
1116 4091 1196 4168 ejus,

1258 3103 1345 3184 prius
1371 3111 1419 3166 cst
1445 3103 1598 3185 ipsorum.
1617 3103 1731 3178 Tertia,
1749 3113 1783 3166 ut
1809 3114 1994 3167 monstraret

1256 3203 1343 3282 quod
1366 3211 1547 3283 peccatores
1563 3211 1594 3264 ct
1618 3212 1744 3285 peccata
1763 3202 1826 3264 sint
1847 3222 1921 3284 pars
1942 3205 1997 3266 dat·

1257 3319 1401 3363 monum.
1413 3337 1452 3345 -
1468 3301 1524 3362 Pet·
1541 3302 1662 3364 hircum
1679 3311 1783 3365 antem
1801 3302 1903 3365 voluit
1921 3304 1996 3365 lleus

1256 3399 1322 3461 baec
1350 3398 1434 3475 lieri,
1460 3399 1535 3481 quia
1558 3401 1591 3461 in
1618 3420 1650 3462 se
1676 3400 1859 3463 immundus
1884 3413 1943 3478 cst,
1967 3413 1996 3465 et

1257 3498 1364 3560 forsan
1380 3498 1456 3579 quia
1472 3499 1504 3559 in
1522 3499 1627 3580 specie
1644 3499 1803 3561 hircorum
1820 3519 1874 3564 seu
1892 3521 1996 3583 capra-

1256 3616 1324 3658 rum
1350 3598 1509 3660 deamones
1534 3598 1717 3660 homiuibus
1740 3617 1895 3680 apparere
1920 3601 1996 3664 sole

1256 3695 1342 3756 bant.
1361 3696 1433 3758 ldeo
1448 3714 1576 3778 quoque
1591 3696 1691 3759 voluit
1708 3716 1822 3779 corpus
1839 3698 1921 3761 hirci
1943 3717 1996 3781 pro

1255 3803 1384 3874 peccato
1399 3795 1497 3856 oblati
1513 3803 1600 3857 extra
1615 3805 1717 3857 castra
1732 3797 1885 3871 comburi,
1895 3807 1930 3860 ut
1946 3817 1998 3879 per

1255 3891 1314 3954 boc
1329 3892 1453 3955 cunctis
1469 3902 1601 3974 pateret,
1614 3903 1767 3974 quantum
1785 3894 1854 3976 ipse
1868 3897 1998 3959 deteste-

1256 3999 1306 4052 tur
1329 4001 1467 4072 peccata.
1485 3992 1573 4054 Unde
1593 3992 1625 4053 in
1647 3993 1809 4056 horrorem
1831 4003 1862 4056 ct
1881 3996 1997 4058 abomi-

1256 4090 1415 4153 nationem
1447 4099 1659 4171 peccatorum,
1687 4092 1788 4156 voluit
1818 4092 1943 4156 hircum
1967 4103 1997 4156 et

451 4186 527 4267 quia
541 4187 668 4249 dicebat
681 4188 720 4248 ad
737 4187 859 4249 hircum
874 4189 1099 4272 :Sttpcrcaput
1111 4197 1197 4250 tuum
1216 4191 1238 4252 l)
1256 4188 1390 4249 vitulum
1416 4208 1488 4250 cnm
1516 4189 1595 4251 limo
1626 4190 1826 4272 pellibusque
1851 4195 1993 4256 cremari.

451 4293 528 4346 sunt
552 4283 660 4347 omnia
681 4284 747 4348 hacc
773 4296 912 4367 peccata,
940 4307 996 4349 scu
1021 4286 1118 4369 capiti
1146 4297 1198 4349 tuo

451 4383 587 4464 imputet
600 4402 637 4445 ea
649 4384 925 4448 llcus.Credebant
940 4386 1078 4462 adiuuet
1093 4387 1197 4448 adbuc

450 4482 584 4543 creduut
607 4481 718 4559 Judaei,
741 4484 825 4563 quod
847 4483 955 4545 hircus
977 4483 1030 4545 ille
1051 4485 1197 4565 portabat

450 4580 557 4642 omnia
569 4588 696 4661 peccata
713 4582 821 4663 populi
839 4582 871 4643 in
883 4583 1054 4658 desertum,
1068 4591 1098 4644 ct
1115 4582 1197 4644 sicut

449 4677 617 4758 disparuit,
635 4679 684 4742 vel
702 4680 870 4742 devoratus
885 4699 904 4742 a
920 4679 1008 4754 loris,
1027 4680 1076 4742 rel
1094 4678 1196 4741 laetius

450 4774 616 4851 silvestris,
635 4777 681 4840 sic
701 4777 901 4859 disperarent
920 4779 1028 4842 omnia
1049 4779 1105 4840 illa
1125 4797 1197 4859 pec-

450 4881 520 4934 cata
536 4892 592 4953 per
606 4875 791 4954 hujusmodi
808 4877 916 4938 ritum.
939 4877 976 4938 Et
991 4877 1068 4958 quia
1084 4895 1196 4938 sccun-

448 4971 524 5031 dum
540 4990 650 5033 eorum
666 4973 849 5054 opinionem
866 4975 1002 5056 portavit
1016 4975 1125 5037 omnia
1141 4974 1196 5036 illa

448 5077 587 5149 peccata,
615 5069 799 5132 immundus
825 5081 908 5148 crat;
926 5082 957 5134 et
981 5073 1037 5154 qui
1063 5073 1195 5134 abduxit

447 5184 531 5239 cum,
549 5165 611 5227 tuit
626 5167 820 5230 immundus.
838 5168 999 5243 Quomodo
1013 5171 1195 5252 (inquiunt)

446 5265 584 5326 mundus
607 5274 700 5340 esset,
722 5267 777 5348 qui
802 5276 980 5349 portantem
1004 5279 1108 5332 tantas
1136 5269 1192 5331 im-

1253 4287 1359 4362 Purro,
1377 4287 1451 4348 dum
1473 4287 1589 4350 dicitur
1610 4288 1717 4351 hircus
1738 4299 1866 4371 peccata
1887 4293 1994 4374 populi

1253 4395 1443 4466 asportasse,
1461 4386 1510 4448 rel
1536 4387 1621 4467 quod
1642 4388 1675 4449 in
1697 4388 1785 4451 hirco
1807 4391 1941 4452 cremari
1965 4399 1994 4452 ct

1252 4485 1397 4548 consumi
1414 4484 1648 4560 asserebantur,
1666 4487 1791 4566 signum
1809 4489 1853 4552 ibi
1871 4509 1930 4570 pre
1946 4511 1995 4553 re

1254 4582 1346 4645 ritate
1376 4583 1541 4665 accipitur,
1574 4587 1841 4665 quemadmodum
1873 4589 1992 4672 aliquid

1251 4681 1368 4744 dicitur
1384 4682 1480 4744 scribi
1501 4691 1556 4744 aut
1576 4681 1676 4764 pingi,
1694 4685 1770 4746 dum
1791 4705 1909 4750 nomeu
1926 4689 1993 4771 ejus

1252 4779 1403 4842 scribitur
1417 4789 1472 4842 aut
1489 4781 1640 4862 pingitur.
1665 4784 1780 4846 Hostiae
1802 4805 1939 4867 namquo
1954 4789 1993 4849 si-

1250 4897 1313 4958 gua
1328 4887 1358 4940 et
1377 4876 1489 4957 figurat
1504 4889 1595 4941 erant
1611 4881 1761 4944 vitiorum
1776 4901 1782 4943 τ
1796 4883 1914 4947 idcirco
1929 4906 1992 4948 ere

1251 4977 1360 5053 matio,
1388 4997 1483 5051 mom,
1512 4979 1637 5056 ejectio,
1660 4999 1715 5043 seu
1737 4980 1857 5063 lugatio
1878 4983 1992 5046 bostia-

1251 5095 1332 5146 rum,
1343 5075 1540 5155 significarit
1556 5079 1794 5152 cremationem,
1808 5092 1990 5151 mortemet

1249 5173 1496 5251 dillugatiouem
1514 5176 1674 5238 vitiorum.
1693 5177 1822 5258 Propter
1836 5181 1921 5260 quod
1937 5183 1990 5243 bu-

1248 5271 1388 5352 jusmodi
1405 5273 1525 5334 hostias
1544 5275 1627 5354 tangi
1647 5275 1808 5355 prohibuit
1821 5279 1987 5347 Dominus:
