4309 6259
456 466 516 537 130
795 488 967 535 manuario
988 488 1019 533 m
1040 488 1109 533 cnr.
1133 487 1175 532 1111
1195 486 1391 532 nuumonuu.
1413 504 1455 515 -
1474 487 1545 533 aar.
1567 486 1662 533 xxxrv

455 678 495 722 ne
510 661 638 723 illorum
662 678 720 723 nos
741 660 803 741 ipsi
826 668 881 723 aut
902 657 957 722 alii
974 658 1151 722 excitemur
1166 662 1198 718 et
1212 658 1238 719 A
1253 671 1325 720 mas
1338 661 1475 738 ejicere?
1486 662 1556 725 Hec
1567 662 1664 724 verba
1679 662 1854 725 secundum
1870 678 1905 722 se
1915 677 1993 720 sum·

454 760 663 822 accendamur
691 760 731 822 ad
760 756 1080 840 contemplationem,
1108 772 1196 817 amo·
1254 765 1319 839 pta,
1336 768 1466 840 possent
1480 780 1554 823 vere
1569 760 1854 842 multipliciterque
1868 755 1991 839 exponi,

455 858 784 934 rem,admirationem
799 877 835 920 ac
851 852 1144 919 laudemCrcatoris
1160 870 1198 913 ex
1255 854 1298 918 ita
1327 858 1414 938 quod
1443 857 1627 922 viderentur
1656 855 1990 940 irreprehensibiliter,

453 957 522 1037 ejus
538 956 730 1031 effectibus;
753 956 852 1020 sicin
875 952 1039 1037 proposito
1055 952 1119 1015 dici
1143 968 1199 1033 pc
1254 952 1319 1017 imo
1343 964 1375 1018 et
1399 956 1601 1020 landabiliter
1624 957 1782 1039 prolatae
1802 953 1991 1037 Moyse,nisi

453 1063 524 1118 test.
541 1057 765 1139 Rursus,'quod
780 1055 933 1119 Dominus
949 1054 1003 1130 ait,
1014 1048 1197 1134 Loqnimini
1252 1051 1339 1116 inlra
1368 1055 1520 1118 Dominus
1554 1056 1718 1119 evidenter
1747 1061 1989 1137 protestaretur,

451 1154 491 1216 ad
516 1165 648 1237 petram,
666 1162 771 1237 potest
792 1153 919 1237 exponi,
946 1148 1131 1233 Loqnimini
1156 1148 1195 1210 da
1251 1150 1376 1233 Moysen
1399 1162 1431 1215 et
1445 1155 1548 1217 Aaron
1572 1173 1635 1216 non
1657 1154 1830 1217 credidisse
1851 1151 1915 1214 sibi
1936 1151 1991 1213 boc

452 1262 551 1335 petra.
575 1254 651 1318 Nam
677 1263 708 1317 et
738 1253 823 1317 inlra
849 1252 967 1334 Moyses
994 1267 1057 1313 non
1084 1246 1195 1328 dirigit
1252 1248 1332 1313 loco.
1349 1252 1468 1335 Nempe
1483 1254 1550 1316 haec
1564 1253 1661 1316 verba
1676 1259 1807 1335 possent
1826 1251 1930 1333 primo
1950 1249 1990 1310 ita

451 1353 583 1417 verbum
602 1354 641 1416 ad
659 1360 792 1436 petram,
810 1353 864 1415 sed
888 1352 927 1414 de
949 1368 986 1413 ea
1008 1348 1054 1411 ait
1076 1347 1116 1409 ad
1140 1364 1195 1427 pe
1251 1349 1391 1430 exponi:
1415 1350 1495 1413 Num
1519 1352 1559 1414 (16
1583 1360 1673 1432 petra
1699 1352 1768 1426 hac,
1789 1358 1863 1427 etc,
1885 1349 1918 1411 id
1931 1356 1987 1422 est,

451 1453 586 1534 pulum:
609 1453 689 1515 Num
713 1452 752 1515 de
773 1460 862 1533 petra
884 1452 953 1525 hac,
971 1450 1056 1511 etet
1074 1449 1117 1507 Et
1133 1447 1194 1505 tua
1249 1446 1379 1529 Propria
1401 1458 1431 1513 et
1456 1450 1593 1513 naturali
1618 1451 1736 1514 virtute
1761 1468 1824 1512 non
1849 1447 1988 1512 valemus

449 1554 539 1613 dabit
549 1573 679 1631 aquarn,
689 1550 719 1612 id
730 1560 834 1628 est,ex
849 1568 885 1611 ea
901 1547 1077 1610 manabunt
1092 1562 1193 1626 aquae,
1249 1546 1341 1609 vobis
1355 1549 1395 1610 de
1411 1568 1485 1613 saxo
1501 1549 1562 1613 isto
1577 1551 1712 1612 educere
1730 1567 1857 1630 aquam.
1876 1548 1988 1609 Secun-

450 1650 517 1712 sive
539 1669 596 1732 per
612 1650 804 1713 creationem
826 1666 916 1729 aquae
938 1646 971 1707 in
988 1664 1034 1720 ea,
1053 1643 1121 1706 sive
1136 1660 1193 1724 per
1249 1644 1289 1707 do
1309 1644 1366 1723 sic,
1383 1654 1415 1709 et
1435 1648 1528 1729 quasi
1549 1647 1784 1728 interrogative,
1802 1646 1988 1709 l'alemusne

449 1748 671 1812 miraculosam
687 1747 928 1812 conversionem
945 1742 1085 1807 materiae
1096 1741 1193 1804 alicu·
1248 1742 1333 1805 istud
1357 1750 1535 1826 perageret
1555 1746 1669 1828 Sicque
1694 1746 1796 1807 adhuc
1820 1744 1988 1825 dupliciter

446 1845 499 1925 jus
515 1845 547 1907 in
563 1866 689 1928 aquam.
1209 1842 1232 1903 B
1247 1852 1377 1925 possent
1392 1843 1528 1925 intelligi
1542 1845 1666 1907 :Primo
1681 1843 1888 1919 affirmative,
1900 1842 1987 1923 quasi

490 1949 578 2007 Tulit
598 1949 702 2024 r‘pitur
723 1950 857 2023 Moyse,
877 1944 908 2005 id
930 1951 989 2019 cst,
1013 1939 1136 2021 accepit
1161 1945 1192 2000 et
1247 1942 1342 2021 dicat,
1358 1944 1473 2026 Utique
1488 1963 1544 2026 per
1565 1944 1830 2026 omnipotentiam
1847 1942 1900 2004 Dei
1920 1960 1988 2023 pos-

447 2064 555 2107 secum
578 2045 726 2127 portavit,
744 2047 871 2122 circem
886 2064 957 2123 quac
976 2050 1046 2101 crat
1066 2040 1103 2100 in
1118 2057 1191 2097 con·
1247 2060 1357 2104 sumus
1373 2042 1469 2105 istud.
1488 2043 1549 2106 Sed
1564 2042 1639 2105 huic
1658 2041 1849 2125 expositioni
1866 2040 1987 2101 ridetur

445 2153 553 2222 spectu
568 2145 713 2205 Domini.
726 2143 837 2207 Nonne
851 2141 959 2205 omnia
975 2146 1050 2202 sunt
1065 2137 1099 2199 in
1114 2154 1191 2199 con·
1246 2140 1400 2204 obsistere
1415 2143 1500 2223 quod
1511 2142 1663 2204 Dominus
1678 2142 1723 2203 ait
1735 2159 1742 2203 :
1755 2140 1834 2215 Quia
1848 2158 1912 2201 non
1923 2157 1985 2200 cre

447 2250 557 2324 spectu
576 2241 726 2305 Dominit
749 2243 810 2304 Cur
830 2258 904 2321 ergo
924 2240 984 2303 boc
1010 2234 1191 2319 specialiter
1246 2240 1372 2303 didistis
1388 2242 1479 2303 mihi.
1498 2242 1642 2305 Secundo
1663 2241 1818 2320 negative,
1836 2238 1927 2321 quasi
1942 2236 1988 2298 di-

445 2341 563 2404 dicitur
582 2342 622 2404 de
641 2341 700 2404 hac
723 2341 840 2422 virgal
860 2340 897 2401 Et
918 2336 1187 2421 respondendum,
1245 2349 1305 2416 cat,
1323 2341 1390 2404 Non
1412 2360 1591 2423 possumus.
1610 2341 1670 2404 Sed
1686 2340 1802 2402 mirum
1823 2339 1850 2400 si
1871 2338 1987 2419 Moyses

445 2441 529 2521 quod
546 2441 595 2505 vel
612 2440 695 2516 ideo,
708 2439 860 2521 quoniam
875 2446 942 2502 erat
958 2437 991 2498 in
1008 2436 1190 2498 tabernacu·
1244 2448 1276 2501 et
1299 2441 1403 2503 Aaron
1430 2440 1645 2522 reputaverint
1674 2440 1758 2501 istud
1789 2436 1985 2519 impossibile

445 2539 487 2616 lo,
511 2539 544 2600 in
569 2558 633 2621 quo
658 2540 739 2602 Deus
764 2537 945 2620 specialiter
969 2534 1135 2610 habitavit,
1158 2540 1189 2596 et
1243 2538 1317 2614 Deo,
1331 2538 1364 2600 in
1380 2540 1472 2622 cujus
1485 2540 1600 2601 virtute
1611 2538 1708 2601 semel
1720 2537 1866 2601 lecerunt
1880 2534 1983 2597 simile

444 2637 489 2699 ibi
515 2646 664 2701 contenta
688 2636 882 2712 intuebatur,
900 2644 1050 2716 tanquam
1076 2631 1187 2713 preci·
1243 2638 1317 2701 buic
1339 2639 1378 2700 ad
1401 2647 1523 2719 petram
1539 2638 1653 2714 Horeb,
1670 2646 1706 2699 ut
1727 2637 1760 2698 in
1782 2636 1888 2698 Exodo
1911 2632 1984 2713 legi·
2008 2652 2104 2694 1161111

442 2755 505 2818 pue
520 2737 560 2799 ad
576 2756 609 2799 se
626 2734 818 2819 pertinentia
831 2759 838 2809 ;
856 2733 917 2811 vel,
931 2732 1082 2815 quoniam
1099 2732 1187 2811 virga
1244 2743 1303 2812 tur,
1316 2745 1347 2799 et
1362 2738 1555 2819 quandoque
1570 2737 1701 2818 majora.
1720 2734 1799 2797 Hinc
1814 2733 1915 2814 aliqui
1936 2732 1983 2793 di·
1996 2720 2016 2759 ⁰·

442 2833 497 2896 illa
513 2834 574 2896 luit
589 2836 651 2897 Deo
667 2833 877 2909 sanctificata,
890 2832 1185 2895 ot'instrumentum
1241 2843 1328 2911 cunt,
1346 2836 1432 2917 quod
1451 2834 1569 2918 Moyses
1590 2836 1673 2897 istud
1693 2833 1774 2897 dixit
1792 2833 1980 2895 dubitative.

440 2932 681 3015 omnipotentie
702 2952 776 3008 suaa,
794 2931 839 2994 sic
861 2930 947 3012 quod
970 2948 1038 2992 cam
1055 2926 1186 3010 speciali
1241 2933 1419 3017 Dicuntqne
1435 2934 1547 3016 aliqui,
1563 2934 1648 3015 quod
1664 2934 1733 3016 ipse
1747 2941 1778 2995 et
1793 2933 1899 2994 Aaron
1918 2949 1980 2992 non

440 3033 534 3096 modo
560 3032 706 3114 respexit.
736 3035 932 3109 Conprepcta
957 3031 1047 3090 omni
1071 3029 1659 3115 multi-(1dubitaverunlquinlleus
1681 3032 1712 3093 id
1733 3039 1848 3113 posset,
1868 3031 1922 3092 sed
1944 3031 1984 3092 de

440 3132 553 3191 tudina
568 3140 642 3192 ante
652 3142 802 3208 petram:
820 3148 882 3193 non
899 3128 984 3211 quod
1000 3144 1111 3190 omnes
1132 3142 1185 3207 po
1239 3129 1370 3209 ellectu,
1393 3152 1432 3195 ne
1459 3132 1592 3195 forsitan
1621 3130 1829 3214 impediretur
1853 3138 1984 3211 propter

440 3237 542 3292 terant
565 3229 597 3291 in
623 3236 757 3310 angusto
773 3228 842 3291 loco
864 3246 970 3291 coram
997 3226 1102 3306 lapide
1127 3223 1183 3286 illo
1238 3230 1317 3293 vitia
1331 3231 1454 3314 populi.

437 3326 622 3403 consistere,
635 3327 689 3389 sed
711 3326 795 3407 quod
816 3324 1008 3407 principales
1031 3324 1070 3386 de
1087 3340 1184 3404 popu·
1278 3330 1367 3394 Unde
1381 3331 1461 3412 Myra
1476 3330 1528 3393 hie
1544 3328 1673 3391 scribit:
1692 3327 1794 3390 Verba
1804 3326 1982 3408 Moysispo

438 3424 469 3488 lo
494 3425 619 3489 stabant
644 3424 774 3501 ibidem,
798 3432 830 3486 et
854 3424 950 3487 ceteri
981 3428 1183 3486 accesserunt
1237 3436 1341 3492 terant
1362 3428 1534 3511 dupliciter
1559 3427 1705 3508 intelligi,
1727 3425 1925 3489 affirmative
1950 3434 1982 3487 et

437 3525 610 3588 secundum
640 3525 726 3607 quod
751 3532 898 3606 poterant
922 3531 953 3585 et
976 3522 1179 3601 congruebat
1238 3528 1403 3607 negative3
1421 3536 1452 3590 et
1467 3527 1513 3590 sic
1535 3526 1667 3609 protulit
1682 3546 1729 3603 ea,
1746 3534 1782 3588 ut
1803 3526 1916 3587 dicunt
1931 3544 1981 3586 ex·

436 3625 508 3688 idco
529 3644 656 3707 quoque
676 3624 772 3705 jussit
789 3624 939 3687 Dominus
959 3622 1113 3705 populum
1135 3620 1179 3682 ibi
1237 3626 1392 3706 positores
1412 3625 1560 3688 catbolici
1576 3624 1797 3699 communiter,
1813 3623 1891 3704 quia
1908 3622 1981 3685 licet

435 3724 570 3799 adstare,
589 3732 676 3786 uteri
691 3722 810 3785 intuitu
832 3721 910 3784 tanti
927 3720 1072 3784 miraculi
1088 3719 1181 3783 robe
1236 3742 1299 3787 non
1324 3724 1483 3787 dubitaret
1506 3725 1545 3787 (16
1564 3723 1707 3806 potentio
1727 3722 1783 3786 Dei
1807 3721 1889 3803 quin
1908 3740 1980 3803 pos-

435 3831 580 3884 rarcntur
599 3821 632 3883 in
648 3820 725 3899 lide,
743 3829 774 3883 et
790 3821 887 3883 Deum
908 3819 981 3901 plus
1001 3818 1096 3882 solito
1118 3819 1179 3880 lor·
1234 3831 1283 3885 set
1307 3822 1397 3899 illud,
1414 3822 1572 3885 dubitavit
1596 3830 1702 3885 tamen
1721 3822 1761 3884 de
1785 3819 1915 3896 ellectu,
1939 3839 1979 3883 ne

434 3920 601 3997 midarent,
623 3930 654 3983 et
676 3923 793 3984 desua
815 3918 1021 4001 perversitate
1043 3916 1178 3981 conlun·
1234 3920 1442 4003 impediretur
1458 3930 1587 4004 propter
1601 3920 1756 3983 malitiam
1772 3920 1979 4002 populi.ldco

433 4020 583 4082 darentur
598 4039 634 4083 ac
655 4020 856 4102 poeniterent,
874 4026 905 4079 et
920 4018 1054 4081 Domino
1070 4024 1178 4079 essent
1233 4018 1408 4083 dubitando
1434 4021 1473 4082 de
1498 4019 1629 4096 ellectu,
1652 4019 1731 4082 dicit
1755 4019 1812 4094 sic,
1830 4019 1911 4081 Num
1937 4018 1978 4079 de

432 4116 525 4199 grati.
543 4120 700 4199 Dicitque
713 4121 759 4179 eis
770 4136 781 4178 .·
796 4119 930 4188 Audite,
940 4119 1068 4177 rebelles
1082 4126 1113 4176 ct
1127 4118 1177 4176 in·
1232 4127 1332 4200 petra,
1349 4126 1423 4193 etc,
1441 4126 1475 4180 ut
1497 4119 1525 4179 si
1539 4117 1677 4181 allectus
1699 4116 1814 4181 luisset
1836 4126 1977 4191 secutus,

431 4219 564 4277 creduli.
583 4216 671 4298 Saepe
693 4216 779 4279 enim
802 4215 932 4278 luerunt
947 4216 1010 4279 Deo
1032 4223 1064 4278 el
1079 4213 1174 4296 Moysi
1191 4224 1216 4284 [l
1232 4216 1462 4297 intelligeretur
1477 4218 1538 4281 hoc
1557 4218 1663 4294 modo,
1680 4217 1747 4279 Non
1762 4217 1912 4279 obstante
1926 4215 1977 4277 in-

431 4313 661 4393 inobedicntes,
684 4322 778 4396 atque
800 4313 923 4376 inlirmi
946 4322 977 4377 et
999 4312 1174 4377 defectuosi
1230 4315 1417 4379 credulitate
1433 4325 1547 4392 vestra,
1561 4316 1736 4398 poterimus
1750 4334 1865 4396 aquam
1882 4316 1978 4398 ejice

431 4412 464 4475 in
488 4412 564 4491 lide,
584 4434 603 4476 a
624 4433 687 4495 qua
708 4422 740 4477 et
761 4414 854 4476 multi
876 4430 986 4475 eorum
1010 4413 1172 4475 interdum
1230 4432 1264 4475 re
1283 4415 1322 4476 de
1342 4422 1431 4495 petra
1447 4414 1563 4477 virtute
1585 4414 1714 4489 divina3
1731 4414 1758 4476 si
1780 4422 1887 4477 (11116111
1910 4434 1977 4478 non

431 4512 568 4575 totaliter
589 4520 787 4576 corruerunt.
808 4512 875 4576 Non
899 4520 1004 4573 tamen
1027 4510 1172 4574 absolute
1230 4521 1415 4593 sequeretur
1425 4512 1572 4591 allectus,
1584 4513 1884 4595 sicintelligeretur,
1893 4514 1975 4575 Num

428 4610 468 4673 de
489 4610 638 4673 omnibus
663 4610 743 4672 dixit
763 4611 823 4673 boc
838 4610 968 4692 Moyses,
986 4629 1059 4671 nam
1081 4608 1172 4671 multi
1229 4610 1775 4694 depetra,etc.‚quasidiceret,Non
1793 4614 1972 4694 poterimus

429 4709 505 4773 boni
520 4708 603 4773 inter
626 4709 712 4791 ipsos
729 4708 868 4785 luerunt,
887 4708 942 4771 sed
966 4708 1126 4771 seditiosis
1141 4717 1173 4770 et
1228 4718 1358 4791 propter
1378 4711 1533 4773 malitiam
1552 4719 1701 4773 vestram.
1718 4712 1789 4774 llaec
1804 4712 1895 4793 Lyra.
1914 4713 1976 4775 Cu-

428 4808 714 4871 murmuratoribns
730 4806 814 4869 istud
830 4807 1074 4869 locutusest.Et
1090 4826 1173 4889 quaa
1226 4809 1279 4889 jus
1305 4809 1409 4872 verbis
1433 4810 1496 4872 duo
1521 4810 1618 4891 objici
1644 4818 1803 4892 possunt:
1828 4810 1971 4872 Primum

427 4904 454 4967 ri
471 4914 585 4987 potest,
601 4926 642 4969 an
665 4906 718 4968 isti
742 4906 870 4969 luerunt
885 4907 925 4967 de
948 4904 997 4966 bis
1019 4906 1075 4987 qui
1098 4915 1171 4969 ante
1227 4916 1284 4985 est,
1296 4908 1381 4989 quod
1399 4927 1462 4971 non
1479 4908 1713 4971 videturlnissc
1729 4908 1879 4970 illicitum
1891 4910 1974 4991 Moy-

426 5003 554 5067 lnerant
574 5004 761 5067 murmurati
782 5022 788 5065 :
808 5013 975 5087 potestque
989 5023 1060 5067 esse
1083 5006 1168 5086 quod
1226 5006 1253 5068 si
1269 5007 1414 5069 dubitare
1430 5007 1469 5069 de
1485 5006 1546 5070 isto
1560 5006 1691 5083 ellectu,
1704 5027 1745 5069 an
1761 5007 1885 5070 scilicet
1902 5028 1973 5090 pro

426 5102 555 5185 quidam
578 5103 705 5167 illorum
725 5105 829 5167 adhuc
852 5103 969 5166 residui
991 5104 1120 5167 luerunt
1135 5104 1169 5165 in
1226 5113 1295 5187 pter
1311 5114 1441 5187 peccata
1456 5105 1566 5189 populi
1583 5105 1791 5187 impediretur
1808 5131 1816 5180 ;
1835 5126 1895 5171 nec
1912 5107 1974 5170 boc

425 5201 486 5265 ista
501 5202 657 5267 seditione
671 5202 836 5286 precipui.
1225 5203 1338 5267 luisset
1348 5203 1795 5287 incredulitatis,quiadivina
1810 5206 1970 5287 promissa

465 5304 555 5366 Num
568 5306 609 5364 de
618 5312 714 5383 petra
728 5306 788 5365 bac
808 5324 927 5382 aquam
948 5306 1033 5365 vobis
1044 5306 1168 5381 poteri-
1223 5302 1408 5385 frequenter
1422 5302 1629 5385 intelligenda
1648 5312 1723 5365 sunt
1738 5304 1794 5382 ita,
1805 5307 1891 5385 quod
1907 5306 1969 5367 im·
