4309 6259
445 484 485 547 78
831 499 1003 547 annumrro
1024 500 1055 545 m
1076 498 1145 544 car.
1167 496 1265 543 xxvm
1285 497 1387 545 rxom.
1409 518 1450 528 -
1469 500 1540 546 aar.
1562 500 1612 545 avr

445 682 551 735 autem
568 673 602 735 in
618 672 764 755 quolibet
785 673 944 755 onychino
960 672 1078 755 scripta
1100 680 1190 736 erant
1203 666 1230 729 A
1243 671 1387 732 eamdem
1403 669 1538 734 diverse
1553 670 1700 748 virtutes,
1708 678 1803 751 atque
1817 670 1991 752 aliquando

444 791 498 835 sex
529 773 659 835 nomina
688 773 955 849 patriarcharum,
984 773 1016 834 in
1047 771 1190 853 qualibet

445 890 521 935 vero
536 890 661 953 gemma
683 872 848 934 rationalis
871 872 1037 935 duodecim
1059 871 1190 934 nomina

444 970 640 1047 eorumdem,
660 970 723 1033 nisi
748 971 834 1051 quod
856 978 965 1052 pastor
986 989 1023 1033 ac
1044 969 1190 1051 pontifex

443 1068 582 1149 amplius
601 1068 768 1131 sollicitari
788 1088 824 1131 ac
843 1069 1002 1131 recordari
1021 1069 1116 1131 debet
1132 1086 1190 1149 pro

445 1166 547 1228 salute
567 1167 678 1250 populi
702 1167 762 1244 sui,
781 1167 813 1228 in
837 1168 1045 1231 interioribus
1067 1166 1189 1231 viribus

443 1274 475 1327 et
491 1265 650 1328 exercitiis
665 1266 794 1342 mentis,
812 1286 907 1347 quam
929 1267 962 1327 in
979 1265 1189 1329 exterioribus

443 1363 568 1443 possitl
589 1364 720 1446 lnsuper
740 1382 874 1444 gemmae
893 1364 1096 1426 circumdatae
1116 1373 1190 1425 sunt

444 1480 532 1537 aure,
556 1461 633 1543 quia
657 1471 843 1525 cunctarum
868 1463 1008 1526 actiones
1034 1463 1188 1524 virtutum

443 1560 529 1623 dono
544 1560 709 1641 sapientie
720 1560 837 1623 debent
849 1560 972 1623 condiri
984 1580 1020 1623 ae
1035 1561 1187 1624 decorari.

483 1658 540 1720 Per
563 1659 792 1722 connexionem
816 1668 921 1722 autem
945 1659 1187 1723 sacerdotalium

443 1768 704 1821 ornamentorum
743 1778 779 1820 ae
816 1759 952 1821 vestium
991 1759 1186 1838 designatur,

1244 787 1302 850 per
1327 769 1468 832 diversas
1492 788 1635 851 gemmas
1659 770 1769 833 eadem
1798 768 1992 850 intelligitur

1243 868 1357 931 virtus.
1374 868 1482 949 ltaque
1503 886 1541 931 eo
1562 868 1675 931 ordine
1695 887 1758 949 quo
1777 868 1812 931 iu
1832 877 1921 931 textu
1939 886 1992 931 ex-

1244 984 1362 1047 pressae
1377 975 1462 1043 sunt,
1480 967 1603 1048 aliquid
1620 975 1758 1048 tangam.

1285 1068 1327 1125 In
1344 1069 1455 1143 primo
1477 1056 1659 1127 versu'erit
1685 1070 1768 1145 lapis
1792 1069 1935 1137 sardius,
1961 1077 1991 1125 et

1245 1166 1402 1241 topazius,
1419 1175 1448 1225 ct
1467 1168 1672 1242 amai-aquus.
1691 1164 1820 1227 Sardius
1839 1164 1922 1246 lapis
1942 1173 1990 1227 est

1244 1261 1336 1324 rubei
1358 1263 1486 1340 coloris,
1504 1263 1560 1345 qui
1576 1263 1660 1327 inter
1677 1282 1820 1343 gemmas
1833 1262 1930 1326 vilior
1944 1280 1991 1324 re

1244 1370 1385 1440 putatur.
1403 1361 1480 1423 Nam
1497 1370 1612 1442 praeter
1627 1361 1784 1442 fulgorem
1804 1380 1869 1425 non
1889 1361 1990 1423 scitur

1244 1459 1419 1521 notabilem
1435 1459 1553 1523 habere
1572 1459 1753 1536 utilitatem,
1772 1459 1833 1521 nisi
1849 1460 1937 1541 quod
1951 1478 1989 1522 eo

1243 1566 1411 1639 presente,
1428 1576 1512 1641 onyx
1534 1577 1591 1621 seu
1611 1559 1801 1638 onychinus,
1822 1559 1879 1641 qui
1902 1559 1989 1621 noci-

1243 1676 1299 1718 vas
1316 1656 1412 1719 babet
1432 1657 1654 1739 proprietates,
1672 1676 1786 1719 nocere
1806 1676 1870 1720 non
1890 1657 1986 1719 valet.

1243 1754 1427 1836 Onychiuus
1443 1755 1563 1837 quippe
1579 1775 1635 1819 seu
1650 1774 1744 1837 onyx,
1763 1756 1843 1837 lapis
1863 1763 1914 1819 est
1932 1756 1986 1836 qui

443 1857 529 1937 quod
545 1857 578 1918 in
595 1856 751 1919 ministris
767 1857 916 1920 Ecclesiae
930 1858 1024 1920 debet
1045 1876 1115 1920 essa
1133 1856 1189 1918 sir·
1204 1851 1227 1911 B
1242 1852 1277 1914 in
1294 1854 1382 1916 india
1397 1862 1429 1917 et
1439 1853 1555 1917 Arabia
1570 1854 1687 1916 dicitur
1703 1854 1988 1936 reperiri‚pet·mix·

443 1964 605 2036 meatque
622 1956 780 2037 praecipua
800 1956 954 2019 virtutum
975 1975 1011 2018 ac
1031 1956 1186 2018 denorum

442 2054 750 2135 connexio‚quarum
767 2063 1109 2136 contemperatura,est
1124 2054 1188 2135 pul-

443 2150 620 2214 cherrimus
636 2151 920 2234 sanctissimusque
930 2152 1065 2216 vestitus
1078 2170 1188 2215 eorum

442 2250 497 2331 qui
514 2249 547 2311 in
564 2250 662 2313 sacris
678 2258 752 2312 sunt
762 2250 932 2313 Ordinibus
948 2251 1056 2332 positi.
1066 2251 1123 2313 Per
1134 2252 1189 2312 tin-

443 2348 609 2410 tinnabula
625 2350 761 2427 demum,
772 2348 804 2410 in
821 2348 966 2412 inferiori
982 2358 1071 2431 parte
1087 2350 1189 2432 ponti-

443 2443 546 2507 ficalis
559 2446 694 2508 amictus
707 2446 890 2528 pendentia,
902 2446 1092 2523 insinuatur,
1103 2448 1186 2527 quod

441 2543 614 2625 pontifices
630 2554 661 2607 et
677 2554 820 2626 pastores
836 2545 953 2608 debent
969 2546 1187 2609 indesinenter

441 2642 552 2724 plebes
568 2643 630 2705 sibi
646 2643 832 2706 commissas
851 2663 907 2725 per
928 2644 1186 2725 predicationem

441 2758 600 2817 sonoram,
613 2740 808 2818 distinctam,
820 2741 1018 2804 dulcisonam
1035 2742 1187 2805 informa-

441 2856 485 2915 re,
510 2838 618 2920 pigros
640 2840 787 2917 excitare,
813 2840 973 2904 ferventes
996 2840 1029 2901 in
1052 2841 1186 2903 llomino

440 2936 628 3015 exhilarare,
646 2938 742 3003 verbo
758 2958 794 3001 ac
813 2938 896 3001 fama
916 2939 1086 3002 salubriter
1104 2958 1186 3001 reso

1243 1961 1310 2013 tum
1332 1953 1366 2014 in
1387 1972 1422 2015 se
1441 1953 1562 2015 habens
1584 1952 1723 2017 colorem
1743 1954 1782 2015 ad
1803 1952 1988 2015 similitudi-

1243 2072 1316 2114 uem
1337 2052 1454 2133 unguis
1476 2052 1619 2114 humani.
1637 2052 1731 2133 Lapis
1754 2052 1814 2115 iste
1832 2052 1917 2116 collo
1936 2072 1987 2133 ap

1242 2170 1370 2233 pensus,
1383 2160 1438 2212 aut
1453 2150 1553 2232 digito
1567 2152 1708 2232 junctus,
1722 2150 1823 2213 fertur
1838 2150 1985 2214 timorem

1242 2270 1278 2313 ac
1294 2250 1458 2312 tristitiam
1472 2249 1619 2326 excitare,
1632 2249 1706 2312 lites
1722 2249 1946 2331 multiplicare,
1956 2258 1986 2311 et

1242 2366 1443 2411 commovere
1458 2349 1498 2411 ad
1514 2348 1608 2410 rixas.
1626 2348 1658 2409 ln
1680 2348 1789 2430 pueris
1808 2347 1924 2410 excitat
1940 2367 1987 2409 sa·

1241 2446 1339 2508 livam
1355 2446 1549 2528 superfluam
1566 2466 1604 2509 ac
1618 2446 1774 2509 nocivam.
1785 2446 1985 2527 Specularem

1241 2544 1337 2607 habet
1354 2553 1499 2607 naturam
1515 2554 1547 2607 et
1563 2545 1706 2626 politam,
1724 2544 1768 2607 ita
1782 2545 1867 2626 quod
1885 2544 1987 2607 instar

1241 2642 1363 2724 speculi
1380 2651 1585 2725 representat
1600 2642 1766 2724 imagines.
1786 2643 1891 2705 Potest
1910 2662 1986 2724 ergo

1241 2761 1298 2823 per
1314 2741 1455 2803 sardium
1471 2741 1625 2824 patientia
1645 2741 1816 2822 designari,
1833 2742 1910 2822 quia
1930 2761 1986 2824 per

1241 2840 1429 2921 patientiam
1452 2840 1503 2916 lis,
1526 2839 1666 2916 tristitia,
1683 2839 1760 2916 rixa,
1779 2839 1844 2902 imo
1865 2849 1896 2903 et
1916 2840 1986 2921 qui-

1241 2939 1313 3001 dam
1332 2938 1436 3015 timor,
1450 2938 1671 3000 excluduntur.
1684 2938 1837 3020 'lopezius
1851 2948 1900 3000 est
1916 2958 1986 3021 pre·

441 3053 527 3097 nare,
546 3034 634 3109 Quod
654 3054 729 3099 vero
751 3036 976 3099 tintinnabulis
996 3036 1186 3119 interposita
1201 3028 1224 3091 C
1240 3037 1432 3100 tiosissimus
1448 3038 1528 3119 lapis
1541 3056 1579 3099 ex
1593 3037 1765 3100 virentium
1781 3056 1908 3118 genere,
1921 3056 1986 3100 om-

439 3140 471 3195 et
486 3134 626 3195 admixta
641 3133 771 3197 fuerunt
786 3135 870 3196 mala
884 3144 1026 3215 granata,
1039 3134 1186 3217 praefigu-

440 3230 533 3308 ravit,
556 3232 642 3313 quod
666 3232 784 3309 verbis,
808 3233 1009 3296 documentis
1030 3253 1066 3295 ac
1093 3233 1186 3296 lamae

439 3329 576 3392 debeant
591 3330 733 3393 virtuosa
748 3350 845 3412 opera
860 3332 1119 3414 correspondere,
1130 3332 1187 3394 mi-

439 3428 520 3490 sceri
545 3447 581 3490 ac
605 3428 723 3509 jugiter
748 3430 977 3511 circumponi:
1005 3430 1070 3494 imo
1096 3431 1186 3493 decet

439 3545 702 3608 unumquemque
731 3528 804 3609 plus
834 3529 996 3591 abundare
1020 3528 1184 3610 operibus,

438 3644 535 3705 qnam
558 3625 724 3687 doctrinis.
743 3626 915 3703 Postremo,
938 3646 994 3709 per
1016 3627 1076 3690 boc
1100 3628 1185 3708 quod

439 3724 521 3785 Deus
538 3732 602 3786 tam
618 3724 737 3787 seriose
754 3726 914 3807 precepit,
932 3734 968 3787 ut
987 3725 1134 3808 pontifex
1154 3734 1185 3789 et

439 3822 581 3885 seniores
611 3824 790 3886 sacerdotes
821 3843 948 3887 earnem
976 3825 1185 3907 turpitudinis

440 3939 504 3982 suae
521 3929 584 3983 tam
601 3922 694 4001 longe
709 3941 745 3984 ac
761 3922 825 3985 late
840 3923 1049 4005 cooperirent,
1059 3924 1186 3987 eviden-

439 4026 488 4079 ter
510 4018 736 4100 presignatum
759 4028 817 4097 est,
842 4022 927 4103 quod
951 4021 1130 4084 sacerdotes
1154 4029 1184 4083 et

439 4114 608 4177 inferiores
618 4116 757 4179 ministri
774 4118 807 4178 in
824 4118 921 4180 sacris
931 4116 1103 4181 Ordinibus
1113 4138 1185 4181 con—

1241 3136 1274 3197 ni
1305 3136 1411 3199 colore
1441 3136 1660 3217 resplendens,
1687 3136 1847 3218 praeeipue
1877 3144 1983 3199 minen

1239 3254 1335 3297 aureo
1357 3244 1453 3316 atque
1474 3235 1622 3310 aethereo,
1645 3233 1782 3297 maxime
1805 3235 1882 3296 dum
1906 3234 1984 3297 solis

1243 3333 1381 3414 tangitur
1406 3333 1514 3406 radio;
1541 3333 1684 3396 omnium
1711 3351 1907 3413 gemmarum
1934 3352 1985 3394 sn-

1240 3439 1330 3513 perat
1352 3430 1539 3506 claritatem,
1565 3431 1653 3493 nulla
1671 3449 1796 3512 gemma
1818 3430 1930 3511 purior
1949 3432 1984 3492 in

1240 3529 1392 3610 adspectu
1411 3546 1418 3589 :
1436 3547 1532 3608 quam
1554 3528 1580 3589 si
1604 3527 1706 3609 polire
1728 3527 1910 3605 tentaveris,
1929 3529 1984 3591 ob

1241 3637 1407 3702 scuratur;
1431 3627 1458 3688 si
1482 3647 1547 3689 suae
1568 3636 1688 3691 naturae
1709 3646 1778 3690 eam
1801 3626 1982 3708 reliqueris

1240 3726 1356 3790 clarior
1381 3727 1627 3789 demonstratur.
1651 3726 1783 3789 Maxima
1804 3744 1933 3807 quoque
1954 3735 1984 3789 et

1240 3824 1439 3906 amplissima
1460 3823 1561 3887 fertur
1578 3842 1787 3902 gemmarum,
1807 3824 1841 3885 iu
1862 3831 1985 3885 tantum

1241 3923 1326 4003 quod
1339 3930 1442 3985 statua
1457 3930 1594 4004 quatuor
1608 3922 1789 3984 cubitorum
1805 3922 1845 3984 de
1858 3940 1896 3983 ea
1911 3921 1987 4002 legi-

1241 4029 1292 4082 tur
1314 4020 1409 4085 facta.
1433 4022 1504 4084 Haec
1522 4022 1571 4100 (ut
1593 4020 1757 4100 scribitur)
1771 4020 1856 4084 valet
1874 4029 1986 4083 contra

1240 4119 1411 4183 lunaticam
1434 4120 1627 4202 passionem,
1651 4118 1815 4180 tristitiam
1840 4120 1928 4181 sedat
1954 4126 1985 4180 et

439 4213 553 4289 stituti,
575 4214 778 4295 potissimum
805 4216 968 4297 praesules,
990 4215 1127 4279 debeant
1150 4218 1182 4279 in
1198 4214 1224 4276 D
1239 4218 1331 4294 iram,
1349 4218 1512 4297 restringit
1532 4218 1697 4298 sanguinis
1719 4216 1854 4294 fluxum,
1873 4226 1984 4280 eontra

438 4311 526 4373 omni
543 4313 658 4375 mentis
680 4322 711 4375 et
731 4314 873 4395 corporis
893 4316 1037 4378 castitate
1057 4336 1113 4378 sua
1133 4337 1185 4379 ex·

438 4408 526 4489 plere
548 4409 670 4488 officia,
693 4412 902 4494 spiritualiter
923 4415 1117 4492 conversari,
1139 4425 1184 4478 at-

437 4525 501 4588 que
520 4508 561 4571 ab
581 4509 669 4572 omni
690 4510 816 4593 impuro
831 4510 964 4587 affectu,
982 4512 1184 4595 obscenoque

437 4614 510 4669 actu
527 4607 655 4689 penitus
671 4609 832 4673 abstinere
845 4629 852 4673 :
864 4610 985 4693 alioqui
995 4611 1108 4675 mortis
1124 4613 1181 4689 rei,

436 4714 556 4770 aeterno
570 4708 722 4789 peribunt
737 4709 879 4771 interitu.

476 4804 628 4870 Praeterea
648 4806 681 4869 in
702 4808 852 4870 hocloco
874 4808 913 4870 de
934 4808 1182 4891 proprietatibus

434 4922 644 4985 gemmarum,
654 4905 715 4969 hoc
730 4905 871 4987 capitulo
885 4924 1118 4988 expressarum,
1127 4909 1183 4970 ali-

435 5003 514 5085 quid
537 5004 623 5083 tangi
646 5012 760 5085 potest,
779 5005 817 5067 ad
840 5005 1083 5083 intelligendum
1103 5008 1180 5089 quid

435 5102 541 5184 aptius
557 5101 741 5183 designetur
756 5122 813 5185 per
828 5122 892 5166 eas
910 5103 1179 5178 Quemadmodum

435 5210 543 5263 autem
558 5202 703 5283 quadam
720 5221 853 5283 gemmae
863 5202 897 5265 in
908 5202 1100 5285 quibusdam
1110 5225 1181 5287 pro

435 5300 626 5383 prietatibus
647 5301 853 5381 conveniunt,
873 5301 918 5365 ita
939 5301 1102 5367 interdum
1122 5324 1180 5387 per

1239 4317 1350 4380 noxios
1366 4325 1470 4379 motus
1489 4336 1526 4380 ac
1546 4315 1728 4398 phrenesim
1748 4315 1843 4391 valet,
1860 4314 1985 4379 ferven-

1238 4425 1285 4479 tes
1301 4416 1402 4478 undas
1417 4414 1598 4497 compescit,
1611 4422 1643 4476 et
1657 4423 1767 4478 contra
1782 4414 1982 4477 subitaneam

1237 4512 1338 4577 fertur
1353 4523 1487 4576 mortem
1509 4514 1625 4577 valere.
1642 4513 1729 4575 Hanc
1747 4530 1907 4591 gemmam
1928 4532 1982 4596 po

1237 4612 1396 4673 tissimum
1419 4630 1510 4693 reges
1531 4619 1650 4687 amant,
1668 4623 1727 4673 nec
1749 4630 1787 4674 ea
1806 4610 1982 4693 quidquam

1236 4711 1270 4772 in
1281 4711 1347 4772 suis
1358 4712 1515 4775 thesauris
1530 4708 1700 4792 pretiosius
1711 4708 1917 4772 arbitrantur.
1926 4711 1984 4773 Per

1235 4829 1333 4892 qnam
1348 4810 1463 4873 caritas
1479 4829 1550 4891 quat
1565 4827 1676 4872 omues
1691 4808 1825 4872 virtutes
1841 4809 1984 4873 virtuali·

1237 4917 1285 4973 ter
1299 4909 1553 4991 comprehendit,
1569 4907 1707 4988 intelligi
1729 4916 1843 4989 potest.
1862 4907 1984 4970 Smara-

1235 5008 1315 5089 gdus
1331 5016 1379 5071 est
1394 5027 1519 5089 gemma
1530 5008 1564 5069 in
1575 5005 1736 5069 viriditate
1746 5006 1984 5069 omnesherbas

1234 5115 1267 5170 et
1289 5107 1418 5171 frondes
1440 5106 1611 5181 excellens,
1633 5105 1726 5185 cujus
1749 5105 1835 5167 viror
1857 5105 1891 5165 in
1915 5104 1983 5167 sole

1233 5206 1415 5288 aliqualiter
1426 5205 1636 5271 obumbratur
1648 5221 1655 5265 :
1669 5203 1758 5265 nulla
1767 5222 1894 5285 gemma
1903 5203 1983 5266 scul-

1233 5305 1379 5388 pentium
1393 5305 1495 5371 oculis
1509 5302 1678 5387 gratiosior
1692 5321 1731 5365 ea
1744 5302 1906 5366 asseritur.
1916 5302 1982 5368 Col-
