4309 6259
521 523 694 570 manuario
716 524 746 569 ΙΝ
768 524 835 569 GAP.
859 523 925 569 xxti
945 524 1141 571 humabantur.
1164 546 1204 556 —
1224 526 1294 571 altu.
1319 527 1425 574 xxxin
1684 511 1740 574 451

188 714 260 753 eece
274 696 352 771 jam
376 697 481 765 tertio,
497 695 529 757 id
552 703 600 757 est
620 695 713 758 tertia
735 695 827 761 sicel
848 693 943 756 Multa
958 696 984 757 Α
999 697 1179 775 Nunquam
1195 696 1256 759 tale
1266 696 1342 778 quid
1354 697 1434 759 mihi
1451 696 1567 760 fecisti.
1580 698 1664 763 lnter
1675 700 1742 762 haec

189 791 357 855 mirabilia
372 794 614 857 considerantur
626 794 658 855 in
670 813 766 875 opere
782 794 853 857 isto.
866 794 942 855 Nam
996 792 1047 871 (ut
1057 793 1252 874 Augustinus
1268 796 1455 875 conscribit)
1466 797 1545 859 nihil
1563 798 1742 860 mirabilius

190 908 366 953 numerare
388 900 436 953 est
458 900 547 954 actus
570 892 713 968 rationis,
731 892 808 973 quia
830 892 863 953 in
886 912 943 953 nu·
999 891 1135 967 videtur,
1153 912 1248 973 quam
1264 895 1349 974 quod
1372 893 1525 975 loquente
1537 895 1637 973 asina,
1656 898 1744 959 terri-

189 990 372 1053 meratione
397 1000 446 1053 est
470 990 598 1054 collatio
626 991 719 1053 unius
744 992 784 1053 ad
806 991 941 1053 alterum
999 998 1048 1051 tus
1066 1009 1130 1053 non
1153 999 1202 1052 est
1216 991 1352 1069 Balaam,
1371 993 1426 1056 sed
1448 993 1579 1075 insuper
1594 996 1743 1058 audacter

187 1106 251 1168 per
266 1089 397 1151 modum
418 1089 711 1171 propositionalem,
729 1109 800 1171 quae
815 1089 942 1154 collatio
997 1086 1027 1149 ei
1053 1088 1227 1170 respondit.
1244 1088 1333 1162 Quod
1358 1089 1551 1170 Augustinus
1574 1091 1680 1169 solvit,
1697 1092 1743 1155 di-

186 1194 241 1247 est
256 1194 348 1249 actus
370 1188 514 1252 rationis.
532 1189 661 1271 Propter
680 1189 767 1271 quod
781 1189 863 1252 bene
878 1188 942 1250 dis·
996 1187 1098 1250 sendo
1121 1188 1205 1267 quod
1226 1188 1350 1250 Balaam
1371 1197 1515 1251 assuctus
1537 1189 1599 1251 luit
1623 1190 1741 1253 talibus

186 1285 295 1346 seruit
307 1286 481 1363 hvicenna,
494 1289 579 1368 quod
595 1287 741 1369 quamvis
757 1287 876 1369 gallina
891 1306 942 1369 ap·
997 1285 1159 1361 monstris,
1176 1294 1272 1367 atque
1293 1287 1343 1365 (ut
1363 1286 1463 1368 aliqui
1486 1287 1610 1368 dieunt)
1628 1289 1740 1351 solitus

185 1383 371 1463 prehendat
381 1386 759 1449 multitudinemsuorum
771 1386 940 1467 pullorum,
996 1390 1063 1445 erat
1087 1384 1247 1447 daemones
1273 1384 1306 1445 in
1331 1385 1437 1466 specie
1465 1386 1653 1449 animalium
1678 1387 1740 1450 sibi

186 1500 256 1543 non
275 1488 381 1547 tamen
404 1503 572 1546 numerum
595 1486 791 1548 eorumdem.
808 1484 897 1547 Unde
913 1484 940 1546 si
995 1490 1185 1563 apparentes
1200 1484 1319 1560 ridere,
1332 1492 1363 1546 ct
1382 1503 1490 1547 secum
1507 1484 1673 1567 loquentes
1688 1506 1742 1548 an·

183 1580 311 1644 multos
326 1581 442 1645 habeat
457 1583 574 1665 pullae,
592 1592 622 1645 et
645 1598 678 1646 se
693 1582 824 1646 absente
841 1602 939 1644 unum
996 1580 1075 1642 dire.
1099 1580 1161 1643 hlii
1186 1581 1310 1658 dicunt,
1335 1584 1420 1663 quod
1447 1591 1533 1646 tanta
1556 1584 1741 1666 cupiditatis

183 1679 319 1742 amittat
339 1690 395 1743 aut
414 1683 505 1759 duos,
525 1700 650 1745 reversa
670 1702 734 1746 non
755 1682 852 1745 sentit
869 1706 876 1757 ;
894 1701 941 1745 se·
994 1677 1147 1741 ariditate
1162 1678 1334 1757 ferebatur,
1346 1681 1501 1761 quodnee
1513 1681 1592 1743 tanti
1607 1682 1742 1745 monstri

184 1798 258 1854 cua,
272 1777 300 1840 si
313 1780 422 1860 plures
433 1781 540 1857 simul,
553 1780 700 1862 quamvis
710 1781 837 1857 absens,
849 1780 941 1843 amit·
995 1775 1149 1840 miraculo
1165 1777 1353 1855 terrebatur,
1365 1786 1396 1841 et
1407 1780 1606 1861 responderit
1620 1781 1650 1843 ei
1665 1800 1742 1862 qua-

185 1884 246 1939 tat.
269 1876 359 1951 Quod
382 1879 489 1960 itaque
508 1880 599 1941 asina
619 1880 709 1956 dixit,
727 1878 866 1942 Percutis
888 1898 939 1942 mo
958 1874 1021 1936 Bsi
1044 1876 1084 1937 ad
1105 1876 1267 1938 hominem
1286 1876 1432 1958 loquens.
1454 1878 1558 1942 Potest
1579 1878 1675 1941 etiam
1694 1879 1742 1942 di-

184 1994 265 2039 ecce
279 1979 347 2058 J'am
358 1978 463 2053 tertio,
476 1978 567 2059 quasi
584 1997 756 2041 numerans
772 1979 858 2043 vices
874 1998 939 2041 suaa
994 1973 1035 2051 ci,
1053 1975 1138 2055 quod
1153 1994 1192 2038 ex
1213 1976 1414 2039 vehementia
1434 1977 1500 2053 ira,
1517 1986 1572 2039 aut
1594 1998 1669 2056 non,
1685 1988 1741 2041 aut

184 2074 420 2156 percussionis,
434 2075 495 2137 l'uit
507 2095 604 2157 super
618 2086 774 2139 naturam.
788 2077 939 2141 Praeterea
995 2072 1102 2135 minus
1112 2074 1249 2156 expavit.
1258 2075 1305 2137 lra
1316 2094 1454 2156 namque
1465 2085 1604 2139 mentem
1614 2077 1740 2141 obtene

183 2173 292 2253 quatri
309 2181 423 2255 potest,
441 2193 482 2236 an
498 2174 588 2237 asina
603 2175 732 2257 propria
748 2175 939 2237 intellexerit
979 2158 1076 2249 brat,
1100 2171 1240 2253 lecitque
1262 2174 1425 2237 hominem
1451 2175 1628 2256 periculose
1647 2178 1741 2239 auda-

184 2272 300 2335 rerha.
323 2272 369 2333 hd
394 2272 454 2334 hoc
478 2273 691 2335 communiter
715 2274 937 2356 respondetur,
994 2288 1074 2347 cem,
1092 2281 1125 2334 et
1140 2272 1353 2353 periculorum
1369 2273 1593 2355 improvidum.
1607 2276 1737 2354 Tamen,

182 2370 274 2451 quod
299 2388 383 2432 non:
402 2371 502 2433 sensit
521 2371 642 2453 quippe
664 2372 744 2433 ictus
768 2371 830 2433 sibi
852 2371 939 2433 inlli-
994 2377 1029 2430 ut
1043 2369 1198 2452 losephus
1212 2370 1267 2448 ait,
1284 2371 1389 2453 primo
1404 2371 1466 2433 luit
1488 2371 1563 2435 inde
1580 2373 1736 2437 turbatus.

182 2478 268 2545 etos,
282 2478 316 2532 et
330 2469 538 2549 imaginativa
553 2470 769 2551 sensi-tivaque
784 2471 940 2553 cognitio-
995 2466 1054 2530 Sed
1070 2469 1169 2549 quari
1184 2477 1299 2551 potest,
1311 2490 1352 2533 an
1363 2471 1487 2533 Balaam
1503 2473 1627 2553 putavit
1642 2474 1740 2537 rerba

184 2588 228 2631 ne
238 2568 456 2649 apprehendit
465 2569 592 2631 eosdem
608 2592 614 2643 ;
628 2587 690 2631 non
702 2577 808 2631 autem
819 2569 940 2633 sciebat
994 2586 1052 2629 sua
1067 2567 1204 2649 intelligi
1218 2568 1259 2631 ab
1274 2569 1364 2631 asina
1379 2589 1436 2631 sua
1448 2594 1456 2644 3
1469 2578 1500 2633 et
1511 2590 1631 2648 rursus,
1643 2592 1661 2634 a
1675 2592 1739 2654 quo

182 2666 266 2747 quid
291 2666 492 2747 loquebatur,
516 2685 574 2729 nec
596 2686 692 2748 supra
713 2676 818 2729 actum
845 2688 937 2730 suum
994 2665 1109 2747 spiritu
1134 2668 1258 2748 putavit
1282 2668 1380 2730 asinae
1405 2668 1502 2731 verba
1527 2668 1669 2733 lormari.
1691 2672 1738 2733 ad

181 2764 540 2827 habuit-reflexionem.
558 2764 630 2827 ldeo
650 2765 694 2826 ait
708 2764 838 2828 Glossa:
857 2767 937 2829 Deus
993 2783 1064 2845 quaa
1083 2764 1185 2845 possit
1206 2764 1279 2845 quis
1300 2764 1416 2842 dicere,
1432 2766 1517 2846 quod
1536 2767 1661 2829 Balaam
1685 2778 1739 2831 na-

182 2862 331 2926 animam
359 2863 458 2925 asina
482 2881 547 2925 non
572 2862 667 2925 vertit
686 2863 725 2943 iu
750 2865 937 2927 rationalem
994 2863 1088 2925 turali
1114 2863 1317 2945 philosophia
1333 2864 1517 2942 instructus,
1534 2868 1739 2947 agnovitasi-

183 2970 348 3039 naturam,
366 2962 421 3025 scd
443 2962 529 3043 quod
545 2960 607 3023 sibi
627 2962 758 3044 placuit,
776 2982 815 3026 cx
837 2960 873 3026 ea
889 2982 938 3027 so·
993 2980 1067 3023 nam
1088 2980 1162 3051 *non
1191 2980 1261 3024 esse
1291 2961 1515 3025 intellectualis
1544 2964 1738 3046 cognitionis

183 3081 265 3125 aare
280 3060 360 3124 lecit
381 3061 421 3123 ad
441 3060 540 3137 illius,
559 3060 681 3123 scilicet
695 3061 833 3137 balaam,
850 3065 974 3129 resa-C
993 3078 1150 3142 capacem,
1161 3079 1219 3121 nec
1234 3078 1271 3121 ex
1288 3060 1355 3121 suis
1374 3059 1497 3122 viribus
1511 3080 1606 3143 posse
1623 3062 1710 3145 loqui
1727 3081 1734 3127 :

183 3161 276 3223 niam
298 3161 520 3223 coercendam.
537 3159 616 3222 lliuc
636 3160 844 3240 dignissimus
863 3180 939 3243 apo·
994 3166 1124 3241 propter
1137 3158 1223 3239 quod
1234 3157 1328 3220 scivit
1343 3158 1440 3221 verba
1456 3158 1511 3221 illa
1526 3160 1675 3242 aspiritu
1689 3162 1738 3224 in*

183 3258 294 3323 stolici
310 3258 400 3320 chori
416 3266 535 3335 vertex,
546 3258 579 3319 in
595 3260 735 3321 secunda
750 3278 806 3321 sua
822 3258 938 3322 latetur
994 3256 1182 3320 tellectnalis
1193 3263 1313 3319 natura
1323 3256 1469 3331 lormari;
1481 3266 1514 3320 et
1529 3258 1635 3341 potius
1650 3280 1734 3339 reor,

181 3356 369 3421 Canonica:
387 3356 558 3438 Subjugale
582 3355 701 3419 animal
723 3357 861 3419 hominis
885 3376 939 3420 rc
992 3356 1077 3436 quod
1094 3354 1217 3437 putavit
1231 3372 1268 3417 ea
1289 3353 1419 3417 lormari
1435 3375 1454 3418 a
1468 3357 1622 3435 daemone,
1640 3378 1736 3440 quam

73 3466 78 3476 '
182 3476 221 3519 ca
248 3456 398 3536 loquens,
418 3454 573 3536 corripuit
597 3455 760 3536 prophetae
785 3455 939 3539 insipien·
992 3453 1032 3517 ab
1052 3452 1164 3533 angelo
1186 3452 1283 3517 bono.
1301 3453 1405 3516 Potuit
1420 3462 1527 3517 umen
1552 3457 1737 3539 contingere

185 3556 281 3617 tiam.
297 3554 429 3635 Insuper
451 3552 536 3615 eirca
555 3553 623 3615 base
639 3554 738 3634 quari
761 3562 879 3636 posset,
897 3574 937 3617 an
992 3552 1077 3633 quod
1094 3551 1141 3613 ira
1163 3551 1314 3633 repletus,
1333 3569 1396 3613 non
1419 3553 1669 3619 consideraverit
1689 3576 1739 3620 ae-

182 3654 317 3717 Creator
347 3650 551 3732 omnipotens
581 3670 638 3733 per
672 3652 937 3733 omnipotentiam
993 3650 1131 3727 tualitcr,
1149 3651 1234 3732 quod
1255 3658 1386 3714 noverat
1405 3650 1610 3716 habitualiter
1627 3671 1635 3717 τ
1653 3653 1740 3719 ideo-

182 3771 278 3813 suam
301 3748 589 3831 supernaturaliter
604 3758 727 3831 poterat
749 3751 825 3813 dare
840 3750 938 3815 asinas
992 3768 1055 3831 que
1081 3749 1204 3811 loeutus
1229 3749 1271 3810 sit
1294 3747 1391 3812 asima
1416 3756 1567 3830 tanquam
1587 3763 1739 3817 creaturae

183 3848 437 3930 intelligentiam
453 3866 563 3911 eorum
586 3867 656 3928 quas
672 3848 827 3930 protulit:
845 3850 938 3931 cujus
993 3846 1152 3924 rationali,
1169 3855 1200 3909 et
1215 3845 1308 3927 quasi
1331 3847 1520 3928 peccaverit,
1537 3868 1636 3930 quum
1656 3861 1740 3915 esset

183 3950 231 4012 rei
247 3947 485 4011 discussionem
497 3946 760 4029 disputatoribus,
774 3948 939 4012 scholasti·
993 3945 1134 4009 innoxia.
1147 3944 1204 4008 Vel
1220 3943 1354 4026 protulit
1375 3946 1472 4009 verba
1493 3948 1532 4009 ad
1552 3947 1686 4027 asinam,
1703 3960 1739 4013 ut

182 4050 300 4131 cisque
317 4046 495 4112 committo.
931 4096 935 4101 ι
993 4044 1280 4124 intelligerentura
1302 4042 1452 4124 loquente
1473 4063 1530 4126 per
1544 4064 1626 4124 eam,
1644 4056 1676 4110 et
1691 4048 1737 4110 in-

224 4147 408 4226 Respondit
422 4148 565 4205 Balaam
580 4166 591 4205 :
609 4146 693 4214 Quia
708 4149 935 4219 commeruisti,
993 4142 1204 4222 dignatusest
1224 4148 1335 4204 contra
1355 4140 1458 4220 illum,
1475 4142 1555 4205 etin
1578 4144 1666 4208 illius
1687 4148 1739 4210 de

182 4258 213 4307 et
229 4246 373 4306 illusisti
383 4245 477 4314 midi,
490 4242 522 4305 id
539 4251 597 4318 est,
611 4243 702 4323 quasi
719 4244 870 4307 stolidum
886 4264 938 4308 me
952 4242 977 4305 l)
992 4243 1088 4305 decus
1105 4240 1206 4305 voluit
1220 4238 1344 4301 asinam
1362 4240 1530 4305 trucidare.

184 4343 344 4409 tractasti.
357 4342 426 4419 Vel,
442 4361 499 4423 per
526 4350 555 4404 te
581 4340 745 4403 fraudatus
769 4363 839 4405 sum
865 4362 936 4407 meo
1031 4341 1189 4403 Protinus
1213 4340 1343 4415 aperuit
1366 4341 1526 4400 Dominus
1546 4346 1650 4403 oculos
1673 4348 1737 4405 Ba·

183 4445 326 4519 intento,
343 4441 419 4523 quia
442 4441 592 4522 putabam
615 4442 699 4522 quod
716 4441 796 4503 mihi
821 4443 938 4506 obtem·
992 4445 1079 4501 taam
1103 4459 1114 4498 .·
1140 4456 1203 4501 non
1228 4437 1315 4518 quod
1345 4438 1525 4519 corporales
1550 4440 1634 4503 oculi
1664 4443 1735 4524 ejus

183 4560 329 4626 parares,
348 4550 382 4604 et
402 4540 630 4604 convenienter
652 4559 703 4603 me
724 4540 856 4604 veheres
874 4566 881 4616 ;
903 4550 938 4605 tu
988 4537 1156 4619 ,hucusque
1172 4534 1419 4611 luerintclausi,
1437 4535 1658 4616 sedquoniam
1672 4541 1737 4605 Deo

183 4651 295 4705 autem
308 4640 413 4703 iecisti
424 4639 631 4702 contrarium.
649 4642 781 4701 Utinam
791 4642 937 4701 animem
991 4636 1134 4718 jubente,
1156 4653 1242 4696 nunc
1264 4632 1357 4696 aliter
1381 4643 1547 4715 coeperunt
1571 4636 1688 4717 videre,
1705 4648 1738 4703 et

179 4743 341 4819 pladiani
357 4748 393 4798 nt
415 4748 444 4798 te
454 4747 665 4815 percuterem,
683 4738 714 4799 id
738 4745 796 4813 est,
814 4738 938 4801 occide-
991 4735 1072 4797 illud
1095 4734 1253 4816 inspicere
1275 4733 1361 4814 quod
1377 4738 1470 4794 antea
1491 4751 1554 4795 non
1573 4735 1735 4801 viderunt.

184 4858 267 4903 rem.
286 4839 384 4899 Dicit
404 4838 501 4897 asina
522 4856 533 4895 .·
554 4838 671 4897 Nonne
696 4838 823 4896 animal
845 4846 937 4897 tunm
991 4834 1143 4896 Praeterea
1172 4831 1298 4914 aperuit
1327 4829 1436 4894 oculos
1456 4830 1537 4912 ejus·
1556 4832 1736 4914 interiores,

183 4960 275 5007 sum,
284 4938 342 4997 cui
350 4954 474 5013 semper
486 4936 626 4995 insidere
636 4936 830 4995 consuevisti
840 4956 938 5015 nsque
993 4930 1229 4993 manifestando
1243 4928 1274 4992 ei
1295 4929 1382 5011 quod
1396 4937 1470 4991 ante
1492 4930 1638 5010 nescivit,
1657 4934 1740 4997 siout

184 5040 222 5098 in
245 5043 440 5115 praesentem
464 5035 578 5093 diem?
598 5030 629 5094 id
650 5041 709 5109 cst,
734 5050 828 5114 super
854 5033 937 5113 quod
993 5029 1219 5111 subjungitur:
1236 5038 1266 5089 et
1282 5031 1367 5089 uidit
1381 5032 1534 5104 angelum
1548 5038 1686 5093 stantem
1702 5035 1739 5093 in

184 5134 278 5199 omni
294 5142 439 5213 tempore
453 5139 634 5213 opportuno
645 5130 773 5193 interim
789 5132 873 5212 quod
888 5150 939 5193 me
994 5131 1049 5189 via
1063 5132 1234 5206 evaainato
1251 5129 1379 5204 alania,
1396 5134 1547 5207 lanquam
1563 5127 1689 5207 iratum,
1707 5139 1740 5193 et

184 5231 343 5307 habuisti,
361 5228 475 5292 solitus
497 5248 531 5292 es
546 5229 700 5311 equitare.
718 5232 780 5290 Dic
797 5231 878 5310 qnid
899 5232 939 5289 si·
993 5228 1032 5291 ad
1044 5226 1256 5289 resistendum
1266 5233 1412 5306 paratum
1425 5248 1432 5298 3
1444 5227 1657 5307 adoravitque
1665 5250 1739 5290 enm

184 5334 265 5393 mile
290 5349 438 5409 unquam
461 5328 594 5405 fecerim
620 5330 688 5389 tibi.
712 5331 756 5397 At
780 5330 837 5388 ille
861 5330 910 5388 ait
926 5348 937 5387 .·
989 5346 1115 5404 pronus
1132 5326 1173 5385 in
1193 5335 1324 5394 amam,
1340 5322 1525 5386 adoratione
1545 5324 1652 5404 duliae,
1667 5346 1735 5391 non
