4309 6259
478 521 652 568 manuario
674 522 705 567 tn
726 522 793 568 Ghl'.
817 521 903 568 mu
924 521 1158 569 bubbenottortn.
1180 541 1221 552 ·-
1241 523 1312 570 Ali'f.
1334 520 1431 569 xxxvt
1663 497 1724 563 667

176 699 225 767 tu,
254 699 329 753 sunt
354 691 460 773 plana,
485 690 712 774 multotiesque
737 692 922 774 praehabita,
940 691 964 754 h
981 711 1070 755 suam
1104 693 1245 754 humana
1275 692 1446 772 fragilitate
1475 699 1626 766 exortam,
1658 697 1723 750 tam

177 788 212 850 in
230 808 295 871 quo
312 790 423 872 utique
446 789 624 853 declaratur
646 791 775 870 grandis
797 789 926 852 humili·
981 789 1214 872 frequentaret
1234 811 1306 854 cum
1322 799 1409 854 tanta
1424 788 1664 873 exaggeratione
1679 806 1725 850 re-

174 895 226 950 tas
241 888 367 971 Moysis,
378 889 463 969 quod
479 907 576 951 unam
592 897 624 952 et
639 890 781 952 eamdem
798 889 925 972 culpam
981 890 1089 954 sumit.

680 1321 1004 1407 XRTICULUS
1047 1323 1229 1406 XXXVI

438 1593 625 1640 SPllil'l'UALlS
652 1592 809 1638 EXPOSl‘l'lO
835 1593 968 1638 musonii
993 1592 1130 1639 CAl‘l‘fllbl
1156 1594 1307 1640 'ffthESlldl
1333 1596 1469 1642 suebant.

244 1871 928 1956 LOSSXprotestante‚sanatihloysisverba
945 1873 968 1933 B
983 1873 1137 1954 singulos,
1165 1876 1339 1938 secundum
1365 1876 1450 1958 quod
1471 1897 1584 1960 capere
1605 1887 1728 1960 queunt

255 1995 321 2038 non
342 1983 414 2037 sunt
436 1974 626 2056 simpliciter
640 1974 836 2056 accipienda,
853 1972 929 2054 quia
983 1981 1014 2034 et
1030 1973 1185 2054 indigent,
1202 1973 1386 2037 informare.

176 2075 359 2138 secundum
389 2074 555 2136 historiam
582 2073 751 2154 exprobrat
779 2070 929 2133 israelitis
1024 2073 1208 2132 Concrescat
1222 2083 1260 2133 at
1269 2076 1389 2149 plavia
1404 2076 1553 2134 doctrina
1568 2076 1728 2139 meaPraa

177 2173 242 2236 Deo
258 2171 393 2254 ingratis
415 2169 599 2254 perfidiam.
622 2170 798 2251 hllegorice
822 2177 928 2232 autem
984 2169 1067 2230 latus
1084 2179 1116 2232 et
1137 2170 1324 2250 praedicator
1345 2173 1418 2252 igne
1437 2172 1578 2235 caritatis
1598 2193 1730 2238 succan-

177 2279 323 2334 sanctam
345 2271 438 2334 docet
460 2270 634 2333 Ecclesiam
649 2293 657 2344 3
675 2277 770 2351 atquo
790 2288 847 2351 per
869 2276 929 2330 tro
984 2287 1046 2344 sus,
1065 2269 1182 2332 etzelo
1202 2269 1349 2334 fraternae
1373 2270 1514 2334 caritatis
1540 2282 1726 2353 exastuans,

177 2369 393 2452 pologiamad
408 2388 534 2432 morum
551 2377 702 2450 provocat
717 2368 926 2430 honestatem.
985 2386 1048 2431 non
1075 2367 1116 2430 ob
1140 2369 1301 2452 propriam
1327 2371 1584 2434 commoditatem
1609 2381 1640 2434 et
1666 2372 1730 2435 lau-

177 2469 212 2531 ln
236 2467 372 2530 historia
396 2485 471 2548 ergo
497 2468 653 2530 servanda
677 2475 725 2530 est
749 2465 876 2540 veritas,
895 2463 928 2526 in
984 2468 1068 2543 dom,
1087 2469 1142 2530 sad
1157 2469 1196 2531 ad
1212 2469 1267 2531 Dei
1284 2469 1449 2547 honoram,
1466 2470 1729 2553 audientiumque

179 2567 359 2648 tropologia
380 2566 502 2629 utilitas
522 2566 711 2647 disciplina,
730 2564 761 2626 in
778 2564 929 2643 allegoria
985 2565 1163 2647 profectum
1185 2587 1274 2630 suam
1290 2569 1380 2650 cupit
1394 2569 1570 2632 doctrinam
1586 2589 1729 2633 reveren-

178 2664 379 2748 mysterium
394 2674 427 2727 ut
439 2666 484 2728 sic
497 2666 535 2728 ad
550 2665 705 2728 theoriam
717 2663 929 2745 provehamur
984 2674 1043 2742 ter,
1061 2665 1233 2747 diligenter
1248 2675 1279 2729 ct
1302 2667 1465 2731 fructuose
1487 2669 1600 2745 audiri,
1619 2669 1729 2750 sicque

178 2765 541 2828 coelestem.Notandum
559 2781 686 2844 quoque
701 2763 786 2843 quod
802 2761 926 2837 dicitur,
985 2763 1022 2826 in.
1034 2765 1234 2828 auditoribus
1254 2774 1376 2829 crescat
1391 2767 1424 2828 in
1442 2767 1595 2849 pluviam,
1614 2767 1646 2829 id
1667 2776 1725 2844 est,

48 2885 162 2938 narmi,
179 2865 318 2928 Locutus
342 2871 390 2927 est
409 2864 529 2946 ldoyses
552 2862 649 2926 verba
674 2860 835 2938 carminis,
853 2869 926 2935 ete,
985 2857 1102 2945 pluviae
1116 2863 1311 2926 assimiletur
1328 2882 1335 2926 :
1353 2864 1504 2946 quoniam
1522 2865 1603 2928 sicut
1620 2865 1729 2947 pluvia

43 2951 71 2990 ³⁰·
179 2971 338 3045 quatenus
361 2963 417 3044 qui
439 2963 536 3025 Deum
558 2980 614 3025 ore
634 2961 752 3036 laudat,
776 2978 871 3042 opere
893 2978 929 3021 ac
986 2962 1170 3025 innumeras
1193 2963 1288 3025 habet
1309 2971 1425 3044 guttas,
1444 2964 1560 3027 siccam
1577 2972 1608 3026 et
1630 2963 1730 3027 arefa-

45 3085 160 3136 cientes.
179 3063 325 3126 moribus
351 3081 413 3125 non
442 3060 648 3138 contradicat,
673 3080 773 3142 quum
800 3077 863 3122 non
889 3059 966 3125 sitC
985 3069 1068 3124 ctam
1091 3070 1206 3123 terram
1229 3062 1402 3138 humectat,
1419 3071 1451 3125 et
1468 3061 1616 3125 floridam
1639 3063 1727 3140 lacit,

178 3161 325 3244 speciosa
341 3161 410 3222 laus
428 3160 460 3223 in
476 3179 532 3222 ore
546 3157 837 3242 peccatorisPorro
852 3157 930 3238 hloy-
985 3162 1096 3223 duram
1113 3159 1236 3222 emollit
1250 3169 1346 3241 atque
1366 3160 1518 3223 arabilem
1534 3160 1648 3238 elficit,
1667 3159 1731 3223 fru-

178 3280 229 3323 ses
250 3259 423 3341 allegorice
438 3259 599 3323 Christum
615 3257 772 3337 designat,
794 3255 929 3338 tropolo-
984 3266 1070 3322 ctum
1087 3277 1176 3321 exea
1192 3259 1349 3341 producit,
1359 3259 1575 3334 fovetabluit,
1584 3267 1615 3322 et
1630 3279 1730 3340 usque

177 3361 249 3441 gice
266 3377 502 3441 quemcumque
519 3357 685 3439 praelatum
702 3374 758 3419 seu
779 3354 930 3437 praedica·
984 3357 1023 3418 ad
1035 3356 1250 3420 maturitatem
1262 3357 1406 3439 perducit
1419 3382 1426 3432 3
1439 3357 1485 3420 sic
1496 3377 1584 3420 sacra
1595 3357 1731 3438 Scripta·-

178 3469 293 3523 torem.
316 3457 459 3520 Christus
483 3457 590 3537 itaque
616 3473 671 3518 seu
697 3455 767 3535 ejus
791 3452 929 3516 vicarius
985 3474 1019 3517 ra
1034 3455 1150 3517 multas
1162 3455 1195 3516 in
1206 3475 1239 3518 se
1250 3455 1423 3519 sententias
1433 3456 1726 3529 continet,animam

178 3559 249 3622 ait:
268 3559 404 3626 Audite,
418 3558 502 3628 coeti,
514 3559 721 3635 quartoqcor,
738 3556 855 3614 audiat
872 3563 930 3613 ter-
985 3555 1159 3617 desolatam
1189 3563 1221 3617 et
1249 3553 1480 3617 infructuosam
1510 3553 1728 3617 consolatione

178 3679 217 3718 ra
234 3659 331 3718 verba
348 3658 414 3716 oris
430 3657 504 3715 mei.
521 3654 578 3716 Per
593 3652 692 3715 eoelos
709 3652 930 3732 intelliguntur
985 3661 1094 3716 sancta
1118 3673 1154 3716 ac
1180 3654 1332 3715 virtutum
1359 3652 1522 3716 floritione
1552 3651 1727 3734 perfundit,

180 3755 328 3818 homines
347 3751 543 3836 spirituales,
561 3751 691 3828 interni,
710 3750 930 3832 contemplati·
985 3752 1091 3816 cordis
1113 3752 1219 3814 aufert
1238 3751 1399 3828 duritiam,
1418 3760 1449 3814 et
1463 3751 1602 3813 animam
1627 3751 1730 3813 reddit

48 3867 163 3924 estepani,
180 3853 222 3931 vi,
236 3853 310 3936 puri
321 3872 357 3914 ac
375 3851 502 3928 fervidi,
515 3869 652 3932 quorum
669 3849 868 3912 conversatio
883 3857 930 3912 est
985 3849 1167 3913 docibilem.
1184 3849 1268 3911 Parit
1288 3867 1416 3931 quoque
1436 3849 1468 3910 in
1490 3868 1528 3911 ea
1549 3847 1729 3911 meritorios

45 3935 71 3973 ²⁰·
181 3954 214 4016 in
230 3951 373 4028 coelis,in
388 3969 525 4032 quorum
541 3967 677 4030 persona
693 3947 835 4010 Salvator
850 3947 930 4009 dixit
984 3957 1085 4024 actus,
1103 3956 1135 4010 ot
1157 3947 1257 4009 nutrit
1279 3949 1418 4020 eosdem,
1437 3947 1519 4010 lavat
1543 3966 1562 4008 a
1577 3947 1682 4029 culpa,
1699 3955 1731 4008 ct

51 4070 164 4122 uterina
182 4051 342 4135 hpostolis
361 4069 367 4112 :
386 4049 484 4112 Vobis
499 4050 608 4110 datum
629 4055 678 4110 est
700 4065 794 4109 nosse
816 4054 930 4128 myste-
985 4047 1024 4108 ad
1040 4045 1268 4128 perfectionem
1284 4044 1423 4108 deducit.
1440 4049 1541 4105 Fluat
1556 4055 1592 4105 at
1609 4066 1660 4105 ros
1673 4049 1731 4105 eto

46 4135 71 4175 ¹¹·
181 4151 266 4212 rium
283 4149 372 4228 regni
388 4149 453 4210 Dei.
470 4148 527 4210 Per
538 4156 653 4210 terram
672 4165 747 4209 vero
761 4146 930 4226 designari·
984 4147 1102 4224 quiem
1117 4166 1222 4206 mcum
1234 4152 1412 4225 :quatenus
1428 4143 1511 4206 sicut
1528 4161 1611 4206 rosa
1628 4141 1731 4206 fervo-

180 4258 233 4311 tur
263 4247 464 4330 insipientes
492 4246 648 4308 animales
673 4253 704 4308 et
733 4244 925 4326 imperfecti.
945 4250 969 4311 D
986 4262 1019 4305 re
1034 4241 1210 4322 refrigerat,
1228 4251 1260 4306 et
1281 4242 1365 4306 cadit
1389 4243 1421 4303 in
1444 4249 1556 4316 nocte,
1574 4241 1619 4304 sic
1634 4241 1731 4304 verba

180 4348 330 4428 Utrisque
345 4347 499 4410 Dominus
519 4346 608 4408 lesus
632 4345 870 4426 proportionata
894 4343 927 4406 in
984 4361 1055 4404 moa
1070 4341 1110 4404 ab
1121 4350 1199 4405 astu
1212 4341 1423 4404 tentationum
1434 4339 1731 4420 etaeoneupiscen-

181 4445 356 4526 Evangelio
373 4445 539 4527 proposuit
558 4445 757 4506 documenta.
777 4441 928 4504 Similiter
986 4441 1100 4503 tiaram
1124 4441 1228 4503 calore
1250 4448 1363 4503 eruant
1384 4438 1560 4514 audientes,
1577 4448 1673 4519 atque
1696 4438 1729 4500 in

51 4553 164 4608 iconio.
180 4544 296 4606 Paulus
321 4542 486 4625 apostolus
510 4563 516 4606 :
535 4542 740 4623 Sapientiam,
765 4540 925 4621 inquiens,
985 4539 1144 4615 noctibus,
1158 4539 1189 4600 id
1205 4547 1252 4601 est
1266 4536 1521 4612 adversitatibus,
1540 4536 1728 4616 ignorantiis

66 4654 149 4700 raras.
181 4641 345 4723 loquimur
361 4642 445 4703 intcr
462 4640 631 4722 perfectos.
648 4640 686 4702 Et
709 4637 927 4702 rursuszNon
985 4645 1015 4699 et
1040 4637 1201 4700 erroribus
1226 4643 1375 4719 praestent
1406 4634 1671 4696 illuminationem
1698 4641 1729 4696 at

179 4741 321 4823 judicavi
341 4761 393 4804 me
413 4741 535 4822 aliquid
561 4739 642 4803 scire
667 4739 749 4802 inter
775 4758 843 4816 vos,
865 4737 927 4800 nisi
984 4736 1093 4816 gratiae
1110 4735 1298 4799 ubertatem.
1318 4737 1418 4803 Quasi
1433 4735 1533 4794 imber
1550 4753 1646 4810 saper
1661 4735 1730 4793 ber-

44 4849 160 4906 rtrr.n1,r,a
178 4840 285 4902 Jesum
301 4839 514 4915 Christum,et
528 4836 928 4910 hunccrucifixum.0uasi
984 4838 1068 4914 bom,
1089 4845 1120 4894 et
1141 4836 1236 4914 quari
1256 4836 1347 4895 stillo
1369 4853 1466 4912 saper
1484 4833 1640 4909 gramina
1662 4852 1674 4890 .·
1696 4829 1729 4892 id

180 4938 322 5020 parvulis
346 4937 380 4999 in
396 4936 521 5000 Christo
538 4936 585 4999 lac
602 4935 693 4998 vobis
716 4943 824 5016 potum
841 4935 925 5010 dedi,
984 4943 1042 5011 est,
1061 4934 1144 4997 sicut
1163 4932 1269 4995 herba
1289 4940 1320 4994 et
1341 4931 1485 5014 gramina
1504 4930 1617 4992 molles
1635 4938 1667 4992 et
1686 4938 1730 4992 te-

180 5055 243 5098 non
261 5035 399 5099 solidum
419 5035 536 5098 cibum.
555 5034 642 5097 Sicut
659 5041 690 5096 et
706 5033 927 5114 unusquisque
985 5052 1067 5096 nerae
1093 5039 1167 5093 sunt
1191 5033 1229 5093 ad
1255 5031 1371 5113 pluviat
1397 5029 1643 5111 susceptionem,
1671 5047 1729 5090 nec

178 5135 235 5216 qui
249 5142 442 5216 praestant
457 5134 590 5196 docetet
601 5133 762 5215 praedicat,
771 5131 860 5212 juxta
875 5151 928 5194 au·
984 5129 1183 5194 infructuose
1207 5149 1275 5192 cam
1302 5128 1502 5211 suscipiunt3
1530 5128 1575 5190 sic
1600 5127 1728 5190 audien-

179 5232 337 5296 dientium
354 5232 560 5314 capacitatem
581 5240 612 5294 et
628 5230 835 5312 indigentiam
853 5248 926 5293 suos
984 5230 1062 5292 tium
1083 5227 1179 5291 corda
1195 5227 1351 5290 flexibilia
1366 5227 1431 5289 sint
1445 5226 1485 5288 ad
1500 5226 1594 5302 bona,
1608 5234 1639 5288 et
1658 5225 1728 5287 sine

180 5331 275 5395 debet
290 5329 447 5394 moderari
464 5349 637 5406 sermones,
656 5338 688 5392 et
708 5329 872 5392 universos
889 5347 925 5392 ac
984 5326 1153 5390 renitentia
1177 5324 1306 5388 audiant
1329 5325 1427 5388 verba
1451 5333 1579 5399 saneta3
1597 5342 1656 5388 nec
1681 5322 1728 5385 in-
