4309 6259
578 502 752 549 ananmrro
773 503 804 547 ru
825 502 893 549 cnr.
917 502 1014 549 nrm
1035 502 1137 549 aroer.
1160 522 1201 533 -
1221 504 1292 550 aar.
1315 505 1352 549 as
1699 486 1737 549 tt

182 672 290 735 vicem
317 673 456 739 tirmiter
480 676 654 738 cohereret
679 691 686 737 ε
709 683 741 737 et
765 674 825 739 hoo
851 673 936 737 intra
951 675 976 737 h
992 674 1053 736 sibi
1068 674 1236 757 inscripta.
1254 679 1430 737 Duodecim
1445 677 1631 737 nominibus
1645 681 1737 737 ealo-

184 772 289 851 magis
306 773 439 853 patebit.
991 776 1114 833 burttur
1128 776 1253 851 singuli
1270 776 1404 851 lapides,
1421 782 1531 855 utpote
1552 776 1737 835 nominibus

226 871 299 935 llaec
314 872 353 934 de
369 872 623 955 superhumerali
640 872 673 934 in
690 880 776 935 textu
787 880 937 935 contenta
989 874 1194 949 singulorum
1205 892 1266 950 per
1285 876 1454 932 duodecim
1476 875 1588 944 tribus,
1605 872 1665 935 hoc
1687 880 1735 935 est

183 979 273 1032 sunt.
290 969 366 1044 Quae
388 979 423 1032 ut
445 970 564 1034 clarius
585 970 818 1051 intelligantur,
836 970 937 1033 scien·
991 971 1176 1035 nominibus
1204 960 1372 1035 duodecim
1402 971 1671 1046 Patriarcharum,
1697 991 1735 1033 ex

183 1068 264 1130 dum
286 1068 364 1149 quia
378 1071 428 1148 (ut
451 1077 569 1133 tactum
592 1070 654 1150 est)
674 1069 936 1151 superhumerale
989 1069 1107 1151 quibus
1123 1069 1289 1133 duodecim
1314 1070 1416 1132 tribus
1439 1079 1521 1132 natm
1542 1078 1627 1131 sunt.
1645 1069 1736 1133 lieni·

184 1165 250 1227 tuit
264 1168 364 1229 vestis
380 1169 545 1249 quadrata,
563 1167 662 1230 altera
684 1176 775 1250 parte
796 1166 932 1247 longior,
989 1187 1051 1250 que
1069 1168 1165 1230 trium
1181 1167 1344 1231 seniorum
1360 1167 1615 1231 Patriarcharum
1635 1169 1735 1231 nomi·
1790 1242 1794 1250 Ι

184 1282 251 1327 non
267 1264 390 1327 habens
406 1266 558 1343 manicas,
576 1266 631 1329 sod
647 1274 827 1347 aperturam
844 1284 936 1347 supe·
989 1286 1040 1344 na,
1058 1275 1150 1330 erant
1166 1266 1321 1348 impressa
1343 1275 1376 1329 et
1397 1267 1457 1329 sita
1478 1266 1512 1328 in
1534 1266 1620 1329 linea
1641 1286 1735 1349 supe-

185 1363 265 1439 rius,
284 1383 342 1445 per
357 1383 453 1445 quam
475 1364 658 1446 imponebat
679 1363 824 1447 pontifex
839 1372 935 1446 caput
989 1364 1083 1439 riori;
1097 1364 1211 1427 deinde
1228 1365 1261 1426 in
1278 1364 1363 1427 linea
1378 1363 1462 1427 infra
1478 1364 1734 1446 posita,aliorum

183 1480 293 1538 suum,
306 1464 398 1544 cujus
409 1462 507 1527 restis
522 1461 658 1525 latitudo
674 1463 752 1527 texit
768 1461 934 1545 pontilicis
988 1464 1085 1525 trium
1102 1462 1232 1525 nomina
1245 1487 1252 1538 ;
1265 1463 1375 1545 sicque
1390 1463 1542 1545 deinceps
1557 1463 1732 1525 secundum

183 1560 350 1623 humeros.
366 1561 462 1625 Porro
479 1580 541 1624 una
563 1581 637 1643 pars
653 1560 864 1641 longitudinis
886 1562 935 1642 ip-
987 1563 1133 1627 ordinem
1147 1562 1365 1642 generationis
1382 1562 1536 1644 ipsorum.

183 1660 253 1721 sius
269 1661 646 1742 superhumeralis‚retro
662 1661 805 1743 pendens
821 1667 853 1722 et
867 1660 934 1723 dor·
1028 1664 1141 1723 Facies
1157 1662 1362 1721 inrationali
1377 1671 1504 1721 caunas
1518 1660 1581 1720 sibi
1595 1662 1734 1720 invicem

183 1776 255 1820 snm
272 1758 641 1841 operiens,pertingebat
656 1778 757 1840 usque
773 1760 811 1821 ad
828 1778 931 1835 renes,
988 1764 1176 1821 colorantes
1197 1779 1238 1819 eu
1260 1780 1343 1819 auro
1362 1760 1551 1837 purissimo.
1568 1758 1636 1820 lsta
1658 1765 1735 1819 sunt

184 1858 228 1919 ita
254 1865 291 1919 ut
316 1857 499 1939 supercingi
523 1857 652 1939 potuit;
678 1857 779 1921 altera
804 1859 931 1921 demum
951 1864 1208 1939 Raetorumque
1230 1858 1326 1940 paulo
1348 1866 1422 1921 ante
1443 1856 1631 1920 dicebantur
1652 1864 1733 1921 cate

183 1975 258 2037 pars
280 1965 356 2019 ante
378 1956 548 2039 pendebat,
565 1958 713 2039 operiens
736 1965 856 2039 pectus.
875 1958 934 2018 lla-
988 1958 1083 2020 nulae.
1102 1961 1144 2019 Et
1162 1961 1242 2017 duos
1257 1962 1397 2019 annulos
1410 1976 1534 2029 aureos,
1546 1976 1623 2035 quos
1634 1976 1733 2033 putes

182 2052 255 2116 buil
269 2072 400 2136 queque
415 2055 511 2117 vestis
534 2055 601 2117 haac
623 2064 805 2137 aperturam
828 2055 861 2117 in
881 2074 933 2137 pe-
988 2060 1025 2117 in
1047 2066 1184 2136 utraque
1200 2058 1374 2117 rationalis
1388 2057 1586 2126 summitate,
1602 2055 1663 2134 hoc
1684 2064 1734 2118 est

184 2162 273 2217 clere
295 2154 462 2235 quadram,
481 2155 518 2216 ad
543 2154 797 2235 magnitudinem
820 2154 930 2237 palmi,
988 2155 1020 2215 in
1037 2154 1163 2217 duobus
1178 2154 1389 2217 exterioribus
1403 2153 1542 2233 angulis,
1559 2172 1617 2216 seu
1632 2161 1735 2219 extre

183 2253 236 2315 cui
251 2261 411 2333 apertura
425 2253 580 2316 rationale
595 2253 858 2317 inserebatur.l)e
868 2272 933 2336 quo
987 2253 1154 2316 mitatibus
1174 2254 1255 2334 ejus.
1274 2256 1469 2334 Catonesque
1488 2273 1604 2314 aureas
1611 2254 1732 2331 junges

184 2350 403 2433 subjungitur.
987 2354 1134 2425 annulis,
1149 2354 1298 2433 quisunt
1313 2355 1351 2413 in
1367 2354 1571 2430 marginibus
1584 2353 1666 2430 ejus.
1677 2353 1732 2415 Ga·

226 2452 401 2512 Rationale
427 2470 550 2529 quoque
565 2452 694 2527 judicii
718 2453 817 2532 foetes
842 2472 932 2529 opere
988 2460 1069 2514 mnia
1093 2452 1213 2515 etenim
1239 2452 1308 2514 istae
1332 2451 1587 2514 innectebantur·
1602 2451 1731 2514 annulis

180 2549 455 2627 polymitajumta
472 2558 634 2609 tenturam
648 2554 931 2626 superhumeralia,
987 2550 1052 2613 illis
1072 2569 1129 2632 per
1150 2549 1276 2613 fistulas
1294 2568 1418 2626 aureaS,
1435 2558 1467 2613 et
1481 2549 1732 2614 extendebantur

183 2648 215 2709 id
231 2655 280 2710 est
296 2666 334 2709 ex
349 2646 470 2709 eisdem
486 2646 639 2724 materiis,
650 2666 688 2709 er
702 2648 820 2729 quibus
836 2656 867 2711 et
883 2669 932 2711 su·
986 2667 1088 2731 usque
1103 2648 1268 2731 pontilicis
1288 2648 1447 2730 scapulas,
1465 2667 1560 2731 super
1575 2667 1655 2730 quas
1674 2649 1732 2711 im-

183 2745 417 2828 perhumerale‚
428 2744 576 2809 videlicet
590 2766 631 2805 eoo
645 2766 737 2818 auro,
755 2750 930 2823 hyacintho
986 2748 1194 2811 mittebantur
1208 2767 1246 2810 ac
1265 2746 1488 2810 inserebantur
1503 2746 1628 2810 duobus
1643 2748 1732 2810 unci-

181 2857 210 2906 el
230 2862 563 2923 purpurarumque
588 2846 634 2904 bis
660 2847 768 2915 tincto,
791 2854 820 2905 et
841 2849 930 2923 bysso
987 2846 1037 2907 nis
1059 2846 1176 2923 aureis,
1198 2844 1335 2909 firmiter
1356 2843 1468 2907 infixis
1490 2845 1732 2926 superhumera-

182 2954 301 3005 retorta
317 2962 328 3004 .·
345 2944 431 3005 unde
450 2951 482 3005 et
500 2943 685 3005 eorumdem
709 2942 772 3005 luit
786 2944 930 3006 colorum
987 2945 1021 3021 li,
1038 2953 1074 3006 ut
1094 2944 1139 3006 sic
1161 2944 1229 3007 haec
1242 2944 1306 3006 duo
1320 2950 1508 3006 ornamenta
1529 2942 1592 3006 sihi
1616 2940 1731 3004 tertius

182 3060 254 3105 oum
281 3041 548 3123 superhumerali.
572 3045 844 3119 Quadranoulum
868 3046 930 3104 orit
949 3043 1274 3108 Cooharorentldeo
1287 3041 1506 3104 subditurzul
1521 3044 1732 3119 ipsorumm-

181 3152 209 3201 et
222 3144 359 3218 duptan,
367 3138 399 3201 id
415 3148 463 3202 est
479 3140 600 3222 duplici
618 3149 739 3203 textura
756 3140 928 3219 firmatum,
986 3154 1133 3205 tenorum
1154 3153 1297 3203 eutrema
1316 3143 1438 3202 duobus
1457 3142 1621 3218 copulabis
1641 3140 1733 3199 uncia

182 3258 237 3302 seu
253 3257 293 3302 ex
308 3257 417 3321 panno
432 3238 595 3319 duplicato
611 3238 795 3317 formatum,
806 3248 841 3301 ut
857 3240 931 3304 laci·
985 3245 1037 3302 nis
1048 3244 1085 3302 in
1096 3252 1231 3321 utroque
1240 3244 1338 3302 tatere
1347 3240 1632 3317 superhumeralis,
1645 3240 1730 3318 quod

182 3339 242 3401 lius
259 3344 365 3420 portel
381 3338 505 3420 pondus
525 3356 735 3418 gemmarum,
754 3340 930 3402 secundum
984 3342 1145 3401 rationale
1165 3340 1306 3417 respicit.
1323 3340 1436 3401 Facies
1450 3348 1480 3399 et
1494 3341 1576 3398 duos
1591 3338 1730 3397 annulos

180 3437 336 3501 Glossam.
361 3440 551 3498 Mensarum
573 3440 682 3513 palmi
702 3440 837 3509 habebit,
863 3450 930 3500 lam
984 3460 1108 3510 aureos,
1124 3460 1202 3519 quos
1214 3458 1312 3518 pones
1326 3439 1363 3498 in
1377 3437 1619 3497 summitatibus
1632 3436 1731 3495 ratio-

181 3540 215 3597 in
226 3537 445 3614 turpitudine,
452 3556 551 3615 quom
566 3538 602 3596 in
614 3539 843 3610 latitudinem
853 3556 930 3619 prat-
984 3540 1082 3609 nalis,
1099 3537 1132 3599 id
1148 3546 1196 3600 est
1212 3538 1245 3599 in
1261 3535 1334 3599 aliis
1349 3534 1474 3598 duobus
1491 3532 1621 3623 angulis
1636 3533 1727 3613 ejus;

181 3635 245 3697 cisa
270 3633 421 3716 impleret
443 3641 626 3715 aperturam
656 3634 929 3716 superhumeralis
984 3648 1013 3697 et
1028 3640 1065 3697 in
1082 3639 1157 3708 oris,
1175 3658 1246 3717 qua
1260 3658 1276 3696 e
1290 3636 1420 3713 regione
1432 3643 1509 3695 sunt
1522 3634 1730 3709 superhume-

182 3732 358 3815 praelatam.
376 3731 438 3793 Cur
453 3739 559 3793 autem
576 3732 697 3794 dictum
719 3732 760 3794 sit
775 3733 930 3798 rationale
984 3738 1076 3808 rotis,
1092 3745 1123 3796 et
1136 3737 1313 3812 posteriora
1326 3735 1396 3811 ejus
1411 3732 1609 3809 adspiciunt,
1627 3727 1660 3791 id
1679 3736 1728 3791 est

181 3830 306 3912 judicii,
324 3848 398 3892 mox
418 3829 554 3891 dicetur.
570 3833 735 3910 Ponosque
752 3834 788 3892 in
802 3852 837 3893 eo
851 3854 930 3912 qua·
984 3834 1017 3896 in
1044 3833 1185 3915 pretatis
1210 3832 1334 3897 duobus
1358 3829 1494 3911 angulis,
1518 3848 1557 3892 ex
1580 3826 1728 3910 opposito

183 3941 255 3991 tuor
275 3930 406 3989 ordines
428 3930 578 4006 tapidum
600 3928 812 4009 pretiosorum
837 3949 843 3992 :
870 3933 929 3995 hoc
983 3931 1308 4014 correspondentibus
1317 3930 1442 4009 angulis
1458 3924 1728 4010 superhumeralis

181 4038 240 4105 est,
251 4026 423 4090 duodecim
438 4045 581 4107 gemmas
598 4046 654 4109 per
675 4036 813 4109 quatuor
829 4029 929 4095 lineas
984 4031 1121 4094 duobus.
1144 4030 1306 4112 Siquidem
1318 4029 1357 4091 in
1376 4036 1512 4110 quatuor
1533 4025 1659 4108 angulis
1681 4043 1729 4087 ra-

182 4126 418 4203 subordinatas,
431 4144 487 4187 seu
501 4142 642 4205 congruo
658 4126 771 4190 ordine
787 4127 874 4192 silas.
888 4134 928 4192 ln
984 4130 1124 4206 tionalis,
1134 4136 1225 4193 erant
1240 4136 1375 4210 quatuor
1388 4126 1501 4189 annuli
1516 4125 1616 4202 aurei,
1627 4141 1729 4189 corre

178 4229 286 4303 primo
303 4245 408 4295 nuuc,
426 4223 458 4285 id
482 4232 530 4286 est
555 4232 658 4287 tractu
680 4244 736 4287 seu
756 4226 850 4304 linea,
867 4231 967 4292 erili)
984 4229 1176 4311 spondentes
1201 4236 1337 4309 quatuor
1361 4226 1489 4289 annulis
1507 4226 1547 4287 ‘in
1573 4223 1728 4306 superhu-

182 4326 265 4402 lapis
287 4326 431 4394 sardius,
447 4333 476 4384 ct
499 4326 657 4401 topasius,
673 4334 703 4385 et
717 4331 927 4403 smaragdus:
983 4327 1095 4391 morali
1120 4326 1270 4399 insertis3
1293 4333 1389 4407 atque
1414 4343 1471 4406 per
1492 4322 1628 4402 annulos
1651 4321 1725 4385 illos

182 4442 251 4504 qun
278 4431 343 4483 tres
364 4438 498 4501 gemmae
520 4420 650 4483 stabunt
672 4421 704 4483 in
728 4422 858 4503 longum
878 4425 927 4487 di·
983 4428 1102 4511 pariter
1132 4425 1370 4505 stringebantur
1399 4422 1660 4505 superhumerale
1689 4439 1727 4483 ac

182 4522 306 4584 stinctae
331 4519 422 4601 quasi
449 4520 482 4581 in
507 4520 595 4595 acie3
618 4523 812 4583 insecundo
835 4542 927 4587 versu
983 4525 1138 4589 rationale
1161 4542 1233 4586 cum
1259 4522 1467 4603 ligaminibus
1494 4519 1723 4603 hyacinthinis,

184 4629 287 4693 erunt,
297 4622 525 4691 carbunculus,
534 4622 721 4698 sapphirus,
730 4632 759 4682 et
762 4623 927 4700 suspiria
982 4644 1053 4707 quaa
1065 4623 1260 4686 transierunt
1275 4641 1331 4704 per
1342 4621 1477 4684 annulos
1494 4620 1726 4683 illos.Neenon

76 4730 84 4747 '
154 4758 162 4765 -
185 4718 652 4795 tertio,lt'yurius*,achates,et
667 4724 881 4797 amethystus·
892 4725 927 4783 in
982 4734 1012 4784 et
1026 4724 1108 4784 alios
1122 4725 1202 4782 duos
1217 4724 1355 4781 annulos
1371 4739 1494 4792 aureos,
1512 4720 1571 4799 qui
1580 4719 1727 4796 ponendi

61 4804 106 4833 ’ω’
183 4828 308 4897 quarto,
325 4818 555 4893 chrysolithus,
572 4820 764 4893 onychinus,
780 4829 809 4879 et
827 4822 928 4897 beryt-
981 4823 1110 4881 suntin
1126 4830 1258 4899 utroque
1275 4823 1372 4879 latere
1386 4818 1662 4895 superhumeralis
1676 4819 1727 4876 dc·

183 4916 298 4978 tuelle
320 4913 572 4997 proprietatibus
595 4915 707 4978 harum
729 4934 926 4996 gemmarum
981 4940 1101 4991 orsum,
1111 4923 1196 5000 quod
1205 4920 1336 4996 respicit
1346 4927 1458 4978 contra
1468 4917 1587 4995 faciem.
1591 4916 1726 4993 junctu

183 5014 302 5095 aliquid
319 5013 478 5075 inseretur
493 5014 640 5094 sequenti
655 5015 800 5078 articulo.
819 5019 928 5077 Inclu-
981 5041 1026 5081 rce
1042 5019 1220 5098 inferioris,
1237 5028 1274 5078 ut
1289 5019 1399 5095 aptari
1411 5018 1511 5095 possit
1530 5036 1604 5076 minc
1617 5033 1727 5092 super-

183 5114 209 5171 si
228 5132 309 5173 auro
324 5120 422 5171 erunt
434 5132 492 5187 per
507 5114 635 5172 ordines
656 5132 738 5184 suos,
758 5122 926 5195 postquam
981 5119 1155 5188 humerali,
1172 5127 1201 5177 et
1216 5119 1400 5193 stringatur
1413 5116 1576 5177 rationale
1591 5113 1726 5174 annualis

139 5224 144 5231 '
186 5210 301 5273 luerim
327 5208 447 5291 sculpti
478 5210 675 5273 nominibus,
701 5215 927 5293 Habebuntque
980 5218 1049 5277 suis
1073 5238 1148 5276 astru
1172 5218 1308 5276 annulis
1332 5216 1617 5294 superhumeralis,
1643 5214 1725 5272 uitta

186 5312 316 5369 nomina
340 5311 489 5387 filiorum
511 5311 626 5381 Israel,
650 5328 707 5391 per
732 5311 928 5393 sculpturam
983 5317 1212 5393 hyacinthina,
1234 5326 1271 5377 ut
1293 5325 1422 5376 maneat
1436 5316 1599 5390 junctura
1619 5312 1726 5389 fabre-
