4309 6259
581 520 754 567 maantam
776 522 806 567 ut
828 520 896 567 aar.
919 520 984 567 xxu
1005 520 1106 567 nxcur.
1129 538 1169 549 —
1190 521 1260 566 aar.
1284 519 1342 566 mv
1664 532 1668 536 ’
1691 503 1731 565 27

181 701 319 756 conetur
341 693 485 775 quinque
506 692 654 775 prelatos
677 691 789 767 bonos,
808 708 863 752 seu
879 690 935 753 ho-
948 688 975 752 A
988 711 1041 751 aas
1057 693 1144 769 tynis
1158 693 1320 752 inverterit
1334 695 1439 771 spicas
1457 713 1468 751 .·
1484 692 1517 753 id
1533 701 1592 769 est,
1614 692 1642 753 si
1659 691 1732 773 quis

182 792 289 854 mines
307 793 450 855 nondum
472 792 505 853 in
527 791 712 874 prelatione
732 790 932 865 constitutos,

182 889 336 952 Ecclesiae
353 891 516 967 exhibere,
529 900 559 953 et
574 891 699 953 Christo
715 890 871 951 adducere
888 907 935 951 ve

181 1008 236 1052 ros
260 988 459 1070 idoneosque
479 989 636 1071 prelatos.
660 988 711 1051 Sic
726 996 757 1051 et
772 987 827 1069 qui
847 986 936 1050 Chri-

183 1096 233 1150 sto
250 1108 349 1150 unam
366 1088 560 1151 subtraxerit
574 1107 678 1165 ovem,
692 1086 935 1150 scandalizando

182 1206 286 1248 unum
303 1187 459 1269 pusillum
476 1206 531 1249 seu
549 1188 751 1251 innocentem
767 1195 799 1249 et
814 1185 936 1269 simpli-

183 1302 254 1347 cem
278 1285 368 1348 omui
391 1286 489 1349 verbo
512 1287 705 1363 credentem,
725 1294 787 1347 tam
811 1284 935 1349 intense

185 1402 284 1465 super
300 1384 362 1447 froc
381 1385 497 1461 doleat,
515 1393 548 1446 ut
570 1385 701 1461 orando,
720 1385 932 1467 praedicando

183 1482 478 1565 exemplaritcrque
502 1483 650 1561 vivendo,
677 1492 813 1566 quatuor
843 1485 935 1567 lupos

186 1589 377 1643 convertere
401 1590 534 1645 conetur
560 1582 593 1644 in
618 1601 733 1663 agnae,
759 1582 804 1646 ita
830 1592 865 1645 ut
889 1583 937 1646 lu-

51 1692 170 1742 entes.
187 1697 249 1760 pus
268 1688 301 1742 et
325 1698 426 1760 agnus
452 1689 622 1762 pascantur
644 1680 750 1743 simul.
768 1685 808 1745 Si
827 1686 937 1763 effrin-

182 1798 262 1854 9ens
275 1779 337 1854 sarr
351 1782 497 1849 domurn,
507 1781 574 1840 sive
589 1782 753 1858 effectione,
768 1783 871 1860 fuerit
886 1786 936 1842 irv-

988 809 1046 872 per
1062 788 1218 853 fervorem
1240 810 1305 853 suae
1319 790 1375 854 ira
1389 801 1444 854 aut
1464 791 1672 874 impatientias
1691 791 1733 852 ir-

990 889 1167 966 refrenatae,
1185 899 1241 952 aut
1262 909 1320 972 per
1341 891 1444 953 zelum
1464 891 1673 954 indiscretum
1688 890 1734 952 in-

990 988 1117 1051 duxerit
1132 988 1211 1051 alios
1227 990 1266 1051 ad
1281 988 1462 1051 consimilia
1477 990 1571 1067 mala,
1589 989 1633 1051 ita
1648 990 1733 1071 quod

991 1086 1173 1169 spirituales
1198 1087 1323 1150 fructus
1348 1087 1617 1169 collectionesque
1641 1086 1735 1150 meri-

992 1194 1096 1249 torum
1117 1195 1148 1249 et
1172 1178 1327 1250 virtutum
1351 1186 1513 1267 profectus
1535 1186 1568 1248 in
1592 1186 1670 1268 ipsis
1686 1187 1735 1247 in-

990 1284 1098 1347 cendit
1120 1294 1216 1367 atque
1238 1285 1414 1358 destruxit3
1438 1288 1548 1346 reddet
1561 1288 1733 1355 damnvm,

990 1383 1065 1463 quia
1090 1382 1246 1446 obnoxius
1272 1383 1343 1460 erit,
1370 1383 1571 1463 aliorumque
1595 1381 1675 1444 vitia
1697 1402 1734 1445 ac

991 1482 1183 1545 detrimenta
1199 1483 1310 1544 salutis
1326 1483 1550 1545 redundabunt
1566 1482 1598 1543 in
1615 1482 1731 1564 ipsum,

990 1581 1155 1664 atquibus
1171 1580 1216 1643 sic
1237 1581 1357 1658 nocuit,
1375 1581 1526 1663 prodesse
1542 1589 1677 1643 tenetur.
1694 1582 1735 1642 Si

990 1684 1064 1761 qvis
1074 1682 1343 1740 commendaverit
1358 1682 1461 1740 emico
1477 1697 1534 1741 suo
1545 1681 1734 1757 pecuniam,

991 1788 1051 1843 etc.
1069 1780 1133 1842 Hoc
1149 1786 1207 1855 est,
1225 1778 1280 1859 qui
1297 1780 1381 1841 dona
1400 1779 1509 1860 gratiae
1530 1777 1592 1840 sibi
1608 1796 1735 1842 eonces-

186 1886 314 1946 centvs,
340 1884 401 1956 etc.
423 1876 486 1939 Fur
510 1878 640 1939 domum
666 1876 845 1960 effringens
870 1879 937 1942 sive
953 1877 976 1939 Β
992 1897 1034 1941 sae
1049 1876 1334 1940 communicaverit
1350 1876 1736 1952 aliis,instruendo,oran-

185 1972 361 2051 effodiens,
387 1983 437 2038 est
461 1977 572 2039 doctor
596 1995 777 2058 perversus,
806 1977 935 2060 iniquus

186 2072 563 2154 praelatushaeresiarcha
575 2075 799 2156 nequissimus,
805 2077 860 2158 qui
872 2096 937 2158 gre

184 2188 257 2251 gem
281 2171 400 2234 Christi
421 2180 554 2236 conatur
577 2173 721 2251 inficere,
738 2184 769 2236 et
792 2175 936 2239 subditos

186 2270 374 2333 subvertere
395 2289 459 2334 non
482 2280 620 2334 veretur.
641 2271 672 2333 st
695 2291 770 2353 ergo
792 2274 936 2355 superior

186 2368 364 2450 praesidens
380 2376 411 2432 et
427 2368 543 2452 praesul
560 2369 746 2448 catholicus,
770 2370 863 2434 talem
880 2391 936 2453 per

186 2468 530 2532 excommunicationis
550 2469 741 2531 sententiam
763 2489 781 2531 a
802 2471 935 2551 mystico

186 2566 304 2629 Christi
327 2584 461 2648 corpore
485 2567 690 2649 separaverit,
711 2578 935 2651 mortuumque

186 2665 370 2747 protulerit,
384 2684 447 2728 non
463 2664 604 2730 offendit
624 2667 722 2729 Deum
739 2666 785 2730 sic
802 2666 933 2745 faciens,

187 2764 253 2827 imo
279 2772 431 2827 meretur.
457 2767 547 2833 Qvod
567 2769 598 2825 si
621 2776 688 2827 orto
708 2766 773 2847 jam
796 2772 858 2827 sole
879 2771 936 2829 doc

186 2864 313 2941 fecerit,
330 2862 362 2925 id
385 2871 444 2940 est,
463 2871 631 2945 postquam
654 2864 798 2927 Christus
820 2866 867 2929 sol
890 2866 936 2929 s'a-

187 2961 319 3043 pientiae
342 2961 375 3024 in
399 2962 494 3025 corde
517 2958 604 3023 illius
627 2961 708 3024 furis
724 2964 933 3045 splenduerit,

992 1976 1043 2054 do,
1068 1985 1163 2057 atque
1184 1977 1222 2038 ad
1245 1976 1613 2057 melioraprovveando,
1638 1974 1665 2037 si
1687 1975 1735 2036 illi

992 2077 1075 2138 dona
1091 2074 1271 2157 spiritualia
1287 2073 1333 2136 eis
1350 2074 1395 2136 sic
1412 2074 1645 2137 communicata
1660 2071 1737 2136 ami-

992 2174 1102 2249 serint,
1130 2172 1379 2236 communicanti
1406 2191 1469 2235 non
1496 2172 1613 2253 poterit
1634 2172 1737 2254 impu-

993 2274 1062 2350 tari,
1089 2273 1144 2336 sed
1167 2272 1217 2334 his
1239 2273 1296 2353 qui
1321 2272 1393 2334 aliis
1413 2291 1510 2334 causa
1534 2278 1589 2333 aut
1611 2272 1736 2335 occasio

990 2372 1143 2454 peccandi
1161 2372 1351 2434 exstiterint.

1029 2474 1070 2533 Si
1083 2473 1248 2531 sedaverit
1262 2473 1336 2551 qvis
1346 2472 1508 2547 viryirterrt
1523 2473 1669 2530 nondum
1684 2472 1735 2529 de-

989 2580 1184 2647 sponsatum.
1202 2569 1298 2650 Virgo
1314 2570 1457 2631 nondum
1475 2568 1675 2650 desponsata,
1687 2575 1736 2629 est

991 2668 1098 2731 anima
1114 2667 1312 2729 naturalibus
1327 2676 1359 2730 et
1378 2667 1544 2749 acquisitis
1560 2666 1734 2730 virtutibus

991 2768 1125 2847 integra,
1143 2775 1175 2829 et
1190 2765 1291 2829 instar
1312 2766 1448 2829 aliorum
1471 2767 1612 2830 nondum
1629 2784 1736 2846 pecca-

991 2867 1031 2929 tis
1048 2875 1208 2948 corrupta,
1227 2885 1299 2948 quae
1321 2865 1556 2947 quodammodo
1571 2864 1660 2943 virgo
1683 2881 1736 2945 po

991 2974 1053 3029 test
1071 2965 1189 3040 vocari,
1207 2965 1349 3027 nondum
1376 2973 1482 3025 tamen
1505 2982 1561 3045 per
1584 2961 1682 3024 fidem
1705 2970 1737 3025 et

187 3061 387 3123 ostendendo
397 3061 427 3122 ei
444 3080 538 3123 suum
553 3078 692 3125 errorem
708 3070 803 3144 atque
817 3064 856 3125 ad
872 3069 972 3145 poe-C
991 3064 1124 3127 virtutes
1140 3063 1263 3124 infusas
1283 3063 1456 3143 conJuncta
1475 3069 1524 3122 est
1539 3061 1660 3143 Sponso
1676 3079 1737 3123 cm

188 3159 358 3223 nitentium
388 3179 462 3222 eum
492 3159 692 3235 alliciendc;
723 3164 935 3224 homicidium

182 3261 395 3337 perpetravit,
407 3259 557 3341 quoniam
574 3268 605 3323 et
621 3278 654 3323 se
670 3260 775 3342 ipsum
792 3270 856 3323 tam
871 3280 937 3342 gra-

187 3359 269 3423 viter
292 3359 456 3441 peccando
479 3359 571 3435 laesit,
593 3367 625 3422 et
645 3358 724 3421 alios
748 3360 937 3423 scandaliza-

187 3458 246 3533 vit,
273 3476 415 3539 eumque
440 3457 494 3539 qui
524 3458 711 3539 poenitendu
740 3457 935 3539 justificatus

186 3564 246 3631 est,
264 3555 381 3620 vitiose
396 3556 598 3619 condemnat.

230 3658 270 3716 Si
286 3656 404 3717 laeam-it
419 3656 584 3735 quispiam
600 3675 715 3733 aprum
733 3660 781 3715 vet
794 3658 932 3717 vincum.

186 3754 245 3816 Per
264 3772 379 3834 agrum
397 3761 429 3815 et
444 3753 571 3815 vineam
590 3753 727 3834 intelligi
747 3761 852 3835 potest
872 3773 934 3817 non

187 3853 293 3915 solum
328 3870 538 3933 quacumque
568 3851 724 3929 Ecclesia,
753 3853 808 3914 sed
840 3852 935 3915 etiam

186 3951 445 4032 uniuscujusque
473 3951 580 4013 anima
610 3950 731 4013 semine
756 3950 844 4013 verbi
875 3970 936 4015 coe

188 4050 277 4114 lestis
293 4056 373 4125 sata,
392 4048 611 4131 virtutumque
631 4047 789 4112 fructibus
809 4050 937 4113 decora-

186 4158 228 4212 ta.
257 4149 318 4224 out
349 4165 426 4229 ergo
455 4146 586 4211 alterius
615 4147 754 4211 citimam
785 4148 852 4211 sive
883 4168 936 4230 pa·

988 3163 1073 3225 lasti.
1099 3162 1185 3223 llanc
1207 3159 1337 3241 decipit,
1362 3158 1417 3239 qui
1440 3158 1610 3240 persuadet
1631 3158 1734 3220 eidem

992 3260 1149 3324 naturalia
1169 3260 1198 3322 ei
1215 3257 1368 3321 sufficere
1382 3258 1423 3319 ad
1441 3257 1596 3330 salutem3
1620 3265 1652 3319 et
1667 3257 1737 3318 dor-

991 3360 1050 3423 mit
1071 3378 1144 3421 eum
1170 3376 1217 3435 ea,
1235 3356 1291 3438 qui
1316 3356 1541 3419 commiscetur
1566 3355 1595 3418 ei
1621 3354 1653 3415 in
1679 3354 1734 3416 tuli

990 3477 1097 3523 errore
1119 3475 1126 3519 :
1145 3457 1216 3520 ideo
1238 3458 1361 3517 dotabit
1382 3476 1466 3525 eam,
1482 3454 1635 3536 quoniam
1659 3452 1736 3516 facit

991 3577 1059 3619 eam
1085 3565 1207 3638 putare,
1228 3555 1314 3636 quod
1340 3552 1549 3636 spiritualiter
1574 3552 1661 3614 dives
1681 3550 1733 3629 sit,

992 3655 1176 3735 nulliusque
1191 3661 1291 3734 egeat.
1305 3657 1347 3714 Et
1362 3654 1487 3713 habebit
1501 3672 1572 3713 cam
1589 3671 1735 3721 umorem,

991 3754 1195 3837 producendo
1209 3772 1248 3815 ex
1263 3770 1300 3814 ea
1321 3751 1444 3814 fructus
1464 3758 1495 3814 et
1514 3768 1611 3831 opera
1630 3750 1736 3831 acqui-

991 3854 1123 3915 sitarum
1150 3851 1313 3927 virtutum,
1332 3852 1407 3913 dum
1430 3868 1499 3911 eam
1526 3848 1671 3911 hortatur
1695 3848 1735 3911 ad

991 3951 1066 4014 talia
1077 3959 1212 4027 tantum,
1222 3968 1285 4012 non
1296 3949 1336 4011 ad
1348 3945 1635 4030 supernaturalium
1646 3954 1735 4008 actus

990 4052 1162 4125 virtutum3
1175 4050 1203 4111 si
1219 4058 1324 4112 tamen
1341 4057 1430 4131 pater
1444 4046 1579 4127 virginis
1594 4047 1670 4109 dare
1685 4065 1737 4110 vo·

991 4149 1137 4225 luerit,id
1153 4156 1211 4226 est,
1219 4147 1245 4209 si
1256 4148 1338 4210 Deus
1353 4145 1498 4210 omnium
1514 4153 1603 4227 pater
1618 4153 1650 4207 et
1664 4163 1737 4208 con-

187 4250 342 4325 rochiam,
366 4254 421 4310 aut
449 4246 586 4329 alicujus
615 4246 737 4329 praelati
762 4247 935 4310 Ecclesiam
952 4254 976 4315 lt
991 4247 1075 4311 ditor
1091 4246 1273 4329 permiserit
1295 4245 1434 4307 animam
1456 4243 1550 4306 talem
1574 4245 1608 4305 in
1630 4262 1737 4306 erroro

187 4348 305 4412 laeserit
320 4346 482 4429 peccando
497 4346 530 4407 in
547 4345 936 4428 proximos,scandalizan-

185 4448 267 4509 dove
282 4445 454 4528 plurimos,
471 4452 502 4507 et
518 4444 638 4507 bonum
653 4462 823 4507 commune
839 4443 937 4526 impe

185 4545 316 4621 diend0,
343 4554 373 4604 et
394 4544 557 4604 dimiserit
569 4545 760 4620 jumentum
780 4563 877 4603 auum
900 4553 936 4604 vt

186 4647 383 4722 depascatur
399 4644 519 4713 atiena,
530 4641 562 4704 id
578 4649 636 4717 est,
649 4642 826 4723 appetitum
843 4662 936 4705 suum

187 4741 347 4804 brutalem
364 4746 418 4801 aut
428 4738 599 4801 animalem
616 4739 778 4801 hominem
790 4739 852 4802 sibi
865 4740 936 4802 suli

187 4840 290 4903 ditum
311 4837 496 4920 permiserit
515 4837 594 4900 alios
617 4838 818 4916 conturbare,
841 4839 936 4901 dona-

187 4957 249 5021 que
269 4937 382 5018 gratice
405 4936 438 4997 in
460 4936 622 5017 proximos
643 4936 820 5019 dissipare;
841 4940 935 5019 qvid-

189 5040 269 5117 qvid
292 5037 454 5115 optimum
476 5037 624 5096 habuerit
645 5038 682 5097 ira
702 5058 779 5115 apro
803 5059 860 5098 stre
886 5043 935 5098 vet

189 5139 295 5207 vinea,
302 5154 365 5215 pro
381 5135 499 5194 damni
512 5136 721 5195 estimatione
737 5138 891 5207 restituet,
902 5136 934 5198 id

187 5241 245 5310 est,
262 5231 405 5315 propriis
421 5230 514 5293 donis
530 5231 717 5313 meritisque
731 5234 885 5313 privatur,
903 5243 935 5297 et

991 4345 1175 4427 hujusmodi
1197 4344 1343 4407 detineri.
1363 4343 1395 4406 Si
1415 4362 1489 4406 vero
1507 4341 1736 4404 illuminaverit

991 4464 1071 4521 eam,
1091 4444 1187 4506 faciet
1201 4460 1271 4505 earn
1291 4442 1457 4523 suiipsius
1477 4460 1627 4523 sponsam
1647 4459 1683 4503 ac
1699 4439 1736 4501 fi·
1792 4463 1796 4470 ⁴

991 4544 1066 4605 liam
1083 4561 1140 4624 per
1156 4541 1254 4604 fidem
1270 4549 1301 4603 et
1316 4540 1479 4603 caritatem
1495 4538 1737 4620 contemplatio·

992 4641 1106 4722 nisque
1121 4639 1267 4720 gratiam.

1026 4743 1196 4801 Advertere
1206 4758 1270 4798 vora
1281 4738 1574 4805 contristabr's,eum
1587 4734 1737 4798 videlieet

991 4838 1045 4920 qui
1067 4837 1107 4900 ad
1127 4836 1262 4918 patriam
1283 4834 1385 4897 tendit
1406 4833 1579 4911 coelestem,
1597 4834 1647 4897 vel
1663 4853 1737 4897 eum

991 4937 1046 5019 qui
1067 4944 1155 4999 extra
1169 4933 1343 4997 Ecclesiam
1364 4933 1556 4995 militantem
1576 4934 1737 5015 peccando

991 5035 1128 5099 effectus
1157 5042 1215 5109 est,
1242 5040 1274 5095 et
1298 5050 1409 5094 rursus
1434 5050 1490 5114 per
1515 5032 1737 5113 paenitentiam

990 5135 1072 5198 redit
1087 5134 1127 5195 ad
1147 5151 1228 5209 eam,
1241 5131 1296 5213 qui
1313 5130 1366 5213 pie
1380 5138 1428 5194 est
1443 5130 1655 5213 recipiendus.
1673 5135 1738 5192 Ad-

991 5254 1078 5295 veraae
1098 5234 1185 5293 enim
1207 5241 1237 5292 et
1259 5234 1324 5309 ipsi
1343 5231 1456 5308 sitr'stis
1476 5233 1511 5291 iv
1535 5240 1621 5290 terra
1636 5234 1737 5307 [Ερμ-

188 5331 369 5415 superiores
384 5330 500 5393 anime
510 5348 574 5393 suae
585 5330 668 5393 vires
684 5331 829 5395 latitat
837 5352 935 5412 cyres-
985 5334 1048 5412 pti.
1061 5332 1199 5395 Advenae
1215 5330 1323 5413 itaque
1337 5328 1610 5412 eramus,quandc
1626 5328 1659 5390 in
1674 5328 1735 5391 hoe
