<?xml version="1.0" encoding="UTF-8"?>
<!DOCTYPE html PUBLIC "-//W3C//DTD XHTML 1.0 Transitional//EN"
    "http://www.w3.org/TR/xhtml1/DTD/xhtml1-transitional.dtd">
<html xmlns="http://www.w3.org/1999/xhtml" xml:lang="en" lang="en">
 <head>
  <title>
</title>
<meta http-equiv="Content-Type" content="text/html;charset=utf-8" />
  <meta name='ocr-system' content='tesseract 3.04.00' />
  <meta name='ocr-capabilities' content='ocr_page ocr_carea ocr_par ocr_line ocrx_word'/>
</head>
<body>
  <div class='ocr_page' id='page_1' title='image "./doctorisecstati00unkngoog_0664.png"; bbox 0 0 4309 6259; ppageno 0'>
   <div class='ocr_carea' id='block_1_1' title="bbox 442 450 1645 519">
    <p class='ocr_par' dir='ltr' id='par_1_1' title="bbox 442 450 1645 519">
     <span class='ocr_line' id='line_1_1' title="bbox 442 450 1645 519; baseline 0.004 -6"><span class='ocrx_word' id='word_1_1' title='bbox 442 450 502 513; x_wconf 75' lang='lat'><strong>576</strong></span> <span class='ocrx_word' id='word_1_2' title='bbox 784 466 956 513; x_wconf 77' lang='lat' dir='ltr'><strong>manuario</strong></span> <span class='ocrx_word' id='word_1_3' title='bbox 978 466 1008 512; x_wconf 79' lang='lat' dir='ltr'><strong>us</strong></span> <span class='ocrx_word' id='word_1_4' title='bbox 1029 466 1098 513; x_wconf 80' lang='lat' dir='ltr'><strong>car.</strong></span> <span class='ocrx_word' id='word_1_5' title='bbox 1121 467 1162 513; x_wconf 85' lang='lat' dir='ltr'><strong>xv</strong></span> <span class='ocrx_word' id='word_1_6' title='bbox 1183 468 1417 517; x_wconf 79' lang='lat' dir='ltr'><strong>nsoranoaorur.</strong></span> <span class='ocrx_word' id='word_1_7' title='bbox 1438 488 1479 501; x_wconf 96' lang='lat'>—</span> <span class='ocrx_word' id='word_1_8' title='bbox 1499 471 1571 519; x_wconf 76' lang='lat' dir='ltr'><strong>aar.</strong></span> <span class='ocrx_word' id='word_1_9' title='bbox 1593 472 1645 519; x_wconf 80' lang='lat' dir='ltr'><strong>xvi</strong></span> 
     </span>
    </p>
   </div>
   <div class='ocr_carea' id='block_1_2' title="bbox 327 636 2137 5365">
    <p class='ocr_par' dir='ltr' id='par_1_2' title="bbox 327 636 2137 5365">
     <span class='ocr_line' id='line_1_2' title="bbox 440 636 1993 723; baseline 0.003 -20"><span class='ocrx_word' id='word_1_10' title='bbox 440 639 514 703; x_wconf 92' lang='lat' dir='ltr'><strong>eris.</strong></span> <span class='ocrx_word' id='word_1_11' title='bbox 533 638 584 703; x_wconf 90' lang='lat' dir='ltr'><strong>Sic</strong></span> <span class='ocrx_word' id='word_1_12' title='bbox 608 638 718 702; x_wconf 87' lang='lat' dir='ltr'><strong>Glossa</strong></span> <span class='ocrx_word' id='word_1_13' title='bbox 742 637 898 720; x_wconf 80' lang='lat' dir='ltr'><strong>exposuit.</strong></span> <span class='ocrx_word' id='word_1_14' title='bbox 917 637 973 700; x_wconf 84' lang='lat' dir='ltr'><strong>Vel</strong></span> <span class='ocrx_word' id='word_1_15' title='bbox 1001 636 1098 700; x_wconf 90' lang='lat' dir='ltr'><strong>tantis</strong></span> <span class='ocrx_word' id='word_1_16' title='bbox 1122 636 1186 700; x_wconf 90' lang='lat' dir='ltr'><strong>eris</strong></span> <span class='ocrx_word' id='word_1_17' title='bbox 1202 637 1433 721; x_wconf 78' lang='lat' dir='ltr'><strong>Aindigcntes,</strong></span> <span class='ocrx_word' id='word_1_18' title='bbox 1452 661 1589 723; x_wconf 90' lang='lat' dir='ltr'><strong>quorum</strong></span> <span class='ocrx_word' id='word_1_19' title='bbox 1605 662 1705 705; x_wconf 94' lang='lat' dir='ltr'><strong>unum</strong></span> <span class='ocrx_word' id='word_1_20' title='bbox 1723 644 1815 708; x_wconf 87' lang='lat' dir='ltr'><strong>alteri</strong></span> <span class='ocrx_word' id='word_1_21' title='bbox 1830 663 1894 708; x_wconf 92' lang='lat' dir='ltr'><strong>non</strong></span> <span class='ocrx_word' id='word_1_22' title='bbox 1909 664 1993 710; x_wconf 90' lang='lat' dir='ltr'><strong>cou-</strong></span> 
     </span>
     <span class='ocr_line' id='line_1_3' title="bbox 440 736 1991 822; baseline 0.004 -23"><span class='ocrx_word' id='word_1_23' title='bbox 440 737 563 799; x_wconf 92' lang='lat' dir='ltr'><strong>divitiis</strong></span> <span class='ocrx_word' id='word_1_24' title='bbox 577 739 754 813; x_wconf 88' lang='lat' dir='ltr'><strong>decoratus,</strong></span> <span class='ocrx_word' id='word_1_25' title='bbox 772 738 856 817; x_wconf 92' lang='lat' dir='ltr'><strong>quod</strong></span> <span class='ocrx_word' id='word_1_26' title='bbox 874 736 993 819; x_wconf 93' lang='lat' dir='ltr'><strong>poteris</strong></span> <span class='ocrx_word' id='word_1_27' title='bbox 1010 736 1185 799; x_wconf 90' lang='lat' dir='ltr'><strong>mutuando</strong></span> <span class='ocrx_word' id='word_1_28' title='bbox 1243 739 1401 802; x_wconf 89' lang='lat' dir='ltr'><strong>trariatur.</strong></span> <span class='ocrx_word' id='word_1_29' title='bbox 1415 746 1522 811; x_wconf 78' lang='lat' dir='ltr'><strong>Quam</strong></span> <span class='ocrx_word' id='word_1_30' title='bbox 1534 744 1594 802; x_wconf 84' lang='lat' dir='ltr'><strong>titi</strong></span> <span class='ocrx_word' id='word_1_31' title='bbox 1609 747 1758 804; x_wconf 80' lang='lat' dir='ltr'><strong>venditus</strong></span> <span class='ocrx_word' id='word_1_32' title='bbox 1767 746 1870 822; x_wconf 83' lang='lat' dir='ltr'><strong>suerit</strong></span> <span class='ocrx_word' id='word_1_33' title='bbox 1878 746 1991 822; x_wconf 79' lang='lat' dir='ltr'><strong>frater</strong></span> 
     </span>
     <span class='ocr_line' id='line_1_4' title="bbox 443 834 2135 922; baseline 0.001 -24"><span class='ocrx_word' id='word_1_34' title='bbox 443 855 637 913; x_wconf 90' lang='lat' dir='ltr'><strong>succurrere,</strong></span> <span class='ocrx_word' id='word_1_35' title='bbox 647 854 710 900; x_wconf 94' lang='lat' dir='ltr'><strong>non</strong></span> <span class='ocrx_word' id='word_1_36' title='bbox 722 836 826 899; x_wconf 89' lang='lat' dir='ltr'><strong>solum</strong></span> <span class='ocrx_word' id='word_1_37' title='bbox 837 835 964 898; x_wconf 90' lang='lat' dir='ltr'><strong>natione</strong></span> <span class='ocrx_word' id='word_1_38' title='bbox 976 834 1186 911; x_wconf 70' lang='lat' dir='ltr'><strong>Hebraeissed</strong></span> <span class='ocrx_word' id='word_1_39' title='bbox 1243 846 1318 897; x_wconf 82' lang='lat' dir='ltr'><strong>tuas</strong></span> <span class='ocrx_word' id='word_1_40' title='bbox 1333 842 1496 902; x_wconf 75' lang='lat' dir='ltr'><strong>Hebraeas.</strong></span> <span class='ocrx_word' id='word_1_41' title='bbox 1514 839 1615 902; x_wconf 89' lang='lat' dir='ltr'><strong>Locus</strong></span> <span class='ocrx_word' id='word_1_42' title='bbox 1631 841 1691 903; x_wconf 91' lang='lat' dir='ltr'><strong>iste</strong></span> <span class='ocrx_word' id='word_1_43' title='bbox 1708 843 1862 922; x_wconf 78' lang='lat' dir='ltr'><strong>usquead</strong></span> <span class='ocrx_word' id='word_1_44' title='bbox 1880 842 1925 918; x_wconf 91' lang='lat' dir='ltr'><strong>id,</strong></span> <span class='ocrx_word' id='word_1_45' title='bbox 1943 843 1991 905; x_wconf 83' lang='lat' dir='ltr'><strong>lle</strong></span> <span class='ocrx_word' id='word_1_46' title='bbox 2021 854 2135 899; x_wconf 63' lang='lat' dir='ltr'><strong>amn.</strong></span> 
     </span>
     <span class='ocr_line' id='line_1_5' title="bbox 444 921 2051 1023; baseline 0.004 -26"><span class='ocrx_word' id='word_1_47' title='bbox 444 936 518 999; x_wconf 89' lang='lat' dir='ltr'><strong>item</strong></span> <span class='ocrx_word' id='word_1_48' title='bbox 535 936 719 1016; x_wconf 82' lang='lat' dir='ltr'><strong>gentilibus.</strong></span> <span class='ocrx_word' id='word_1_49' title='bbox 732 936 827 998; x_wconf 91' lang='lat' dir='ltr'><strong>Porro</strong></span> <span class='ocrx_word' id='word_1_50' title='bbox 843 934 1001 997; x_wconf 79' lang='lat' dir='ltr'><strong>foenerare</strong></span> <span class='ocrx_word' id='word_1_51' title='bbox 1016 954 1072 996; x_wconf 90' lang='lat' dir='ltr'><strong>seu</strong></span> <span class='ocrx_word' id='word_1_52' title='bbox 1088 932 1188 996; x_wconf 87' lang='lat' dir='ltr'><strong>ioene-</strong></span> <span class='ocrx_word' id='word_1_53' title='bbox 1242 936 1463 1018; x_wconf 86' lang='lat' dir='ltr'><strong>primogenitis</strong></span> <span class='ocrx_word' id='word_1_54' title='bbox 1478 938 1595 1015; x_wconf 91' lang='lat' dir='ltr'><strong>tuis,in</strong></span> <span class='ocrx_word' id='word_1_55' title='bbox 1610 939 1717 1002; x_wconf 85' lang='lat' dir='ltr'><strong>Exodo</strong></span> <span class='ocrx_word' id='word_1_56' title='bbox 1732 940 1908 1004; x_wconf 65' lang='lat' dir='ltr'><strong>litteraliter</strong></span> <span class='ocrx_word' id='word_1_57' title='bbox 1923 941 1992 1023; x_wconf 91' lang='lat' dir='ltr'><strong>spi·</strong></span> <span class='ocrx_word' id='word_1_58' title='bbox 2007 921 2051 961; x_wconf 50' lang='grc' dir='ltr'><strong>μ’</strong></span> 
     </span>
     <span class='ocr_line' id='line_1_6' title="bbox 444 1030 1713 1120; baseline 0.005 -25"><span class='ocrx_word' id='word_1_59' title='bbox 444 1034 518 1110; x_wconf 89' lang='lat' dir='ltr'><strong>rari,</strong></span> <span class='ocrx_word' id='word_1_60' title='bbox 536 1043 585 1097; x_wconf 88' lang='lat' dir='ltr'><strong>est</strong></span> <span class='ocrx_word' id='word_1_61' title='bbox 600 1034 683 1096; x_wconf 86' lang='lat' dir='ltr'><strong>idem</strong></span> <span class='ocrx_word' id='word_1_62' title='bbox 700 1033 786 1115; x_wconf 93' lang='lat' dir='ltr'><strong>quod</strong></span> <span class='ocrx_word' id='word_1_63' title='bbox 808 1042 952 1095; x_wconf 91' lang='lat' dir='ltr'><strong>mutuare</strong></span> <span class='ocrx_word' id='word_1_64' title='bbox 968 1032 1017 1097; x_wconf 89' lang='lat' dir='ltr'><strong>vel</strong></span> <span class='ocrx_word' id='word_1_65' title='bbox 1035 1030 1184 1107; x_wconf 87' lang='lat' dir='ltr'><strong>mutuari,</strong></span> <span class='ocrx_word' id='word_1_66' title='bbox 1243 1034 1463 1117; x_wconf 89' lang='lat' dir='ltr'><strong>ritualiterqua</strong></span> <span class='ocrx_word' id='word_1_67' title='bbox 1477 1036 1640 1120; x_wconf 86' lang='lat' dir='ltr'><strong>expositus</strong></span> <span class='ocrx_word' id='word_1_68' title='bbox 1655 1046 1713 1101; x_wconf 88' lang='lat' dir='ltr'><strong>est.</strong></span> 
     </span>
     <span class='ocr_line' id='line_1_7' title="bbox 442 1130 1987 1217; baseline 0.003 -22"><span class='ocrx_word' id='word_1_69' title='bbox 442 1142 497 1195; x_wconf 86' lang='lat' dir='ltr'><strong>aut</strong></span> <span class='ocrx_word' id='word_1_70' title='bbox 512 1134 549 1195; x_wconf 95' lang='lat' dir='ltr'><strong>ad</strong></span> <span class='ocrx_word' id='word_1_71' title='bbox 562 1152 690 1195; x_wconf 90' lang='lat' dir='ltr'><strong>usuram</strong></span> <span class='ocrx_word' id='word_1_72' title='bbox 707 1132 880 1195; x_wconf 81' lang='lat' dir='ltr'><strong>concedere</strong></span> <span class='ocrx_word' id='word_1_73' title='bbox 891 1131 959 1194; x_wconf 90' lang='lat' dir='ltr'><strong>sive</strong></span> <span class='ocrx_word' id='word_1_74' title='bbox 974 1130 1130 1213; x_wconf 88' lang='lat' dir='ltr'><strong>accipere.</strong></span> <span class='ocrx_word' id='word_1_75' title='bbox 1140 1130 1188 1191; x_wconf 86' lang='lat' dir='ltr'><strong>lli-</strong></span> <span class='ocrx_word' id='word_1_76' title='bbox 1282 1137 1329 1194; x_wconf 84' lang='lat' dir='ltr'><strong>De</strong></span> <span class='ocrx_word' id='word_1_77' title='bbox 1338 1137 1566 1212; x_wconf 75' lang='lat' dir='ltr'><strong>priawpeaitis</strong></span> <span class='ocrx_word' id='word_1_78' title='bbox 1589 1139 1655 1197; x_wconf 87' lang='lat' dir='ltr'><strong>tuis</strong></span> <span class='ocrx_word' id='word_1_79' title='bbox 1669 1159 1740 1217; x_wconf 69' lang='lat' dir='ltr'><strong>qua»</strong></span> <span class='ocrx_word' id='word_1_80' title='bbox 1754 1149 1935 1199; x_wconf 80' lang='lat' dir='ltr'><strong>nascantur</strong></span> <span class='ocrx_word' id='word_1_81' title='bbox 1950 1141 1987 1199; x_wconf 83' lang='lat' dir='ltr'><strong>in</strong></span> 
     </span>
     <span class='ocr_line' id='line_1_8' title="bbox 442 1227 1990 1317; baseline 0.002 -23"><span class='ocrx_word' id='word_1_82' title='bbox 442 1239 581 1313; x_wconf 86' lang='lat' dir='ltr'><strong>euntque</strong></span> <span class='ocrx_word' id='word_1_83' title='bbox 596 1230 697 1313; x_wconf 83' lang='lat' dir='ltr'><strong>aliqui</strong></span> <span class='ocrx_word' id='word_1_84' title='bbox 713 1230 921 1312; x_wconf 84' lang='lat' dir='ltr'><strong>probabiliter</strong></span> <span class='ocrx_word' id='word_1_85' title='bbox 932 1229 1018 1307; x_wconf 91' lang='lat' dir='ltr'><strong>satis,</strong></span> <span class='ocrx_word' id='word_1_86' title='bbox 1029 1229 1115 1310; x_wconf 92' lang='lat' dir='ltr'><strong>quod</strong></span> <span class='ocrx_word' id='word_1_87' title='bbox 1130 1227 1187 1291; x_wconf 80' lang='lat' dir='ltr'><strong>im·</strong></span> <span class='ocrx_word' id='word_1_88' title='bbox 1242 1234 1397 1293; x_wconf 87' lang='lat' dir='ltr'><strong>armentis</strong></span> <span class='ocrx_word' id='word_1_89' title='bbox 1407 1243 1436 1294; x_wconf 88' lang='lat' dir='ltr'><strong>et</strong></span> <span class='ocrx_word' id='word_1_90' title='bbox 1451 1237 1562 1295; x_wconf 83' lang='lat' dir='ltr'><strong>ovibus</strong></span> <span class='ocrx_word' id='word_1_91' title='bbox 1579 1238 1654 1307; x_wconf 83' lang='lat' dir='ltr'><strong>tuis,</strong></span> <span class='ocrx_word' id='word_1_92' title='bbox 1662 1239 1824 1317; x_wconf 77' lang='lat' dir='ltr'><strong>quidquid</strong></span> <span class='ocrx_word' id='word_1_93' title='bbox 1836 1247 1990 1297; x_wconf 77' lang='lat' dir='ltr'><strong>estseaus</strong></span> 
     </span>
     <span class='ocr_line' id='line_1_9' title="bbox 441 1327 1988 1411; baseline 0.003 -20"><span class='ocrx_word' id='word_1_94' title='bbox 441 1348 552 1393; x_wconf 86' lang='lat' dir='ltr'><strong>narare</strong></span> <span class='ocrx_word' id='word_1_95' title='bbox 576 1348 639 1393; x_wconf 95' lang='lat' dir='ltr'><strong>non</strong></span> <span class='ocrx_word' id='word_1_96' title='bbox 663 1328 800 1391; x_wconf 90' lang='lat' dir='ltr'><strong>sumitur</strong></span> <span class='ocrx_word' id='word_1_97' title='bbox 826 1327 878 1390; x_wconf 91' lang='lat' dir='ltr'><strong>bic</strong></span> <span class='ocrx_word' id='word_1_98' title='bbox 899 1345 956 1409; x_wconf 90' lang='lat' dir='ltr'><strong>pro</strong></span> <span class='ocrx_word' id='word_1_99' title='bbox 980 1327 1187 1390; x_wconf 84' lang='lat' dir='ltr'><strong>concessione</strong></span> <span class='ocrx_word' id='word_1_100' title='bbox 1241 1334 1428 1404; x_wconf 79' lang='lat' dir='ltr'><strong>mascelini,</strong></span> <span class='ocrx_word' id='word_1_101' title='bbox 1444 1336 1662 1411; x_wconf 78' lang='lat' dir='ltr'><strong>sanctificabis</strong></span> <span class='ocrx_word' id='word_1_102' title='bbox 1677 1338 1814 1397; x_wconf 83' lang='lat' dir='ltr'><strong>Domino</strong></span> <span class='ocrx_word' id='word_1_103' title='bbox 1829 1340 1892 1397; x_wconf 84' lang='lat' dir='ltr'><strong>Deo</strong></span> <span class='ocrx_word' id='word_1_104' title='bbox 1915 1346 1988 1396; x_wconf 84' lang='lat' dir='ltr'><strong>tuo.</strong></span> 
     </span>
     <span class='ocr_line' id='line_1_10' title="bbox 441 1426 2129 1512; baseline 0.004 -21"><span class='ocrx_word' id='word_1_105' title='bbox 441 1430 480 1491; x_wconf 89' lang='lat' dir='ltr'><strong>ad</strong></span> <span class='ocrx_word' id='word_1_106' title='bbox 496 1448 714 1509; x_wconf 74' lang='lat' dir='ltr'><strong>usuramque</strong></span> <span class='ocrx_word' id='word_1_107' title='bbox 730 1428 804 1490; x_wconf 89' lang='lat' dir='ltr'><strong>licet</strong></span> <span class='ocrx_word' id='word_1_108' title='bbox 819 1435 886 1489; x_wconf 90' lang='lat' dir='ltr'><strong>erat</strong></span> <span class='ocrx_word' id='word_1_109' title='bbox 900 1426 1014 1489; x_wconf 81' lang='lat' dir='ltr'><strong>ludaeis</strong></span> <span class='ocrx_word' id='word_1_110' title='bbox 1031 1426 1187 1508; x_wconf 90' lang='lat' dir='ltr'><strong>permissa</strong></span> <span class='ocrx_word' id='word_1_111' title='bbox 1242 1428 1327 1490; x_wconf 89' lang='lat' dir='ltr'><strong>lstud</strong></span> <span class='ocrx_word' id='word_1_112' title='bbox 1351 1428 1535 1511; x_wconf 85' lang='lat' dir='ltr'><strong>frequenter</strong></span> <span class='ocrx_word' id='word_1_113' title='bbox 1559 1431 1769 1512; x_wconf 70' lang='lat' dir='ltr'><strong>praehabitum</strong></span> <span class='ocrx_word' id='word_1_114' title='bbox 1794 1442 1851 1496; x_wconf 88' lang='lat' dir='ltr'><strong>est.</strong></span> <span class='ocrx_word' id='word_1_115' title='bbox 1868 1434 1991 1497; x_wconf 87' lang='lat' dir='ltr'><strong>Primo-</strong></span> <span class='ocrx_word' id='word_1_116' title='bbox 2012 1460 2129 1502; x_wconf 70' lang='lat' dir='ltr'><strong>raama</strong></span> 
     </span>
     <span class='ocr_line' id='line_1_11' title="bbox 440 1524 2131 1629; baseline 0.002 -39"><span class='ocrx_word' id='word_1_117' title='bbox 440 1528 525 1591; x_wconf 89' lang='lat' dir='ltr'><strong>circa</strong></span> <span class='ocrx_word' id='word_1_118' title='bbox 540 1536 716 1605; x_wconf 88' lang='lat' dir='ltr'><strong>extraneos,</strong></span> <span class='ocrx_word' id='word_1_119' title='bbox 740 1546 804 1589; x_wconf 92' lang='lat' dir='ltr'><strong>non</strong></span> <span class='ocrx_word' id='word_1_120' title='bbox 828 1533 934 1589; x_wconf 90' lang='lat' dir='ltr'><strong>tamen</strong></span> <span class='ocrx_word' id='word_1_121' title='bbox 956 1525 1045 1587; x_wconf 88' lang='lat' dir='ltr'><strong>licite</strong></span> <span class='ocrx_word' id='word_1_122' title='bbox 1065 1524 1128 1587; x_wconf 89' lang='lat' dir='ltr'><strong>luit</strong></span> <span class='ocrx_word' id='word_1_123' title='bbox 1152 1526 1186 1587; x_wconf 95' lang='lat' dir='ltr'><strong>in</strong></span> <span class='ocrx_word' id='word_1_124' title='bbox 1240 1526 1348 1605; x_wconf 86' lang='lat' dir='ltr'><strong>genita</strong></span> <span class='ocrx_word' id='word_1_125' title='bbox 1379 1547 1517 1610; x_wconf 88' lang='lat' dir='ltr'><strong>namque</strong></span> <span class='ocrx_word' id='word_1_126' title='bbox 1546 1530 1733 1592; x_wconf 87' lang='lat' dir='ltr'><strong>animalium</strong></span> <span class='ocrx_word' id='word_1_127' title='bbox 1763 1531 1990 1595; x_wconf 78' lang='lat' dir='ltr'><strong>immolaticio</strong></span> <span class='ocrx_word' id='word_1_128' title='bbox 2004 1528 2044 1629; x_wconf 55' lang='lat' dir='ltr'><strong>{j</strong></span> <span class='ocrx_word' id='word_1_129' title='bbox 2065 1538 2131 1566; x_wconf 48' lang='lat'>¹¹¹¹*</span> 
     </span>
     <span class='ocr_line' id='line_1_12' title="bbox 442 1620 2037 1711; baseline 0.003 -23"><span class='ocrx_word' id='word_1_130' title='bbox 442 1646 486 1703; x_wconf 91' lang='lat' dir='ltr'><strong>se,</strong></span> <span class='ocrx_word' id='word_1_131' title='bbox 505 1627 587 1691; x_wconf 91' lang='lat' dir='ltr'><strong>sicut</strong></span> <span class='ocrx_word' id='word_1_132' title='bbox 604 1646 661 1689; x_wconf 90' lang='lat' dir='ltr'><strong>nec</strong></span> <span class='ocrx_word' id='word_1_133' title='bbox 677 1626 806 1689; x_wconf 89' lang='lat' dir='ltr'><strong>libellus</strong></span> <span class='ocrx_word' id='word_1_134' title='bbox 823 1625 958 1707; x_wconf 88' lang='lat' dir='ltr'><strong>repudii,</strong></span> <span class='ocrx_word' id='word_1_135' title='bbox 972 1633 1006 1686; x_wconf 92' lang='lat' dir='ltr'><strong>ut</strong></span> <span class='ocrx_word' id='word_1_136' title='bbox 1022 1623 1109 1686; x_wconf 87' lang='lat' dir='ltr'><strong>inira</strong></span> <span class='ocrx_word' id='word_1_137' title='bbox 1124 1642 1187 1685; x_wconf 91' lang='lat' dir='ltr'><strong>ma·</strong></span> <span class='ocrx_word' id='word_1_138' title='bbox 1242 1643 1313 1685; x_wconf 94' lang='lat' dir='ltr'><strong>rum</strong></span> <span class='ocrx_word' id='word_1_139' title='bbox 1328 1634 1418 1688; x_wconf 92' lang='lat' dir='ltr'><strong>erant</strong></span> <span class='ocrx_word' id='word_1_140' title='bbox 1432 1626 1566 1690; x_wconf 87' lang='lat' dir='ltr'><strong>Domino</strong></span> <span class='ocrx_word' id='word_1_141' title='bbox 1588 1626 1767 1705; x_wconf 78' lang='lat' dir='ltr'><strong>offerenda,</strong></span> <span class='ocrx_word' id='word_1_142' title='bbox 1784 1630 1839 1711; x_wconf 94' lang='lat' dir='ltr'><strong>qui</strong></span> <span class='ocrx_word' id='word_1_143' title='bbox 1862 1648 1898 1692; x_wconf 90' lang='lat' dir='ltr'><strong>ea</strong></span> <span class='ocrx_word' id='word_1_144' title='bbox 1920 1630 1988 1692; x_wconf 91' lang='lat' dir='ltr'><strong>sibi</strong></span> <span class='ocrx_word' id='word_1_145' title='bbox 2031 1620 2037 1629; x_wconf 77' lang='grc'>’</span> 
     </span>
     <span class='ocr_line' id='line_1_13' title="bbox 442 1722 1986 1806; baseline 0.002 -20"><span class='ocrx_word' id='word_1_146' title='bbox 442 1726 491 1806; x_wconf 81' lang='lat' dir='ltr'><strong>gis</strong></span> <span class='ocrx_word' id='word_1_147' title='bbox 513 1726 636 1789; x_wconf 92' lang='lat' dir='ltr'><strong>dicetur</strong></span> <span class='ocrx_word' id='word_1_148' title='bbox 654 1742 660 1787; x_wconf 94' lang='lat'><strong>:</strong></span> <span class='ocrx_word' id='word_1_149' title='bbox 679 1725 798 1788; x_wconf 88' lang='lat' dir='ltr'><strong>idcirco</strong></span> <span class='ocrx_word' id='word_1_150' title='bbox 817 1743 881 1787; x_wconf 94' lang='lat' dir='ltr'><strong>non</strong></span> <span class='ocrx_word' id='word_1_151' title='bbox 907 1731 1030 1805; x_wconf 89' lang='lat' dir='ltr'><strong>poterat</strong></span> <span class='ocrx_word' id='word_1_152' title='bbox 1050 1724 1097 1785; x_wconf 87' lang='lat' dir='ltr'><strong>eis</strong></span> <span class='ocrx_word' id='word_1_153' title='bbox 1119 1740 1188 1805; x_wconf 87' lang='lat' dir='ltr'><strong>pro</strong></span> <span class='ocrx_word' id='word_1_154' title='bbox 1242 1722 1467 1802; x_wconf 78' lang='lat' dir='ltr'><strong>sanctificavit,</strong></span> <span class='ocrx_word' id='word_1_155' title='bbox 1484 1725 1545 1789; x_wconf 91' lang='lat' dir='ltr'><strong>hoc</strong></span> <span class='ocrx_word' id='word_1_156' title='bbox 1559 1734 1618 1803; x_wconf 92' lang='lat' dir='ltr'><strong>est,</strong></span> <span class='ocrx_word' id='word_1_157' title='bbox 1631 1726 1824 1790; x_wconf 89' lang='lat' dir='ltr'><strong>immolanda</strong></span> <span class='ocrx_word' id='word_1_158' title='bbox 1840 1728 1986 1805; x_wconf 81' lang='lat' dir='ltr'><strong>dictavit,</strong></span> 
     </span>
     <span class='ocr_line' id='line_1_14' title="bbox 442 1821 1988 1909; baseline 0.003 -24"><span class='ocrx_word' id='word_1_159' title='bbox 442 1824 526 1885; x_wconf 93' lang='lat' dir='ltr'><strong>mitti</strong></span> <span class='ocrx_word' id='word_1_160' title='bbox 543 1844 600 1906; x_wconf 94' lang='lat' dir='ltr'><strong>pro</strong></span> <span class='ocrx_word' id='word_1_161' title='bbox 612 1825 756 1887; x_wconf 88' lang='lat' dir='ltr'><strong>mercede</strong></span> <span class='ocrx_word' id='word_1_162' title='bbox 768 1822 893 1886; x_wconf 91' lang='lat' dir='ltr'><strong>virtutis</strong></span> <span class='ocrx_word' id='word_1_163' title='bbox 905 1840 960 1885; x_wconf 87' lang='lat' dir='ltr'><strong>seu</strong></span> <span class='ocrx_word' id='word_1_164' title='bbox 976 1821 1224 1891; x_wconf 81' lang='lat' dir='ltr'><strong>observantiaess</strong></span> <span class='ocrx_word' id='word_1_165' title='bbox 1241 1821 1281 1883; x_wconf 89' lang='lat' dir='ltr'><strong>ab</strong></span> <span class='ocrx_word' id='word_1_166' title='bbox 1299 1840 1337 1885; x_wconf 92' lang='lat' dir='ltr'><strong>eo</strong></span> <span class='ocrx_word' id='word_1_167' title='bbox 1360 1831 1513 1905; x_wconf 88' lang='lat' dir='ltr'><strong>tempore,</strong></span> <span class='ocrx_word' id='word_1_168' title='bbox 1534 1843 1599 1906; x_wconf 95' lang='lat' dir='ltr'><strong>quo</strong></span> <span class='ocrx_word' id='word_1_169' title='bbox 1624 1826 1784 1907; x_wconf 87' lang='lat' dir='ltr'><strong>percussit</strong></span> <span class='ocrx_word' id='word_1_170' title='bbox 1803 1845 1896 1889; x_wconf 90' lang='lat' dir='ltr'><strong>omne</strong></span> <span class='ocrx_word' id='word_1_171' title='bbox 1920 1827 1988 1909; x_wconf 92' lang='lat' dir='ltr'><strong>pri-</strong></span> 
     </span>
     <span class='ocr_line' id='line_1_15' title="bbox 441 1920 2132 2005; baseline 0.003 -20"><span class='ocrx_word' id='word_1_172' title='bbox 441 1922 553 2004; x_wconf 83' lang='lat' dir='ltr'><strong>legis:</strong></span> <span class='ocrx_word' id='word_1_173' title='bbox 579 1923 650 1986; x_wconf 90' lang='lat' dir='ltr'><strong>ideo</strong></span> <span class='ocrx_word' id='word_1_174' title='bbox 677 1923 832 1985; x_wconf 86' lang='lat' dir='ltr'><strong>loenerare</strong></span> <span class='ocrx_word' id='word_1_175' title='bbox 857 1941 943 1984; x_wconf 91' lang='lat' dir='ltr'><strong>nunc</strong></span> <span class='ocrx_word' id='word_1_176' title='bbox 968 1921 1105 1983; x_wconf 91' lang='lat' dir='ltr'><strong>sumitur</strong></span> <span class='ocrx_word' id='word_1_177' title='bbox 1129 1938 1187 2002; x_wconf 93' lang='lat' dir='ltr'><strong>pro</strong></span> <span class='ocrx_word' id='word_1_178' title='bbox 1242 1920 1436 2000; x_wconf 82' lang='lat' dir='ltr'><strong>mogenitum</strong></span> <span class='ocrx_word' id='word_1_179' title='bbox 1452 1921 1986 2005; x_wconf 80' lang='lat' dir='ltr'><strong>inAEgypto.Primogenitaautam</strong></span> <span class='ocrx_word' id='word_1_180' title='bbox 2024 1947 2132 1990; x_wconf 61' lang='lat' dir='ltr'><strong>tesam.</strong></span> 
     </span>
     <span class='ocr_line' id='line_1_16' title="bbox 441 2014 2131 2117; baseline 0.001 -33"><span class='ocrx_word' id='word_1_181' title='bbox 441 2024 690 2086; x_wconf 89' lang='lat' dir='ltr'><strong>accommodare.</strong></span> <span class='ocrx_word' id='word_1_182' title='bbox 708 2020 796 2083; x_wconf 91' lang='lat' dir='ltr'><strong>Unde</strong></span> <span class='ocrx_word' id='word_1_183' title='bbox 816 2020 992 2083; x_wconf 89' lang='lat' dir='ltr'><strong>secundum</strong></span> <span class='ocrx_word' id='word_1_184' title='bbox 1015 2019 1129 2101; x_wconf 82' lang='lat' dir='ltr'><strong>Lyram</strong></span> <span class='ocrx_word' id='word_1_185' title='bbox 1151 2019 1186 2080; x_wconf 95' lang='lat' dir='ltr'><strong>in</strong></span> <span class='ocrx_word' id='word_1_186' title='bbox 1240 2019 1426 2082; x_wconf 87' lang='lat' dir='ltr'><strong>animalium</strong></span> <span class='ocrx_word' id='word_1_187' title='bbox 1451 2038 1515 2084; x_wconf 94' lang='lat' dir='ltr'><strong>non</strong></span> <span class='ocrx_word' id='word_1_188' title='bbox 1542 2020 1823 2085; x_wconf 90' lang='lat' dir='ltr'><strong>immolaticiorum</strong></span> <span class='ocrx_word' id='word_1_189' title='bbox 1848 2014 2047 2117; x_wconf 45' lang='lat' dir='ltr'><strong>redime}</strong></span> <span class='ocrx_word' id='word_1_190' title='bbox 2066 2024 2131 2053; x_wconf 52' lang='lat'><strong>¹¹¹¹*</strong></span> 
     </span>
     <span class='ocr_line' id='line_1_17' title="bbox 442 2108 2039 2202; baseline 0.001 -20"><span class='ocrx_word' id='word_1_191' title='bbox 442 2121 572 2184; x_wconf 84' lang='lat' dir='ltr'><strong>Hebraeo</strong></span> <span class='ocrx_word' id='word_1_192' title='bbox 591 2120 736 2196; x_wconf 91' lang='lat' dir='ltr'><strong>babetur,</strong></span> <span class='ocrx_word' id='word_1_193' title='bbox 754 2117 903 2182; x_wconf 82' lang='lat' dir='ltr'><strong>Vadiabis</strong></span> <span class='ocrx_word' id='word_1_194' title='bbox 925 2125 1035 2199; x_wconf 85' lang='lat' dir='ltr'><strong>gentes</strong></span> <span class='ocrx_word' id='word_1_195' title='bbox 1058 2117 1185 2194; x_wconf 89' lang='lat' dir='ltr'><strong>multas,</strong></span> <span class='ocrx_word' id='word_1_196' title='bbox 1242 2115 1357 2179; x_wconf 88' lang='lat' dir='ltr'><strong>bantur</strong></span> <span class='ocrx_word' id='word_1_197' title='bbox 1371 2125 1426 2181; x_wconf 92' lang='lat' dir='ltr'><strong>aut</strong></span> <span class='ocrx_word' id='word_1_198' title='bbox 1440 2119 1677 2196; x_wconf 88' lang='lat' dir='ltr'><strong>occidebantur,</strong></span> <span class='ocrx_word' id='word_1_199' title='bbox 1699 2119 1775 2202; x_wconf 92' lang='lat' dir='ltr'><strong>quia</strong></span> <span class='ocrx_word' id='word_1_200' title='bbox 1795 2139 1852 2201; x_wconf 90' lang='lat' dir='ltr'><strong>pro</strong></span> <span class='ocrx_word' id='word_1_201' title='bbox 1868 2121 1988 2202; x_wconf 79' lang='lat' dir='ltr'><strong>primo</strong></span> <span class='ocrx_word' id='word_1_202' title='bbox 2033 2108 2039 2116; x_wconf 66' lang='grc'><strong>’</strong></span> 
     </span>
     <span class='ocr_line' id='line_1_18' title="bbox 442 2214 1988 2299; baseline 0 -18"><span class='ocrx_word' id='word_1_203' title='bbox 442 2220 547 2297; x_wconf 92' lang='lat' dir='ltr'><strong>idest,</strong></span> <span class='ocrx_word' id='word_1_204' title='bbox 565 2219 658 2283; x_wconf 86' lang='lat' dir='ltr'><strong>vadia</strong></span> <span class='ocrx_word' id='word_1_205' title='bbox 673 2218 714 2280; x_wconf 89' lang='lat' dir='ltr'><strong>ab</strong></span> <span class='ocrx_word' id='word_1_206' title='bbox 734 2216 781 2280; x_wconf 92' lang='lat' dir='ltr'><strong>eis</strong></span> <span class='ocrx_word' id='word_1_207' title='bbox 800 2216 950 2298; x_wconf 86' lang='lat' dir='ltr'><strong>accipies,</strong></span> <span class='ocrx_word' id='word_1_208' title='bbox 968 2216 1045 2298; x_wconf 91' lang='lat' dir='ltr'><strong>quia</strong></span> <span class='ocrx_word' id='word_1_209' title='bbox 1065 2235 1129 2280; x_wconf 94' lang='lat' dir='ltr'><strong>non</strong></span> <span class='ocrx_word' id='word_1_210' title='bbox 1146 2223 1189 2278; x_wconf 80' lang='lat' dir='ltr'><strong>te</strong></span> <span class='ocrx_word' id='word_1_211' title='bbox 1241 2214 1348 2292; x_wconf 80' lang='lat' dir='ltr'><strong>genito</strong></span> <span class='ocrx_word' id='word_1_212' title='bbox 1364 2215 1456 2293; x_wconf 86' lang='lat' dir='ltr'><strong>asini,</strong></span> <span class='ocrx_word' id='word_1_213' title='bbox 1470 2217 1540 2279; x_wconf 88' lang='lat' dir='ltr'><strong>ovis</strong></span> <span class='ocrx_word' id='word_1_214' title='bbox 1555 2217 1700 2291; x_wconf 85' lang='lat' dir='ltr'><strong>dabatur3</strong></span> <span class='ocrx_word' id='word_1_215' title='bbox 1712 2218 1926 2299; x_wconf 80' lang='lat' dir='ltr'><strong>primogenita</strong></span> <span class='ocrx_word' id='word_1_216' title='bbox 1936 2239 1988 2281; x_wconf 84' lang='lat' dir='ltr'><strong>ca-</strong></span> 
     </span>
     <span class='ocr_line' id='line_1_19' title="bbox 442 2314 1987 2399; baseline -0.003 -18"><span class='ocrx_word' id='word_1_217' title='bbox 442 2319 599 2381; x_wconf 91' lang='lat' dir='ltr'><strong>nebantur</strong></span> <span class='ocrx_word' id='word_1_218' title='bbox 613 2317 734 2399; x_wconf 90' lang='lat' dir='ltr'><strong>absque</strong></span> <span class='ocrx_word' id='word_1_219' title='bbox 750 2315 843 2379; x_wconf 90' lang='lat' dir='ltr'><strong>vadio</strong></span> <span class='ocrx_word' id='word_1_220' title='bbox 856 2315 1108 2379; x_wconf 89' lang='lat' dir='ltr'><strong>accommodare.</strong></span> <span class='ocrx_word' id='word_1_221' title='bbox 1127 2314 1186 2377; x_wconf 84' lang='lat' dir='ltr'><strong>l&#39;e-</strong></span> <span class='ocrx_word' id='word_1_222' title='bbox 1242 2332 1319 2375; x_wconf 91' lang='lat' dir='ltr'><strong>num</strong></span> <span class='ocrx_word' id='word_1_223' title='bbox 1344 2314 1630 2378; x_wconf 79' lang='lat' dir='ltr'><strong>interficiebantur.</strong></span> <span class='ocrx_word' id='word_1_224' title='bbox 1648 2318 1722 2379; x_wconf 85' lang='lat' dir='ltr'><strong>Noa</strong></span> <span class='ocrx_word' id='word_1_225' title='bbox 1741 2320 1921 2394; x_wconf 74' lang='lat' dir='ltr'><strong>operaberis</strong></span> <span class='ocrx_word' id='word_1_226' title='bbox 1949 2321 1987 2377; x_wconf 83' lang='lat' dir='ltr'><strong>ia</strong></span> 
     </span>
     <span class='ocr_line' id='line_1_20' title="bbox 443 2413 1987 2497; baseline -0.001 -18"><span class='ocrx_word' id='word_1_227' title='bbox 443 2426 619 2479; x_wconf 89' lang='lat' dir='ltr'><strong>rumtamen</strong></span> <span class='ocrx_word' id='word_1_228' title='bbox 643 2415 804 2497; x_wconf 88' lang='lat' dir='ltr'><strong>sioutjam</strong></span> <span class='ocrx_word' id='word_1_229' title='bbox 828 2421 947 2476; x_wconf 72' lang='lat' dir='ltr'><strong>metum</strong></span> <span class='ocrx_word' id='word_1_230' title='bbox 963 2422 1022 2490; x_wconf 84' lang='lat' dir='ltr'><strong>est,</strong></span> <span class='ocrx_word' id='word_1_231' title='bbox 1041 2413 1106 2475; x_wconf 92' lang='lat' dir='ltr'><strong>dici</strong></span> <span class='ocrx_word' id='word_1_232' title='bbox 1129 2431 1186 2495; x_wconf 93' lang='lat' dir='ltr'><strong>po·</strong></span> <span class='ocrx_word' id='word_1_233' title='bbox 1238 2414 1453 2490; x_wconf 81' lang='lat' dir='ltr'><strong>primopeaita</strong></span> <span class='ocrx_word' id='word_1_234' title='bbox 1464 2414 1876 2496; x_wconf 63' lang='lat' dir='ltr'><strong>cosmidestprimogenita</strong></span> <span class='ocrx_word' id='word_1_235' title='bbox 1886 2415 1987 2478; x_wconf 91' lang='lat' dir='ltr'><strong>boum</strong></span> 
     </span>
     <span class='ocr_line' id='line_1_21' title="bbox 444 2511 1989 2597; baseline -0.001 -20"><span class='ocrx_word' id='word_1_236' title='bbox 444 2524 516 2593; x_wconf 88' lang='lat' dir='ltr'><strong>test,</strong></span> <span class='ocrx_word' id='word_1_237' title='bbox 541 2516 626 2597; x_wconf 92' lang='lat' dir='ltr'><strong>quod</strong></span> <span class='ocrx_word' id='word_1_238' title='bbox 652 2534 715 2577; x_wconf 90' lang='lat' dir='ltr'><strong>non</strong></span> <span class='ocrx_word' id='word_1_239' title='bbox 741 2532 847 2589; x_wconf 90' lang='lat' dir='ltr'><strong>usura,</strong></span> <span class='ocrx_word' id='word_1_240' title='bbox 872 2512 927 2574; x_wconf 91' lang='lat' dir='ltr'><strong>scd</strong></span> <span class='ocrx_word' id='word_1_241' title='bbox 952 2512 1117 2593; x_wconf 89' lang='lat' dir='ltr'><strong>opulentia</strong></span> <span class='ocrx_word' id='word_1_242' title='bbox 1141 2512 1189 2575; x_wconf 92' lang='lat' dir='ltr'><strong>eis</strong></span> <span class='ocrx_word' id='word_1_243' title='bbox 1244 2528 1308 2572; x_wconf 94' lang='lat' dir='ltr'><strong>non</strong></span> <span class='ocrx_word' id='word_1_244' title='bbox 1323 2511 1501 2592; x_wconf 82' lang='lat' dir='ltr'><strong>applicabis</strong></span> <span class='ocrx_word' id='word_1_245' title='bbox 1517 2513 1628 2575; x_wconf 89' lang='lat' dir='ltr'><strong>usibus</strong></span> <span class='ocrx_word' id='word_1_246' title='bbox 1642 2521 1697 2576; x_wconf 90' lang='lat' dir='ltr'><strong>aut</strong></span> <span class='ocrx_word' id='word_1_247' title='bbox 1712 2514 1903 2576; x_wconf 83' lang='lat' dir='ltr'><strong>utilitatibus</strong></span> <span class='ocrx_word' id='word_1_248' title='bbox 1920 2515 1989 2577; x_wconf 88' lang='lat' dir='ltr'><strong>tuis</strong></span> 
     </span>
     <span class='ocr_line' id='line_1_22' title="bbox 445 2609 1987 2697; baseline -0.002 -20"><span class='ocrx_word' id='word_1_249' title='bbox 445 2614 651 2697; x_wconf 88' lang='lat' dir='ltr'><strong>promittitur.</strong></span> <span class='ocrx_word' id='word_1_250' title='bbox 668 2612 806 2687; x_wconf 83' lang='lat' dir='ltr'><strong>Qualiter</strong></span> <span class='ocrx_word' id='word_1_251' title='bbox 821 2619 927 2674; x_wconf 90' lang='lat' dir='ltr'><strong>autem</strong></span> <span class='ocrx_word' id='word_1_252' title='bbox 938 2610 1131 2692; x_wconf 89' lang='lat' dir='ltr'><strong>permissum</strong></span> <span class='ocrx_word' id='word_1_253' title='bbox 1147 2610 1189 2671; x_wconf 91' lang='lat' dir='ltr'><strong>sit</strong></span> <span class='ocrx_word' id='word_1_254' title='bbox 1244 2609 1282 2670; x_wconf 87' lang='lat' dir='ltr'><strong>ad</strong></span> <span class='ocrx_word' id='word_1_255' title='bbox 1299 2618 1434 2691; x_wconf 82' lang='lat' dir='ltr'><strong>tempus,</strong></span> <span class='ocrx_word' id='word_1_256' title='bbox 1451 2618 1622 2692; x_wconf 90' lang='lat' dir='ltr'><strong>antequam</strong></span> <span class='ocrx_word' id='word_1_257' title='bbox 1642 2612 1857 2690; x_wconf 86' lang='lat' dir='ltr'><strong>immolentur,</strong></span> <span class='ocrx_word' id='word_1_258' title='bbox 1873 2623 1904 2673; x_wconf 80' lang='lat' dir='ltr'><strong>et</strong></span> <span class='ocrx_word' id='word_1_259' title='bbox 1919 2634 1987 2675; x_wconf 80' lang='lat' dir='ltr'><strong>aon</strong></span> 
     </span>
     <span class='ocr_line' id='line_1_23' title="bbox 444 2708 1991 2786; baseline -0.002 -10"><span class='ocrx_word' id='word_1_260' title='bbox 444 2714 491 2777; x_wconf 88' lang='lat' dir='ltr'><strong>eis</strong></span> <span class='ocrx_word' id='word_1_261' title='bbox 506 2715 544 2776; x_wconf 91' lang='lat' dir='ltr'><strong>ad</strong></span> <span class='ocrx_word' id='word_1_262' title='bbox 561 2732 689 2775; x_wconf 92' lang='lat' dir='ltr'><strong>usuram</strong></span> <span class='ocrx_word' id='word_1_263' title='bbox 705 2711 944 2775; x_wconf 88' lang='lat' dir='ltr'><strong>accommodare</strong></span> <span class='ocrx_word' id='word_1_264' title='bbox 959 2708 1129 2786; x_wconf 88' lang='lat' dir='ltr'><strong>extraneis,</strong></span> <span class='ocrx_word' id='word_1_265' title='bbox 1143 2709 1188 2771; x_wconf 95' lang='lat' dir='ltr'><strong>in-</strong></span> <span class='ocrx_word' id='word_1_266' title='bbox 1245 2710 1385 2767; x_wconf 83' lang='lat' dir='ltr'><strong>tondebis</strong></span> <span class='ocrx_word' id='word_1_267' title='bbox 1396 2710 1615 2786; x_wconf 81' lang='lat' dir='ltr'><strong>primopeaita</strong></span> <span class='ocrx_word' id='word_1_268' title='bbox 1635 2712 1757 2781; x_wconf 83' lang='lat' dir='ltr'><strong>oviam,</strong></span> <span class='ocrx_word' id='word_1_269' title='bbox 1773 2710 1828 2772; x_wconf 87' lang='lat' dir='ltr'><strong>sed</strong></span> <span class='ocrx_word' id='word_1_270' title='bbox 1846 2730 1920 2773; x_wconf 88' lang='lat' dir='ltr'><strong>oum</strong></span> <span class='ocrx_word' id='word_1_271' title='bbox 1945 2712 1991 2773; x_wconf 91' lang='lat' dir='ltr'><strong>la-</strong></span> 
     </span>
     <span class='ocr_line' id='line_1_24' title="bbox 327 2804 1990 2895; baseline -0.002 -19"><span class='ocrx_word' id='word_1_272' title='bbox 327 2826 332 2838; x_wconf 88' lang='lat'><em>·</em></span> <span class='ocrx_word' id='word_1_273' title='bbox 444 2813 495 2876; x_wconf 87' lang='lat' dir='ltr'><strong>ira</strong></span> <span class='ocrx_word' id='word_1_274' title='bbox 509 2820 694 2895; x_wconf 87' lang='lat' dir='ltr'><strong>exponetur.</strong></span> <span class='ocrx_word' id='word_1_275' title='bbox 707 2812 745 2873; x_wconf 86' lang='lat' dir='ltr'><strong>Et</strong></span> <span class='ocrx_word' id='word_1_276' title='bbox 760 2810 836 2892; x_wconf 90' lang='lat' dir='ltr'><strong>quia</strong></span> <span class='ocrx_word' id='word_1_277' title='bbox 854 2829 918 2873; x_wconf 93' lang='lat' dir='ltr'><strong>non</strong></span> <span class='ocrx_word' id='word_1_278' title='bbox 934 2809 1038 2872; x_wconf 92' lang='lat' dir='ltr'><strong>solum</strong></span> <span class='ocrx_word' id='word_1_279' title='bbox 1054 2808 1187 2890; x_wconf 90' lang='lat' dir='ltr'><strong>promit·</strong></span> <span class='ocrx_word' id='word_1_280' title='bbox 1244 2824 1285 2867; x_wconf 92' lang='lat' dir='ltr'><strong>na</strong></span> <span class='ocrx_word' id='word_1_281' title='bbox 1299 2824 1357 2867; x_wconf 90' lang='lat' dir='ltr'><strong>sua</strong></span> <span class='ocrx_word' id='word_1_282' title='bbox 1375 2804 1494 2869; x_wconf 80' lang='lat' dir='ltr'><strong>olferes</strong></span> <span class='ocrx_word' id='word_1_283' title='bbox 1509 2825 1547 2869; x_wconf 92' lang='lat' dir='ltr'><strong>ea</strong></span> <span class='ocrx_word' id='word_1_284' title='bbox 1561 2807 1634 2871; x_wconf 78' lang='lat' dir='ltr'><strong>lieo.</strong></span> <span class='ocrx_word' id='word_1_285' title='bbox 1655 2807 1807 2870; x_wconf 87' lang='lat' dir='ltr'><strong>Similiter</strong></span> <span class='ocrx_word' id='word_1_286' title='bbox 1822 2828 1898 2871; x_wconf 87' lang='lat' dir='ltr'><strong>oves</strong></span> <span class='ocrx_word' id='word_1_287' title='bbox 1911 2828 1990 2890; x_wconf 81' lang='lat' dir='ltr'><strong>quae</strong></span> 
     </span>
     <span class='ocr_line' id='line_1_25' title="bbox 444 2904 1987 2989; baseline -0.003 -16"><span class='ocrx_word' id='word_1_288' title='bbox 444 2912 568 2975; x_wconf 90' lang='lat' dir='ltr'><strong>tebatur</strong></span> <span class='ocrx_word' id='word_1_289' title='bbox 582 2907 1189 2989; x_wconf 87' lang='lat' dir='ltr'><strong>cisexcellentiadivitiarumseucopia</strong></span> <span class='ocrx_word' id='word_1_290' title='bbox 1244 2922 1301 2985; x_wconf 94' lang='lat' dir='ltr'><strong>pro</strong></span> <span class='ocrx_word' id='word_1_291' title='bbox 1324 2904 1545 2986; x_wconf 79' lang='lat' dir='ltr'><strong>primogenitis</strong></span> <span class='ocrx_word' id='word_1_292' title='bbox 1567 2906 1731 2969; x_wconf 89' lang='lat' dir='ltr'><strong>asinorum</strong></span> <span class='ocrx_word' id='word_1_293' title='bbox 1752 2906 1987 2983; x_wconf 78' lang='lat' dir='ltr'><strong>offerebantur,</strong></span> 
     </span>
     <span class='ocr_line' id='line_1_26' title="bbox 443 3001 1989 3089; baseline -0.003 -18"><span class='ocrx_word' id='word_1_294' title='bbox 443 3010 619 3087; x_wconf 89' lang='lat' dir='ltr'><strong>rerum,sed</strong></span> <span class='ocrx_word' id='word_1_295' title='bbox 630 3009 725 3071; x_wconf 89' lang='lat' dir='ltr'><strong>etiam</strong></span> <span class='ocrx_word' id='word_1_296' title='bbox 742 3006 940 3089; x_wconf 90' lang='lat' dir='ltr'><strong>principatus</strong></span> <span class='ocrx_word' id='word_1_297' title='bbox 956 3005 1186 3087; x_wconf 78' lang='lat' dir='ltr'><strong>dominiiqnod</strong></span> <span class='ocrx_word' id='word_1_298' title='bbox 1204 3008 1226 3073; x_wconf 82' lang='lat' dir='ltr'>C</span> <span class='ocrx_word' id='word_1_299' title='bbox 1243 3010 1334 3065; x_wconf 88' lang='lat' dir='ltr'><strong>erant</strong></span> <span class='ocrx_word' id='word_1_300' title='bbox 1356 3001 1532 3066; x_wconf 83' lang='lat' dir='ltr'><strong>oilerendae</strong></span> <span class='ocrx_word' id='word_1_301' title='bbox 1557 3023 1630 3067; x_wconf 90' lang='lat' dir='ltr'><strong>cum</strong></span> <span class='ocrx_word' id='word_1_302' title='bbox 1657 3005 1729 3067; x_wconf 87' lang='lat' dir='ltr'><strong>lana</strong></span> <span class='ocrx_word' id='word_1_303' title='bbox 1745 3022 1753 3067; x_wconf 90' lang='lat'><strong>:</strong></span> <span class='ocrx_word' id='word_1_304' title='bbox 1770 3005 1847 3087; x_wconf 88' lang='lat' dir='ltr'><strong>quia</strong></span> <span class='ocrx_word' id='word_1_305' title='bbox 1870 3006 1904 3067; x_wconf 91' lang='lat' dir='ltr'><strong>in</strong></span> <span class='ocrx_word' id='word_1_306' title='bbox 1932 3006 1989 3068; x_wconf 78' lang='lat' dir='ltr'><strong>lici</strong></span> 
     </span>
     <span class='ocr_line' id='line_1_27' title="bbox 441 3102 1983 3189; baseline -0.002 -19"><span class='ocrx_word' id='word_1_307' title='bbox 441 3109 480 3170; x_wconf 91' lang='lat' dir='ltr'><strong>ad</strong></span> <span class='ocrx_word' id='word_1_308' title='bbox 492 3107 697 3189; x_wconf 89' lang='lat' dir='ltr'><strong>temporalem</strong></span> <span class='ocrx_word' id='word_1_309' title='bbox 714 3105 851 3188; x_wconf 91' lang='lat' dir='ltr'><strong>pertinet</strong></span> <span class='ocrx_word' id='word_1_310' title='bbox 862 3103 1187 3186; x_wconf 81' lang='lat' dir='ltr'><strong>prosperitatemsub·</strong></span> <span class='ocrx_word' id='word_1_311' title='bbox 1243 3102 1395 3183; x_wconf 89' lang='lat' dir='ltr'><strong>obsequio</strong></span> <span class='ocrx_word' id='word_1_312' title='bbox 1410 3112 1442 3165; x_wconf 91' lang='lat' dir='ltr'><strong>et</strong></span> <span class='ocrx_word' id='word_1_313' title='bbox 1457 3102 1489 3163; x_wconf 90' lang='lat' dir='ltr'><strong>in</strong></span> <span class='ocrx_word' id='word_1_314' title='bbox 1505 3102 1673 3167; x_wconf 83' lang='lat' dir='ltr'><strong>sacrificiis</strong></span> <span class='ocrx_word' id='word_1_315' title='bbox 1689 3104 1758 3186; x_wconf 86' lang='lat' dir='ltr'><strong>ejus</strong></span> <span class='ocrx_word' id='word_1_316' title='bbox 1779 3123 1983 3185; x_wconf 89' lang='lat' dir='ltr'><strong>nequaquam</strong></span> 
     </span>
     <span class='ocr_line' id='line_1_28' title="bbox 441 3201 1990 3288; baseline -0.003 -19"><span class='ocrx_word' id='word_1_317' title='bbox 441 3206 586 3288; x_wconf 79' lang='lat' dir='ltr'><strong>jungitur</strong></span> <span class='ocrx_word' id='word_1_318' title='bbox 612 3226 618 3269; x_wconf 94' lang='lat'><strong>:</strong></span> <span class='ocrx_word' id='word_1_319' title='bbox 646 3206 870 3266; x_wconf 73' lang='lat' dir='ltr'><strong>Darniaaberis</strong></span> <span class='ocrx_word' id='word_1_320' title='bbox 895 3205 1084 3263; x_wconf 81' lang='lat' dir='ltr'><strong>nationibus</strong></span> <span class='ocrx_word' id='word_1_321' title='bbox 1107 3209 1186 3281; x_wconf 84' lang='lat' dir='ltr'><strong>pla·</strong></span> <span class='ocrx_word' id='word_1_322' title='bbox 1243 3201 1366 3263; x_wconf 90' lang='lat' dir='ltr'><strong>tenacia</strong></span> <span class='ocrx_word' id='word_1_323' title='bbox 1380 3208 1428 3263; x_wconf 93' lang='lat' dir='ltr'><strong>est</strong></span> <span class='ocrx_word' id='word_1_324' title='bbox 1445 3203 1660 3278; x_wconf 88' lang='lat' dir='ltr'><strong>monstranda,</strong></span> <span class='ocrx_word' id='word_1_325' title='bbox 1674 3203 1730 3265; x_wconf 89' lang='lat' dir='ltr'><strong>scd</strong></span> <span class='ocrx_word' id='word_1_326' title='bbox 1745 3202 1920 3265; x_wconf 87' lang='lat' dir='ltr'><strong>liberalitas</strong></span> <span class='ocrx_word' id='word_1_327' title='bbox 1935 3222 1990 3265; x_wconf 82' lang='lat' dir='ltr'><strong>ex-</strong></span> 
     </span>
     <span class='ocr_line' id='line_1_29' title="bbox 441 3298 1990 3382; baseline -0.001 -17"><span class='ocrx_word' id='word_1_328' title='bbox 441 3307 549 3374; x_wconf 83' lang='lat' dir='ltr'><strong>rimis,</strong></span> <span class='ocrx_word' id='word_1_329' title='bbox 564 3315 593 3365; x_wconf 86' lang='lat' dir='ltr'><strong>et</strong></span> <span class='ocrx_word' id='word_1_330' title='bbox 614 3306 663 3365; x_wconf 84' lang='lat' dir='ltr'><strong>tui</strong></span> <span class='ocrx_word' id='word_1_331' title='bbox 688 3322 778 3363; x_wconf 80' lang='lat' dir='ltr'><strong>nemo</strong></span> <span class='ocrx_word' id='word_1_332' title='bbox 798 3302 1033 3371; x_wconf 81' lang='lat' dir='ltr'><strong>dominabitur,</strong></span> <span class='ocrx_word' id='word_1_333' title='bbox 1053 3302 1115 3365; x_wconf 90' lang='lat' dir='ltr'><strong>hoc</strong></span> <span class='ocrx_word' id='word_1_334' title='bbox 1139 3312 1188 3365; x_wconf 91' lang='lat' dir='ltr'><strong>est</strong></span> <span class='ocrx_word' id='word_1_335' title='bbox 1243 3298 1396 3374; x_wconf 81' lang='lat' dir='ltr'><strong>hibenda3</strong></span> <span class='ocrx_word' id='word_1_336' title='bbox 1410 3298 1535 3381; x_wconf 88' lang='lat' dir='ltr'><strong>ipsique</strong></span> <span class='ocrx_word' id='word_1_337' title='bbox 1550 3302 1788 3377; x_wconf 78' lang='lat' dir='ltr'><strong>sacerdoteS,ad</strong></span> <span class='ocrx_word' id='word_1_338' title='bbox 1803 3319 1883 3382; x_wconf 91' lang='lat' dir='ltr'><strong>quos</strong></span> <span class='ocrx_word' id='word_1_339' title='bbox 1898 3300 1990 3364; x_wconf 88' lang='lat' dir='ltr'><strong>obla-</strong></span> 
     </span>
     <span class='ocr_line' id='line_1_30' title="bbox 443 3397 1990 3481; baseline -0.001 -16"><span class='ocrx_word' id='word_1_340' title='bbox 443 3402 551 3465; x_wconf 90' lang='lat' dir='ltr'><strong>nnllus</strong></span> <span class='ocrx_word' id='word_1_341' title='bbox 571 3401 700 3481; x_wconf 83' lang='lat' dir='ltr'><strong>gentilis</strong></span> <span class='ocrx_word' id='word_1_342' title='bbox 726 3398 934 3479; x_wconf 77' lang='lat' dir='ltr'><strong>infidelisque</strong></span> <span class='ocrx_word' id='word_1_343' title='bbox 960 3397 1110 3481; x_wconf 87' lang='lat' dir='ltr'><strong>princeps</strong></span> <span class='ocrx_word' id='word_1_344' title='bbox 1133 3408 1188 3462; x_wconf 93' lang='lat' dir='ltr'><strong>aut</strong></span> <span class='ocrx_word' id='word_1_345' title='bbox 1243 3397 1409 3462; x_wconf 82' lang='lat' dir='ltr'><strong>tionesDei</strong></span> <span class='ocrx_word' id='word_1_346' title='bbox 1422 3398 1708 3478; x_wconf 89' lang='lat' dir='ltr'><strong>pertinuerunt,sic</strong></span> <span class='ocrx_word' id='word_1_347' title='bbox 1719 3398 1903 3479; x_wconf 79' lang='lat' dir='ltr'><strong>indigebant</strong></span> <span class='ocrx_word' id='word_1_348' title='bbox 1913 3400 1990 3463; x_wconf 87' lang='lat' dir='ltr'><strong>lana</strong></span> 
     </span>
     <span class='ocr_line' id='line_1_31' title="bbox 441 3495 1991 3583; baseline -0.003 -20"><span class='ocrx_word' id='word_1_349' title='bbox 441 3500 580 3583; x_wconf 92' lang='lat' dir='ltr'><strong>populus</strong></span> <span class='ocrx_word' id='word_1_350' title='bbox 599 3517 605 3561; x_wconf 95' lang='lat'>:</span> <span class='ocrx_word' id='word_1_351' title='bbox 627 3498 712 3580; x_wconf 91' lang='lat' dir='ltr'><strong>quod</strong></span> <span class='ocrx_word' id='word_1_352' title='bbox 729 3506 869 3578; x_wconf 90' lang='lat' dir='ltr'><strong>tempore</strong></span> <span class='ocrx_word' id='word_1_353' title='bbox 889 3496 988 3558; x_wconf 84' lang='lat' dir='ltr'><strong>llavid</strong></span> <span class='ocrx_word' id='word_1_354' title='bbox 1003 3503 1035 3559; x_wconf 91' lang='lat' dir='ltr'><strong>et</strong></span> <span class='ocrx_word' id='word_1_355' title='bbox 1050 3496 1187 3561; x_wconf 87' lang='lat' dir='ltr'><strong>Salomo</strong></span> <span class='ocrx_word' id='word_1_356' title='bbox 1242 3513 1300 3577; x_wconf 94' lang='lat' dir='ltr'><strong>pro</strong></span> <span class='ocrx_word' id='word_1_357' title='bbox 1317 3495 1444 3573; x_wconf 88' lang='lat' dir='ltr'><strong>vestitu,</strong></span> <span class='ocrx_word' id='word_1_358' title='bbox 1462 3503 1496 3557; x_wconf 92' lang='lat' dir='ltr'><strong>ut</strong></span> <span class='ocrx_word' id='word_1_359' title='bbox 1510 3515 1606 3559; x_wconf 88' lang='lat' dir='ltr'><strong>carne</strong></span> <span class='ocrx_word' id='word_1_360' title='bbox 1621 3516 1679 3579; x_wconf 93' lang='lat' dir='ltr'><strong>pro</strong></span> <span class='ocrx_word' id='word_1_361' title='bbox 1695 3498 1793 3561; x_wconf 90' lang='lat' dir='ltr'><strong>victu.</strong></span> <span class='ocrx_word' id='word_1_362' title='bbox 1806 3503 1848 3560; x_wconf 84' lang='lat' dir='ltr'><strong>In</strong></span> <span class='ocrx_word' id='word_1_363' title='bbox 1861 3519 1991 3577; x_wconf 72' lang='lat' dir='ltr'><strong>compe-</strong></span> 
     </span>
     <span class='ocr_line' id='line_1_32' title="bbox 442 3595 2132 3681; baseline 0.001 -20"><span class='ocrx_word' id='word_1_364' title='bbox 442 3600 492 3661; x_wconf 93' lang='lat' dir='ltr'><strong>nis</strong></span> <span class='ocrx_word' id='word_1_365' title='bbox 509 3597 683 3681; x_wconf 82' lang='lat' dir='ltr'><strong>prmsertim</strong></span> <span class='ocrx_word' id='word_1_366' title='bbox 700 3595 867 3677; x_wconf 90' lang='lat' dir='ltr'><strong>impletum</strong></span> <span class='ocrx_word' id='word_1_367' title='bbox 885 3602 944 3656; x_wconf 88' lang='lat' dir='ltr'><strong>est.</strong></span> <span class='ocrx_word' id='word_1_368' title='bbox 1242 3603 1295 3653; x_wconf 83' lang='lat' dir='ltr'><strong>eta</strong></span> <span class='ocrx_word' id='word_1_369' title='bbox 1309 3595 1443 3653; x_wconf 80' lang='lat' dir='ltr'><strong>Domini</strong></span> <span class='ocrx_word' id='word_1_370' title='bbox 1456 3595 1517 3654; x_wconf 90' lang='lat' dir='ltr'><strong>Dei</strong></span> <span class='ocrx_word' id='word_1_371' title='bbox 1533 3596 1584 3653; x_wconf 79' lang='lat' dir='ltr'><strong>tui</strong></span> <span class='ocrx_word' id='word_1_372' title='bbox 1597 3599 1739 3656; x_wconf 79' lang='lat' dir='ltr'><strong>comedes</strong></span> <span class='ocrx_word' id='word_1_373' title='bbox 1754 3616 1805 3666; x_wconf 87' lang='lat' dir='ltr'><strong>ea,</strong></span> <span class='ocrx_word' id='word_1_374' title='bbox 1827 3596 1916 3678; x_wconf 85' lang='lat' dir='ltr'><strong>juxta</strong></span> <span class='ocrx_word' id='word_1_375' title='bbox 1935 3616 1991 3659; x_wconf 82' lang='lat' dir='ltr'><strong>ex·</strong></span> <span class='ocrx_word' id='word_1_376' title='bbox 2020 3621 2087 3664; x_wconf 69' lang='lat' dir='ltr'><strong>ma.</strong></span> <span class='ocrx_word' id='word_1_377' title='bbox 2103 3636 2132 3662; x_wconf 60' lang='lat' dir='ltr'><strong>‚a</strong></span> 
     </span>
     <span class='ocr_line' id='line_1_33' title="bbox 400 3687 2043 3774; baseline -0.002 -15"><span class='ocrx_word' id='word_1_378' title='bbox 400 3762 401 3770; x_wconf 49' lang='lat'><strong>,</strong></span> <span class='ocrx_word' id='word_1_379' title='bbox 481 3700 521 3759; x_wconf 87' lang='lat' dir='ltr'><strong>Si</strong></span> <span class='ocrx_word' id='word_1_380' title='bbox 535 3718 621 3758; x_wconf 82' lang='lat' dir='ltr'><strong>anas</strong></span> <span class='ocrx_word' id='word_1_381' title='bbox 642 3700 682 3755; x_wconf 86' lang='lat' dir='ltr'><strong>cie</strong></span> <span class='ocrx_word' id='word_1_382' title='bbox 703 3695 863 3771; x_wconf 82' lang='lat' dir='ltr'><strong>fratr-ibas</strong></span> <span class='ocrx_word' id='word_1_383' title='bbox 887 3695 963 3763; x_wconf 81' lang='lat' dir='ltr'><strong>tots,</strong></span> <span class='ocrx_word' id='word_1_384' title='bbox 979 3693 1011 3754; x_wconf 95' lang='lat' dir='ltr'><strong>id</strong></span> <span class='ocrx_word' id='word_1_385' title='bbox 1033 3701 1082 3756; x_wconf 90' lang='lat' dir='ltr'><strong>est</strong></span> <span class='ocrx_word' id='word_1_386' title='bbox 1103 3712 1188 3774; x_wconf 79' lang='lat' dir='ltr'><strong>qua-</strong></span> <span class='ocrx_word' id='word_1_387' title='bbox 1243 3691 1434 3771; x_wconf 90' lang='lat' dir='ltr'><strong>positionem</strong></span> <span class='ocrx_word' id='word_1_388' title='bbox 1450 3691 1597 3772; x_wconf 88' lang='lat' dir='ltr'><strong>superius</strong></span> <span class='ocrx_word' id='word_1_389' title='bbox 1613 3692 1836 3756; x_wconf 89' lang='lat' dir='ltr'><strong>introductam.</strong></span> <span class='ocrx_word' id='word_1_390' title='bbox 1849 3698 1912 3756; x_wconf 81' lang='lat' dir='ltr'><strong>Sin</strong></span> <span class='ocrx_word' id='word_1_391' title='bbox 1927 3717 1990 3756; x_wconf 61' lang='lat' dir='ltr'><strong>aaa</strong></span> <span class='ocrx_word' id='word_1_392' title='bbox 2007 3687 2043 3727; x_wconf 67' lang='lat'><strong>¹²</strong></span> 
     </span>
     <span class='ocr_line' id='line_1_34' title="bbox 442 3791 2131 3878; baseline 0.001 -19"><span class='ocrx_word' id='word_1_393' title='bbox 442 3814 579 3878; x_wconf 89' lang='lat' dir='ltr'><strong>cumque</strong></span> <span class='ocrx_word' id='word_1_394' title='bbox 591 3813 726 3877; x_wconf 91' lang='lat' dir='ltr'><strong>persona</strong></span> <span class='ocrx_word' id='word_1_395' title='bbox 737 3792 865 3855; x_wconf 87' lang='lat' dir='ltr'><strong>natione</strong></span> <span class='ocrx_word' id='word_1_396' title='bbox 874 3791 1186 3867; x_wconf 84' lang='lat' dir='ltr'><strong>liebraea,autetiam</strong></span> <span class='ocrx_word' id='word_1_397' title='bbox 1244 3799 1306 3851; x_wconf 78' lang='lat' dir='ltr'><strong>tam</strong></span> <span class='ocrx_word' id='word_1_398' title='bbox 1329 3792 1478 3851; x_wconf 76' lang='lat' dir='ltr'><strong>iabaemt</strong></span> <span class='ocrx_word' id='word_1_399' title='bbox 1501 3794 1675 3862; x_wconf 80' lang='lat' dir='ltr'><strong>maculam,</strong></span> <span class='ocrx_word' id='word_1_400' title='bbox 1692 3800 1752 3854; x_wconf 84' lang='lat' dir='ltr'><strong>eto.</strong></span> <span class='ocrx_word' id='word_1_401' title='bbox 1774 3792 1858 3854; x_wconf 90' lang='lat' dir='ltr'><strong>lstud</strong></span> <span class='ocrx_word' id='word_1_402' title='bbox 1883 3801 1988 3857; x_wconf 91' lang='lat' dir='ltr'><strong>totum</strong></span> <span class='ocrx_word' id='word_1_403' title='bbox 2025 3816 2131 3859; x_wconf 63' lang='lat' dir='ltr'><strong>am.</strong></span> 
     </span>
     <span class='ocr_line' id='line_1_35' title="bbox 443 3884 2079 3975; baseline -0.002 -18"><span class='ocrx_word' id='word_1_404' title='bbox 443 3895 618 3959; x_wconf 91' lang='lat' dir='ltr'><strong>secundum</strong></span> <span class='ocrx_word' id='word_1_405' title='bbox 628 3893 790 3975; x_wconf 90' lang='lat' dir='ltr'><strong>quosdam,</strong></span> <span class='ocrx_word' id='word_1_406' title='bbox 799 3892 839 3953; x_wconf 88' lang='lat' dir='ltr'><strong>ad</strong></span> <span class='ocrx_word' id='word_1_407' title='bbox 848 3890 1045 3952; x_wconf 90' lang='lat' dir='ltr'><strong>Judaismum</strong></span> <span class='ocrx_word' id='word_1_408' title='bbox 1057 3910 1187 3954; x_wconf 88' lang='lat' dir='ltr'><strong>conver·</strong></span> <span class='ocrx_word' id='word_1_409' title='bbox 1243 3907 1340 3969; x_wconf 87' lang='lat' dir='ltr'><strong>supra</strong></span> <span class='ocrx_word' id='word_1_410' title='bbox 1355 3888 1545 3964; x_wconf 91' lang='lat' dir='ltr'><strong>continetur,</strong></span> <span class='ocrx_word' id='word_1_411' title='bbox 1563 3896 1595 3950; x_wconf 91' lang='lat' dir='ltr'><strong>et</strong></span> <span class='ocrx_word' id='word_1_412' title='bbox 1611 3888 1656 3951; x_wconf 92' lang='lat' dir='ltr'><strong>ibi</strong></span> <span class='ocrx_word' id='word_1_413' title='bbox 1670 3891 1850 3971; x_wconf 91' lang='lat' dir='ltr'><strong>expositum</strong></span> <span class='ocrx_word' id='word_1_414' title='bbox 1864 3901 1923 3954; x_wconf 88' lang='lat' dir='ltr'><strong>est.</strong></span> <span class='ocrx_word' id='word_1_415' title='bbox 2006 3884 2079 3923; x_wconf 52' lang='grc' dir='ltr'><strong>Μ’·</strong></span> 
     </span>
     <span class='ocr_line' id='line_1_36' title="bbox 441 3987 2107 4072; baseline 0 -15"><span class='ocrx_word' id='word_1_416' title='bbox 441 4015 487 4072; x_wconf 89' lang='lat' dir='ltr'><strong>sa,</strong></span> <span class='ocrx_word' id='word_1_417' title='bbox 505 3997 548 4055; x_wconf 84' lang='lat' dir='ltr'><strong>ad</strong></span> <span class='ocrx_word' id='word_1_418' title='bbox 561 4002 786 4071; x_wconf 80' lang='lat' dir='ltr'><strong>paupertatem</strong></span> <span class='ocrx_word' id='word_1_419' title='bbox 806 3991 968 4050; x_wconf 82' lang='lat' dir='ltr'><strong>devenerit</strong></span> <span class='ocrx_word' id='word_1_420' title='bbox 979 4013 992 4061; x_wconf 88' lang='lat'><strong>,·</strong></span> <span class='ocrx_word' id='word_1_421' title='bbox 1012 4010 1076 4051; x_wconf 80' lang='lat' dir='ltr'><strong>aon</strong></span> <span class='ocrx_word' id='word_1_422' title='bbox 1092 3993 1188 4051; x_wconf 68' lang='lat' dir='ltr'><strong>obde</strong></span> <span class='ocrx_word' id='word_1_423' title='bbox 1282 3987 1420 4069; x_wconf 80' lang='lat' dir='ltr'><strong>llystice,</strong></span> <span class='ocrx_word' id='word_1_424' title='bbox 1431 3988 1585 4071; x_wconf 89' lang='lat' dir='ltr'><strong>septimus</strong></span> <span class='ocrx_word' id='word_1_425' title='bbox 1600 4008 1704 4051; x_wconf 89' lang='lat' dir='ltr'><strong>annus</strong></span> <span class='ocrx_word' id='word_1_426' title='bbox 1720 3991 1990 4067; x_wconf 87' lang='lat' dir='ltr'><strong>remissionis,est</strong></span> <span class='ocrx_word' id='word_1_427' title='bbox 2026 4014 2107 4057; x_wconf 59' lang='lat' dir='ltr'><strong>sam</strong></span> 
     </span>
     <span class='ocr_line' id='line_1_37' title="bbox 442 4082 2118 4172; baseline -0.001 -17"><span class='ocrx_word' id='word_1_428' title='bbox 442 4096 531 4155; x_wconf 82' lang='lat' dir='ltr'><strong>rabis</strong></span> <span class='ocrx_word' id='word_1_429' title='bbox 549 4112 603 4152; x_wconf 89' lang='lat' dir='ltr'><strong>car</strong></span> <span class='ocrx_word' id='word_1_430' title='bbox 627 4102 720 4153; x_wconf 84' lang='lat' dir='ltr'><strong>taum</strong></span> <span class='ocrx_word' id='word_1_431' title='bbox 745 4107 801 4171; x_wconf 89' lang='lat' dir='ltr'><strong>per</strong></span> <span class='ocrx_word' id='word_1_432' title='bbox 825 4086 1046 4150; x_wconf 88' lang='lat' dir='ltr'><strong>crudelitatem</strong></span> <span class='ocrx_word' id='word_1_433' title='bbox 1073 4096 1106 4150; x_wconf 89' lang='lat' dir='ltr'><strong>et</strong></span> <span class='ocrx_word' id='word_1_434' title='bbox 1130 4088 1189 4150; x_wconf 91' lang='lat' dir='ltr'><strong>im·</strong></span> <span class='ocrx_word' id='word_1_435' title='bbox 1243 4105 1337 4150; x_wconf 91' lang='lat' dir='ltr'><strong>omne</strong></span> <span class='ocrx_word' id='word_1_436' title='bbox 1352 4095 1477 4170; x_wconf 91' lang='lat' dir='ltr'><strong>tempus</strong></span> <span class='ocrx_word' id='word_1_437' title='bbox 1492 4088 1683 4168; x_wconf 76' lang='lat' dir='ltr'><strong>evangelica</strong></span> <span class='ocrx_word' id='word_1_438' title='bbox 1698 4089 1828 4168; x_wconf 69' lang='lat' dir='ltr'><strong>legista</strong></span> <span class='ocrx_word' id='word_1_439' title='bbox 1843 4108 1908 4171; x_wconf 92' lang='lat' dir='ltr'><strong>quo</strong></span> <span class='ocrx_word' id='word_1_440' title='bbox 1919 4110 1991 4172; x_wconf 81' lang='lat' dir='ltr'><strong>sep</strong></span> <span class='ocrx_word' id='word_1_441' title='bbox 2005 4082 2118 4133; x_wconf 62' lang='lat'><strong>&#39;’¹²³⁰“</strong></span> 
     </span>
     <span class='ocr_line' id='line_1_38' title="bbox 443 4186 1990 4271; baseline -0.003 -14"><span class='ocrx_word' id='word_1_442' title='bbox 443 4190 705 4266; x_wconf 86' lang='lat' dir='ltr'><strong>misericordiam,</strong></span> <span class='ocrx_word' id='word_1_443' title='bbox 722 4210 779 4249; x_wconf 82' lang='lat' dir='ltr'><strong>neo</strong></span> <span class='ocrx_word' id='word_1_444' title='bbox 796 4190 963 4248; x_wconf 74' lang='lat' dir='ltr'><strong>contraeas</strong></span> <span class='ocrx_word' id='word_1_445' title='bbox 979 4208 1115 4248; x_wconf 81' lang='lat' dir='ltr'><strong>monam</strong></span> <span class='ocrx_word' id='word_1_446' title='bbox 1131 4192 1227 4270; x_wconf 84' lang='lat' dir='ltr'><strong>perl)</strong></span> <span class='ocrx_word' id='word_1_447' title='bbox 1245 4195 1308 4248; x_wconf 86' lang='lat' dir='ltr'><strong>tem</strong></span> <span class='ocrx_word' id='word_1_448' title='bbox 1324 4186 1416 4249; x_wconf 93' lang='lat' dir='ltr'><strong>donis</strong></span> <span class='ocrx_word' id='word_1_449' title='bbox 1434 4186 1571 4269; x_wconf 88' lang='lat' dir='ltr'><strong>Spiritus</strong></span> <span class='ocrx_word' id='word_1_450' title='bbox 1586 4187 1693 4251; x_wconf 88' lang='lat' dir='ltr'><strong>Sancti</strong></span> <span class='ocrx_word' id='word_1_451' title='bbox 1708 4189 1879 4271; x_wconf 88' lang='lat' dir='ltr'><strong>replemur.</strong></span> <span class='ocrx_word' id='word_1_452' title='bbox 1896 4188 1990 4253; x_wconf 88' lang='lat' dir='ltr'><strong>Unde</strong></span> 
     </span>
     <span class='ocr_line' id='line_1_39' title="bbox 442 4284 2135 4368; baseline -0.001 -13"><span class='ocrx_word' id='word_1_453' title='bbox 442 4292 616 4367; x_wconf 86' lang='lat' dir='ltr'><strong>avaritiam,</strong></span> <span class='ocrx_word' id='word_1_454' title='bbox 622 4292 677 4350; x_wconf 90' lang='lat' dir='ltr'><strong>sed</strong></span> <span class='ocrx_word' id='word_1_455' title='bbox 686 4289 810 4367; x_wconf 85' lang='lat' dir='ltr'><strong>aperies</strong></span> <span class='ocrx_word' id='word_1_456' title='bbox 819 4308 890 4347; x_wconf 82' lang='lat' dir='ltr'><strong>eam</strong></span> <span class='ocrx_word' id='word_1_457' title='bbox 896 4288 1047 4363; x_wconf 81' lang='lat' dir='ltr'><strong>pauperi,</strong></span> <span class='ocrx_word' id='word_1_458' title='bbox 1056 4297 1086 4348; x_wconf 84' lang='lat' dir='ltr'><strong>et</strong></span> <span class='ocrx_word' id='word_1_459' title='bbox 1096 4289 1188 4347; x_wconf 83' lang='lat' dir='ltr'><strong>dabis</strong></span> <span class='ocrx_word' id='word_1_460' title='bbox 1243 4285 1276 4345; x_wconf 93' lang='lat' dir='ltr'><strong>in</strong></span> <span class='ocrx_word' id='word_1_461' title='bbox 1292 4284 1371 4347; x_wconf 88' lang='lat' dir='ltr'><strong>lsaia</strong></span> <span class='ocrx_word' id='word_1_462' title='bbox 1387 4284 1527 4366; x_wconf 89' lang='lat' dir='ltr'><strong>loquitur</strong></span> <span class='ocrx_word' id='word_1_463' title='bbox 1541 4285 1700 4350; x_wconf 83' lang='lat' dir='ltr'><strong>Christus:</strong></span> <span class='ocrx_word' id='word_1_464' title='bbox 1710 4286 1847 4368; x_wconf 90' lang='lat' dir='ltr'><strong>Spiritus</strong></span> <span class='ocrx_word' id='word_1_465' title='bbox 1861 4288 1991 4351; x_wconf 79' lang='lat' dir='ltr'><strong>Domim</strong></span> <span class='ocrx_word' id='word_1_466' title='bbox 2005 4312 2135 4361; x_wconf 62' lang='lat' dir='ltr'><strong>leuata</strong></span> 
     </span>
     <span class='ocr_line' id='line_1_40' title="bbox 442 4384 1989 4469; baseline -0.003 -17"><span class='ocrx_word' id='word_1_467' title='bbox 442 4402 594 4453; x_wconf 80' lang='lat' dir='ltr'><strong>mutuum</strong></span> <span class='ocrx_word' id='word_1_468' title='bbox 613 4410 675 4468; x_wconf 84' lang='lat' dir='ltr'><strong>quo</strong></span> <span class='ocrx_word' id='word_1_469' title='bbox 696 4410 770 4449; x_wconf 85' lang='lat' dir='ltr'><strong>eum</strong></span> <span class='ocrx_word' id='word_1_470' title='bbox 792 4388 938 4464; x_wconf 78' lang='lat' dir='ltr'><strong>indipere</strong></span> <span class='ocrx_word' id='word_1_471' title='bbox 955 4389 1158 4463; x_wconf 72' lang='lat' dir='ltr'><strong>perspeceris</strong></span> <span class='ocrx_word' id='word_1_472' title='bbox 1176 4407 1187 4446; x_wconf 92' lang='lat'><strong>.·</strong></span> <span class='ocrx_word' id='word_1_473' title='bbox 1243 4402 1339 4465; x_wconf 89' lang='lat' dir='ltr'><strong>super</strong></span> <span class='ocrx_word' id='word_1_474' title='bbox 1353 4402 1415 4459; x_wconf 90' lang='lat' dir='ltr'><strong>me,</strong></span> <span class='ocrx_word' id='word_1_475' title='bbox 1437 4391 1473 4445; x_wconf 90' lang='lat' dir='ltr'><strong>ut</strong></span> <span class='ocrx_word' id='word_1_476' title='bbox 1487 4384 1692 4465; x_wconf 74' lang='lat' dir='ltr'><strong>praedicarem</strong></span> <span class='ocrx_word' id='word_1_477' title='bbox 1713 4404 1832 4447; x_wconf 85' lang='lat' dir='ltr'><strong>annum</strong></span> <span class='ocrx_word' id='word_1_478' title='bbox 1849 4386 1989 4469; x_wconf 78' lang='lat' dir='ltr'><strong>placabi-</strong></span> 
     </span>
     <span class='ocr_line' id='line_1_41' title="bbox 442 4482 1987 4569; baseline -0.002 -17"><span class='ocrx_word' id='word_1_479' title='bbox 442 4509 502 4553; x_wconf 90' lang='lat' dir='ltr'><strong>nac</strong></span> <span class='ocrx_word' id='word_1_480' title='bbox 517 4490 577 4553; x_wconf 88' lang='lat' dir='ltr'><strong>hoc</strong></span> <span class='ocrx_word' id='word_1_481' title='bbox 593 4488 734 4550; x_wconf 89' lang='lat' dir='ltr'><strong>dimittes</strong></span> <span class='ocrx_word' id='word_1_482' title='bbox 750 4494 879 4569; x_wconf 91' lang='lat' dir='ltr'><strong>propter</strong></span> <span class='ocrx_word' id='word_1_483' title='bbox 894 4484 971 4547; x_wconf 90' lang='lat' dir='ltr'><strong>anni</strong></span> <span class='ocrx_word' id='word_1_484' title='bbox 989 4485 1118 4567; x_wconf 88' lang='lat' dir='ltr'><strong>septimi</strong></span> <span class='ocrx_word' id='word_1_485' title='bbox 1134 4504 1187 4566; x_wconf 91' lang='lat' dir='ltr'><strong>ap·</strong></span> <span class='ocrx_word' id='word_1_486' title='bbox 1243 4483 1306 4546; x_wconf 93' lang='lat' dir='ltr'><strong>lem</strong></span> <span class='ocrx_word' id='word_1_487' title='bbox 1321 4482 1466 4546; x_wconf 87' lang='lat' dir='ltr'><strong>Domino.</strong></span> <span class='ocrx_word' id='word_1_488' title='bbox 1483 4483 1516 4544; x_wconf 93' lang='lat' dir='ltr'><strong>ln</strong></span> <span class='ocrx_word' id='word_1_489' title='bbox 1531 4483 1619 4546; x_wconf 93' lang='lat' dir='ltr'><strong>omni</strong></span> <span class='ocrx_word' id='word_1_490' title='bbox 1636 4483 1733 4565; x_wconf 86' lang='lat' dir='ltr'><strong>igitur</strong></span> <span class='ocrx_word' id='word_1_491' title='bbox 1754 4492 1895 4567; x_wconf 89' lang='lat' dir='ltr'><strong>tempore</strong></span> <span class='ocrx_word' id='word_1_492' title='bbox 1910 4485 1987 4549; x_wconf 77' lang='lat' dir='ltr'><strong>vitre</strong></span> 
     </span>
     <span class='ocr_line' id='line_1_42' title="bbox 442 4581 1988 4672; baseline -0.004 -20"><span class='ocrx_word' id='word_1_493' title='bbox 442 4588 755 4672; x_wconf 91' lang='lat' dir='ltr'><strong>propinquationem,</strong></span> <span class='ocrx_word' id='word_1_494' title='bbox 780 4584 862 4647; x_wconf 91' lang='lat' dir='ltr'><strong>sicut</strong></span> <span class='ocrx_word' id='word_1_495' title='bbox 887 4584 920 4645; x_wconf 95' lang='lat' dir='ltr'><strong>in</strong></span> <span class='ocrx_word' id='word_1_496' title='bbox 947 4591 1033 4646; x_wconf 88' lang='lat' dir='ltr'><strong>textu</strong></span> <span class='ocrx_word' id='word_1_497' title='bbox 1058 4584 1114 4665; x_wconf 92' lang='lat' dir='ltr'><strong>qui</strong></span> <span class='ocrx_word' id='word_1_498' title='bbox 1141 4594 1189 4647; x_wconf 92' lang='lat' dir='ltr'><strong>est</strong></span> <span class='ocrx_word' id='word_1_499' title='bbox 1243 4582 1409 4665; x_wconf 68' lang='lat' dir='ltr'><strong>praesentis</strong></span> <span class='ocrx_word' id='word_1_500' title='bbox 1420 4581 1571 4644; x_wconf 91' lang='lat' dir='ltr'><strong>debemus</strong></span> <span class='ocrx_word' id='word_1_501' title='bbox 1588 4582 1921 4665; x_wconf 85' lang='lat' dir='ltr'><strong>remittere‚quidquid</strong></span> <span class='ocrx_word' id='word_1_502' title='bbox 1938 4585 1988 4646; x_wconf 92' lang='lat' dir='ltr'><strong>in·</strong></span> 
     </span>
     <span class='ocr_line' id='line_1_43' title="bbox 443 4679 1987 4771; baseline -0.002 -22"><span class='ocrx_word' id='word_1_503' title='bbox 443 4686 1016 4771; x_wconf 79' lang='lat' dir='ltr'><strong>planus,suhjnngitnr.Noadeerant</strong></span> <span class='ocrx_word' id='word_1_504' title='bbox 1027 4704 1188 4761; x_wconf 82' lang='lat' dir='ltr'><strong>pauperes</strong></span> <span class='ocrx_word' id='word_1_505' title='bbox 1243 4682 1336 4763; x_wconf 83' lang='lat' dir='ltr'><strong>juriae</strong></span> <span class='ocrx_word' id='word_1_506' title='bbox 1357 4681 1450 4744; x_wconf 92' lang='lat' dir='ltr'><strong>nobis</strong></span> <span class='ocrx_word' id='word_1_507' title='bbox 1474 4679 1570 4743; x_wconf 89' lang='lat' dir='ltr'><strong>luerit</strong></span> <span class='ocrx_word' id='word_1_508' title='bbox 1590 4680 1774 4761; x_wconf 80' lang='lat' dir='ltr'><strong>irrogatum,</strong></span> <span class='ocrx_word' id='word_1_509' title='bbox 1793 4701 1858 4746; x_wconf 92' lang='lat' dir='ltr'><strong>non</strong></span> <span class='ocrx_word' id='word_1_510' title='bbox 1881 4682 1987 4747; x_wconf 89' lang='lat' dir='ltr'><strong>solum</strong></span> 
     </span>
     <span class='ocr_line' id='line_1_44' title="bbox 442 4780 2116 4865; baseline 0.001 -17"><span class='ocrx_word' id='word_1_511' title='bbox 442 4791 480 4848; x_wconf 84' lang='lat' dir='ltr'><strong>in</strong></span> <span class='ocrx_word' id='word_1_512' title='bbox 496 4798 580 4849; x_wconf 84' lang='lat' dir='ltr'><strong>terra</strong></span> <span class='ocrx_word' id='word_1_513' title='bbox 596 4786 807 4847; x_wconf 78' lang='lat' dir='ltr'><strong>habitationis</strong></span> <span class='ocrx_word' id='word_1_514' title='bbox 828 4793 900 4844; x_wconf 70' lang='lat' dir='ltr'><strong>tuae.</strong></span> <span class='ocrx_word' id='word_1_515' title='bbox 918 4781 1014 4844; x_wconf 88' lang='lat' dir='ltr'><strong>Paulo</strong></span> <span class='ocrx_word' id='word_1_516' title='bbox 1029 4790 1103 4844; x_wconf 87' lang='lat' dir='ltr'><strong>ente</strong></span> <span class='ocrx_word' id='word_1_517' title='bbox 1116 4782 1182 4863; x_wconf 89' lang='lat' dir='ltr'><strong>jam</strong></span> <span class='ocrx_word' id='word_1_518' title='bbox 1244 4799 1346 4861; x_wconf 91' lang='lat' dir='ltr'><strong>nsque</strong></span> <span class='ocrx_word' id='word_1_519' title='bbox 1367 4780 1494 4861; x_wconf 91' lang='lat' dir='ltr'><strong>septies,</strong></span> <span class='ocrx_word' id='word_1_520' title='bbox 1513 4781 1567 4843; x_wconf 91' lang='lat' dir='ltr'><strong>sed</strong></span> <span class='ocrx_word' id='word_1_521' title='bbox 1589 4800 1691 4862; x_wconf 89' lang='lat' dir='ltr'><strong>usque</strong></span> <span class='ocrx_word' id='word_1_522' title='bbox 1713 4784 1892 4863; x_wconf 80' lang='lat' dir='ltr'><strong>septuagies</strong></span> <span class='ocrx_word' id='word_1_523' title='bbox 1911 4802 1989 4865; x_wconf 87' lang='lat' dir='ltr'><strong>sep·</strong></span> <span class='ocrx_word' id='word_1_524' title='bbox 2034 4806 2116 4849; x_wconf 66' lang='lat' dir='ltr'><strong>aare.</strong></span> 
     </span>
     <span class='ocr_line' id='line_1_45' title="bbox 342 4871 2105 4963; baseline 0 -20"><span class='ocrx_word' id='word_1_525' title='bbox 342 4938 345 4943; x_wconf 85' lang='lat'><strong>.</strong></span> <span class='ocrx_word' id='word_1_526' title='bbox 442 4885 532 4962; x_wconf 86' lang='lat' dir='ltr'><strong>dixit,</strong></span> <span class='ocrx_word' id='word_1_527' title='bbox 548 4884 683 4948; x_wconf 88' lang='lat' dir='ltr'><strong>Omnino</strong></span> <span class='ocrx_word' id='word_1_528' title='bbox 707 4882 854 4963; x_wconf 81' lang='lat' dir='ltr'><strong>indigens</strong></span> <span class='ocrx_word' id='word_1_529' title='bbox 876 4888 907 4943; x_wconf 91' lang='lat' dir='ltr'><strong>ct</strong></span> <span class='ocrx_word' id='word_1_530' title='bbox 928 4880 1095 4943; x_wconf 90' lang='lat' dir='ltr'><strong>mendicus</strong></span> <span class='ocrx_word' id='word_1_531' title='bbox 1124 4900 1187 4943; x_wconf 94' lang='lat' dir='ltr'><strong>non</strong></span> <span class='ocrx_word' id='word_1_532' title='bbox 1244 4871 1314 4956; x_wconf 91' lang='lat' dir='ltr'><strong>ties,</strong></span> <span class='ocrx_word' id='word_1_533' title='bbox 1332 4879 1487 4942; x_wconf 90' lang='lat' dir='ltr'><strong>sumendo</strong></span> <span class='ocrx_word' id='word_1_534' title='bbox 1502 4898 1670 4941; x_wconf 92' lang='lat' dir='ltr'><strong>numerum</strong></span> <span class='ocrx_word' id='word_1_535' title='bbox 1687 4879 1816 4943; x_wconf 91' lang='lat' dir='ltr'><strong>linitum</strong></span> <span class='ocrx_word' id='word_1_536' title='bbox 1837 4890 1868 4945; x_wconf 91' lang='lat' dir='ltr'><strong>ct</strong></span> <span class='ocrx_word' id='word_1_537' title='bbox 1881 4882 1988 4945; x_wconf 83' lang='lat' dir='ltr'><strong>detor·-</strong></span> <span class='ocrx_word' id='word_1_538' title='bbox 2005 4874 2105 4914; x_wconf 55' lang='lat'><strong>”¹¹³²</strong></span> 
     </span>
     <span class='ocr_line' id='line_1_46' title="bbox 442 4978 1991 5061; baseline -0.003 -14"><span class='ocrx_word' id='word_1_539' title='bbox 442 4983 503 5047; x_wconf 88' lang='lat' dir='ltr'><strong>crit</strong></span> <span class='ocrx_word' id='word_1_540' title='bbox 527 4984 610 5046; x_wconf 88' lang='lat' dir='ltr'><strong>inter</strong></span> <span class='ocrx_word' id='word_1_541' title='bbox 634 5002 690 5047; x_wconf 85' lang='lat' dir='ltr'><strong>vos</strong></span> <span class='ocrx_word' id='word_1_542' title='bbox 709 4999 715 5043; x_wconf 94' lang='lat'><strong>:</strong></span> <span class='ocrx_word' id='word_1_543' title='bbox 733 4980 892 5061; x_wconf 91' lang='lat' dir='ltr'><strong>quomodo</strong></span> <span class='ocrx_word' id='word_1_544' title='bbox 916 4996 991 5058; x_wconf 83' lang='lat' dir='ltr'><strong>ergo</strong></span> <span class='ocrx_word' id='word_1_545' title='bbox 1021 4998 1108 5042; x_wconf 92' lang='lat' dir='ltr'><strong>nunc</strong></span> <span class='ocrx_word' id='word_1_546' title='bbox 1131 4979 1186 5055; x_wconf 91' lang='lat' dir='ltr'><strong>ait,</strong></span> <span class='ocrx_word' id='word_1_547' title='bbox 1244 4978 1843 5059; x_wconf 78' lang='lat' dir='ltr'><strong>minatumproindelerminatozctboc</strong></span> <span class='ocrx_word' id='word_1_548' title='bbox 1853 4980 1991 5044; x_wconf 82' lang='lat' dir='ltr'><strong>maxime</strong></span> 
     </span>
     <span class='ocr_line' id='line_1_47' title="bbox 442 5077 1991 5160; baseline -0.001 -15"><span class='ocrx_word' id='word_1_549' title='bbox 442 5084 510 5145; x_wconf 93' lang='lat' dir='ltr'><strong>Non</strong></span> <span class='ocrx_word' id='word_1_550' title='bbox 525 5082 685 5145; x_wconf 79' lang='lat' dir='ltr'><strong>dcerunt?</strong></span> <span class='ocrx_word' id='word_1_551' title='bbox 705 5081 765 5143; x_wconf 86' lang='lat' dir='ltr'><strong>Sed</strong></span> <span class='ocrx_word' id='word_1_552' title='bbox 787 5079 868 5141; x_wconf 91' lang='lat' dir='ltr'><strong>illud</strong></span> <span class='ocrx_word' id='word_1_553' title='bbox 889 5078 1009 5141; x_wconf 89' lang='lat' dir='ltr'><strong>dictum</strong></span> <span class='ocrx_word' id='word_1_554' title='bbox 1028 5086 1087 5155; x_wconf 91' lang='lat' dir='ltr'><strong>est,</strong></span> <span class='ocrx_word' id='word_1_555' title='bbox 1106 5087 1141 5140; x_wconf 91' lang='lat' dir='ltr'><strong>ut</strong></span> <span class='ocrx_word' id='word_1_556' title='bbox 1155 5078 1188 5139; x_wconf 96' lang='lat' dir='ltr'><strong>in</strong></span> <span class='ocrx_word' id='word_1_557' title='bbox 1244 5077 1367 5155; x_wconf 90' lang='lat' dir='ltr'><strong>amicis,</strong></span> <span class='ocrx_word' id='word_1_558' title='bbox 1386 5078 1549 5160; x_wconf 87' lang='lat' dir='ltr'><strong>proximis,</strong></span> <span class='ocrx_word' id='word_1_559' title='bbox 1567 5086 1599 5141; x_wconf 94' lang='lat' dir='ltr'><strong>et</strong></span> <span class='ocrx_word' id='word_1_560' title='bbox 1621 5077 1774 5141; x_wconf 87' lang='lat' dir='ltr'><strong>iratribus</strong></span> <span class='ocrx_word' id='word_1_561' title='bbox 1801 5080 1925 5156; x_wconf 90' lang='lat' dir='ltr'><strong>nostris,</strong></span> <span class='ocrx_word' id='word_1_562' title='bbox 1941 5080 1991 5143; x_wconf 79' lang='lat' dir='ltr'><strong>vi-</strong></span> 
     </span>
     <span class='ocr_line' id='line_1_48' title="bbox 442 5169 2137 5263; baseline 0 -19"><span class='ocrx_word' id='word_1_563' title='bbox 442 5202 500 5245; x_wconf 92' lang='lat' dir='ltr'><strong>sua</strong></span> <span class='ocrx_word' id='word_1_564' title='bbox 524 5188 708 5263; x_wconf 87' lang='lat' dir='ltr'><strong>paupertate</strong></span> <span class='ocrx_word' id='word_1_565' title='bbox 733 5198 796 5244; x_wconf 95' lang='lat' dir='ltr'><strong>non</strong></span> <span class='ocrx_word' id='word_1_566' title='bbox 825 5178 1047 5259; x_wconf 90' lang='lat' dir='ltr'><strong>relinquantur</strong></span> <span class='ocrx_word' id='word_1_567' title='bbox 1065 5202 1072 5251; x_wconf 90' lang='lat'><strong>;</strong></span> <span class='ocrx_word' id='word_1_568' title='bbox 1101 5176 1186 5239; x_wconf 91' lang='lat' dir='ltr'><strong>istud</strong></span> <span class='ocrx_word' id='word_1_569' title='bbox 1245 5176 1361 5241; x_wconf 90' lang='lat' dir='ltr'><strong>delicet</strong></span> <span class='ocrx_word' id='word_1_570' title='bbox 1374 5176 1654 5253; x_wconf 75' lang='lat' dir='ltr'><strong>christifidelibus,</strong></span> <span class='ocrx_word' id='word_1_571' title='bbox 1671 5178 1728 5258; x_wconf 91' lang='lat' dir='ltr'><strong>qui</strong></span> <span class='ocrx_word' id='word_1_572' title='bbox 1743 5178 1783 5240; x_wconf 89' lang='lat' dir='ltr'><strong>de</strong></span> <span class='ocrx_word' id='word_1_573' title='bbox 1803 5197 1861 5241; x_wconf 92' lang='lat' dir='ltr'><strong>suo</strong></span> <span class='ocrx_word' id='word_1_574' title='bbox 1875 5179 1986 5242; x_wconf 91' lang='lat' dir='ltr'><strong>dolent</strong></span> <span class='ocrx_word' id='word_1_575' title='bbox 2136 5169 2137 5244; x_wconf 80' lang='lat' dir='ltr'><strong>l</strong></span> 
     </span>
     <span class='ocr_line' id='line_1_49' title="bbox 443 5276 1988 5365; baseline -0.003 -18"><span class='ocrx_word' id='word_1_576' title='bbox 443 5300 529 5360; x_wconf 84' lang='lat' dir='ltr'><strong>vero,</strong></span> <span class='ocrx_word' id='word_1_577' title='bbox 546 5281 632 5365; x_wconf 92' lang='lat' dir='ltr'><strong>quod</strong></span> <span class='ocrx_word' id='word_1_578' title='bbox 642 5299 679 5344; x_wconf 88' lang='lat' dir='ltr'><strong>ex</strong></span> <span class='ocrx_word' id='word_1_579' title='bbox 695 5299 729 5343; x_wconf 89' lang='lat' dir='ltr'><strong>se</strong></span> <span class='ocrx_word' id='word_1_580' title='bbox 744 5280 857 5365; x_wconf 89' lang='lat' dir='ltr'><strong>inopes</strong></span> <span class='ocrx_word' id='word_1_581' title='bbox 876 5286 970 5341; x_wconf 89' lang='lat' dir='ltr'><strong>erunt</strong></span> <span class='ocrx_word' id='word_1_582' title='bbox 984 5285 1016 5340; x_wconf 90' lang='lat' dir='ltr'><strong>et</strong></span> <span class='ocrx_word' id='word_1_583' title='bbox 1031 5276 1185 5339; x_wconf 90' lang='lat' dir='ltr'><strong>subsidiis</strong></span> <span class='ocrx_word' id='word_1_584' title='bbox 1244 5294 1385 5353; x_wconf 85' lang='lat' dir='ltr'><strong>excessu,</strong></span> <span class='ocrx_word' id='word_1_585' title='bbox 1402 5284 1434 5339; x_wconf 89' lang='lat' dir='ltr'><strong>et</strong></span> <span class='ocrx_word' id='word_1_586' title='bbox 1448 5276 1574 5340; x_wconf 89' lang='lat' dir='ltr'><strong>veniam</strong></span> <span class='ocrx_word' id='word_1_587' title='bbox 1592 5276 1815 5359; x_wconf 89' lang='lat' dir='ltr'><strong>deprecantur,</strong></span> <span class='ocrx_word' id='word_1_588' title='bbox 1831 5287 1924 5359; x_wconf 87' lang='lat' dir='ltr'><strong>atque</strong></span> <span class='ocrx_word' id='word_1_589' title='bbox 1942 5280 1988 5343; x_wconf 85' lang='lat' dir='ltr'><strong>ad</strong></span> 
     </span>
    </p>
   </div>
   <div class='ocr_carea' id='block_1_3' title="bbox 0 0 2160 6259">
    <p class='ocr_par' dir='ltr' id='par_1_3' title="bbox 0 0 2160 6259">
     <span class='ocr_line' id='line_1_50' title="bbox 0 0 2160 6259; baseline 0 0"><span class='ocrx_word' id='word_1_590' title='bbox 0 0 2160 6259; x_wconf 95' lang='lat' dir='ltr'><strong> </strong></span> 
     </span>
    </p>
   </div>
  </div>
 </body>
</html>
