4309 6259
481 518 655 564 manuario
677 518 707 563 nv
729 519 796 564 car.
820 518 907 564 xxxn
928 519 1161 568 naursnonoun.
1185 545 1225 555 —
1244 528 1316 574 aar.
1340 531 1435 577 xxxvi
1664 521 1721 586 671

171 683 433 764 supplantantur.
451 690 544 748 Foris
561 692 697 750 vastabit
711 709 761 750 ecs
777 692 921 768 gladius,
939 687 965 749 Α
1017 695 1121 754 lucta
1136 699 1264 758 estates
1276 703 1485 776 perditionis,
1501 706 1541 768 de
1556 725 1620 787 quo
1635 708 1693 771 Job
1711 729 1718 772 :

171 780 281 860 idest,
300 784 327 846 si
348 786 389 848 ab
410 787 625 850 ecclesiastica
648 789 769 851 unitate
787 790 835 853 vel
854 789 921 852 lide
979 787 1025 850 hd
1040 789 1125 852 diem
1141 794 1331 873 perditionis
1345 808 1488 862 servatur
1505 802 1618 880 malus,
1636 814 1666 869 et
1683 810 1722 870 ad
1737 827 1868 879 totuin.

170 888 257 942 anta
270 884 404 964 mystico
415 885 532 948 Christi
548 905 681 968 corpore
692 906 748 969 per
759 896 923 969 peceatum
978 886 1063 948 diem
1082 886 1197 952 luroris
1219 892 1363 955 ducetur.
1381 895 1468 969 Quod
1490 899 1517 960 si
1538 900 1606 965 dies
1629 922 1723 984 genc-

171 982 308 1044 mortale
332 983 531 1060 recesserint,
548 985 654 1064 gladio
668 986 834 1050 diabolica
857 996 923 1050 ton·
980 984 1178 1065 ralisjudicii
1194 999 1323 1070 putatur
1333 994 1469 1057 multum
1481 998 1608 1078 distare,
1616 1011 1723 1066 tamen

172 1079 306 1142 tationis
332 1083 484 1163 peribunt
497 1107 503 1157 3
518 1095 557 1144 -et
574 1087 661 1147 intus
677 1107 792 1163 pavor,
809 1086 842 1148 id
862 1094 920 1163 est,
978 1083 1018 1144 de
1033 1083 1085 1146 die
1100 1085 1301 1166 particularis
1322 1090 1435 1170 judicii
1458 1097 1543 1176 quod
1566 1097 1599 1159 in
1620 1110 1723 1164 morte

172 1179 271 1240 ctiam
288 1180 315 1242 si
337 1199 394 1262 per
410 1181 509 1244 tidem
533 1182 565 1244 in
586 1183 727 1246 Ecclesia
743 1203 924 1266 permanse—
978 1183 1083 1263 agitur
1093 1184 1299 1266 singulorum,
1308 1191 1427 1274 ambigi
1440 1197 1550 1277 nequit
1564 1199 1643 1280 quin
1654 1220 1725 1282 pro

174 1277 444 1354 rint,inordinato
461 1290 546 1344 metu
563 1290 595 1344 et
610 1283 706 1345 variis
721 1283 923 1365 passionibus
979 1299 1018 1362 pe
1043 1281 1096 1358 sit,
1120 1286 1295 1365 prasertim
1320 1308 1418 1370 quum
1444 1293 1512 1356 dies
1535 1298 1636 1359 nostri
1658 1300 1723 1362 sint
1743 1317 1869 1369 reuma

175 1376 293 1440 anima
308 1377 663 1459 ailligentnrdtcttcct:
676 1385 810 1444 Ubinam
825 1386 924 1444 sunt?
979 1381 1071 1459 quasi
1097 1382 1209 1445 umbra
1234 1405 1329 1468 super
1352 1396 1479 1454 terram.
1500 1394 1572 1458 ldeo
1594 1398 1724 1480 scripsit
1739 1384 1772 1422 ¹⁵·

70 1497 86 1524 ι.
97 1498 159 1534 trit,
177 1474 255 1536 Nam
272 1475 379 1539 subito
390 1477 597 1554 defecerunt3
616 1481 780 1562 perierunt
795 1490 924 1563 propter
978 1479 1113 1542 Jacobus
1130 1483 1217 1544 suis:
1235 1485 1314 1548 Ecce
1328 1487 1425 1566 judex
1440 1500 1515 1555 ante
1529 1494 1660 1573 januam
1672 1498 1725 1559 ad·
1737 1519 1869 1571 eatstan.

48 1553 64 1587 ’“
177 1573 382 1655 iniquitatem
407 1595 507 1640 suam.
526 1582 591 1640 Sed
601 1591 734 1657 propter
753 1585 839 1641 iram
861 1583 923 1640 ini·
980 1577 1074 1639 sistit.
1089 1582 1256 1642 Iudicabit
1271 1587 1429 1649 Dominus
1440 1595 1599 1668 poputum
1613 1615 1722 1667 suum,

175 1676 338 1735 micorum
361 1679 489 1738 distutt.
518 1677 568 1740 Sic
598 1678 692 1758 plane
722 1679 925 1760 omnipotens
979 1677 1130 1756 quoniam
1143 1679 1724 1775 malisChristianisgraviorainfliget

176 1772 260 1834 Deus
277 1772 462 1856 frequenter
484 1777 627 1859 pepercit
648 1777 756 1859 impiis
776 1777 926 1841 Christia-
980 1775 1157 1856 supplicia;
1180 1786 1276 1859 atque
1300 1790 1335 1843 ut
1359 1787 1592 1851 sacratissimus
1614 1792 1723 1856 Petrus

176 1869 239 1947 nis,
258 1891 318 1934 nec
333 1890 386 1935 eos
402 1893 420 1935 a
438 1873 621 1937 visibilibus
638 1876 687 1938 vel
706 1875 924 1938 invisibilibus
939 1871 963 1932 B
981 1879 1123 1950 testatur,
1140 1875 1277 1960 Tempus
1292 1890 1339 1943 est
1358 1890 1393 1944 ut
1414 1883 1549 1968 incipiat
1566 1889 1722 1969 judicium
1757 1911 1869 1965 raian,

176 1969 325 2031 hostibus
350 1971 435 2036 vinci
461 1973 617 2055 permisit,
638 1976 814 2037 secundnm
840 1976 925 2056 quod
979 1972 1113 2035 adorno
1138 1974 1273 2037 Domini.
1303 1982 1425 2042 Videbit
1444 1990 1530 2062 quod
1551 1991 1722 2066 infirmata
1740 1978 1772 2018 ¹⁷·

177 2069 240 2151 ipsi
264 2071 339 2132 mali
355 2071 527 2135 Christiani
544 2081 798 2153 promeruerunt,
816 2093 855 2136 ne
872 2075 927 2137 ho
978 2071 1020 2130 sit
1045 2091 1175 2142 manus,
1200 2073 1232 2135 id
1258 2085 1320 2153 est,
1347 2087 1535 2160 potestatem
1566 2087 1722 2151 malorum

176 2176 242 2229 stes
258 2187 369 2230 eornm
385 2170 598 2250 superbirent,
618 2170 761 2234 dicentes
779 2190 786 2234 :
806 2175 925 2233 Manus
979 2168 1227 2234 Christianorum
1245 2179 1389 2240 ostendet
1400 2180 1480 2244 Deus
1491 2182 1725 2268 delicere‚quo

176 2277 289 2326 nostru
304 2272 438 2337 excelsa,
454 2275 515 2329 etc.
980 2267 1066 2329 niam
1084 2275 1233 2352 tanquam
1258 2272 1379 2339 ioenum
1397 2280 1548 2346 velociter
1566 2297 1721 2350 arescent.
1753 2307 1791 2350 1²2.
1800 2321 1870 2358 xxm,

219 2368 305 2426 Gens
320 2368 436 2444 absque
452 2369 587 2426 consitio
602 2377 647 2428 cst
659 2378 689 2429 et
703 2370 773 2428 sine
785 2372 927 2446 pruden-
981 2369 1023 2427 ttt
1037 2371 1143 2428 clausi
1157 2392 1280 2452 quoque
1294 2377 1492 2452 defecerunt.
1511 2382 1590 2445 Proh
1607 2386 1697 2450 dolor
1715 2392 1722 2449 l
1740 2371 1760 2412 ²·

177 2467 236 2525 tiu.
255 2465 320 2528 lloc
336 2465 375 2526 de
392 2464 541 2527 omnibns
557 2467 613 2546 qui
630 2466 867 2530 inmortalibus
884 2466 928 2547 ja·
980 2464 1044 2544 jam
1061 2467 1217 2546 videmus,
1235 2474 1321 2553 quod
1336 2475 1477 2556 religiosi
1493 2481 1660 2565 utriusque
1680 2505 1727 2550 sc

175 2571 251 2626 cent
267 2563 417 2645 peccatis
439 2563 611 2626 dicendum
631 2573 689 2642 est,
712 2574 743 2628 et
759 2565 928 2628 condolen·
981 2583 1048 2642 xus,
1066 2567 1123 2647 qui
1145 2567 1177 2629 in
1192 2571 1347 2635 coenohiis
1363 2589 1611 2660 commorantur,
1630 2593 1726 2666 atque

177 2664 275 2735 dum;
292 2661 349 2743 qui
371 2661 455 2725 dono
478 2662 643 2744 sapientia
658 2673 778 2741 carent,
796 2672 827 2727 et
842 2664 926 2728 dono
980 2662 1021 2724 ab
1036 2666 1123 2727 omni
1145 2669 1288 2731 saeculari
1308 2674 1448 2737 tumultu
1464 2677 1616 2761 vitiisque
1636 2702 1727 2746 mun·

177 2760 318 2836 consilii,
343 2779 470 2824 severa
492 2763 662 2842 prudentia
680 2782 752 2844 quae
773 2763 850 2825 solis
866 2761 928 2825 vir·
981 2761 1072 2824 danis
1088 2765 1202 2828 meritc
1217 2778 1324 2832 essent
1346 2773 1462 2836 seclusi
1485 2794 1522 2839 ac
1544 2776 1648 2858 liberi,
1668 2801 1725 2864 pro

178 2858 281 2923 tuosis
308 2859 392 2922 inest
417 2858 613 2922 hominibus.
641 2859 698 2933 Qui
725 2863 854 2922 utinam
877 2883 928 2923 sa·
981 2861 1118 2924 maxima
1133 2873 1221 2946 parte
1237 2886 1324 2931 nunc
1339 2870 1526 2937 deiecerunt
1542 2895 1560 2938 a
1576 2882 1725 2946 vitavere

172 2969 290 3036 percat
314 2957 495 3039 spiritualia
520 2966 552 3020 ot
576 2959 696 3035 divina,
720 2970 750 3020 et
770 2961 926 3037 intellige
982 2960 1131 3040 regulari,
1147 2963 1318 3044 spirituali,
1335 2967 1508 3034 claustrali.
1525 2978 1725 3057 Residutque

178 3067 366 3137 rent,quam
381 3056 561 3138 periculose
572 3057 687 3138 dejecti
699 3058 815 3135 sint,et
830 3078 925 3140 quam
942 3056 964 3119 C
980 3064 1161 3138 consumpti
1169 3074 1256 3126 sunt.
1268 3066 1386 3128 Horum
1397 3070 1484 3132 enim
1500 3076 1644 3158 exemplo
1657 3079 1725 3160 plu-

177 3154 371 3237 insipicntcr
390 3173 424 3217 sc
440 3154 588 3231 habeant,
610 3177 648 3217 ac
663 3159 839 3218 novissima
851 3178 927 3235 pro·
980 3157 1053 3219 r'nni
1069 3161 1323 3226 scandalizantur
1336 3185 1373 3228 ac
1394 3181 1539 3249 percunt.
1557 3177 1600 3236 Et
1614 3180 1724 3240 dicent

177 3257 338 3324 viderent,
360 3253 532 3335 dequibus
555 3255 587 3315 in
604 3254 826 3319 Ecclesiastico
850 3256 926 3338 legi·
980 3275 1055 3319 vere
1077 3257 1229 3338 religiosi,
1252 3265 1311 3323 Ubi
1324 3276 1401 3327 sunt
1416 3269 1467 3327 dii
1480 3291 1603 3345 eorum,
1621 3275 1653 3337 id
1675 3286 1724 3340 est

63 3368 72 3407 ι
105 3371 119 3410 r.
141 3384 161 3420 t,
177 3352 426 3416 tur:Memorare
437 3352 609 3416 novissima
620 3361 717 3428 tnact
727 3354 760 3416 in
772 3365 923 3418 aternum
980 3355 1147 3434 vanitates,
1164 3361 1377 3440 carnalitates,
1394 3383 1483 3447 opes,
1496 3379 1649 3453 etc.‚quae
1659 3376 1722 3441 Deo

67 3462 71 3471 '
176 3470 243 3515 non
259 3449 408 3533 peccabis
425 3467 432 3511 :
452 3470 524 3533 quta
539 3459 623 3528 sunt,
641 3468 737 3530 mors,
755 3453 921 3534 judicium,
980 3454 1189 3535 praetulerunt
1203 3461 1214 3518 l
1229 3463 1376 3538 Surgunt
1397 3475 1427 3525 et
1449 3469 1649 3545 opitulentur
1673 3496 1723 3536 uo-

174 3569 273 3632 poena
295 3549 426 3626 interni,
445 3548 608 3613 beatitudo
625 3551 774 3615 coelcstis.
794 3556 924 3622 Quanto·
979 3552 1125 3617 hichinc
1140 3564 1172 3617 et
1188 3556 1250 3637 ipsi
1266 3557 1381 3623 dicturi
1398 3573 1472 3626 sunt
1484 3583 1491 3628 ε
1504 3565 1585 3639 Ouid
1601 3572 1723 3651 proluit
1737 3589 1868 3646 stacta.

173 3653 214 3710 do
226 3651 479 3728 persequebatur
494 3669 580 3709 unus
596 3651 735 3720 mitteret
749 3656 813 3712 duo
827 3654 924 3730 fuga·
979 3650 1071 3714 nobis
1099 3654 1248 3735 snperbia
1265 3660 1277 3718 l
1301 3667 1333 3720 et
1358 3660 1543 3728 divitiarum
1567 3668 1722 3749 jactantia

172 3757 254 3809 runt
268 3752 376 3808 decern
391 3747 624 3808 uttttattstud
646 3748 685 3810 de
706 3749 923 3814 invisibilibus
978 3750 1056 3831 quid
1079 3753 1214 3815 eontulit
1239 3754 1359 3818 nohist
1379 3759 1588 3827 Transierunt
1612 3771 1722 3833 omnia

172 3867 209 3910 ac
238 3844 422 3909 visibilibus
450 3844 702 3908 Christianorum
731 3848 922 3912 adversariis
978 3849 1033 3910 illa
1054 3859 1204 3931 tanquam
1220 3853 1345 3917 umbra.
1363 3860 1430 3933 Epo
1450 3864 1606 3934 occidam,
1622 3877 1652 3928 et
1666 3889 1721 3946 epo

174 3944 278 4026 accipi
300 3951 414 4024 potest.
432 3943 510 4005 Nam
526 3952 655 4025 propter
670 3945 923 4010 Christianorum
978 3949 1085 4008 vicere
1103 3953 1236 4030 faciam.
1254 3953 1339 4015 Bona
1364 3963 1396 4016 et
1420 3957 1567 4022 salutaris
1588 3966 1718 4045 occisio,

175 4043 297 4106 scelera
324 4041 507 4124 frequenter
531 4042 699 4125 contingit,
717 4047 800 4126 quod
827 4048 919 4110 multi
978 4047 1052 4108 dum
1065 4048 1273 4128 Deusoccidit
1288 4050 1320 4113 in
1339 4053 1430 4116 nobis
1445 4057 1546 4121 aciem
1558 4062 1719 4144 vitiorum,

173 4161 285 4205 eorum
306 4161 325 4204 a
345 4141 454 4222 paucis
477 4141 623 4204 hostibus
647 4143 679 4203 in
702 4145 849 4208 exteriori
874 4147 922 4208 in·
977 4147 1252 4228 concupiscentias
1267 4151 1423 4229 carnis,et
1437 4156 1593 4239 quidquid
1609 4172 1720 4227 contra

174 4240 349 4322 teriorique
372 4239 456 4303 bello
479 4239 650 4303 vincantur
668 4259 675 4302 :
694 4253 726 4305 ct
748 4243 818 4321 hoc,
842 4249 921 4326 quia
937 4247 961 4308 D
976 4243 1111 4308 salutern
1136 4246 1283 4329 insurgit.
1311 4254 1510 4327 Parentium,
1537 4259 1614 4339 quia
1639 4282 1719 4344 quos
1735 4287 1867 4342 aptatus.

172 4344 260 4402 Deus
284 4360 362 4400 suus
387 4341 536 4399 vendidit
559 4359 620 4412 eos,
638 4339 720 4404 sicut
742 4344 919 4424 expositum
975 4362 1058 4420 amo,
1076 4363 1175 4426 arguo
1196 4356 1227 4408 et
1249 4351 1381 4432 castigo.
1399 4357 1567 4418 Inebriabo
1583 4364 1721 4438 sagittas

173 4448 222 4502 cst
235 4457 242 4501 :
253 4439 337 4520 quod
355 4446 386 4500 ct
400 4437 591 4501 adversariis
606 4439 857 4504 Christianorum
873 4452 920 4507 est
976 4461 1060 4500 uuas
1079 4443 1250 4517 sanguine,
1268 4443 1375 4522 idest,
1397 4449 1548 4530 reprobos
1569 4472 1605 4516 ae
1625 4457 1722 4522 scele-

174 4538 352 4617 cognitum,
370 4536 414 4598 ita
429 4537 513 4618 quod
536 4535 598 4618 ipsi
613 4540 837 4615 suntjudices.
856 4541 920 4604 Sub
977 4547 1060 4601 ratos
1081 4548 1145 4601 mm
1161 4551 1292 4623 repente
1311 4552 1343 4606 et
1356 4546 1472 4609 acriter
1493 4551 1667 4633 trucidabo,
1687 4566 1722 4621 ut

176 4635 361 4699 infidelium
377 4653 505 4716 quoque
516 4635 658 4700 dominio
670 4638 761 4700 multi
778 4639 922 4704 habitant
977 4637 1189 4700 instrumenta
1210 4659 1288 4704 meaa
1303 4643 1451 4709 vindicta
1467 4648 1633 4715 videantur
1656 4655 1722 4721 inc-

176 4733 362 4798 Christiani.
387 4738 433 4794 De
458 4738 552 4796 vinca
577 4739 801 4814 Sodomorum,
827 4742 922 4802 vinea
978 4734 1090 4814 britta,
1105 4738 1195 4799 idest
1209 4739 1408 4805 abundanter
1424 4747 1544 4827 repleta
1558 4753 1723 4816 decruare

50 4847 161 4900 vanis.
176 4855 300 4906 eorum,
317 4839 378 4896 etc.
396 4832 459 4895 line
475 4833 514 4896 de
529 4833 663 4895 ecclesia
678 4834 922 4915 malignantium
977 4840 1164 4909 occisorum,
1180 4843 1263 4899 etde
1278 4844 1465 4918 captivitate
1475 4851 1595 4909 nudati
1610 4853 1723 4914 inimi·

177 4932 442 5006 Christianorum,
455 4931 686 4994 conventiculis
702 4933 922 5002 haercticorum
977 4958 1088 4999 corum
1102 4942 1232 5016 capitis,
1248 4940 1281 5002 id
1296 4950 1344 5003 est
1359 4944 1398 5006 de
1413 4943 1491 5025 ipsis
1508 4947 1647 5028 injustis,
1664 4953 1721 5034 qui

177 5043 209 5096 et
237 5030 529 5107 schismaticorum,
557 5033 922 5119 congregationibusque
979 5037 1159 5100 damonum
1170 5039 1308 5102 vinculis
1325 5041 1449 5120 irretiti,
1468 5054 1499 5107 et
1510 5047 1660 5112 vitiorum
1671 5052 1722 5132 ju-

176 5131 362 5212 iniquorum
378 5130 600 5211 exponendum
616 5139 663 5192 est
679 5133 923 5213 proportionali·
977 5153 1017 5216 go
1034 5137 1179 5217 subjecti,
1189 5147 1284 5220 capnt
1300 5142 1427 5218 mentis,
1441 5142 1590 5209 videlicet
1601 5149 1722 5214 intelle

176 5238 233 5306 ter,
256 5228 340 5290 sicut
366 5228 557 5310 praecedenti
582 5227 717 5292 articulo
736 5234 920 5315 expositum
976 5235 1231 5311 etum‚habenta
1245 5238 1402 5319 sapientia
1412 5243 1541 5307 salutari
1555 5248 1717 5326 nudatum,

174 5335 223 5390 cst
237 5328 279 5389 de
298 5324 423 5407 perlida
439 5325 611 5408 Synagoga.
976 5334 1128 5415 omnique
1151 5336 1325 5415 gratiarum
1355 5358 1488 5403 munere
1517 5343 1717 5410 destitutum.
