4309 6259
426 464 465 528 oa
811 476 985 525 aunnnarro
1006 476 1037 522 nr
1059 475 1128 521 car.
1151 472 1236 521 xxvu
1257 473 1359 519 axoni.
1382 492 1423 502 —
1442 475 1514 520 am.
1537 474 1588 519 un

426 652 515 715 melli
540 654 580 715 ad
604 652 713 716 altaris
739 653 895 716 decorem.
919 653 962 712 Er
987 650 1108 729 operies
1130 649 1171 707 il-
1185 646 1211 708 d
1225 656 1287 724 tur,
1309 649 1394 730 quod
1415 646 1505 710 arula
1523 645 1627 728 posita
1649 644 1712 707 fuit
1730 652 1804 707 ente
1823 642 1967 706 Joachim
1993 654 2104 700 raum

429 754 488 811 lad
507 772 579 813 rere.
1225 766 1331 828 regern
1353 745 1448 829 plena
1463 744 1586 827 prunis.
1604 742 1760 807 Craticula
1779 751 1883 805 autern
1904 740 1968 803 fuit
1983 716 2021 760 ²³·

470 852 643 931 Faciesqae
663 853 699 911 in
721 870 797 910 aeas
819 850 889 927 ejas
912 849 1019 907 lebetes
1042 848 1086 906 ad
1106 865 1172 905 aas·
1225 864 1320 927 super
1335 845 1456 907 arulam
1472 843 1592 905 sita.Et
1607 862 1702 924 super
1716 840 1899 904 craticulam
1915 858 1969 921 po

426 950 590 1024 eripiendas
611 951 743 1009 cineres.
766 948 898 1010 Lebetes
923 953 1014 1009 erant
1035 962 1112 1006 vasa
1137 942 1170 1004 in
1226 944 1382 1006 nebautur
1407 941 1582 1019 sacrificia,
1609 941 1649 1003 ad
1673 940 1729 1003 Dei
1753 940 1906 1003 honorem
1932 938 1967 999 in

425 1045 542 1127 quibus
558 1045 793 1129 reponebantur
808 1046 942 1122 cineres,
956 1045 1012 1125 qui
1028 1042 1061 1104 in
1077 1040 1170 1103 altari
1225 1043 1354 1105 odorem
1379 1040 1545 1105 suavitatis
1568 1040 1738 1103 cremanda
1756 1062 1764 1113 3
1791 1047 1886 1119 atque
1909 1055 1968 1119 per

425 1154 610 1207 manserunt
630 1164 668 1207 ex
689 1143 921 1207 sacrificiorum
943 1140 1171 1207 concrematio
1226 1139 1383 1203 foramina
1398 1139 1569 1217 craticulae,
1580 1137 1664 1219 ignis
1678 1136 1834 1201 exsistens
1849 1136 1882 1198 in
1897 1154 1969 1197 aru-

425 1263 475 1307 ne.
492 1244 565 1307 ldeo
587 1263 663 1307 vasa
684 1244 745 1305 ista
765 1243 916 1305 dicuntur
936 1240 1020 1304 facta
1040 1240 1072 1301 in
1094 1257 1171 1300 usus
1225 1239 1256 1302 la
1275 1238 1421 1302 calefecit
1440 1246 1472 1301 et
1492 1238 1635 1301 incendit
1654 1235 1813 1299 sacrificia
1833 1233 1969 1298 craticu-

425 1343 545 1419 altaris‚
563 1342 595 1404 id
616 1351 665 1405 est
684 1344 724 1405 ad
744 1343 913 1423 quemdam
933 1359 1027 1402 usum
1047 1357 1103 1401 seu
1123 1355 1172 1399 ac·
1225 1339 1264 1401 lae
1283 1338 1495 1420 superposita.
1512 1338 1623 1399 Facies
1637 1346 1667 1397 et
1683 1345 1780 1397 vectes
1794 1336 1911 1395 altaris
1925 1335 1968 1393 de

428 1441 569 1522 tum‚qui
583 1443 624 1504 ad
634 1441 846 1523 expletionem
858 1437 1088 1504 immolationis
1099 1454 1171 1518 quae
1225 1439 1324 1515 tipicis
1347 1441 1440 1499 setim
1464 1440 1557 1509 daos,
1583 1456 1662 1517 qaas
1685 1437 1805 1515 operias
1829 1434 1967 1494 laminis

428 1540 461 1601 in
476 1538 568 1601 altari
583 1538 694 1617 fiebat,
712 1539 909 1603 necessarius
925 1538 998 1600 fuit.
1016 1540 1058 1599 m
1073 1536 1172 1615 sorci-
1223 1538 1331 1608 armis,
1343 1547 1373 1597 et
1387 1539 1520 1596 traduces
1529 1555 1591 1613 per
1605 1536 1753 1605 circutos,
1770 1532 1829 1596 hoc
1844 1540 1903 1607 est,
1916 1550 1967 1594 ve-

423 1658 480 1715 pes
495 1656 507 1698 .·
522 1637 577 1719 qui
594 1638 836 1719 requirebantur
850 1638 889 1700 ad
906 1636 1011 1717 ignem
1028 1643 1172 1699 constru-
1224 1643 1290 1698 ctas
1308 1636 1367 1698 hos
1383 1654 1440 1717 per
1455 1652 1559 1698 aeneos
1574 1633 1711 1696 circulos
1727 1633 1847 1695 inseres
1863 1629 1967 1693 circu-

426 1737 545 1799 endum
560 1756 616 1800 seu
630 1735 877 1800 confovendum.
894 1736 1030 1817 Forceps
1050 1732 1171 1815 quippe
1224 1733 1265 1796 lis
1278 1733 1520 1808 consimilibus;
1536 1743 1691 1813 eantque
1708 1732 1741 1794 in
1757 1728 1965 1793 inferioribus

426 1842 474 1897 est
490 1835 736 1898 instrumentum
754 1834 880 1912 fabrile,
889 1853 955 1917 quo
970 1840 1096 1896 tenetur
1112 1830 1170 1893 fcr-
1188 1832 1349 1914 Bangulis
1368 1854 1410 1893 ea
1424 1844 1559 1913 atroque
1578 1836 1676 1892 tatere
1694 1831 1874 1892 attaris-ad
1889 1848 1966 1905 par-

426 1950 497 1995 rum
519 1934 557 1995 ad
579 1932 811 2011 fabricandum,
829 1932 881 1997 vel
903 1932 972 1995 titio
995 1932 1034 1994 ad
1061 1929 1168 2011 ignem
1224 1936 1361 1994 tandum
1376 1931 1483 2014 ipsum
1497 1932 1607 2009 altare,
1623 1932 1701 1993 dum
1715 1937 1818 1992 castra
1832 1944 1965 1990 moven-

426 2031 668 2095 meliorandum.
690 2035 738 2095 Aa
758 2036 943 2114 fascinatas
966 2052 978 2091 .·
1001 2035 1170 2113 quaesunt
1222 2032 1264 2093 da
1279 2039 1364 2094 sunt.

428 2130 649 2208 instrumenta,
666 2149 723 2213 per
737 2150 809 2212 quae
827 2130 922 2213 coqui
942 2129 1113 2193 extrahunt
1131 2127 1171 2189 de
1262 2130 1307 2191 Ex
1321 2130 1372 2193 his
1386 2129 1551 2193 evidenter
1566 2128 1806 2209 habetur,quod
1820 2125 1853 2187 in
1871 2123 1966 2188 altari

427 2229 566 2293 caldario
580 2248 701 2293 carnes.
713 2228 802 2292 Unde
818 2230 923 2312 primo
937 2230 1056 2311 Regum
1073 2226 1170 2289 habe-
1224 2228 1279 2293 illo
1296 2228 1427 2293 fuerunt
1441 2227 1553 2291 annuli
1568 2236 1660 2294 octo:
1678 2234 1812 2308 quatuor
1827 2224 1861 2286 in
1876 2232 1967 2306 parte

284 2342 414 2401 fecunde.
428 2335 479 2389 tur
496 2344 503 2389 :
519 2325 678 2408 Quidquid
696 2325 822 2391 levabat
842 2324 1014 2403 fuscinula,
1036 2324 1170 2407 accipie
1222 2329 1292 2409 ejus
1316 2328 1484 2411 superiori,
1511 2327 1687 2409 inquibus
1717 2322 1968 2407 suspendebatur

427 2425 482 2487 bat
496 2442 575 2507 puer
590 2424 773 2488 sacerdotis.
789 2428 832 2486 Et
847 2427 977 2503 iperium
991 2433 1170 2503 receptaca
1222 2426 1399 2503 craticula3
1420 2436 1451 2490 et
1470 2436 1608 2510 quatuor
1628 2426 1661 2487 in
1682 2432 1771 2508 parte
1791 2423 1861 2505 ejus
1883 2421 1966 2485 infe-

427 2528 469 2585 la.
487 2523 696 2605 Receptacula
714 2521 785 2601 ista,
804 2521 933 2586 fuerunt
953 2522 1167 2585 instrumenta
1223 2526 1311 2605 riori,
1328 2528 1503 2591 secundum
1517 2525 1648 2589 modurn
1663 2525 1729 2606 jam
1745 2522 1903 2605 positum:
1920 2520 1968 2582 id·

426 2641 482 2685 seu
496 2642 582 2700 vasa,
595 2621 628 2684 in
644 2622 761 2703 quibus
776 2623 976 2703 ponebantur
992 2640 1103 2704 prunae
1119 2640 1168 2683 ar·
1222 2625 1307 2689 circo
1323 2645 1388 2690 uon
1403 2626 1498 2701 valet,
1515 2624 1601 2707 quod
1620 2622 1750 2706 quidam
1770 2620 1848 2684 dicit
1869 2620 1966 2701 hujus

424 2722 535 2785 dentes
562 2721 709 2783 manibus
739 2722 937 2785 sacerdotum
966 2730 1102 2803 sumptae
1127 2723 1168 2783 de
1222 2724 1417 2807 oppositum.
1438 2725 1472 2787 ln
1495 2722 1631 2787 textibus
1653 2739 1781 2803 quoque
1802 2717 1965 2783 veteribus

426 2820 498 2901 igne
518 2818 642 2902 praelati
660 2819 793 2882 altaris:
812 2839 891 2902 quas
911 2839 1029 2903 prunas
1049 2818 1170 2883 delere·
1223 2832 1255 2887 et
1277 2824 1428 2887 correctis
1450 2824 1597 2899 habetur,
1621 2821 1721 2903 Super
1743 2819 1865 2883 arulam
1891 2818 1967 2879 alta·

425 2918 503 2981 bant
521 2920 698 2982 sacerdotes
720 2918 751 2980 in
772 2918 1024 2996 tabernaculum,
1042 2920 1083 2981 ad
1103 2938 1170 2982 cre
1225 2924 1283 2999 ris;
1301 2942 1377 3001 non,
1387 2924 1510 3000 Subter,
1520 2930 1580 2985 etc.
1593 2921 1818 2984 Verumtamen
1833 2917 1966 3000 quidam

427 3017 578 3080 mundum
597 3036 692 3099 super
712 3018 811 3081 altare
833 3017 955 3082 incensi
976 3037 1032 3081 sau
1052 3018 1169 3101 thymi·
1184 3021 1207 3086 (l
1222 3023 1306 3087 circa
1321 3023 1406 3085 hunc
1421 3040 1550 3104 passum
1566 3038 1714 3100 magnam
1732 3000 1888 3081 inducunt
1904 3015 1967 3078 dif-

426 3117 550 3194 amatis,
574 3115 678 3199 ipsum
704 3135 800 3179 suave
824 3116 997 3200 thymiama
1022 3137 1115 3181 mane
1136 3126 1168 3181 et
1222 3122 1454 3198 ficultatem,et
1467 3121 1609 3183 diversas
1624 3120 1664 3181 da
1679 3119 1740 3181 ista
1755 3115 1887 3180 materia
1901 3114 1967 3197 opi-

322 3227 329 3241 ·
427 3233 569 3296 vespere,
587 3223 621 3275 ut
636 3214 720 3277 infra
734 3214 927 3278 continetur.
944 3218 1061 3278 Omnia
1075 3238 1167 3286 vasa,
1221 3221 1344 3298 niones,
1356 3240 1428 3303 quae
1443 3220 1477 3282 in
1493 3218 1687 3282 Scholastica
1700 3215 1834 3280 historia
1847 3222 1879 3277 at
1893 3215 1964 3296 ejus

427 3312 576 3377 videlicet
596 3313 806 3376 instrumenta
825 3314 965 3395 praefata,
981 3335 1021 3375 ea
1040 3336 1102 3379 rere
1116 3317 1168 3392 fa·
1219 3319 1325 3399 glossa
1340 3319 1510 3400 diligenter
1526 3325 1706 3379 narrantur.
1722 3315 1761 3377 Et
1780 3313 1862 3377 alius
1877 3313 1963 3377 circa

428 3412 574 3471 bricabie
1220 3418 1288 3481 haec
1315 3417 1551 3481 intricationem
1576 3415 1698 3478 inserit.
1724 3413 1785 3477 Sed
1809 3412 1960 3495 quoniam

469 3512 727 3590 Oratiealamque
747 3512 784 3571 ia
806 3513 936 3573 modam
955 3514 1032 3573 retis
1046 3534 1169 3575 eneam
1222 3536 1272 3579 res
1297 3534 1361 3580 non
1383 3516 1510 3579 videtur
1531 3533 1617 3577 nunc
1642 3512 1792 3596 ponderis
1816 3510 1908 3587 tanti,
1935 3518 1967 3572 et

428 3605 538 3686 facies,
555 3630 615 3688 per
637 3610 732 3687 cujas
752 3620 892 3690 quatuor
914 3616 1051 3688 angulos
1073 3625 1169 3676 erant
1222 3614 1418 3698 praeinducta
1428 3613 1584 3697 expositio
1599 3612 1713 3676 littere
1727 3610 1965 3689 consonat‚bre

305 3725 401 3770 'tuerer
428 3717 568 3787 quatuor
587 3710 707 3769 annali
725 3710 817 3780 anei,
839 3730 917 3789 qaas
931 3730 1031 3787 porres
1049 3714 1170 3791 super*
1224 3714 1314 3778 vitati
1330 3713 1461 3777 studens
1476 3721 1672 3796 pertranseo.

428 3810 559 3867 arulam
581 3810 708 3868 altaris.
730 3810 867 3887 Eritpae
887 3811 1048 3871 craticula
1071 3832 1172 3892 usqae
1259 3814 1557 3884 Nansotr'darrt,sed
1572 3812 1670 3871 inane
1684 3820 1714 3871 ct
1728 3830 1904 3871 concavam
1918 3810 1967 3869 ira·

429 3908 472 3965 ad
486 3907 602 3966 altaris
617 3906 850 3969 mediam.llaec
866 3926 1003 3989 namque
1019 3910 1171 3973 craticula
1224 3913 1379 3971 trinsecus
1393 3911 1493 3990 facies
1508 3911 1604 3981 illud,
1621 3910 1705 3971 sicut
1726 3910 1786 3970 tibi
1808 3910 1844 3968 in
1860 3916 1967 3967 monte

428 4001 542 4079 ferrea,
559 4002 659 4065 instar
678 4003 753 4065 retis
773 4002 867 4080 facta,
883 4004 1020 4087 habehat
1039 4006 1073 4068 in
1089 4026 1171 4088 qua·
1224 4019 1438 4071 monstratam
1451 4018 1496 4069 est
1511 4030 1523 4068 .·
1538 4007 1571 4069 id
1586 4016 1646 4085 est,
1663 4007 1763 4070 altare
1778 4006 1862 4069 istud
1878 4005 1967 4067 intus

427 4107 499 4163 tuor
513 4101 639 4181 angulis
660 4101 726 4163 suis
748 4110 884 4183 quatuor
903 4104 1038 4167 annulos
1058 4124 1169 4183 aereos,
1224 4126 1288 4170 non
1308 4106 1370 4170 erit
1389 4107 1546 4189 repletum
1562 4106 1646 4171 mole
1661 4113 1800 4183 terrena,
1818 4105 1873 4168 sed
1892 4123 1968 4168 con-

426 4197 542 4279 quibus
558 4198 778 4262 inserebantur
788 4209 924 4281 quatuor
934 4212 1053 4267 catenae
1069 4224 1168 4282 aereae,
1184 4209 1210 4272 D
1224 4206 1524 4287 cavum,caruitque
1540 4205 1739 4288 operimento
1754 4213 1786 4267 ct
1802 4203 1912 4280 fundo,
1923 4203 1968 4265 ita

425 4316 498 4378 quaa
512 4298 774 4380 appendebantur
785 4299 944 4381 predictis
960 4311 1095 4384 quatuor
1104 4323 1171 4368 cor·
1223 4305 1309 4385 quod
1321 4312 1403 4366 terra
1414 4302 1475 4365 fuit
1490 4322 1548 4386 pro
1559 4302 1658 4366 fundo
1674 4302 1966 4366 cidemllicebatur

427 4396 522 4457 nibus
545 4396 666 4473 altaris
689 4398 729 4459 ad
754 4397 812 4462 hoc
836 4416 893 4480 per
914 4401 1168 4466 recurvationem
1223 4421 1350 4484 quoque
1372 4402 1470 4465 altare
1492 4402 1668 4466 holocausti
1690 4421 1747 4465 seu
1768 4401 1966 4465 holocausto-

426 4495 552 4576 aptatis,
570 4503 604 4558 ut
619 4514 682 4558 una
697 4503 784 4559 tenet
799 4497 915 4579 positio
932 4516 939 4560 :
958 4499 1068 4581 sieque
1085 4500 1118 4562 in
1135 4501 1170 4563 il·
1223 4522 1305 4578 rum,
1322 4520 1386 4566 non
1402 4502 1488 4582 quod
1503 4502 1571 4564 sole
1586 4500 1770 4565 holocausta
1784 4498 1964 4564 offereban-

426 4593 466 4656 lis
481 4594 602 4657 catonis
620 4596 804 4677 appendens
825 4596 987 4674 craticula,
1004 4599 1169 4662 descendit
1223 4608 1274 4662 tur
1295 4600 1328 4662 in
1350 4618 1399 4677 eo,
1416 4599 1482 4663 imo
1504 4608 1536 4662 ct
1556 4600 1619 4662 alia
1642 4599 1801 4663 sacrificia
1823 4598 1966 4662 immola·

425 4711 527 4773 usque
540 4693 580 4755 ad
590 4691 700 4756 altaris
710 4694 850 4757 medium
867 4695 950 4758 intra
964 4697 1169 4780 ipsum,quia
1223 4700 1350 4776 bantur,
1370 4698 1520 4762 videlicet
1540 4698 1652 4763 hostia
1674 4697 1828 4781 pacificae,
1851 4704 1884 4761 et
1905 4717 1964 4780 pro

424 4790 522 4853 altare
537 4809 711 4855 concavum
728 4790 839 4869 fuit‚et
853 4793 922 4874 ejus
938 4795 1169 4860 concavitatem
1222 4807 1376 4880 peccato;
1403 4800 1458 4861 sed
1483 4798 1635 4880 quoniam
1658 4798 1878 4861 holocaustum
1904 4797 1966 4859 fuit

424 4886 556 4951 intrarit
573 4889 735 4952 craticula.
752 4888 847 4968 Quos,
866 4891 1015 4956 videlicet
1030 4904 1169 4976 quatuor
1222 4896 1352 4978 dignius
1370 4896 1564 4961 sacrificium
1583 4898 1670 4980 quod
1689 4896 1888 4961 offerebatur
1903 4895 1963 4958 ibi-

425 4986 561 5050 annulos
576 5006 692 5065 aneos,
702 4988 888 5052 exsistentes
904 4990 938 5051 in
953 4998 1091 5072 quatuor
1106 5012 1170 5056 cra·
1223 4995 1484 5075 demridigniori
1495 5005 1602 5059 autem
1612 5014 1729 5059 nomen
1741 4994 1862 5078 imponi
1874 4994 1962 5059 solet

427 5084 532 5150 ticulae
553 5086 690 5167 angulis,
711 5104 811 5169 pones
831 5106 926 5170 super
945 5089 1068 5151 arulam
1092 5092 1170 5154 alta-
1268 5094 1504 5175 consequenter
1529 5094 1721 5158 describitur
1747 5094 1834 5158 locus
1861 5093 1960 5172 vulgi.

428 5183 483 5247 ris.
506 5185 603 5248 Arula
623 5194 671 5248 est
692 5184 939 5249 instrumentum
962 5206 1018 5251 seu
1042 5208 1110 5268 vas,
1134 5190 1168 5253 in
1224 5196 1335 5255 Faces
1350 5204 1380 5255 et
1394 5197 1519 5256 atrium
1537 5196 1748 5256 tabernaculi.
1764 5193 1829 5256 lloc
1847 5191 1964 5255 atrium

427 5302 491 5364 quo
510 5283 639 5366 ponitur
654 5283 749 5367 ignis
765 5285 854 5349 Unde
870 5286 902 5349 in
918 5285 1052 5351 Ieremia
1071 5288 1169 5354 habe
1225 5291 1285 5355 fuit
1304 5302 1391 5357 extra
1409 5301 1442 5357 et
1460 5302 1534 5358 ante
1554 5294 1733 5376 ingressum
1756 5290 1961 5370 tabernaculi,
