4309 6259
440 475 500 538 258

797 489 971 535 unananrlo
1000 489 1032 532 ln
1052 488 1121 534 CAP.
1145 487 1200 532 XlX
1221 487 1357 532 tuvlrtct.
1381 506 1421 516 -
1442 487 1512 532 aar.
1536 487 1645 534 XXXVII

442 662 627 738 homicidio,
645 670 693 725 θεῖ
708 661 909 742 conjunctus.
923 661 989 722 Nec
1005 658 1068 721 eris
1084 678 1195 718 susur-
1209 656 1234 718 Α
1249 657 1412 720 evidenter
1427 667 1458 720 et
1474 657 1648 732 caritative,
1667 675 1730 719 non
1748 663 1851 718 tamen
1868 672 1986 736 semper

340 796 342 799 ·
443 783 479 822 ro
499 766 536 823 in
546 764 689 839 populis,
708 760 739 823 id
762 768 811 822 est
829 759 1003 822 seminator
1027 755 1194 819 discordia

448 859 532 921 inter
548 859 671 921 fratres.
689 860 732 921 De
747 859 807 921 hoc
822 857 867 920 ait
882 857 1018 920 Thomas
1035 856 1068 916 in
1085 873 1197 916 secun-

447 959 487 1020 da
504 959 651 1021 secundae
669 976 676 1019 ε
695 957 829 1020 Susurro
849 964 880 1018 et
900 956 1060 1018 detractor
1077 953 1110 1014 in
1132 971 1197 1014 ma-

449 1058 532 1120 teria
553 1077 590 1120 ac
610 1058 705 1120 modo
726 1055 878 1137 loquendi
899 1053 1104 1128 conveniunt,
1122 1052 1197 1132 quia

450 1164 584 1238 uterque
608 1155 731 1238 profert
756 1156 795 1217 de
818 1154 881 1217 alio
904 1153 1024 1215 malum
1047 1151 1193 1214 occulte:

451 1263 581 1336 propter
606 1255 689 1336 quod
715 1274 813 1316 unum
842 1253 1027 1333 frequenter
1051 1268 1109 1332 pro
1133 1248 1196 1311 alio

450 1353 597 1414 sumitur.
606 1353 735 1435 Proprie
745 1363 851 1415 tamen
863 1351 1031 1433 loquendo,
1039 1347 1197 1411 dillerunt

451 1452 485 1512 in
509 1451 576 1514 line
599 1469 605 1512 :
627 1451 703 1532 quia
724 1453 882 1514 detractor
905 1449 1043 1512 intendit
1065 1446 1197 1508 alterins

454 1549 570 1612 lamam
586 1549 772 1630 denigrare3
791 1567 920 1610 susurro
935 1555 1039 1609 autem
1060 1545 1197 1607 aliorum

452 1648 625 1710 amicitiam
640 1657 774 1710 conatur
789 1664 995 1727 corrumpere
1010 1644 1197 1706 seminando

454 1746 639 1809 discordias
660 1747 750 1808 Unde
775 1747 807 1807 in
832 1743 1011 1808 Proverbiis
1036 1742 1195 1804 babetur:

1248 766 1303 818 aut
1324 757 1431 819 statim
1453 756 1487 818 in
1510 757 1645 818 aliorum
1671 755 1851 836 prasentia,
1877 773 1915 815 nc
1940 772 1986 814 es-

1248 865 1422 938 asperetur,
1440 863 1495 918 aut
1514 855 1645 917 vilescat
1665 855 1698 915 in
1718 853 1868 916 cordibus
1889 851 1985 933 proxi-

1250 975 1385 1032 morum,
1398 975 1453 1018 scu
1470 955 1601 1017 laedatur
1617 954 1650 1015 in
1668 953 1770 1026 lama;
1783 953 1837 1014 sed
1854 960 1889 1012 ut
1903 951 1987 1014 docet

1250 1073 1286 1117 ac
1312 1053 1403 1134 jubet
1429 1054 1581 1129 Salvator,
1609 1052 1712 1134 primo
1739 1051 1771 1112 in
1801 1058 1922 1112 secreto
1946 1057 1988 1110 cst
2022 1075 2087 1118 nm,

1250 1153 1481 1234 corripiendus
1500 1161 1531 1214 et
1546 1152 1573 1214 si
1591 1153 1635 1214 ita
1656 1170 1720 1214 non
1739 1149 1922 1232 acquiescit,
1939 1149 1987 1210 ad-
2000 1143 2102 1188 ¹⁹¹¹¹v¹l¹²

1249 1252 1381 1316 hibendi
1398 1260 1472 1313 sunt
1487 1271 1569 1312 unus
1586 1251 1636 1312 vel
1653 1251 1715 1312 duo
1736 1257 1841 1310 testes.
1859 1247 1946 1321 Quod
1963 1245 1987 1306 si

1251 1371 1308 1414 nec
1330 1351 1373 1413 ita
1396 1350 1576 1430 corrigitur,
1593 1349 1848 1412 denuntiandum
1870 1355 1917 1409 est
1938 1346 1987 1406 lic·

1250 1451 1364 1527 clesim,
1375 1469 1431 1512 seu
1444 1449 1545 1530 judici
1561 1456 1615 1511 aut
1630 1448 1771 1530 praelato.
1785 1446 1817 1507 ln
1833 1445 1987 1526 aliquibus

1252 1541 1357 1612 tamen
1386 1547 1575 1610 criminibus
1607 1547 1727 1609 bonum
1751 1562 1919 1608 commune
1943 1542 1989 1604 la·

1250 1648 1411 1726 dentibus,
1429 1655 1554 1728 oportet
1568 1646 1758 1728 quandoque
1776 1644 1881 1705 statim
1897 1641 1989 1722 judici

1252 1747 1450 1810 denuntiare.
1469 1746 1522 1807 Est
1544 1753 1649 1807 autem
1672 1742 1847 1824 increpatio
1868 1741 1926 1802 ista
1945 1760 1990 1801 ac-

314 1856 438 1903 aron-xxv.
453 1845 656 1907 Susurratore
667 1847 837 1919 subtracto,
844 1843 946 1923 litigia
956 1841 1195 1922 conquiescunt
1212 1843 1235 1903 B
1254 1854 1303 1906 tus
1319 1845 1470 1921 caritatis,
1488 1852 1520 1906 ct
1535 1843 1581 1906 sic
1596 1850 1716 1924 spectat
1731 1842 1769 1903 ad
1785 1859 1896 1904 omnes
1914 1858 1921 1900 :
1936 1847 1990 1900 cst-

319 1922 340 1960 ⁰'
452 1942 532 2005 llinc
543 1962 672 2006 susurro
683 1943 812 2025 proprie
821 1950 951 2005 vocatur
961 1938 1200 2019 bilinguis,qu0·
1253 1963 1314 2024 que
1337 1942 1576 2006 intermittenda
1598 1943 1648 2006 vel
1671 1939 1861 2015 dillerenda,
1879 1938 1905 1999 si
1930 1956 1988 2000 non

455 2042 540 2104 niam
556 2042 640 2104 inter
654 2043 734 2105 duos
749 2041 873 2104 duabus
893 2041 992 2102 utitur
1012 2037 1143 2118 linguis,
1160 2037 1199 2097 dc
1253 2043 1295 2104 sit
1319 2061 1391 2125 spes
1416 2041 1592 2124 probabilis
1615 2041 1654 2103 de
1679 2038 1902 2110 emendatione
1926 2055 1990 2118 pec

454 2148 589 2222 utroque
604 2140 769 2223 prolerens
780 2140 898 2202 malum
916 2140 949 2200 in
964 2157 1040 2200 aure
1055 2135 1197 2199 alterius.
1254 2141 1365 2205 cantis.
1383 2142 1438 2202 Est
1453 2141 1547 2204 etiam
1564 2147 1652 2202 actus
1672 2138 1815 2220 justitiae,
1832 2136 1940 2218 sicque
1954 2135 1989 2196 ad

455 2239 533 2302 llinc
549 2241 724 2303 susurratio
739 2249 787 2303 est
804 2240 933 2319 gravius
953 2239 1085 2313 crimen,
1104 2253 1199 2314 quam
1253 2240 1475 2322 praesidentem
1491 2259 1527 2300 ac
1542 2239 1681 2320 judicem
1697 2237 1846 2318 pertinet.
1856 2235 1894 2296 Et
1910 2233 1990 2296 illius

454 2337 618 2415 detractio,
629 2339 693 2402 imo
708 2359 804 2420 qnam
820 2337 1023 2401 contumelia.
1036 2335 1114 2396 Vere
1124 2352 1199 2413 ergo
1253 2338 1436 2402 discretioni
1455 2337 1656 2418 relinquitur,
1673 2355 1714 2398 an
1729 2335 1835 2398 statim
1853 2335 1991 2414 increpet

340 2454 413 2498 utera
455 2436 489 2498 in
510 2437 732 2500 Ecclesiastico
754 2437 998 2518 scriptumest:
1017 2434 1152 2495 Susurro
1168 2438 1199 2492 θῖ
1253 2445 1284 2498 et
1294 2437 1427 2518 castiget
1436 2437 1569 2511 eum,dc
1584 2436 1675 2515 cujus
1691 2434 1913 2497 emendatione
1924 2451 1990 2512 spes

308 2531 377 2569 ¹³''''·
392 2519 424 2560 ¹⁵·
455 2534 608 2615 bilinguis
625 2535 822 2610 maledictus,
842 2533 958 2596 multos
981 2531 1066 2594 enim
1093 2527 1199 2590 turba·
1253 2554 1350 2617 parva
1366 2536 1415 2598 vel
1433 2534 1521 2596 nulla
1536 2542 1677 2615 apparet.
1696 2532 1727 2595 Si
1744 2541 1848 2594 tamen
1865 2550 1903 2593 ex
1919 2530 1991 2592 dila-

454 2632 500 2694 vit
510 2652 621 2715 pacem
632 2633 796 2696 babentes.
811 2635 885 2696 Non
897 2633 995 2692 stabis
1006 2639 1118 2689 contra
1128 2647 1199 2687 san-

450 2733 586 2808 quinem
597 2734 746 2809 prominet
762 2733 824 2801 tui,
836 2731 868 2792 id
884 2739 942 2805 est,
960 2729 999 2790 ad
1016 2725 1195 2790 laedendum

452 2829 502 2891 vel
526 2829 735 2892 occidendum
762 2829 940 2911 proximum
967 2835 1057 2888 tuum
1083 2831 1193 2887 contra

354 2950 358 2958 ·
451 2946 634 3008 processum
651 2928 850 3007 formamque
869 2926 962 3008 juris,
979 2942 1107 3006 operam
1131 2939 1194 2984 non

1252 2635 1339 2696 tione
1360 2634 1538 2715 disciplina)
1560 2632 1690 2695 laedatur
1711 2630 1831 2693 bonum
1856 2647 2015 2693 commu·

1254 2752 1303 2809 ne,
1322 2751 1386 2796 non
1408 2743 1456 2795 est
1478 2731 1615 2813 amplius
1638 2731 1914 2806 dissimulandum,
1938 2728 1990 2792 sed

1253 2831 1357 2913 rigore
1377 2831 1510 2912 justitia
1531 2838 1578 2893 est
1598 2830 1763 2892 utendum.
1782 2828 1832 2891 Sic
1852 2846 1927 2908 ergo
1948 2847 1991 2890 ar-

1251 2948 1311 3010 gue
1334 2931 1463 2992 l'ratrem
1486 2928 1735 3010 delinquentem,
1753 2949 1793 2988 ne
1812 2930 1926 2988 babens
1944 2948 1991 2986 su-

451 3025 636 3107 lfflpssssdfflt
654 3045 757 3108 Πθίῖΰθ
777 3024 969 3100 θθῐὶὸθῐὶῑῑθὸ,
989 3042 1046 3085 Πθῦ
1071 3030 1101 3083 le
1122 3038 1195 3082 con·
1211 3029 1232 3090 C
1247 3049 1306 3105 per
1323 3030 1378 3088 illo
1389 3037 1567 3104 peecatum,
1578 3026 1638 3088 hoc
1653 3033 1711 3098 est,
1725 3043 1765 3087 ne
1775 3024 1935 3107 particeps
1950 3024 1989 3085 sis

448 3123 563 3205 junges
582 3124 633 3186 bis
653 3125 709 3206 qui
728 3123 873 3206 proximo
890 3122 1093 3196 insidiantur,
1111 3119 1194 3180 sicut

450 3223 541 3285 multi
557 3223 629 3286 aliis
644 3222 755 3286 sociati
768 3222 994 3302 faciunt,qnod
1006 3239 1062 3302 per
1078 3239 1112 3281 se
1129 3236 1192 3281 non

449 3329 589 3402 possunt

488 3423 557 3498 Epo
567 3424 736 3482 Dominus.
746 3423 819 3483 Non
829 3422 933 3481 oderis
947 3423 1085 3498 fratrem
1098 3427 1191 3477 tuum

446 3519 484 3579 in
505 3521 598 3578 corde
621 3529 684 3580 too.
709 3519 753 3580 Ex
778 3519 839 3581 boc
862 3517 1017 3597 arguitur,
1043 3515 1121 3598 quia
1146 3535 1190 3578 se-

445 3617 586 3679 cundum
611 3617 689 3697 legis
719 3617 929 3680 intentionem
954 3615 1059 3678 omnis
1085 3613 1190 3696 proxi-

445 3734 527 3792 mus,
556 3716 588 3777 in
613 3725 768 3797 quantum
794 3714 959 3779 rationalis
982 3721 1127 3777 creatura
1152 3713 1190 3774 ad

445 3815 499 3878 Ilei
516 3815 687 3896 imaginem
704 3814 797 3892 lacta,
810 3824 841 3878 et
857 3813 1066 3878 beatitudinis
1081 3831 1189 3893 capax,

321 3935 404 3978 uarat.
445 3914 489 3975 sit
511 3932 548 3976 ex
573 3914 704 3977 caritate
728 3915 893 3977 amandus.
925 3912 1041 3975 Omnes
1071 3911 1189 3974 etenim

299 4013 355 4046 ¹⁰¹³·
369 4002 389 4041 ⁸·
446 4011 559 4074 lratres
579 4033 688 4075 sumus
710 4012 935 4076 communione
957 4020 1076 4072 naturae
1093 4008 1191 4090 speci-

447 4110 528 4186 lica,
554 4119 585 4173 et
609 4111 704 4172 unius
728 4111 827 4173 Patris
852 4109 990 4172 coelestis
1013 4107 1187 4180 identitate,

1251 3126 1370 3208 peceati
1392 3126 1478 3186 illius
1494 3125 1573 3186 illud
1591 3123 1760 3205 palpando,
1777 3131 1832 3184 aut
1853 3122 1989 3184 indebite

1248 3224 1448 3302 occultando,
1476 3231 1507 3286 et
1532 3241 1572 3285 ne
1597 3222 1750 3284 elliciaris
1781 3229 1991 3301 transgressor

1248 3323 1350 3386 divini
1367 3323 1517 3404 precepti
1535 3339 1541 3382 :
1560 3321 1635 3404 qnia
1649 3321 1699 3400 (ut
1719 3319 1832 3383 asserit
1846 3317 1990 3399 Augusti-

1249 3425 1322 3501 nus)
1337 3422 1364 3483 si
1382 3421 1546 3502 increpare
1569 3417 1754 3499 neglexeris,
1773 3418 1863 3499 pejor
1883 3435 1921 3480 eo
1937 3415 1989 3498 qui

1249 3521 1402 3601 peccavit,
1420 3518 1572 3582 clliceris.

1287 3623 1361 3680 Neo
1383 3640 1503 3700 quaeres
1524 3621 1690 3689 ultionem,
1710 3616 1742 3679 id
1762 3623 1819 3691 est,
1839 3613 1988 3695 injuriam

1248 3717 1304 3779 tibi
1322 3718 1438 3780 laetam
1456 3735 1519 3780 non
1535 3715 1709 3790 ulcisceris,
1729 3733 1786 3776 nec
1806 3713 1919 3776 ulcisci
1936 3730 1989 3793 op

1247 3816 1340 3892 tabis,
1354 3815 1528 3898 praesertim
1545 3834 1581 3877 ex
1597 3814 1645 3875 ira
1660 3833 1715 3896 per
1731 3813 1867 3884 vitium3
1886 3821 1987 3874 tamen

1247 3914 1293 3976 ira
1310 3933 1366 3996 per
1379 3915 1481 3977 zelum
1499 3932 1562 3976 non
1580 3912 1777 3993 reprobatur.
1787 3911 1865 3972 Nam
1881 3918 1912 3972 et
1926 3909 1989 3970 vin·

1247 4013 1395 4089 dieativa,
1418 4031 1488 4094 quae
1513 4020 1662 4093 operatur
1687 4008 1887 4073 rectitudinis
1910 4009 1986 4080 zelo,

1247 4120 1294 4172 est
1310 4131 1382 4193 pars
1397 4111 1539 4191 justitie.
1558 4110 1782 4172 Verumtamen
1801 4107 1916 4170 ceteris
1937 4125 1990 4188 pa-

445 4217 541 4289 atque
564 4227 602 4270 ex
627 4208 747 4271 eisdem
773 4209 883 4290 primis
907 4206 1093 4289 parentibus
1116 4205 1188 4268 orti.
1207 4211 1230 4272 D
1246 4206 1924 4288 ribus,commendabiliusestaequanimiter
1938 4224 1990 4287 pa·

445 4304 504 4379 Qui
525 4315 629 4369 autem
651 4306 794 4386 ejusdem
816 4307 979 4387 religionis
999 4313 1053 4368 aut
1069 4304 1191 4387 proles-

446 4402 545 4466 sionis
570 4405 759 4483 consistunt,
785 4405 932 4488 ampliori
963 4403 1086 4467 ratione
1116 4412 1190 4465 sunt

447 4499 571 4564 iratres.
588 4503 677 4566 Unde
691 4504 751 4567 boc
768 4504 836 4567 loco
852 4523 909 4586 per
930 4503 1071 4578 lratrem,
1090 4502 1187 4564 etiam

445 4618 535 4663 soror
555 4609 587 4664 et
607 4602 744 4684 quilibet
764 4603 859 4666 bomo
879 4603 982 4664 viator
1002 4611 1050 4664 est
1073 4600 1190 4664 intelli-

443 4701 565 4778 gendus
590 4717 596 4760 :
621 4709 653 4761 et
678 4701 711 4762 in
736 4702 797 4763 isto
821 4709 1008 4763 erraverunt
1031 4709 1062 4762 et
1084 4707 1190 4762 errant

443 4797 553 4874 Judaei,
579 4799 634 4877 qui
659 4807 773 4880 putant
799 4800 996 4861 adversarios
1022 4799 1185 4861 odiendos.

443 4894 602 4976 Praecipue
616 4905 721 4958 autem
739 4898 904 4960 vitandum
915 4906 1022 4973 estne
1038 4897 1111 4977 quis
1127 4915 1189 4958 ma-

445 4991 549 5055 litiose
565 5012 620 5054 seu
631 5012 668 5055 ex
685 5013 815 5057 rancore
826 4996 974 5058 observet
984 5005 1015 5057 et
1026 4995 1108 5057 celet
1119 5015 1190 5076 pcc-

444 5098 549 5166 catnm
560 5090 745 5168 alterius,ut
756 5111 813 5155 suo
830 5103 971 5175 tempore
986 5094 1019 5155 in
1036 5095 1189 5173 maJorem

444 5187 533 5250 illius
549 5189 721 5270 perniciem
737 5193 861 5272 detegat
876 5192 966 5254 illud.
985 5193 1103 5254 ldcireo
1119 5192 1190 5254 sub

443 5287 587 5370 jungitur
611 5306 618 5349 τ
641 5293 696 5350 aed
712 5293 840 5367 publice
860 5313 960 5368 arque
979 5313 1063 5362 cont,
1088 5291 1119 5353 id
1142 5300 1190 5354 est

1247 4307 1280 4384 ti,
1299 4326 1394 4388 quam
1418 4308 1590 4372 vindicare.
1609 4308 1640 4369 Si
1656 4315 1762 4368 autem
1778 4324 1816 4367 ex
1836 4304 1988 4387 patientia

1246 4406 1301 4468 tali
1321 4408 1489 4486 derogetur
1506 4407 1649 4486 justitiae,
1667 4415 1698 4468 et
1718 4405 1850 4467 laedatur
1867 4403 1985 4466 bonum

1245 4524 1424 4581 commune,
1443 4525 1499 4568 seu
1515 4505 1683 4585 injuriator
1700 4502 1756 4566 liat
1774 4503 1812 4564 ad
1835 4502 1988 4584 injurian-

1246 4604 1321 4665 dum
1342 4604 1516 4685 procacior,
1534 4603 1661 4685 expedit
1681 4603 1798 4683 justam
1820 4609 1931 4682 optare
1952 4618 1986 4661 ae

1246 4702 1317 4765 lieri
1344 4703 1509 4778 ultionem,
1527 4711 1562 4763 ut
1587 4703 1799 4783 reprimantur
1824 4708 1871 4762 tot
1894 4699 1986 4771 mala,

1246 4820 1285 4863 nc
1303 4809 1409 4882 pereat
1424 4801 1597 4881 injuriosus
1609 4801 1647 4861 in
1665 4801 1775 4862 linem.
1788 4801 1852 4860 Nec
1868 4818 1987 4858 eternor

1244 4903 1307 4959 eris
1322 4902 1458 4977 injuriae
1472 4902 1594 4960 civium
1612 4909 1751 4970 lacertam,
1762 4898 1793 4959 ld
1809 4905 1868 4972 est,
1885 4915 1924 4958 ex
1942 4895 1985 4956 ira

1245 5007 1274 5061 θῖ
1291 4998 1491 5080 impatientia
1506 5017 1560 5060 seu
1577 5015 1708 5060 rancore
1723 5014 1845 5058 memor
1861 5013 1925 5058 non
1943 4994 1984 5054 sis

1244 5096 1436 5177 injuriarum
1459 5095 1514 5156 libi
1533 5115 1551 5156 a
1568 5094 1720 5176 proximis
1742 5093 1912 5154 illatarum.
1930 5091 1989 5152 Vc-

1245 5202 1423 5256 rumtamen
1441 5211 1478 5256 co
1494 5194 1598 5268 mode,
1615 5211 1678 5273 quo
1694 5192 1769 5254 licet
1788 5199 1843 5253 aut
1861 5188 1986 5271 expedit

1244 5311 1387 5374 quaerere
1407 5291 1572 5368 ultionem,
1591 5291 1665 5354 licet
1684 5299 1716 5352 et
1735 5289 1863 5372 expedit
1883 5305 1985 5351 recor-
