4309 6259
421 465 481 530 l38
835 487 1008 535 uuxamuo
1029 488 1060 533 us
1081 488 1149 534 uxr.
1173 489 1184 534 1
1203 488 1340 535 suumn.
1362 508 1403 520 -
1423 489 1493 536 xus.
1517 491 1547 536 rr

422 664 574 734 nuuntur,
593 658 636 722 ita
656 679 713 742 per
731 661 825 724 istam
846 661 998 724 librorum
1021 660 1165 742 partitie
1179 658 1205 720 Α
1219 679 1282 742 que
1302 668 1476 742 sequester.
1495 665 1596 724 Homo
1611 665 1670 742 qui
1689 663 1837 724 obtuterit
1856 681 1898 720 en
1912 680 1961 719 uo-

420 772 493 816 nem
519 757 644 820 animus
675 760 810 840 legentis
833 780 852 823 a
878 759 985 822 labore
1009 779 1045 822 ao
1071 760 1164 822 tedio
1219 761 1265 820 bis
1280 762 1418 822 hostiurn
1433 763 1583 832 Domino,
1597 761 1628 822 id
1645 769 1703 838 est,
1715 761 1907 842 quicumque
1923 759 1961 819 de

420 852 578 917 relevetur
605 874 612 918 :
640 857 716 935 imo,
743 859 825 921 sicut
849 859 952 921 viator
977 857 1101 920 laetatur
1124 859 1163 920 de
1218 858 1336 940 populo
1352 858 1444 920 lsrael
1462 858 1673 922 immolaverit
1687 859 1823 922 hostiam
1839 857 1963 933 Deo,de

419 970 552 1035 vespere
577 974 640 1018 una
664 958 937 1039 completudine,
959 955 1163 1039 hospitioque
1213 959 1392 1034 pecoribus,
1409 964 1520 1039 utpote
1534 957 1727 1019 animalibus
1741 954 1961 1038 gressibilibus

418 1051 544 1132 adepto,
561 1053 607 1115 sic
627 1054 725 1119 lector
746 1075 802 1118 seu
823 1064 972 1118 tractator
992 1055 1163 1137 Scripturae
1217 1071 1253 1115 ac
1269 1053 1462 1117 domesticis.
1474 1053 1563 1117 Unde
1578 1054 1791 1136 subjungitur,
1809 1056 1844 1114 id
1858 1057 1963 1124 erade

417 1150 652 1229 quodammodo
677 1162 836 1216 recreatur
861 1173 925 1216 uno
945 1153 1104 1236 completo
1128 1153 1163 1214 li·
1218 1155 1311 1214 bobus
1325 1163 1355 1213 et
1375 1153 1413 1215 de
1432 1155 1543 1214 ovibus
1559 1159 1691 1232 offerens
1707 1156 1884 1224 uictimam,
1902 1152 1961 1215 hoc

417 1247 486 1323 bro,
503 1258 559 1311 aut
573 1251 669 1313 etiam
686 1270 750 1314 uno
766 1251 918 1334 capitulo.
1217 1259 1266 1313 est
1280 1251 1320 1313 de
1334 1251 1432 1314 altero
1443 1251 1632 1328 horum,aut
1647 1261 1732 1315 certe
1746 1252 1786 1314 de
1800 1270 1897 1333 capra
1907 1269 1962 1313 seu

457 1345 564 1428 ltaque
587 1357 714 1412 sanctus
730 1350 848 1432 Moyses
865 1350 939 1412 libri
958 1348 1054 1430 hujus
1075 1367 1163 1412 exor-
1217 1348 1318 1425 hirco,
1336 1357 1371 1411 ut
1388 1348 1472 1411 inira
1488 1349 1667 1411 habebitur.
1684 1350 1755 1412 llaeo
1770 1349 1854 1412 enim
1872 1356 1963 1410 erant

299 1475 302 1480 ·
417 1444 506 1506 dium
526 1447 717 1526 precedenti
738 1447 820 1511 libro
840 1448 1041 1522 continuans,
1059 1447 1104 1510 ait
1123 1448 1162 1510 de
1218 1447 1369 1509 animalia
1385 1447 1604 1524 immolaticia,
1620 1457 1652 1510 et
1667 1448 1807 1510 materie
1828 1447 1963 1510 oblatio

418 1561 453 1604 se
476 1543 557 1625 ipso,
579 1546 670 1626 quasi
696 1546 736 1608 de
760 1547 824 1609 alio
849 1546 1012 1609 recitans:
1035 1549 1163 1607 Vocooit
1218 1563 1306 1606 num.
1323 1549 1364 1608 Si
1385 1549 1603 1606 holocaustum
1620 1548 1723 1623 fucrit
1742 1547 1811 1622 cp'us
1832 1548 1962 1614 oblatio,

418 1651 527 1701 autem
544 1645 688 1720 Moysen,
701 1656 730 1706 et
747 1649 870 1706 locutus
885 1656 930 1706 est
945 1647 976 1704 et
990 1647 1160 1716 Dominus,
1218 1643 1250 1705 id
1266 1652 1324 1720 est,
1338 1642 1556 1706 holocaustum
1573 1643 1692 1708 ollcrrc
1708 1643 1844 1707 voluerit
1857 1663 1865 1706 :
1878 1645 1963 1724 quod

418 1758 476 1821 per
496 1740 643 1820 angelum
666 1743 699 1803 in
714 1743 769 1806 Dei
796 1762 930 1825 persona
955 1751 1162 1825 apparentem
1218 1741 1341 1805 seilicet
1355 1742 1394 1804 ad
1417 1743 1533 1805 divine
1553 1743 1762 1807 reverentiam
1787 1743 1963 1823 maJcstetis

417 1845 513 1918 atque
532 1838 727 1921 loquentem,
744 1849 777 1904 et
795 1842 854 1904 hoc
874 1842 908 1903 in
925 1842 1019 1923 plena
1038 1839 1160 1922 vigilia,
1181 1841 1318 1902 Blotum
1345 1840 1601 1916 comburebatur,
1624 1841 1853 1922 dicebaturque
1878 1840 1965 1903 holo

418 1944 450 1998 et
465 1936 498 1997 in
515 1935 618 2000 lorma
633 1939 794 2017 sensibili3
807 1944 847 2000 de
863 1943 1067 2002 tabernaculo
1080 1941 1163 2000 testi·
1217 1949 1361 2004 caustum
1373 1940 1413 2002 ab
1425 1944 1498 2017 ὅλον,
1508 1942 1593 2022 quod
1604 1949 1652 2003 est
1669 1948 1821 2018 totum‚et
1832 1948 1961 2015 anemos,

418 2038 532 2112 monii,
560 2036 636 2119 quia
661 2037 695 2099 in
720 2037 925 2102 tabernaculo
950 2039 1006 2101 illo
1030 2037 1163 2118 angelus
1218 2039 1304 2120 quod
1320 2047 1368 2102 est
1382 2039 1469 2101 calor
1484 2039 1552 2102 sive
1568 2039 1744 2116 incensum,
1754 2038 1845 2121 quasi
1861 2047 1964 2101 totum

419 2133 479 2196 iste
495 2136 689 2216 apparuitet
701 2137 881 2219 specialiter
891 2138 931 2200 de
941 2136 1163 2220 propitiatorio
1219 2137 1402 2212 incensum;
1415 2158 1452 2198 ac
1462 2141 1500 2198 de
1510 2148 1666 2210 armento,
1674 2137 1707 2199 id
1722 2144 1770 2200 est
1780 2138 1820 2200 de
1831 2154 1965 2200 numero

419 2252 474 2294 seu
497 2233 636 2311 oraculo,
663 2243 813 2316 tanquam
829 2236 868 2297 de
889 2234 959 2298 loco
984 2234 1181 2306 residentia,
1220 2253 1275 2297 seu
1290 2234 1496 2298 multitudine
1511 2234 1607 2297 bourn
1625 2243 1768 2316 sumpta3
1783 2239 1965 2296 masculum

420 2350 495 2406 sue,
521 2332 710 2413 procedebat
734 2342 766 2396 et
789 2333 977 2396 audiebatur
1001 2352 1062 2397 vox
1082 2331 1162 2413 ejus.
1220 2337 1467 2394 irnrnneututurn
1482 2339 1596 2410 offeret,
1610 2333 1758 2397 videlicet
1773 2332 1886 2396 bovem
1903 2352 1966 2394 ma·

420 2429 509 2492 Unde
533 2430 566 2490 in
592 2430 698 2494 Exodo
714 2432 866 2493 Dominus
886 2431 931 2494 ait
950 2432 989 2493 ad
1012 2431 1137 2513 lloysen
1156 2447 1162 2491 :
1221 2449 1298 2506 rem,
1318 2431 1350 2493 in
1366 2450 1429 2511 quo
1445 2431 1532 2493 nulla
1549 2430 1590 2493 sit
1605 2431 1729 2494 macula
1747 2433 1882 2494 reddens
1897 2431 1966 2494 ani-

287 2539 303 2632 θ’
349 2550 405 2586 m,
421 2528 507 2604 lude,
526 2537 603 2610 puta
622 2529 661 2591 de
681 2529 915 2611 propitiatorio,
933 2529 1046 2610 loquar
1066 2529 1106 2591 ad
1124 2537 1164 2604 te,
1220 2529 1283 2591 mal
1296 2529 1437 2611 ineptum
1448 2531 1487 2591 ad
1499 2529 1736 2604 immolandum,
1747 2530 1807 2593 hoc
1817 2539 1866 2593 est
1877 2529 1966 2592 nulla

303 2633 308 2643 '
421 2645 631 2708 quaecumque
660 2626 818 2690 mandabo
847 2627 926 2689 filiis
956 2627 1061 2691 lsrael.
1094 2627 1167 2690 Erat
1221 2627 1473 2704 monstruositas,
1484 2626 1821 2710 debilitasapostema,
1831 2627 1963 2704 scabies,

421 2733 527 2786 autern
538 2725 986 2806 propitiatorium,secundum
1002 2726 1165 2808 quosdam,
1223 2725 1380 2789 similisve
1395 2724 1549 2789 delectus.
1560 2726 1639 2788 ilinc
1655 2725 1686 2786 in
1700 2725 1897 2790 Scholastica
1908 2725 1966 2789 ler-

421 2841 518 2885 aurea
539 2843 648 2885 mensa
674 2843 769 2907 super
793 2844 899 2888 arcam
924 2824 1037 2900 levata,
1055 2832 1087 2887 et
1112 2842 1168 2906 per
1225 2833 1274 2886 tur
1290 2824 1423 2887 historia
1440 2842 1448 2885 ε
1465 2825 1533 2903 Non
1554 2825 1732 2909 de‘mocula
1755 2825 1892 2901 velleris,
1910 2826 1965 2888 sed

421 2922 501 2985 duos
515 2922 685 2985 Cherubim
702 2923 736 2985 in
753 2923 819 2985 suis
833 2923 1086 2986 extremitatibus
1103 2941 1169 2984 sus·
1223 2922 1377 3004 corporis,
1388 2921 1632 3002 intelligendum
1643 2931 1691 2985 cst
1705 2923 1963 3004 istudDenique,

421 3028 551 3099 tentata,
578 3021 623 3084 ita
652 3022 737 3103 quod
769 3022 876 3086 tabula
906 3021 961 3083 illa
985 3029 1051 3084 crat
1077 3019 1167 3102 quasi
1186 3024 1208 3086 G
1224 3019 1300 3102 quia
1315 3019 1536 3083 holocaustum
1559 3020 1620 3082 luit
1635 3020 1901 3102 perfectissimum
1918 3041 1967 3083 sa-

419 3120 510 3182 sedes
531 3120 598 3198 Dei,
616 3128 648 3183 et
672 3140 753 3184 arcae
776 3121 963 3202 operculum
988 3128 1056 3182 erat
1080 3119 1169 3182 velut
1223 3118 1795 3196 criiicium,idcircononleminased
1807 3120 1965 3183 masculus

420 3217 596 3280 scabellum
617 3219 683 3294 Dei,
700 3238 795 3301 super
815 3218 1070 3302 propitiatorium
1092 3217 1168 3280 resi·
1225 3217 1255 3278 in
1268 3216 1488 3279 holocaustum
1499 3216 1896 3281 oflerebatur.Perlcctiora
1906 3228 1967 3282 ete

421 3317 538 3378 dentis.
563 3317 625 3378 Alii
651 3317 772 3394 dicunt,
797 3318 883 3399 quod
908 3317 1165 3398 propitiatorium
1224 3316 1290 3377 nim
1307 3314 1458 3377 animalia
1474 3315 1507 3376 in
1525 3315 1579 3378 tali
1594 3314 1754 3378 sacrificio
1767 3316 1895 3378 fuerant
1910 3317 1966 3378 im-

422 3412 485 3476 fuit
501 3414 697 3496 opertorium
713 3434 804 3491 arcae,
821 3423 853 3477 et
867 3414 896 3477 ei
912 3415 1110 3494 contiguum,
1131 3433 1167 3476 ac
1223 3399 1427 3490 molandaob
1438 3413 1647 3477 reverentiam
1658 3414 1831 3495 majestatis
1841 3415 1964 3478 divinae

422 3513 477 3576 Dei
500 3512 619 3587 sedile;
637 3513 855 3594 pavimentum
877 3532 953 3575 vero
971 3513 1167 3575 tabernaculi
1264 3512 1382 3574 Deinde
1402 3512 1490 3575 locus
1511 3511 1682 3574 oblationis
1701 3511 1797 3593 hujus
1817 3513 1967 3595 exprimi-

423 3612 519 3674 situm
535 3621 609 3674 anto
624 3630 740 3688 arcam,
757 3611 857 3674 fuisse
872 3610 1044 3674 scabellum
1061 3612 1169 3674 seden·
1225 3620 1284 3673 tur.
1316 3615 1370 3672 Ad
1398 3613 1516 3671 osticam
1547 3613 1747 3672 tabernaculi
1779 3613 1963 3673 testimonii.

423 3710 474 3772 tis.
491 3710 741 3773 Tabernaculum
758 3729 885 3791 quoque
900 3709 954 3772 Dei
970 3728 1027 3791 per
1041 3709 1185 3791 Moysen·
1222 3709 1312 3771 Circa
1327 3709 1387 3771 hoc
1403 3707 1514 3770 recitat
1530 3708 1610 3790 Lyra
1623 3725 1629 3769 :
1643 3709 1758 3770 Dicunt
1772 3709 1966 3790 expositores

282 3829 407 3878 pruma
424 3807 553 3886 lactum,
571 3817 701 3872 vocatur
717 3807 956 3871 tabernaculum
974 3806 1165 3870 testimonii:
1224 3805 1323 3869 nostri
1349 3806 1573 3883 communiter,
1591 3807 1675 3887 quod
1700 3825 1757 3887 per
1778 3806 1895 3869 ostium
1922 3815 1967 3870 ta-

421 3907 498 3989 quia
519 3906 551 3969 in
572 3924 610 3970 eo
631 3915 722 3968 erant
746 3906 862 3968 tabule
887 3905 1167 3986 testamentique
1223 3904 1386 3967 bernaculi
1417 3904 1604 3980 testimonii,
1632 3904 1821 3983 intelligitur
1849 3905 1966 3968 ostium

422 4014 512 4068 erant
538 4005 570 4066 in
595 4023 683 4081 arca,
709 4013 740 4067 et
768 4003 843 4086 quia
870 4004 989 4066 ibidem
1017 4003 1167 4066 Dominus
1223 4003 1295 4064 atrii
1313 4003 1519 4079 sacerdotum,
1538 4003 1592 4065 ubi
1614 4002 1831 4084 probabantur
1847 4003 1968 4067 anima-

424 4102 608 4179 tostabatur‚
636 4102 795 4183 loquendo
820 4121 892 4183 quea
914 4101 943 4164 ei
966 4102 1165 4184 placuerunt.
1224 4101 1267 4164 lia
1284 4121 1324 4163 an
1346 4109 1420 4183 apta
1439 4109 1546 4164 essent
1564 4102 1603 4163 ad
1624 4101 1864 4179 immolandum,
1881 4111 1967 4164 ante

422 4201 550 4264 Tabulae
575 4201 671 4265 etiem
699 4200 877 4263 testamenti
905 4201 1033 4262 luerunt
1058 4199 1115 4275 ibi,
1134 4199 1166 4260 in
1184 4200 1209 4262 D
1224 4217 1318 4280 quam
1344 4198 1627 4261 introducebantur
1648 4199 1680 4261 in
1701 4200 1828 4262 atrium.
1846 4198 1967 4262 Hebraei

423 4301 641 4365 testimonium
656 4300 742 4382 quod
763 4299 825 4362 lilii
840 4299 934 4362 lsrael
955 4299 1056 4378 legem
1078 4300 1168 4361 aDe
1223 4306 1329 4360 autem
1351 4296 1472 4372 dicunt,
1490 4298 1575 4377 quod
1592 4315 1655 4360 nou
1676 4297 1893 4378 probabantur
1908 4296 1965 4373 ibi,

423 4400 511 4462 mino
536 4408 738 4481 acceperunt.
764 4397 895 4461 Praelata
920 4399 1047 4460 demum
1072 4415 1168 4458 aurea
1224 4397 1278 4459 sed
1301 4404 1389 4458 extra
1413 4395 1530 4458 atrium
1552 4394 1691 4458 totaliter
1716 4395 1749 4457 in
1766 4415 1834 4456 una
1854 4396 1967 4458 exedra

424 4517 544 4575 mensa,
561 4517 617 4559 seu
632 4497 686 4560 Dei
703 4497 813 4574 sedile,
825 4496 996 4560 vocabatur
1016 4494 1169 4577 propitia·
1224 4494 1263 4556 ad
1279 4494 1339 4556 hoc
1355 4503 1474 4575 parata.
1487 4494 1606 4558 ldcirco
1622 4494 1707 4574 quod
1717 4493 1834 4555 dicitur
1850 4493 1980 4568 hic,Ad

425 4596 552 4673 terium,
570 4596 645 4676 quia
665 4615 702 4659 ex
724 4598 793 4658 loco
814 4595 870 4657 illo
891 4595 1045 4658 Dominus
1066 4600 1169 4655 osten·
1225 4590 1342 4653 ostium
1373 4589 1568 4653 tabernaculi
1596 4589 1781 4666 testimonii,
1806 4599 1967 4672 exponunt

425 4696 472 4757 dit
487 4714 521 4758 se
536 4694 704 4777 propitiari
724 4693 884 4756 lsraelitis.
902 4692 1072 4755 Dicebatur
1093 4691 1168 4754 item
1226 4689 1265 4750 de
1280 4688 1350 4751 loco
1365 4688 1421 4769 qui
1437 4697 1504 4750 erat
1515 4698 1602 4751 extra
1617 4689 1744 4750 atrium.
1758 4688 1795 4748 Et
1810 4686 1898 4750 locus
1913 4687 1967 4752 itte

425 4793 600 4869 oraculum,
613 4793 689 4874 quia
704 4792 819 4855 exinde
834 4791 922 4853 dedit
936 4809 1100 4872 responsa.
1120 4790 1170 4852 Di·
1226 4795 1292 4849 erat
1307 4794 1381 4848 ante
1397 4785 1514 4849 ostium
1531 4785 1736 4860 tabernaculi,
1750 4784 1783 4846 in
1798 4803 1863 4865 quo
1878 4793 1968 4847 erant

425 4892 499 4955 vina
526 4900 632 4953 autem
662 4908 815 4971 responsa
838 4908 875 4951 ac
900 4887 997 4950 verba
1021 4888 1170 4949 dicuntur
1226 4905 1300 4948 arca
1314 4895 1345 4948 et
1367 4884 1634 4966 propitiatorium.
1651 4885 1689 4944 Et
1703 4884 1764 4946 hoc
1780 4883 1880 4962 magis
1895 4902 1969 4946 con-

426 4989 564 5052 oracula.
581 4989 652 5051 llaec
677 4988 784 5051 omnia
810 5005 905 5068 super
920 4985 1062 5048 Exodum
1087 4984 1172 5046 dicta
1228 4985 1336 5047 cordat
1357 4983 1480 5058 litterae,
1498 4981 1622 5063 inqua
1642 4981 1745 5060 agitur
1767 4982 1807 5044 de
1829 4981 1970 5044 taberna·

427 5096 501 5151 sunt
517 5087 654 5170 plenius.
1229 5081 1300 5144 culo
1317 5079 1502 5156 testimonii,
1521 5081 1672 5160 quoniam
1687 5099 1760 5142 arca
1777 5078 1967 5154 testamenti,

466 5189 606 5247 Dicens:
621 5189 763 5265 Loquere
773 5185 855 5262 filiis
869 5187 983 5244 Israel.
997 5181 1073 5243 Nam
1091 5180 1173 5242 inter
1230 5180 1264 5242 in
1284 5199 1347 5260 qua
1364 5177 1610 5242 continebantur
1631 5177 1757 5255 tabule,
1775 5186 1906 5241 vocatur
1929 5186 1972 5240 te

426 5286 525 5348 Deum
541 5293 573 5347 et
587 5284 733 5347 lsraelem
749 5284 868 5366 Moyses
883 5289 951 5345 erat
965 5280 1120 5344 mediator
1130 5287 1183 5342 at·.
1230 5277 1428 5340 stimonium.
1446 5276 1516 5338 llaec
1530 5275 1621 5358 Lyra.
