4309 6259
456 493 515 559 llio
788 513 962 561 mxnnxrro
982 515 1013 560 nv
1034 514 1103 560 cnr.
1125 512 1190 559 xxx
1210 512 1406 560 munorum
1427 532 1469 542 —
1488 514 1559 559 nur.
1582 513 1662 559 mvn

456 682 516 745 sub
533 684 603 765 ejus
619 704 705 762 cura,
723 704 819 767 quam
835 704 853 747 a
878 685 992 748 marito
1008 684 1103 747 modo
1120 702 1199 766 prae
1213 684 1238 746 ll
1253 702 1301 759 eo,
1315 702 1378 748 non
1394 692 1499 767 potest
1513 684 1592 747 illud
1609 684 1741 767 implere
1756 684 1826 748 sine
1836 703 1990 748 consensu

454 790 548 846 tacto.
567 782 691 864 Sisque,
711 792 745 845 ut
762 783 871 861 fertur,
885 794 1047 867 exponunt
1062 783 1195 846 llebraei.
1252 782 1394 847 alterius.
1411 783 1635 847 Verumtamen
1654 784 1688 846 in
1708 783 1790 847 votis
1810 792 1913 867 potest
1932 783 1992 845 dis

454 881 493 943 Et
507 882 588 945 hanc
611 884 840 965 expositionem
866 883 1019 966 approbat
1034 884 1125 967 hyra,
1142 883 1198 965 qui
1252 882 1397 963 pensatio
1418 881 1503 958 lieri,
1522 883 1596 945 dum
1617 882 1816 945 rationabilis
1835 902 1932 945 causa
1945 901 1994 947 oc·

454 988 560 1043 tamen
578 981 610 1042 in
627 982 825 1064 expositione
840 1002 932 1045 casus
947 983 1124 1065 prehabiti,
1142 982 1198 1064 qui
1252 981 1362 1058 currit,
1388 990 1420 1043 et
1443 982 1632 1043 commutari
1661 989 1794 1063 possunt
1819 982 1851 1043 in
1882 982 1992 1045 melius

454 1088 502 1141 est
516 1080 555 1141 de
571 1080 677 1161 puella
693 1100 756 1144 non
772 1081 904 1145 allidata
921 1101 978 1144 nee
989 1080 1199 1157 maritatam·
1252 1080 1439 1143 auctoritate
1454 1079 1638 1161 superioris.

456 1177 563 1240 firmat
580 1179 664 1259 quod
680 1200 771 1241 casus
789 1180 842 1243 ille
866 1200 928 1245 non
952 1181 993 1242 sit
1018 1180 1198 1261 intelligen·
1293 1179 1434 1260 lnsuper,
1447 1181 1619 1242 secundum
1636 1180 1721 1261 quod
1733 1179 1870 1242 Thomas
1885 1179 1994 1243 scribit

455 1278 514 1338 dus
529 1277 569 1339 de
584 1276 634 1338 his
649 1296 720 1359 quae
736 1287 810 1341 sunt
824 1280 988 1356 maritata,
1006 1279 1082 1341 licet
1095 1280 1198 1341 adhuc
1253 1276 1286 1338 in
1302 1278 1440 1340 secunda
1455 1280 1612 1353 secunda,
1624 1278 1797 1365 quastione
1811 1278 1862 1355 88,
1881 1278 1991 1342 Votum

456 1384 605 1437 maneant
620 1396 692 1438 cum
715 1386 814 1459 patre,
832 1380 907 1459 quia
927 1386 1002 1440 sunt
1021 1378 1199 1460 emancipe·
1253 1384 1300 1437 est
1315 1376 1481 1458 conceptio
1497 1376 1572 1439 boni
1588 1376 1743 1458 propositi
1753 1396 1826 1439 cum
1841 1376 1992 1440 delibem-

455 1482 496 1537 tat
514 1492 520 1536 :
539 1493 596 1556 per
610 1476 694 1556 quod
712 1476 837 1539 videtur
858 1476 1002 1553 innuere,
1025 1477 1112 1558 quod
1135 1494 1198 1539 non
1254 1475 1340 1537 tione
1360 1474 1580 1557 firmataque
1600 1476 1674 1557 quis
1693 1477 1732 1538 ad
1748 1475 1930 1539 iaciendum
1943 1476 1991 1538 vel

457 1572 521 1634 sint
537 1574 596 1636 sub
611 1594 687 1637 cura
712 1575 821 1657 patris,
840 1576 883 1638 ita
904 1576 990 1657 quod
1011 1594 1121 1638 earum
1146 1595 1200 1640 vo
1254 1592 1317 1637 non
1340 1573 1519 1637 iaciendum
1535 1576 1598 1638 Deo
1615 1594 1650 1637 se
1663 1574 1794 1655 obligat.
1812 1576 1845 1638 ln
1865 1575 1992 1656 quade

457 1680 524 1734 tum
540 1682 594 1735 aut
609 1672 824 1754 juramentum
847 1683 942 1756 queat
964 1694 1097 1738 cassare.
1114 1675 1197 1754 ldeo,
1237 1673 1413 1750 linitione,
1432 1672 1548 1750 lacero,
1565 1673 1690 1756 capitur
1704 1674 1840 1736 multum
1855 1684 1989 1748 extense,

454 1770 538 1851 quod
554 1779 644 1852 pater
659 1772 759 1853 possit
775 1772 899 1835 irritare
915 1782 1023 1837 votum
1048 1782 1103 1835 aut
1116 1774 1200 1856 jura·
1254 1781 1348 1856 prout
1363 1772 1499 1835 includit
1513 1772 1613 1854 loqui,
1630 1774 1781 1855 cogitare,
1797 1772 1992 1836 allectareac

454 1877 597 1931 mentum
629 1857 706 1933 tiliae
735 1869 886 1949 nitidata,
918 1872 1066 1954 quamvis
1085 1868 1199 1936 'adhuc
1216 1872 1357 1949 Bagere.
1374 1870 1413 1931 llt
1426 1869 1572 1951 quamvis
1587 1870 1683 1933 homo
1698 1888 1762 1933 non
1782 1870 1885 1952 possit
1899 1870 1993 1933 homi-

455 1987 561 2031 secum
593 1970 762 2047 manentis,
791 1990 854 2034 non
885 1972 1009 2035 videtur
1038 1972 1199 2053 aliquibus
1255 1970 1287 2030 ni
1304 1968 1426 2049 aliquid
1449 1968 1645 2051 promittere,
1663 1969 1727 2030 nisi
1752 1969 1922 2051 perverba
1943 1979 1993 2032 aut

454 2077 588 2141 certum,
606 2068 632 2129 si
653 2088 709 2151 por
734 2070 830 2133 verba
850 2072 889 2134 de
911 2072 1058 2153 prasenti
1084 2072 1118 2132 in
1144 2089 1200 2153 po-
1253 2067 1409 2131 exteriora
1424 2067 1525 2147 signa,
1543 2068 1606 2130 Deo
1622 2076 1727 2130 tamen
1743 2077 1847 2150 potest
1867 2070 1994 2150 promis

454 2176 599 2231 testatem
631 2168 736 2230 mariti
766 2170 917 2233 translata
947 2170 1009 2246 sit3
1037 2188 1140 2246 secus,
1171 2170 1198 2232 si
1253 2167 1301 2229 sio
1315 2166 1388 2229 lieri
1399 2185 1456 2247 per
1467 2166 1566 2229 solam
1579 2166 1762 2231 interiorem
1773 2168 1994 2247 cogitationem

455 2286 512 2349 per
536 2268 633 2329 verba
657 2267 696 2328 de
722 2266 830 2330 luturo
855 2268 928 2330 data
953 2268 994 2330 sit
1023 2268 1116 2331 tides.
1149 2271 1199 2330 Vi·
1253 2275 1285 2328 et
1314 2264 1549 2329 definitionem.
1576 2266 1737 2328 Interdum
1769 2276 1875 2330 tamen
1902 2268 1995 2331 verba

455 2369 522 2426 deo
544 2376 573 2427 et
593 2369 777 2443 repudiato,
795 2369 957 2447 quidquid
979 2370 1125 2428 voverint
1144 2376 1199 2430 aut
1253 2366 1425 2441 adduntur,
1443 2372 1572 2446 propter
1588 2364 1637 2426 sui
1656 2365 1757 2446 ipsius
1774 2366 1993 2429 excitationem

454 2463 645 2545 juraverint,
680 2468 824 2536 reddeat,
858 2467 1032 2527 secundum
1068 2485 1198 2528 sensum
1253 2472 1308 2526 aut
1322 2463 1458 2526 aliorum
1473 2464 1747 2527 contestationem.
1764 2463 1933 2546 Quumque
1948 2486 1995 2529 vo

456 2571 640 2645 praetactum
665 2562 704 2625 de
730 2562 818 2639 viris,
842 2564 991 2627 videlieet
1014 2564 1040 2625 si
1063 2564 1127 2626 sint
1149 2564 1198 2626 sui
1255 2570 1321 2623 turn
1339 2562 1380 2623 sit
1395 2561 1565 2643 promissio
1580 2562 1644 2625 lleo
1660 2560 1753 2638 iacta,
1765 2562 1816 2625 cui
1834 2562 1880 2624 nil
1898 2564 1995 2646 placet

453 2660 590 2740 juris,et
606 2661 738 2723 licenter
758 2657 892 2725 iecerint
915 2670 1021 2725 votum
1045 2671 1100 2725 aut
1114 2662 1200 2743 jura·
1255 2660 1317 2723 nisi
1342 2661 1428 2742 quod
1454 2661 1618 2723 moraliter
1643 2661 1763 2724 bonum
1785 2671 1833 2725 est
1858 2682 1916 2726 seu
1941 2663 1996 2725 vir-

453 2769 607 2824 mentum.
1255 2769 1392 2836 tunsum,
1414 2760 1487 2821 ideo
1508 2759 1592 2821 mala
1614 2779 1669 2823 seu
1694 2758 1919 2825 indifferentia
1935 2782 1996 2825 non

494 2856 642 2937 Sequitur
658 2855 697 2918 de
713 2874 809 2919 uxore
824 2875 896 2937 quae
911 2865 959 2919 est
975 2856 1007 2917 in
1023 2856 1118 2919 domo
1134 2876 1200 2919 ma·
1254 2856 1372 2917 eadunt
1389 2853 1517 2935 proprie
1534 2855 1594 2916 suh
1605 2864 1689 2918 voto.
1704 2854 1858 2919 Similiter
1874 2876 1935 2920 neo
1945 2857 1997 2919 im

453 2954 506 3016 riti
523 2954 584 3031 sui,
602 2972 658 3016 seu
673 2953 701 3016 ei
718 2954 782 3035 jam
801 2954 915 3016 tradita
932 2954 1037 3036 plone.
1061 2959 1147 3016 teor
1162 2958 1199 3017 in
1255 2952 1431 3035 possibilia,
1450 2972 1509 3015 noc
1523 2972 1561 3015 ea
1575 2971 1646 3033 quae
1661 2962 1735 3016 sunt
1751 2956 1931 3019 necessaria
1948 2957 1997 3019 ab

452 3058 545 3115 donno
577 3055 656 3123 oiri,
677 3074 777 3133 quum
802 3074 834 3113 sc
859 3064 929 3113 noto
954 3057 1197 3125 ‹tonstrteaertt
1215 3059 1238 3121 C
1254 3052 1366 3114 solute.
1384 3050 1485 3133 Opera
1501 3060 1609 3114 autem
1624 3052 1916 3133 supererogationis
1932 3074 1996 3137 pto

454 3160 527 3229 etc,
546 3154 655 3212 reddet
677 3155 897 3231 piraticamque
914 3155 1118 3231 promiserat.
1136 3152 1199 3214 Lit-
1254 3150 1415 3233 priissime
1430 3150 1549 3213 cadunt
1563 3150 1623 3212 sub
1635 3150 1770 3213 votoEa
1785 3170 1915 3233 quoque
1929 3173 1996 3234 qua

455 3259 522 3314 tera
545 3258 592 3312 ost
613 3249 718 3331 plana,
735 3249 887 3331 quoniam
911 3250 982 3312 talis
1003 3251 1119 3314 mulier
1134 3270 1198 3314 non
1255 3256 1329 3311 sunt
1345 3248 1524 3310 necessaria
1539 3248 1727 3311 necessitate
1743 3249 1832 3326 linis,
1850 3250 1996 3313 videlicet

457 3356 561 3431 potest
576 3348 620 3410 ita
639 3366 754 3410 vovere
774 3356 829 3410 aut
849 3348 967 3429 jurare,
985 3350 1063 3431 quin
1084 3350 1134 3411 vir
1150 3370 1199 3414 va·
1255 3346 1399 3428 impletio
1428 3355 1670 3428 preceptorum,
1698 3348 1758 3409 suh
1783 3357 1857 3411 voto
1887 3351 1996 3413 cadere

457 3447 519 3509 leat
533 3444 693 3522 revocare,
711 3465 783 3508 mox
799 3455 831 3508 ut
854 3447 990 3509 audierit
1007 3449 1073 3512 sive
1089 3468 1198 3530 perce·
1254 3454 1387 3527 queunt,
1415 3445 1448 3507 in
1472 3455 1628 3526 quantum
1654 3446 1754 3509 libere
1777 3447 1993 3511 observantur.

456 3545 549 3628 perit.
567 3545 599 3607 Si
618 3553 723 3633 autem
741 3544 789 3607 vir
806 3564 869 3609 non
890 3547 1116 3610 contradixerit
1136 3548 1200 3629 pri·
1254 3543 1409 3626 Amplius,
1427 3553 1536 3607 votum
1552 3544 1674 3624 obligat
1688 3545 1788 3627 magis
1803 3566 1901 3627 quam
1916 3548 1997 3628 jura-

456 3663 507 3707 ma
521 3642 585 3717 die,
598 3644 713 3705 mulier
728 3652 776 3707 est
790 3643 936 3720 obnoxia,
950 3644 982 3705 id
993 3645 1200 3724 est‚obligata
1254 3650 1396 3705 mentum
1414 3660 1421 3704 :
1440 3642 1516 3723 quia
1530 3643 1568 3705 ad
1586 3642 1773 3707 fidelitatem
1790 3645 1930 3726 pertinet
1949 3665 1998 3709 vo

455 3752 528 3806 voto
543 3752 596 3805 aut
612 3732 793 3824 juiamonto
813 3743 975 3824 implendo
992 3752 1148 3824 quantum
1166 3742 1198 3803 in
1254 3749 1320 3802 tum
1347 3740 1490 3822 implere,
1515 3749 1547 3803 et
1571 3742 1637 3805 voti
1663 3742 1775 3806 tractio
1798 3743 1997 3807 infidelitatis

454 3862 488 3905 se
502 3851 560 3905 est.
574 3842 798 3905 Verumtamen
815 3841 841 3903 si
854 3843 984 3905 maritus
1000 3841 1200 3924 prohibuerit
1254 3848 1303 3902 est
1318 3840 1441 3921 species
1455 3864 1462 3915 ;
1478 3842 1518 3902 ad
1533 3841 1705 3922 juramenti
1719 3851 1825 3905 autern
1842 3844 1998 3926 impletio

454 3940 483 4004 ei
500 3950 610 4024 postea
625 3948 733 4004 votum
750 3940 882 4023 implere
902 3949 957 4003 aut
970 3941 1197 4026 juramentum,
1255 3958 1328 4001 nem
1344 3948 1490 4001 tenemur
1505 3957 1544 4002 ex
1564 3940 1671 4002 debito
1691 3942 1887 4017 reverentia,
1904 3962 1997 4025 quam

456 4041 524 4123 ipsa
549 4049 726 4115 excusatur,
745 4048 775 4103 et
800 4040 869 4103 viro
894 4040 988 4122 culpa
1013 4040 1198 4121 imputatur.
1255 4038 1318 4100 lleo
1332 4036 1482 4099 exhibere
1498 4046 1652 4115 tenemur,
1665 4038 1827 4121 implendo
1842 4043 1931 4121 quod
1944 4061 1997 4124 per

456 4141 527 4203 ldeo
544 4138 660 4201 dicitur
677 4156 684 4201 ε
702 4142 742 4201 Si
756 4149 863 4200 autom
879 4160 942 4200 non
965 4141 1201 4200 contractt‘rarit
1255 4154 1371 4198 nomen
1392 4136 1495 4217 ipsius
1518 4136 1729 4200 firmavimus.
1746 4137 1923 4202 lnlidelitas
1946 4160 1998 4203 au-

453 4248 623 4319 postqeom
647 4240 788 4307 rescivit,
804 4238 836 4299 id
858 4247 916 4315 est,
935 4238 960 4299 si
981 4237 1114 4299 maritus
1136 4255 1199 4299 non
1215 4241 1239 4301 D
1256 4244 1319 4297 tem
1331 4243 1380 4297 est
1394 4234 1523 4315 gravius
1539 4236 1658 4298 mulum
1669 4256 1765 4317 quam
1781 4237 1996 4315 irreverentia,

457 4336 653 4401 revocaverit
664 4336 769 4398 uxoris
785 4345 894 4400 votum
903 4345 958 4398 aut
972 4336 1198 4417 juramentum,
1256 4340 1286 4395 ct
1301 4351 1370 4394 cam
1394 4331 1539 4410 includit,
1557 4342 1588 4396 et
1610 4334 1686 4397 mali
1705 4334 1826 4416 aliquid
1846 4339 1998 4420 superad-

457 4435 563 4499 statim
579 4454 678 4516 quum
695 4435 773 4497 illud
786 4435 890 4516 primo
900 4434 1039 4516 agnovit,
1048 4436 1103 4497 sed
1118 4443 1201 4516 post·
1255 4431 1313 4506 dit,
1341 4449 1404 4493 non
1427 4449 1610 4494 econverso.
1628 4432 1673 4494 Ex
1697 4434 1882 4515 praehabitis
1906 4438 1997 4499 otiam

456 4554 493 4597 ea
522 4533 722 4617 prohibuerit
743 4554 780 4596 ea
802 4533 940 4615 impleri,
963 4536 1106 4611 portabit
1135 4535 1202 4610 ipse
1255 4538 1389 4608 constat,
1413 4530 1498 4611 quod
1520 4550 1631 4594 servus
1653 4533 1822 4614 empticius
1843 4534 1914 4598 sive
1937 4556 1999 4599 ver-

456 4635 665 4713 iniquitatem
686 4635 770 4711 ejus,
793 4632 824 4694 id
850 4641 908 4709 est,
932 4632 1103 4714 culpabilis
1128 4631 1199 4705 erit,
1256 4628 1390 4692 naeuius
1404 4637 1459 4691 aut
1469 4629 1760 4708 hereditarius‚non
1773 4640 1876 4713 potest
1886 4652 1999 4697 vovere

455 4751 646 4813 poenamque
663 4731 738 4807 luet,
750 4751 843 4813 quam
855 4730 970 4793 mulier
981 4730 1163 4806 sustineret,
1174 4729 1201 4791 si
1256 4727 1421 4808 religionis
1437 4727 1624 4807 ingressum,
1632 4738 1687 4791 aut
1696 4728 1818 4812 aliquid
1828 4733 1919 4811 quod
1932 4733 1998 4795 sino

454 4850 492 4893 ex
517 4830 645 4913 propria
668 4830 831 4893 voluntate
855 4830 988 4893 violaret
1012 4839 1122 4893 votum
1147 4838 1202 4891 aut
1256 4825 1378 4889 domini
1398 4826 1446 4887 sui
1470 4845 1626 4889 consensu
1652 4828 1785 4910 implere
1806 4847 1871 4892 nou
1896 4831 1996 4905 valet;

453 4928 680 5011 juramentum.
707 4930 791 4991 lstud
822 4937 927 4992 tamen
958 4928 1201 5007 intelligendum
1256 4924 1362 5007 proles
1380 4934 1485 4987 autem
1501 4945 1573 5007 quae
1587 4927 1627 4988 ad
1643 4927 1818 5009 pubertatis
1833 4947 1937 4992 annos
1951 4931 1999 4992 de

454 5036 601 5090 consetur
616 5028 655 5089 de
672 5026 732 5103 his,
750 5027 783 5089 in
804 5026 921 5107 quibus
945 5046 1024 5089 uxor
1044 5026 1113 5089 viro
1129 5026 1204 5088 sub·
1257 5024 1354 5098 vonit,
1373 5042 1472 5104 quum
1497 5024 1541 5085 sit
1564 5023 1675 5102 libera,
1692 5026 1797 5107 quoad
1813 5045 1904 5089 suam
1930 5048 1996 5109 por-

455 5127 538 5207 jocta
554 5134 612 5201 est,
631 5144 697 5187 non.
710 5125 749 5187 de
764 5125 825 5201 his,
840 5124 1001 5206 inquibus
1016 5134 1064 5187 est
1080 5124 1181 5187 libera
1190 5143 1200 5188 ,ε
1258 5141 1367 5184 sonam
1394 5121 1658 5204 operationesque
1680 5124 1874 5206 personales,
1899 5135 1995 5207 potest

457 5222 573 5305 quiesi
591 5231 683 5285 vovet
697 5222 781 5305 quie,
793 5223 879 5305 quod
896 5223 1029 5304 implere
1040 5242 1103 5285 non
1120 5224 1204 5285 valet
1258 5220 1369 5283 invitis
1379 5221 1566 5302 parentibus
1576 5221 1752 5302 ingressum
1765 5223 1929 5304 religionis
1938 5244 1998 5307 pro

445 5322 528 5384 sino
543 5319 747 5401 derogatione
763 5320 843 5403 juris
863 5322 948 5402 quod
964 5322 1043 5383 alter
1058 5320 1155 5383 habet
1170 5321 1203 5382 in
1259 5320 1385 5383 mittere
1400 5329 1431 5382 et
1442 5320 1587 5402 implere.
1597 5321 1692 5385 Porro
1703 5321 1850 5403 religiosa
1866 5342 1995 5405 persona
