4309 6259
423 502 481 568 l00

803 520 975 567 annnnarro
998 519 1027 566 m
1049 518 1117 565 cnr.
1141 516 1228 564 xxxrr
1249 517 1350 563 axoni.
1373 536 1414 547 -
1434 503 1505 563 aar.
1528 514 1589 562 nxn

420 696 574 755 contrivit
596 698 632 755 in
653 698 815 772 pulcarem
833 715 843 753 .·
866 692 1004 756 vitulum
1028 688 1206 772 namqueA
1223 692 1300 757 an's
1314 700 1453 750 nestram
1468 692 1559 749 landet
1571 687 1713 747 aarum?
1720 683 1884 765 Scriptura
1899 680 1965 742 haec

420 810 551 855 aureum
568 812 624 874 per
641 792 724 873 ignis
740 793 877 856 calorem
896 792 972 855 lecit
987 790 1115 866 resolvi,
1134 799 1165 852 et

421 910 558 953 massam
574 892 643 972 ejus
659 892 774 955 malleo
785 900 840 955 aut
855 911 912 974 per
924 891 987 953 alia
998 890 1121 969 redegit
1132 889 1165 950 in

420 990 653 1053 minutissimas
671 1000 787 1073 partes
805 992 838 1054 ln
855 1011 918 1073 quo
939 999 1044 1053 tamen
1061 988 1165 1052 etalii

420 1086 449 1149 ei
473 1088 699 1169 impenderunt
718 1089 920 1172 obsequium.
941 1093 1036 1159 erem
1055 1088 1166 1171 pulve-

420 1204 485 1249 rem
501 1190 620 1267 sparsit
636 1190 671 1249 tn
688 1210 819 1269 aquarn,
837 1208 908 1269 quae
923 1188 1112 1251 decurrebat
1127 1206 1165 1249 ex

420 1293 539 1362 monle,
556 1297 585 1347 ct
605 1290 695 1348 (ledit
714 1308 755 1345 en
772 1309 806 1347 co
819 1299 931 1367 potum
952 1290 1034 1365 filiis
1050 1290 1164 1355 Israel,

420 1383 452 1445 id
468 1392 516 1447 est
531 1404 569 1448 ex
584 1405 667 1467 aqua
688 1388 743 1473 illa
758 1387 944 1469 pulveribus
960 1386 1029 1449 auri
1053 1386 1162 1460 mixta,

419 1491 577 1563 quatenus
600 1504 638 1547 ex
663 1495 740 1567 potu
762 1486 818 1550 illo
841 1487 922 1549 lteus
945 1484 1165 1547 manifestaret

420 1580 549 1663 aliquod
566 1584 692 1664 signum
715 1584 867 1647 sensibile
883 1584 916 1646 in
943 1584 992 1646 his
1017 1584 1072 1664 qui
1096 1582 1164 1645 lue-

420 1688 492 1741 rant
516 1681 573 1743 rei.
590 1682 680 1745 Circa
699 1684 784 1764 quod
809 1684 854 1745 ait
869 1682 979 1745 Glossa
997 1700 1004 1744 :
1023 1682 1165 1744 Tradunt

419 1776 552 1856 Hebraei,
570 1781 656 1861 quod
681 1780 745 1843 lilii
771 1782 863 1843 lsrael
885 1782 1031 1845 bibentes
1046 1800 1162 1862 aquam

1220 787 1358 851 breviter
1383 787 1494 850 recitat
1517 794 1616 866 gesta.
1643 784 1747 846 Aaron
1771 781 1858 844 enim
1884 777 1966 840 dixit

1221 905 1284 950 non
1300 886 1402 948 solum
1420 885 1486 947 lraec
1503 886 1611 959 verba,
1629 883 1683 945 sed
1701 889 1731 944 et
1747 880 1810 942 alia
1825 895 1967 961 praenar-

1219 992 1297 1063 rata,
1310 984 1477 1047 videlicet:
1491 983 1605 1045 Tollite
1621 981 1760 1056 inaureS,
1773 986 1834 1041 etc.
1847 977 1885 1037 Et.
1901 975 1967 1038 lor-

1220 1092 1251 1145 tc
1265 1083 1369 1165 primo
1385 1082 1550 1165 proposuit
1566 1081 1612 1143 eis
1630 1080 1669 1142 de
1689 1098 1778 1155 auro,
1795 1086 1831 1139 ut
1851 1074 1967 1137 saltem

1219 1202 1256 1244 ex
1272 1181 1406 1244 avaritia
1421 1189 1591 1244 renuerent
1610 1198 1723 1243 aurum
1744 1178 1830 1239 dare.
1848 1175 1968 1249 Quum-

1218 1301 1282 1362 que
1292 1280 1447 1343 oll'crrent
1458 1300 1492 1342 se
1504 1288 1629 1362 paratos
1639 1279 1680 1341 ad
1691 1277 1832 1339 dandum
1842 1291 1967 1347 aurum,

1219 1380 1386 1462 proposuit
1406 1379 1453 1441 eis
1473 1380 1513 1442 de
1534 1376 1699 1441 inauribus
1721 1374 1838 1450 aureis,
1859 1380 1895 1434 ut
1913 1369 1967 1433 vel

1219 1478 1264 1540 sio
1291 1478 1541 1541 retraherentur.
1572 1482 1600 1538 T
1599 1481 1729 1537 atterunt
1753 1485 1782 1536 ct
1806 1475 1969 1533 dederant

1218 1579 1303 1637 mini
1318 1596 1376 1658 pro
1391 1576 1561 1640 simulacro
1578 1574 1803 1658 producend03
1819 1582 1849 1632 ct
1859 1570 1969 1648 proje-
1994 1610 1998 1615 -

1218 1678 1249 1735 ct
1263 1677 1350 1735 iliud
1363 1678 1399 1735 in
1413 1676 1642 1753 e'ynenrdaron
1656 1692 1744 1736 suam
1761 1670 1889 1752 culpam
1905 1686 1968 1750 pro

1219 1791 1312 1854 posse
1337 1781 1496 1850 extenuat,
1523 1781 1669 1835 metuens
1695 1771 1862 1845 ultionem,
1890 1767 1967 1828 ideo

418 1876 550 1957 pulvere
576 1878 668 1942 vituli
691 1879 854 1958 inlectam,
872 1880 927 1961 qui
950 1880 1163 1942 idololatriam
1181 1872 1273 1949 Bait,
1291 1872 1423 1953 Projeci,
1440 1872 1533 1954 quasi
1553 1870 1742 1953 simpliciter
1762 1866 1964 1951 projecisset,

417 1975 658 2050 commiserunt,
677 1978 816 2042 colorem
833 1999 888 2041 seu
906 1978 1070 2061 pulverem
1093 1978 1163 2040 auri

418 2073 630 2153 preferebant
656 2076 688 2138 in
709 2077 819 2154 barba,
846 2096 909 2159 quo
930 2077 1021 2159 signo
1047 2095 1164 2157 cogno

418 2174 598 2235 scebantur.
611 2174 744 2248 Quidam
756 2194 831 2240 vero
842 2176 1093 2257 dixerunt,quod
1109 2196 1164 2258 po-

417 2278 468 2333 tus
484 2270 539 2335 ille
560 2271 621 2335 luit
641 2272 704 2336 reis
721 2276 864 2352 nocivuS,
881 2276 1041 2337 causando
1058 2276 1091 2337 in
1117 2275 1162 2337 eis

417 2368 618 2434 inflationem
634 2381 729 2453 atque
745 2373 941 2453 languorem,
959 2374 1163 2454 quemadmo-

268 2480 401 2536 n'umnnr.
417 2469 492 2531 dum
514 2489 596 2551 aqua
616 2471 779 2553 zelotypiae
800 2471 832 2533 in
857 2471 991 2535 muliere
1005 2472 1160 2552 adultera,

417 2568 489 2629 aliis
504 2578 610 2631 autem
626 2570 739 2632 dulcis.

457 2669 613 2747 Dicitque
629 2673 673 2729 act
688 2672 823 2730 Aaron:
840 2672 927 2739 Qrtid
943 2672 1003 2731 tibi
1017 2672 1095 2746 sarcit
1110 2673 1163 2731 ln'c

412 2771 568 2843 populns,
593 2778 629 2827 nt
654 2770 820 2827 induceres
844 2789 941 2846 super·
961 2790 1035 2830 eum
1054 2790 1163 2846 pecca-

418 2876 487 2927 tam
512 2869 726 2927 maximnm?
751 2867 782 2928 id
808 2875 867 2945 est,
890 2867 970 2941 Quid
996 2868 1054 2929 tibi
1083 2867 1163 2931 lore

416 2963 561 3027 lecerunt
580 2965 725 3028 homines
742 2964 806 3043 isti,
824 2966 885 3043 vel,
904 2986 1000 3048 quarn
1021 2966 1079 3029 tibi
1096 2967 1160 3029 vim

1218 1990 1317 2053 quum
1335 1980 1440 2033 tamen
1456 1990 1551 2053 opere
1568 1970 1690 2033 lusorio
1706 1969 1835 2032 inaures
1851 1982 1966 2027 aureas

1219 2070 1402 2151 produxerit
1433 2070 1465 2131 in
1496 2069 1740 2131 similitudinem
1769 2065 1874 2128 vituli.
1902 2062 1967 2124 l'e-

1218 2176 1397 2232 rumtamen
1417 2168 1548 2250 quidam
1574 2168 1732 2243 dixerunt,
1750 2165 1836 2246 quod
1857 2164 1966 2224 Aaron

1218 2266 1354 2347 projecit
1377 2286 1490 2329 aurum
1516 2267 1677 2347 inignem
1700 2273 1735 2326 ut
1759 2278 1966 2326 consumere

1218 2372 1280 2440 tur,
1299 2383 1363 2428 non
1378 2373 1413 2426 ut
1429 2365 1503 2427 inde
1519 2365 1726 2427 simulacrum
1743 2360 1935 2423 formaretur
1955 2374 1963 2418 :

1217 2463 1303 2543 quod
1319 2464 1478 2545 praedictis
1494 2481 1558 2526 non
1574 2470 1742 2537 consonat3
1756 2479 1814 2523 nec
1830 2478 1887 2541 per
1902 2457 1966 2519 hoc

1219 2560 1297 2622 iram
1314 2561 1424 2643 populi
1441 2561 1603 2637 evasisset,
1614 2562 1668 2624 sed
1681 2558 1820 2641 amplius
1836 2554 1967 2618 inflam—

1217 2667 1346 2720 masset.
1364 2662 1406 2721 Et
1420 2682 1562 2738 apr-essars
1576 2670 1621 2721 est
1640 2663 1693 2720 nic
1708 2660 1844 2727 vitutus,
1862 2655 1894 2715 id
1915 2660 1965 2715 est

1219 2756 1341 2821 lusorio
1360 2776 1456 2841 opere
1474 2779 1511 2821 ex
1533 2777 1611 2821 auro
1631 2758 1771 2821 resoluto
1793 2753 1963 2827 formatus,

1218 2874 1281 2917 non
1308 2856 1375 2919 sola
1398 2858 1582 2940 operatione
1606 2854 1742 2933 diaboli,
1769 2862 1806 2917 ut
1829 2852 1963 2934 quidam

1218 2954 1376 3017 dixerunt.
1392 2956 1553 3037 Scriptura
1568 2955 1655 3018 enim
1677 2953 1845 3033 utriusque
1856 2951 1966 3011 Testa-

416 3061 604 3142 inlulerunt‚
619 3064 704 3146 quod
720 3074 907 3147 cooperatus
923 3084 957 3128 es
973 3066 1019 3128 eis
1035 3066 1073 3127 ad
1091 3058 1197 3146 per-G
1216 3052 1327 3129 menti,
1350 3052 1572 3117 formationem
1598 3052 1692 3119 vituli
1717 3049 1871 3114 adscribit
1894 3056 1964 3110 tam

415 3164 604 3244 patrandum
628 3162 852 3240 idololatriam,
870 3162 1016 3227 iaciendo
1032 3164 1079 3225 eis
1100 3164 1161 3227 hoc

414 3261 547 3337 idolum,
566 3282 635 3343 quta
658 3262 837 3324 idololatria
852 3272 900 3325 est
924 3264 1160 3343 quodammodo

414 3360 641 3439 gravissimum
665 3360 791 3421 seclusi
814 3360 920 3435 Porro,
947 3362 1032 3441 quod
1055 3362 1159 3423 Aaron

415 3458 477 3519 luit
494 3457 526 3519 in
543 3478 637 3520 causa
656 3458 716 3519 ista
734 3458 916 3540 culpabilis,
934 3468 1065 3523 noverat
1082 3460 1161 3542 bloy-

415 3576 464 3619 ses
481 3576 519 3619 ex
541 3556 734 3620 revelatione
757 3556 877 3619 divina.
894 3556 983 3620 Unde
1002 3558 1034 3618 in
1050 3560 1160 3621 Deute-

266 3671 398 3725 nennao.
415 3656 560 3718 renomio
580 3656 699 3737 Moyses
726 3656 848 3717 rel'crt:
872 3654 1032 3718 Adversus
1054 3657 1158 3720 Aaron

414 3754 566 3817 Dominus
592 3754 797 3817 vehementer
822 3754 932 3831 iratus,
957 3754 1058 3818 voluit
1085 3775 1158 3817 eum

413 3862 587 3916 conterere.

456 3954 516 4013 Cet
538 3956 593 4011 nte
615 3954 780 4028 respondit
795 3968 806 4010 .·
822 3953 872 4010 Ne
894 3953 1086 4027 r'ndr'qnetm·
1104 3956 1159 4013 do-

412 4052 522 4110 rnt'nrcs
538 4072 636 4110 oneras.
647 4050 749 4111 Aaron
765 4047 912 4111 conscius
929 4049 989 4109 sibi
1006 4050 1045 4111 (lc
1062 4050 1155 4127 mal0,

411 4146 576 4209 humiliter
592 4166 625 4209 se
641 4154 779 4223 excusat,
792 4145 983 4226 veniamque
999 4156 1155 4229 precatur,

411 4342 618 4424 principalior
640 4351 671 4405 et
693 4342 831 4404 sanctior
853 4360 891 4403 co
916 4340 987 4417 luit,
1007 4351 1155 4424 tanquam

410 4438 507 4503 totins
528 4440 693 4503 Israelitici
718 4439 828 4521 populi
854 4439 1027 4518 legislator,
1044 4442 1156 4505 ductor

407 4557 443 4599 ac
467 4538 628 4619 princeps.
651 4542 696 4599 Tu
720 4540 807 4596 enirn
830 4539 915 4597 inosti
936 4542 1092 4615 poputum
1114 4542 1156 4598 is·

408 4646 490 4703 lrrrn,
506 4639 592 4714 qnod
602 4655 726 4712 prorrrrs
741 4637 784 4693 sit
800 4638 843 4693 ud
860 4635 1154 4703 rrrnlnrn,videlicet

405 4733 444 4793 ad
467 4730 670 4793 inserendum
688 4730 752 4791 vim
774 4739 869 4810 atquo
892 4729 1037 4811 injurias,
1055 4732 1081 4793 si
1103 4752 1155 4796 eo

405 4849 474 4891 rum
502 4828 659 4892 voluntati
685 4828 838 4909 improbae
865 4828 1039 4891 resistatur.
1059 4830 1152 4904 Quasi

403 4927 488 4989 dicat
500 4944 506 4988 :
519 4926 566 4987 Ad
583 4927 643 4987 ista
658 4925 842 5007 compulsus
859 4944 942 5001 sum,
957 4945 1014 4989 nec
1030 4946 1068 4989 ex
1084 4948 1152 5009 pro-

402 5024 473 5106 prio
494 5033 581 5087 motu
603 5024 670 5087 baec
692 5022 765 5085 ieci.
784 5026 948 5083 Dirernnt
964 5026 1069 5085 ntiln':
1085 5030 1151 5087 Fac

401 5124 491 5182 leodis
506 5126 579 5181 (teos
594 5125 653 5201 qrtr'
668 5124 854 5199 praecedant
875 5142 941 5182 nos.
961 5125 1048 5181 Huic
1062 5126 1149 5185 enim

401 5224 509 5298 Moysi
531 5223 589 5299 (μα’
613 5241 671 5280 nos
692 5224 808 5280 actuata
828 5224 868 5279 de
890 5230 975 5281 terra
997 5224 1146 5298 AEyyptr‘,

400 5322 558 5381 crescimus
570 5321 652 5400 qrre'rt
666 5322 828 5380 ncer'dcrr't.
845 5321 966 5387 Quibus
980 5339 1034 5395 eqo
1051 5322 1147 5380 clr'mi:

1215 3149 1318 3214 Aaron
1344 3171 1439 3233 quarn
1466 3153 1595 3235 populo.
1623 3153 1700 3215 Nam
1725 3160 1756 3213 et
1780 3148 1964 3230 Stephanus

1215 3258 1426 3331 protomartyr
1441 3251 1485 3312 ait
1499 3269 1505 3312 :
1519 3250 1662 3314 vitulum
1678 3248 1823 3313 iecerunt
1840 3248 1874 3309 in
1894 3245 1965 3307 illis
1981 3262 2132 3313 Aeaeum.

1214 3345 1378 3423 diebus,et
1389 3347 1577 3411 laetabantur
1588 3348 1621 3409 in
1637 3347 1789 3429 operibus
1805 3364 1964 3408 manuum

1215 3464 1355 3507 suarum.
1383 3446 1416 3507 ln
1446 3446 1569 3509 Psalmo
1599 3464 1727 3526 quoque
1756 3453 1924 3507 cantamus
1953 3460 1962 3504 z

1214 3544 1357 3607 Vitulum
1384 3543 1527 3607 lecerunt
1552 3544 1584 3606 in
1610 3544 1724 3620 lloreb,
1752 3553 1784 3607 et
1808 3543 1963 3605 adorave-
1994 3560 2134 3606 esaan.

1215 3651 1288 3703 runt
1303 3642 1559 3723 sculptilr.Circa
1574 3643 1660 3724 quod
1677 3642 1787 3704 dicunt
1803 3639 1965 3723 exposito

1213 3760 1274 3815 res,
1292 3741 1378 3822 quod
1394 3741 1494 3803 vitulo
1514 3760 1571 3823 per
1591 3741 1752 3805 lusionem
1771 3740 1805 3801 in
1821 3739 1963 3802 formam

1213 3839 1355 3914 redacto,
1383 3839 1611 3903 decoraverunt
1639 3838 1847 3901 simulacrum
1878 3837 1962 3899 illud

1213 3936 1398 4018 sculpendo.

1252 4044 1394 4126 Denique
1410 4046 1526 4108 veritas
1546 4044 1770 4127 praedictorum
1791 4044 1963 4107 roboratur

1213 4142 1319 4205 verbis
1340 4143 1521 4224 Augustini,
1543 4144 1704 4206 dicentis:
1726 4142 1963 4225 Compendiose

316 4248 319 4257 '
411 4252 442 4305 et
463 4244 596 4307 tratrem
615 4264 707 4305 suurn
728 4243 894 4306 dominum
912 4253 1012 4307 vocat.
1030 4245 1106 4307 Nam
1127 4256 1157 4308 ct
1172 4244 1197 4304 D
1213 4240 1336 4303 locutus
1352 4251 1398 4304 est
1414 4243 1530 4319 Aaron,
1543 4262 1607 4305 non
1623 4241 1792 4305 allirmans
1808 4243 1896 4324 quod
1913 4242 1964 4324 ip-

1212 4357 1245 4400 se
1261 4339 1397 4401 vitulum
1415 4340 1611 4419 sormaverit,
1629 4343 1685 4403 sed
1702 4351 1736 4404 ut
1753 4341 1866 4403 exierit
1883 4340 1964 4402 fusi-

1211 4435 1250 4497 lis
1273 4437 1403 4499 vitulus.
1425 4439 1473 4499 An
1497 4440 1711 4502 excusationis
1733 4459 1840 4515 causa,
1863 4458 1900 4501 ac
1923 4439 1962 4500 ti-

1210 4535 1337 4612 mendo,
1358 4538 1510 4599 mentitus
1533 4546 1591 4612 est,
1615 4547 1767 4620 tauquam
1791 4538 1825 4599 in
1849 4538 1960 4618 ignem

1210 4633 1379 4712 projecerit
1394 4654 1506 4696 aurum
1523 4636 1712 4721 periturum,
1725 4645 1822 4718 atque
1838 4635 1910 4717 ipso
1924 4636 1959 4698 id

1209 4748 1272 4792 non
1284 4740 1407 4811 agente,
1417 4732 1519 4795 torma
1535 4734 1646 4796 exierit
1658 4733 1868 4809 vituli‘tQuod
1884 4734 1960 4796 ideo

1208 4838 1331 4891 nonest
1346 4831 1636 4913 eredendum,quia
1652 4852 1711 4896 nec
1723 4833 1843 4896 veritas
1859 4833 1959 4912 hujus

1207 4925 1253 4985 rei
1277 4924 1374 4989 latere
1395 4937 1517 5010 poterat
1536 4930 1673 5013 Moysen,
1692 4952 1766 4995 cum
1786 4951 1853 5013 quo
1873 4933 1958 4995 Deus

1207 5021 1407 5103 loque-batur,
1418 5046 1475 5090 nec
1492 5028 1530 5089 de
1546 5029 1712 5093 mendacio
1724 5030 1889 5109 redarguit
1898 5032 1959 5093 Aa·

1206 5140 1262 5183 ron
1280 5122 1409 5186 fratrem
1427 5146 1530 5188 suum.
1549 5128 1594 5189 Ex
1608 5148 1674 5209 quo
1692 5128 1791 5191 etiam
1807 5149 1958 5213 compro-

1204 5221 1307 5297 batur,
1326 5224 1409 5302 quod
1435 5224 1533 5287 verba
1558 5226 1624 5305 illa,
1646 5227 1801 5307 Egressus
1824 5238 1876 5292 est
1900 5229 1955 5292 bic

1203 5319 1334 5395 vituluS,
1355 5339 1418 5383 uon
1442 5323 1573 5403 protulit
1594 5324 1698 5389 Aaron
1722 5326 1762 5388 ad
1785 5325 1959 5390 insinuan-
