4309 6259
740 853 1168 967 PRAEFATIO

354 1449 395 1511 lle
418 1449 571 1524 numeris,
591 1466 862 1529 numerorumque
883 1448 1071 1524 rationibus,
1093 1448 1272 1530 speciebus,
1291 1450 1562 1531 proportionibus,
1582 1453 1724 1534 proprie

303 1556 422 1619 tatibus
437 1565 533 1638 atque
547 1556 718 1638 mysteriis,
730 1574 793 1618 uon
809 1575 827 1618 a
842 1555 1044 1637 pbilosophis
1059 1563 1194 1632 tantum,
1205 1557 1260 1618 scd
1274 1576 1293 1618 a
1308 1556 1465 1638 theologis
1480 1577 1608 1641 quoque
1624 1560 1724 1622 multa

194 1664 261 1726 ubtr
270 1652 308 1726 ia
323 1672 398 1726 sunt
414 1664 603 1744 conscripta.
617 1663 705 1726 Unde
721 1671 752 1724 ct
768 1682 850 1724 unus
866 1662 1058 1744 sapientium
1075 1663 1199 1726 locutus
1215 1672 1263 1725 est
1277 1664 1361 1726 Deo:
1379 1665 1412 1726 ln
1423 1685 1572 1742 numero,
1583 1668 1723 1748 pondere
1738 1684 1869 1740 Sap.xt,!l.

177 1779 206 1832 et
221 1791 373 1834 mensura
387 1772 495 1834 omnia
511 1770 716 1833 constituisti.
734 1769 772 1830 Et
787 1770 866 1832 alter
885 1787 891 1831 :
909 1768 966 1843 Qui
984 1778 1131 1832 numerat
1148 1769 1386 1833 multitudinem
1405 1773 1579 1835 stellarum.
1598 1775 1722 1838 Etenim
1737 1791 1868 1842 recena

176 1877 310 1941 Domino
326 1880 400 1956 Dec,
418 1888 588 1960 antequam
605 1886 801 1954 crearentur,
820 1885 894 1940 nota
910 1885 984 1939 sunt
998 1877 1119 1939 omnia.
1137 1877 1194 1940 llic
1214 1897 1290 1958 ergo
1304 1879 1488 1943 Domiuator
1507 1883 1720 1964 omnipotens,

175 1987 266 2068 cujus
283 1986 449 2068 sapientiae
465 2004 529 2049 non
545 1995 593 2049 est
609 1984 698 2061 finis,
709 1984 820 2049 velens
836 1985 990 2066 populum
1008 2003 1102 2046 suum
1118 2004 1188 2048 esse
1204 1986 1348 2048 ordinate
1363 1987 1564 2069 dispositum,
1578 1998 1609 2053 ct
1624 1991 1723 2054 instar

175 2094 332 2156 exercitus
355 2093 417 2156 sibi
439 2095 631 2175 subjectum,
655 2100 824 2175 postquam
850 2092 969 2175 populo
991 2110 1048 2155 suo
1071 2092 1202 2154 tradidit
1226 2092 1340 2175 legem,
1365 2095 1543 2177 volensque
1566 2100 1721 2180 populum

174 2221 267 2263 suum
284 2203 324 2264 ad
341 2201 422 2283 legis
437 2222 502 2265 suae
517 2201 752 2264 exsecutionem
770 2201 953 2282 procedere,
970 2199 1066 2280 jussit
1087 2209 1121 2262 ut
1139 2200 1277 2281 populus
1293 2201 1348 2264 illc
1364 2210 1448 2265 recte
1463 2204 1547 2266 intcr
1562 2224 1596 2268 se
1611 2206 1723 2270 distin-

172 2317 336 2388 gueretur,
360 2309 441 2386 loeo,
465 2309 540 2385 situ,
568 2327 713 2384 numero,
738 2307 872 2387 origiue,
899 2306 1100 2370 auctoritate.
1127 2307 1206 2369 Hinc
1232 2307 1443 2389 multiplicem
1469 2311 1722 2372 numerationem

175 2415 248 2479 lieri
262 2416 369 2498 jussit,
383 2417 466 2480 sicut
482 2416 515 2478 in
533 2415 606 2478 libri
623 2415 718 2496 hujus
735 2414 857 2496 patebit
873 2433 1023 2497 processu
1042 2431 1048 2475 :
1067 2433 1131 2477 non
1148 2415 1233 2496 quod
1249 2415 1354 2497 ipsum
1371 2417 1513 2478 omnium
1530 2417 1720 2494 Creatorem,

170 2525 420 2604 gubernatorem
440 2543 476 2586 ac
496 2523 637 2605 judicem
659 2540 811 2584 numerus
836 2521 947 2603 populi
971 2521 1019 2583 sui
1041 2522 1174 2596 lateret,
1196 2523 1251 2584 sed
1273 2531 1307 2584 ut
1326 2523 1503 2586 insinuaret
1519 2525 1603 2605 quod
1619 2524 1722 2606 plebis

170 2651 237 2694 suae
259 2630 368 2694 tidelis
389 2630 560 2712 specialem
580 2630 696 2693 habeat
716 2648 835 2704 curam,
855 2637 886 2691 61
906 2628 979 2690 aliis
1000 2648 1154 2692 numerus
1176 2629 1260 2706 talis,
1277 2638 1433 2710 quantum
1452 2632 1492 2693 ad
1514 2631 1656 2712 singulas
1671 2633 1723 2694 tri-

171 2740 244 2816 bus,
263 2748 405 2823 pateret;
423 2747 455 2802 61
471 2747 600 2822 propter
617 2738 815 2821 mysterium,
835 2746 869 2799 ut
886 2737 970 2799 inira
988 2745 1145 2818 tangetur.

233 2848 313 2910 llino
335 2847 417 2910 liber
439 2847 499 2910 iste
521 2846 731 2909 Numerorum
756 2853 898 2921 vocatur,
917 2862 980 2907 non
1004 2845 1090 2925 quod
1113 2845 1152 2907 (16
1175 2864 1319 2923 numero,
1343 2846 1477 2928 ejusque
1500 2848 1668 2929 speciebus
1691 2858 1723 2912 ct

171 2955 436 3036 proprietatibus,
462 2962 613 3035 tanquam
640 2954 679 3016 (16
705 2952 849 3033 subjecto
875 2971 931 3014 seu
953 2969 1068 3032 genere
1092 2951 1197 3014 scibili
1221 2960 1342 3029 tractet,
1368 2954 1422 3015 sed
1444 2954 1581 3035 quiade
1603 2957 1722 3037 populo

171 3061 268 3125 lsrael
285 3061 506 3143 multiplieiter
522 3067 699 3136 numerato,
718 3059 795 3122 lacit
810 3058 843 3120 iu
860 3077 917 3122 suo
933 3058 1062 3122 exordio
1077 3058 1283 3121 mentionem.
1301 3058 1356 3121 Est
1372 3079 1509 3142 namque
1524 3064 1722 3127 consuetudo

170 3169 325 3247 Hebraeis,
343 3169 443 3233 libros
458 3189 476 3231 a
491 3169 645 3244 materiis,
662 3167 836 3249 dequibus
852 3167 886 3228 in
902 3166 1041 3230 exordiis
1058 3166 1125 3228 suis
1142 3166 1327 3247 loquuntur,
1345 3167 1519 3242 intitulare.
1537 3170 1645 3250 ltaque
1666 3171 1722 3252 qui

171 3279 207 3339 in
225 3277 437 3359 triumphanti
454 3276 594 3339 Ecclesia
609 3283 730 3338 certum
753 3273 892 3336 instituit
912 3293 1080 3336 numerum
1101 3273 1221 3335 civium
1240 3273 1417 3351 beatorum,
1435 3276 1554 3357 ipsein
1572 3277 1721 3341 militanti

172 3383 318 3448 Ecclesia
332 3390 479 3447 numerat
494 3401 579 3460 suos,
597 3389 777 3445 monstrans
794 3401 828 3443 se
843 3379 1141 3462 praedetermiuasse
1156 3399 1193 3443 ac
1209 3381 1300 3457 scire,
1318 3401 1400 3463 quos
1421 3391 1452 3446 et
1471 3392 1550 3466 quot
1569 3387 1608 3447 ad
1629 3387 1724 3449 66616-

172 3494 275 3556 stium
289 3491 410 3554 civium
425 3491 635 3573 perducturus
653 3490 693 3550 sit
710 3489 850 3552 thronos.
864 3488 1047 3550 lnlidclium
1064 3507 1139 3550 vcro
1154 3497 1187 3550 et
1201 3490 1420 3570 reproborum,
1433 3509 1514 3571 quos
1529 3493 1621 3574 quasi
1638 3495 1725 3576 igno

172 3613 235 3678 rat,
254 3619 318 3664 nen
339 3599 455 3682 legitur
474 3599 560 3680 quod
581 3598 693 3661 lecerit
713 3597 873 3660 numerari
894 3605 1047 3673 catervas,
1064 3597 1141 3678 quia
1162 3598 1194 3658 in
1216 3596 1281 3658 illis
1301 3598 1435 3661 contusa
1452 3610 1528 3662 sunt
1542 3601 1661 3664 omnia.
1680 3605 1722 3667 116

172 3709 296 3792 quibus
311 3717 343 3772 et
358 3714 551 3790 protestatur
569 3722 576 3766 :
593 3705 660 3768 Non
677 3713 725 3768 est
739 3705 845 3767 anima
861 3723 930 3767 mea
946 3704 983 3766 ad
1001 3705 1156 3785 populum
1175 3704 1281 3767 istum.
1745 3732 1793 3774 aar,
1804 3734 1867 3783 ,6,1,

236 3815 326 3890 Quod
344 3815 371 3876 si
387 3822 559 3896 quaeratur,
577 3831 634 3874 cur
652 3811 748 3893 igitur
767 3811 922 3894 populum
943 3810 1152 3874 christianum
1174 3831 1338 3892 nunquam
1362 3813 1523 3875 numerari
1544 3816 1721 3898 praecepit:

173 3924 398 4006 respondetur,
416 3921 501 4002 quod
517 3920 655 4003 populus
670 3919 863 3981 christianus
879 3918 999 3999 ubique
1016 3926 1171 3980 terrarum
1187 3937 1282 4000 supra
1299 3939 1467 3982 numerum
1489 3922 1724 4004 multiplicatus

171 4043 243 4110 est;
263 4039 294 4093 et
312 4039 417 4092 11111611
438 4037 473 4090 ut
492 4036 691 4108 agnoscatur,
710 4045 804 4108 quam
824 4025 1010 4087 admiranda
1031 4034 1063 4086 et
1083 4025 1337 4106 supernaturalis
1358 4027 1488 4089 exsistat
1508 4037 1595 4091 tanta
1616 4031 1725 4093 multi-

171 4139 308 4223 plicatio
324 4137 435 4219 populi
455 4135 632 4211 christiani,
650 4135 793 4215 paucitas
814 4133 884 4214 cjus
904 4133 1096 4196 describitur
1116 4132 1149 4194 in
1170 4133 1299 4196 exordio
1320 4134 1492 4214 primitivae
1512 4136 1670 4216 Ecclesia,
1689 4149 1724 4202 ut

170 4249 261 4331 quod
286 4246 416 4309 luerunt
437 4243 605 4306 duodecim
627 4241 782 4324 Apostoli,
800 4249 831 4303 et
852 4241 1053 4322 septuaginta
1076 4242 1139 4303 duo
1159 4241 1322 4323 discipuli,
1339 4250 1435 4323 atque
1456 4243 1548 4306 turba
1563 4264 1672 4308 eorum
1690 4247 1724 4308 in

170 4358 226 4419 die
246 4355 459 4428 Pentecostes,
481 4351 556 4414 dum
577 4350 730 4432 Spiritum
752 4349 901 4412 Sanctum
922 4347 1172 4411 all'lucntissime
1192 4359 1413 4431 susceperunt,
1438 4349 1505 4414 lere
1526 4362 1656 4416 centum
1679 4355 1726 4417 vi·
1754 4375 1869 4424 161111.

171 4463 259 4547 ginti
281 4481 342 4525 :ex
363 4460 492 4542 quibus,
515 4460 579 4522 imo
600 4479 637 4521 61
658 4476 794 4540 quorum
814 4456 986 4537 aliquibus,
1010 4475 1066 4538 per
1086 4456 1271 4518 universum
1292 4456 1403 4520 orbem
1427 4457 1547 4521 diflusa
1571 4469 1602 4523 ct
1624 4481 1726 4526 susce·

173 4582 231 4656 pta
252 4578 303 4633 cst
323 4567 405 4632 lides
426 4567 583 4632 catholica
601 4574 633 4629 61
653 4565 837 4646 evangeliea
857 4563 918 4641 lex,
936 4563 1005 4627 sine
1025 4565 1123 4626 armis
1139 4572 1170 4625 et
1186 4563 1290 4642 bellis,
1309 4564 1379 4626 sine
1397 4565 1520 4628 artibus
1536 4567 1637 4646 salsis,
1656 4570 1725 4633 sine

173 4677 316 4744 terrenis
332 4675 498 4759 promissis
514 4683 545 4737 et
559 4673 745 4738 commodis
763 4673 825 4735 Nec
841 4671 995 4752 impedire
1011 4672 1071 4734 hoc
1087 4670 1190 4752 potuit
1206 4671 1310 4734 rabies
1327 4680 1541 4753 tyrannorum,
1558 4693 1726 4754 argumen-

172 4787 256 4850 tatio
274 4783 550 4866 philosopborum,
566 4780 703 4863 pertidia
718 4788 750 4842 et
765 4778 934 4841 crudelitas
949 4777 1140 4855 Judaeorum,
1160 4777 1382 4840 haereticorum
1398 4779 1540 4856 vesania,
1560 4780 1727 4862 imperate

172 4915 248 4958 rum
268 4901 300 4954 61
316 4909 426 4971 regum
442 4889 611 4953 renitentia
629 4887 759 4963 furiosa,
772 4885 985 4947 invisibilium
1002 4885 1141 4948 hostium
1158 4885 1350 4967 repugnatio
1367 4886 1563 4968 tentatioque
1577 4888 1725 4952 assidua:

172 4999 333 5085 quoniam
354 4995 588 5079 omnipotentia
607 4994 763 5057 Creatoris
784 5011 840 5074 per
860 4993 962 5072 signa,
984 4991 1130 5073 prodigia
1154 4999 1250 5073 atquc
1274 4992 1438 5069 miracula,
1460 5012 1517 5074 per
1538 4993 1672 5058 virtutes
1697 5003 1729 5058 et

173 5110 286 5174 varias
301 5105 438 5189 Spiritus
455 5103 561 5166 Sancti
578 5101 830 5177 distributiones,
848 5118 905 5181 pro
926 5119 983 5162 sua
1004 5099 1072 5179 lege
1093 5118 1130 5161 ac
1150 5099 1244 5180 plebe
1259 5100 1424 5180 pugnavit,
1443 5101 1525 5162 sicut
1545 5110 1577 5163 et
1596 5103 1672 5165 olim
1694 5104 1727 5165 in

173 5220 326 5300 Egypto,
344 5214 379 5275 in
394 5212 474 5275 mari
490 5210 607 5286 Rubro,
625 5209 657 5271 in
678 5227 785 5271 eremo
806 5215 837 5270 et
857 5215 939 5270 terra
959 5206 1194 5289 promissionis,
1213 5222 1271 5287 pro
1291 5206 1464 5269 lsraelitico
1484 5209 1614 5289 populo,
1632 5229 1727 5292 quem

173 5336 297 5390 extunc
313 5319 455 5403 reliquit,
472 5319 600 5400 quando
616 5317 717 5397 legem
733 5314 850 5379 Christi
865 5313 999 5376 dilludit
1014 5333 1049 5376 ac
1067 5311 1241 5376 roboravit.

185 1339 353 1724 QUI
370 1343 479 1402 educit
499 1343 535 1401 in
555 1361 690 1402 numero
710 1343 867 1400 militiam
890 1361 1011 1414 corum,
1032 1351 1062 1401 61
1081 1362 1189 1402 omnes
1206 1363 1246 1401 ox
1265 1344 1395 1403 nomine
1417 1353 1515 1406 66661.
1539 1342 1577 1406 ls
1600 1362 1648 1422 xe,
1671 1343 1721 1407 26.

178 1683 192 1724 s
