4309 6259
399 488 458 555 470
748 510 922 558 athalanta
943 512 973 557 ΙΝ
995 514 1063 558 GAP.
1088 512 1161 557 ΠΝ
1182 512 1378 557 ΝΰΙΕΙὶΟΙΙΙΙΜ.
1401 530 1441 541 -
1462 512 1534 557 aar.
1556 513 1595 558 xt

400 678 553 761 glorietur
569 680 652 743 malo
668 681 851 759 commisso,
864 690 895 744 et
910 701 1001 743 snum
1023 682 1146 763 jactans
1160 680 1185 741 Α
1200 690 1232 742 ct
1247 682 1431 763 potentibus
1452 682 1558 745 saeculi
1579 681 1837 765 persecutoribus
1850 688 1883 741 et
1900 688 1952 760 ty-

277 791 376 843 ranna-
401 787 578 860 peccatum,
591 779 740 861 predicet
758 779 837 842 illud
854 788 888 841 ut
898 780 1043 843 Sodoma.
1201 780 1321 857 rannis,
1344 790 1400 843 aut
1424 780 1496 843 aliis
1522 781 1645 844 vitiosis
1670 779 1854 843 hominibus
1879 796 1949 840 non

442 882 545 947 Quom
567 881 708 955 pulchra
726 881 934 940 tabernacula
955 890 1021 951 tua,
1038 882 1145 950 Jacob,
1201 880 1364 955 resistunt,
1382 888 1416 941 ut
1432 880 1625 959 obligantur,
1643 879 1847 961 increpando,
1864 896 1950 959 praa-

399 986 429 1036 αἱ
446 979 582 1038 tentorio
595 988 661 1045 tan,
671 981 790 1039 lsrael!
799 978 856 1041 Per
869 979 965 1043 Jacob
981 980 1148 1059 designan-
1201 978 1348 1055 dicando,
1366 980 1498 1053 orando,
1515 998 1570 1041 seu
1591 978 1694 1041 modis
1713 978 1786 1040 aliis
1807 976 1949 1039 reniten-

402 1084 452 1135 tur
470 1074 582 1137 fideles
598 1075 705 1151 activi,
724 1085 755 1138 et
777 1077 832 1157 qui
848 1086 959 1140 contra
975 1078 1053 1139 vitia
1068 1097 1147 1158 pra·
1201 1077 1259 1152 do;
1272 1078 1326 1139 sed
1343 1077 1532 1159 permittunt
1547 1077 1631 1140 mala
1647 1078 1831 1148 increscere,
1840 1076 1948 1157 justos

401 1172 529 1249 llantur,
543 1192 641 1255 eaque
657 1174 801 1238 vincunt.
814 1175 930 1237 llorum
944 1175 1147 1238 tabernacula
1201 1176 1351 1257 opprimi,
1361 1176 1535 1239 Ecclesiam
1551 1175 1720 1239 devastari.
1731 1180 1815 1235 Deus
1827 1176 1948 1234 eduar't

400 1279 474 1333 sunt
490 1280 590 1334 status
601 1281 632 1333 et
644 1274 905 1351 congregationes
922 1274 1146 1356 incipientium
1201 1279 1296 1335 illam
1311 1279 1351 1334 de
1365 1274 1675 1353 AEggspto.Christus
1691 1292 1826 1354 namque
1842 1280 1947 1333 trans
1994 1293 2116 1335 cama.

399 1390 436 1433 ac
461 1368 712 1451 proficientium,
731 1380 825 1452 atquo
851 1391 959 1435 eorum
984 1372 1039 1453 qui
1064 1382 1147 1435 exte·
1201 1373 1275 1435 tulit
1299 1392 1357 1434 nos
1382 1374 1422 1435 de
1446 1381 1604 1455 potestate
1627 1371 1828 1435 tenebrarum
1846 1371 1878 1431 in
1896 1389 1946 1433 re
1966 1356 2004 1395 ¹³·

400 1468 539 1531 rioribus
556 1469 781 1532 misericordia
792 1471 943 1552 oporibus
955 1481 1028 1533 sunt
1045 1472 1146 1534 inten-
1199 1490 1297 1551 gnum
1315 1491 1380 1535 sua
1395 1471 1556 1546 Ecclesia,
1573 1471 1727 1533 inlocum
1744 1469 1943 1550 religiosum,

402 1567 436 1643 ti,
456 1566 488 1628 in
505 1566 622 1648 quibus
644 1576 693 1630 est
708 1569 803 1631 decor
818 1570 937 1649 gratita,
956 1579 987 1631 ot
1008 1570 1146 1651 pulchri·
1201 1571 1233 1631 in
1248 1570 1444 1652 poenitentiae
1456 1570 1623 1644 statumin
1635 1567 1823 1631 admirabile
1835 1568 1945 1629 lumen
1964 1586 2119 1635 temus.

402 1666 477 1727 tudo
500 1666 664 1741 virtutum,
690 1685 727 1729 ac
752 1667 920 1749 multiplex
945 1668 1034 1732 ordo.
1051 1668 1147 1731 Porro
1201 1689 1305 1731 suum.
1321 1670 1423 1745 majus
1437 1670 1597 1745 fortitudo
1611 1670 1731 1729 sinaitis
1745 1678 1789 1727 est
1804 1669 1945 1727 rhr‘aooe-

403 1764 539 1826 tentoria
569 1765 663 1827 lsrael
689 1773 763 1827 sunt
788 1767 1048 1846 congregationes
1073 1787 1148 1830 con·
1200 1770 1279 1827 rotis
1295 1788 1306 1827 .·
1322 1767 1398 1848 quia
1414 1786 1509 1847 quem
1533 1766 1641 1828 nullus
1665 1784 1805 1846 unquam
1829 1783 1944 1845 capere

403 1861 675 1943 templativorum,
703 1872 803 1926 status
828 1864 1053 1946 perfectorum,
1077 1860 1184 1946 gra-B
1201 1874 1256 1927 aut
1271 1865 1541 1946 comprehendere
1556 1864 1669 1945 quirit,
1680 1863 1897 1925 mundissimae
1912 1872 1946 1923 et

258 1975 389 2025 racana.
403 1962 526 2041 dusque
549 1961 762 2042 prelatorum,
780 1963 834 2044 qui
852 1974 966 2026 vacant
987 1974 1018 2027 et
1038 1965 1148 2027 vident
1202 1963 1461 2045 incomparabilis
1477 1962 1695 2026 sanctimoniae
1705 1962 1812 2041 Virgo,
1820 1980 1876 2023 sua
1888 1961 1946 2022 bu-

257 2081 389 2133 rmann.
404 2077 499 2140 quam
520 2059 626 2121 suavis
646 2068 694 2123 cst
709 2061 871 2137 Dominus,
893 2070 924 2125 et
949 2062 1054 2125 dicere
1078 2082 1149 2146 pos·
1202 2063 1348 2139 militate,
1365 2062 1506 2135 caritate,
1521 2062 1633 2124 decore
1648 2061 1682 2123 in
1699 2080 1732 2123 se
1748 2061 1851 2136 traxit,
1867 2078 1945 2122 con-

259 2171 389 2222 renuas.
405 2166 498 2219 sunt:
515 2156 604 2221 tlculi
621 2159 684 2221 mei
700 2178 826 2242 semper
841 2162 879 2223 ad
895 2160 1063 2223 Dominum
1074 2186 1082 2236 ;
1094 2171 1149 2224 aut
1203 2162 1287 2244 cepit
1311 2170 1343 2223 ct
1368 2160 1501 2244 peperit,
1524 2160 1653 2223 lactavit
1672 2168 1705 2222 et
1728 2158 1945 2222 maternaliter

403 2255 460 2337 qui
490 2255 671 2338 spirituales
701 2257 926 2322 misericordia
950 2268 1039 2321 actus
1064 2279 1149 2323 erer—
1202 2258 1421 2334 contrectavit,
1441 2258 1504 2321 imo
1519 2266 1550 2321 et
1566 2258 1729 2320 subditum
1750 2256 1860 2319 babuit
1879 2256 1944 2319 sibi

404 2362 486 2429 cent,
511 2353 655 2436 aliosque
679 2355 856 2419 efficaciter
881 2367 1004 2437 regunt.
1030 2359 1149 2421 Rursus
1202 2377 1239 2420 ac
1260 2364 1520 2420 commorantem.
1538 2359 1743 2418 Derorobant
1761 2366 1868 2432 gentes
1892 2358 1948 2415 bo-

405 2452 540 2515 tentoria
552 2452 656 2525 lsrael,
671 2462 744 2515 sunt
763 2453 1075 2534 religiosacoenobia,
1089 2457 1149 2519 cel·
1201 2468 1261 2517 stes
1277 2458 1380 2516 illius.
1397 2454 1535 2535 Populus
1551 2454 1744 2517 christianus
1758 2454 1821 2517 Deo
1841 2453 1948 2535 perfe-

404 2550 441 2613 lae
462 2549 688 2627 solitariorum,
708 2552 879 2615 reclusoria
898 2553 1070 2617 electorum
1090 2573 1097 2616 :
1114 2556 1147 2617 in
1202 2564 1252 2617 cte
1266 2553 1433 2629 obediens,
1446 2552 1638 2615 adversariis
1655 2553 1723 2613 suis
1739 2551 1947 2633 corporaliter

403 2648 520 2730 quibus
535 2648 684 2713 omnibus
705 2659 753 2712 est
773 2650 951 2715 ineffabilis
971 2652 1148 2735 pulchritu-
1202 2672 1238 2719 ae
1255 2652 1464 2734 spiritualiter
1479 2652 1616 2715 ubertim
1633 2652 1810 2732 praevaluit,
1826 2659 1858 2713 et
1876 2650 1948 2713 ubi-

402 2748 444 2809 do
470 2745 613 2810 interior.
631 2747 668 2810 Et
693 2746 763 2830 ipsa
792 2748 982 2813 universalis
1008 2750 1149 2814 Ecclesia
1202 2770 1265 2833 que
1280 2760 1435 2813 terrarum
1451 2750 1591 2812 diffusus
1607 2759 1666 2826 est,
1683 2758 1811 2831 tamque
1828 2748 1947 2811 incom-

403 2845 557 2921 militans‚
574 2846 1019 2929 estpuloherrimeordineta,
1037 2851 1149 2914 decen·
1202 2849 1401 2933 parabilibus
1433 2848 1525 2912 donis
1558 2848 1851 2930 supernaturalibus
1882 2846 1948 2910 fuit

403 2943 524 3007 tissime
534 2963 662 3026 quoque
672 2944 872 3023 distincta,et
882 2946 1042 3010 ineflabili
1054 2950 1149 3012 modo
1203 2948 1353 3031 repletus,
1364 2956 1399 3009 ut
1414 2947 1443 3009 ci
1459 2947 1647 3025 dignissime
1662 2946 1805 3009 dicatur:
1821 2949 1884 3015 Qttr'
1898 2948 1948 3007 be·

402 3050 513 3105 ornata
534 3041 621 3105 intus
637 3051 668 3106 ct
687 3050 786 3120 extra,
805 3045 858 3107 sed
881 3044 1082 3126 potissimum
1102 3039 1184 3107 in-C
1203 3049 1365 3108 nerlr'aerit
1382 3049 1452 3117 tibi,
1464 3049 1527 3106 erit
1543 3048 1745 3117 benedictam·
1759 3054 1790 3107 et
1804 3048 1862 3125 qui
1878 3066 1946 3105 nao-

403 3150 452 3203 tra
468 3160 524 3223 par
539 3140 684 3219 gratiam,
704 3141 848 3219 virtutaS,
862 3143 955 3220 dona,
969 3143 1103 3220 fructuS,
1117 3154 1149 3208 et
1203 3148 1355 3205 lediarrt't
1371 3147 1440 3215 tibi,
1450 3148 1486 3204 in
1498 3146 1721 3205 rrtolerlr'ctt'one
1730 3144 1942 3219 reputabitur.

404 3238 628 3315 beatitudines,
641 3247 673 3301 et
697 3258 754 3321 per
776 3241 986 3324 multiplicem
1003 3244 1147 3306 omnium
1212 3246 1324 3305 l't'debo
1351 3264 1437 3312 eom,
1460 3246 1515 3301 sed
1544 3264 1607 3302 non
1636 3245 1738 3302 modo.
1758 3240 1943 3303 Videbimus
1984 3261 2119 3303 rum..

403 3338 516 3399 borum
541 3338 672 3417 gradum
699 3347 731 3401 ot
755 3338 898 3401 ordinem
918 3364 925 3415 3
952 3340 1067 3404 deinde
1092 3361 1149 3423 per
1203 3341 1297 3423 plane
1315 3341 1410 3403 ileum
1433 3342 1565 3403 deornm
1585 3341 1617 3401 in
1638 3339 1711 3402 Sion
1728 3339 1945 3420 triumphante
1964 3326 1993 3427 ἢ
2006 3390 2064 3430 sor
2077 3406 2115 3431 m

403 3435 486 3497 dona
512 3433 722 3497 multiformia
746 3435 916 3515 gratiarum
941 3438 1039 3517 gratis
1065 3441 1149 3501 data-
1202 3439 1354 3513 Ecclesia,
1372 3438 1457 3501 clerc
1473 3456 1529 3519 por
1545 3438 1695 3520 speciem,
1713 3445 1744 3499 ct
1761 3436 1945 3499 immediate
1967 3451 2009 3491 ¹2.
2119 3428 2123 3433 ’

405 3552 485 3609 rum,
503 3552 559 3616 per
578 3532 810 3598 ecclesiasticas
832 3543 863 3597 et
886 3535 1065 3617 spirituales
1082 3557 1149 3619 per·
1203 3537 1284 3600 facie
1304 3538 1343 3599 ad
1369 3535 1482 3599 facicm
1506 3555 1513 3598 ε
1540 3537 1624 3618 quod
1647 3536 1680 3597 in
1705 3534 1851 3617 praesenti
1877 3553 1943 3597 non

403 3650 509 3707 sonas,
527 3651 583 3714 pcr
599 3632 703 3695 varias
718 3633 900 3714 religiones,
920 3654 975 3716 per
990 3636 1149 3717 principa·
1202 3636 1388 3699 conceditur
1407 3635 1483 3697 rita.

404 3736 454 3791 tus
480 3738 511 3791 ot
537 3729 748 3810 praelationes.
778 3736 816 3793 Ut
842 3738 940 3793 valles
964 3754 1146 3806 nemorosae,
1242 3737 1454 3813 Principiam
1475 3736 1624 3811 gentium
1645 3736 1786 3803 numae,
1803 3740 1863 3795 etc.
1886 3732 1945 3794 Per

403 3846 461 3909 por
490 3847 568 3909 quas
598 3829 696 3892 corda
720 3830 890 3892 humilium
918 3831 1013 3913 plena
1042 3831 1148 3895 fructu
1205 3833 1341 3908 Amalec,
1361 3833 1416 3914 qui
1443 3832 1669 3914 interpretatur
1692 3830 1869 3911 ablingens,
1891 3832 1947 3893 de-

403 3927 557 3992 virtutum
582 3926 760 4006 signantur.
784 3932 821 3989 Ut
837 3932 923 3989 horti
939 3932 1073 4007 irriput'.
1092 3951 1148 4014 per
1203 3931 1370 4012 signantur
1392 3932 1489 4005 avari,
1507 3931 1564 4012 qui
1584 3930 1702 4011 jugiter
1722 3930 1866 3992 lambunt
1883 3937 1947 3991 ter-

402 4042 482 4107 quos
505 4024 726 4107 exprimuntur
748 4024 964 4106 proficientes,
982 4028 1038 4108 qui
1059 4030 1149 4091 dcsu-
1203 4039 1332 4106 rena,et
1347 4030 1438 4111 quasi
1454 4029 1647 4109 ablingendo
1663 4028 1796 4091 aliorum
1812 4028 1947 4109 cupiunt

403 4123 643 4205 perirrigantur
654 4122 791 4185 assidue.
811 4127 847 4185 Ut
859 4126 1148 4205 tabernaculaque
1203 4128 1297 4191 bone.
1315 4129 1435 4191 ldcirco
1461 4130 1634 4210 perdentur
1660 4145 1768 4189 eorum
1793 4135 1944 4203 extrema,

402 4223 480 4299 sinit
495 4224 665 4292 Dominus,
683 4240 740 4304 per
761 4241 830 4303 quae
853 4232 976 4285 mentes
999 4224 1148 4289 stabilitae
1164 4225 1187 4286 l)
1202 4226 1354 4307 quoniam
1365 4226 1522 4307 quidquid
1536 4224 1947 4306 superfluccolligunt,una

404 4319 436 4381 in
453 4320 516 4383 lleo
530 4319 743 4402 accipiuntur.
763 4324 864 4391 Quasi
878 4326 978 4391 cedri,
996 4342 1052 4405 per
1067 4342 1147 4404 quas
1202 4326 1280 4387 hora
1296 4325 1328 4386 in
1346 4324 1412 4387 fine
1427 4323 1583 4400 amittent,
1594 4323 1862 4405 quemadmodum
1876 4342 1947 4385 san·

402 4418 643 4500 contemplativi
664 4428 695 4482 ct
710 4419 855 4502 perfecti,
874 4420 1049 4501 prasertim
1072 4441 1148 4503 pra·
1201 4432 1271 4486 etus
1285 4423 1343 4485 lob
1360 4422 1522 4503 loqtritur:
1540 4422 1632 4483 Dives
1649 4440 1748 4502 quarm
1764 4419 1943 4495 dormierit,
1983 4446 2120 4492 rotun.

403 4515 470 4591 lati,
498 4516 733 4595 significantur.
752 4522 847 4580 r’taer
871 4540 959 4597 aqua
983 4523 1022 4579 de
1046 4522 1148 4580 situle
1202 4520 1282 4583 nibil
1313 4540 1420 4584 secum
1447 4519 1571 4583 auferet
1594 4546 1602 4595 3
1628 4519 1844 4601 apprehendet
1869 4538 1944 4581 cum
1965 4510 2058 4556 ¹⁹³⁰·

401 4616 484 4685 ejus,
500 4614 532 4676 id
554 4623 613 4690 est,
631 4634 669 4678 ex
691 4634 746 4679 ore
761 4616 925 4679 doctorum
942 4625 973 4679 ct
997 4618 1148 4697 pradica—
1202 4620 1291 4701 quasi
1307 4639 1389 4700 aqua
1405 4618 1524 4700 inopia.
1535 4619 1570 4679 Et
1586 4616 1772 4680 Psalmista:
1789 4617 1886 4693 Nihil,
1898 4618 1947 4679 in·
1964 4636 2004 4678 ee
2019 4652 2080 4679 u„
2096 4644 2118 4679 ω..

403 4718 506 4775 torum
530 4712 675 4776 fidelium
699 4714 841 4797 procedit
855 4715 985 4797 copiosa
1007 4734 1043 4779 ac
1064 4716 1148 4778 selu·
1201 4718 1281 4798 quit,
1299 4718 1490 4780 invenerunt
1506 4735 1616 4779 omnes
1631 4715 1692 4779 viri
1709 4714 1892 4777 divitiarum
1910 4716 1945 4777 in

403 4810 479 4873 faris
500 4812 657 4889 doctrina,
679 4832 716 4875 cx
738 4833 801 4895 qua
822 4813 913 4875 multi
936 4812 1147 4896 spiritualiter
1201 4815 1348 4877 manibus
1364 4816 1442 4876 suis.
1456 4818 1572 4875 l'fdene
1586 4836 1709 4895 quoque
1721 4814 1947 4877 Cr'ntraml'er

402 4917 585 4971 recreantur
609 4918 704 4991 atque
729 4911 913 4992 gignuntur,
941 4912 1015 4973 dum
1043 4912 1146 4991 iniqui
1200 4914 1341 4976 (linteum
1366 4912 1588 4992 intelliguntur
1610 4920 1754 4994 potentes
1771 4921 1802 4974 et
1820 4910 1947 4975 nobiles

402 5016 630 5071 convertuntur
646 5009 684 5071 ad
703 5008 823 5071 fontem
841 5008 934 5071 totius
951 5009 1073 5071 salutis
1201 5011 1297 5091 hujus
1313 5011 1434 5086 mundi,
1454 5011 1486 5071 in
1502 5010 1619 5093 quihus
1635 5009 1730 5071 elatio
1750 5017 1845 5091 atque
1866 5030 1949 5090 prae—

446 5112 586 5170 Tollctur
596 5118 729 5186 propter
740 5112 832 5185 Ayap
848 5130 906 5167 rer
919 5108 1073 5185 ejusfloc
1091 5109 1147 5169 im·
1201 5107 1352 5190 sumptio,
1376 5109 1526 5189 potentiae
1550 5108 1734 5189 divitiisque
1761 5107 1948 5188 frequenter

403 5204 518 5288 pietur,
544 5206 620 5268 dum
645 5205 765 5288 praelati
792 5214 846 5268 aut
873 5205 1034 5288 principes
1059 5206 1145 5269 chri·
1199 5207 1388 5287 junguntur.
1405 5206 1442 5268 lli
1465 5206 1542 5268 talcs
1557 5204 1792 5287 quantumlibet
1808 5205 1947 5267 terrenis

402 5304 496 5366 stiani
513 5303 723 5386 reprobantur
738 5324 755 5367 a
773 5305 844 5379 ileo,
862 5324 900 5367 oo
916 5306 1000 5385 quod
1024 5303 1145 5386 iniquis
1198 5304 1322 5386 opibus
1332 5312 1486 5386 potestate
1497 5303 1669 5380 clientium,
1681 5302 1869 5365 fortitudine
1879 5322 1947 5365 mu·
