4309 6259
564 502 739 548 suanmrro
761 502 791 547 nv
812 501 881 549 aar.
904 500 989 547 xxvn
1011 501 1114 549 axoni.
1137 522 1178 533 -
1196 502 1268 549 aar.
1292 503 1343 549 uu
1684 485 1725 549 63

173 672 402 753 tentationum,
413 675 530 739 imbres
547 675 849 753 tribulationum,ac
865 674 925 737 llu·
939 675 964 737 Α
980 675 1216 759 intelliguntur,
1236 676 1413 760 prasertim
1433 675 1568 740 virtuosi
1588 676 1722 760 prelati,

173 771 263 833 mina
279 772 508 837 adversitatum
528 792 534 837 :
553 774 585 837 id
602 782 650 837 est
665 773 863 856 protectione
878 772 926 835 di·
980 774 1151 855 idoneique
1169 768 1325 853 doctores,
1343 775 1397 855 qui
1417 783 1594 839 ceterorum
1611 775 1726 856 imper·

173 868 262 946 vina,
286 871 431 951 angelica
457 873 611 951 custodia,
636 872 924 936 ecclesiasticorum
980 870 1101 934 lectum
1123 872 1176 954 pie
1201 881 1402 955 supportant,
1427 873 1565 955 illosque
1586 872 1725 937 lulciunt

174 969 382 1049 praelatorum
398 990 434 1034 ac
451 973 693 1054 predicatorum
709 970 923 1054 presidentia,
980 978 1011 1032 et
1026 970 1219 1034 confortant.
1231 970 1368 1045 Quarum
1383 971 1605 1034 columnarum
1620 971 1725 1054 capita

172 1086 211 1128 ac
228 1069 368 1150 proprie
388 1070 521 1134 rationis
537 1091 594 1153 per
609 1070 720 1134 divina
735 1069 926 1133 charismata
980 1087 1075 1131 aurea
1091 1077 1192 1145 erant,
1210 1070 1287 1152 quia
1306 1070 1491 1151 hujusmodi
1506 1069 1567 1134 viri
1584 1078 1724 1134 mentem

173 1165 333 1230 decoratae
352 1168 485 1249 judicio.
502 1169 638 1234 Possunt
653 1187 781 1251 qnoque
803 1187 859 1250 per
873 1168 927 1230 de
980 1166 1100 1229 babent
1115 1168 1345 1249 pretiosissima
1360 1168 1543 1245 dilectione,
1561 1188 1597 1232 ac
1619 1169 1724 1251 splen-

174 1266 764 1350 comcortinas‚decempraaceptorum
780 1268 927 1330 observa·
980 1264 1147 1328 didissima
1167 1266 1438 1349 contemplatione
1459 1265 1613 1330 fulcitam.
1636 1272 1725 1331 Mea

175 1361 293 1441 ilonea,
309 1365 406 1428 corda
422 1365 568 1429 lidclium
588 1366 815 1442 custodientes,
833 1364 927 1427 intcl-
980 1384 1050 1425 som
1067 1385 1165 1443 peaes
1185 1375 1277 1425 cetra
1299 1370 1406 1426 cetum
1426 1368 1463 1426 in
1484 1370 1582 1428 tatere
1601 1370 1726 1446 aquito-

175 1460 245 1540 ligi.
263 1462 359 1526 Porro
377 1482 433 1545 per
447 1464 597 1527 undecim
618 1482 692 1544 saga
708 1464 848 1541 cilicina,
866 1464 926 1525 rite
981 1462 1167 1525 atestensis
1186 1472 1235 1525 est
1249 1463 1411 1545 Scriptura
1431 1484 1619 1546 sacraque
1638 1473 1725 1527 extra
1804 1524 1808 1535 ,

174 1560 381 1642 accipiuntur
401 1571 582 1645 peccatores
598 1583 633 1627 ac
650 1563 853 1645 prenitentes,
870 1562 925 1643 qui
981 1560 1088 1623 velum
1110 1562 1243 1639 locatur,
1267 1562 1343 1625 dum
1367 1562 1521 1627 fidelibus
1542 1582 1616 1626 cum
1641 1563 1726 1626 clara

176 1658 211 1719 in
236 1670 394 1741 quantum
421 1662 532 1725 divina
554 1670 713 1745 precepta
738 1660 925 1741 transgressi
981 1660 1180 1741 expositione
1209 1661 1409 1743 proponitur.
1436 1661 1662 1725 Verumtamen
1693 1662 1725 1723 iu

176 1767 263 1835 sunt,
274 1768 360 1824 recte
375 1780 433 1844 per
448 1761 662 1825 undenarium
678 1780 859 1837 numerum,
869 1759 926 1842 qui
981 1757 1142 1839 aquilonis
1161 1767 1223 1821 stat
1238 1760 1347 1837 latere,
1363 1760 1515 1842 quoniam
1530 1760 1564 1823 iu
1580 1761 1727 1841 aenigma-

175 1857 346 1921 adenario
367 1859 508 1941 primum
531 1860 662 1935 recedit,
685 1866 847 1922 notantur.
869 1858 963 1926 PerB
984 1865 1013 1919 te
1030 1858 1266 1938 cognoscimus,
1290 1866 1387 1940 atquc
1409 1859 1442 1921 in
1463 1860 1588 1922 cunctis
1613 1860 1726 1923 adver-

174 1956 410 2021 connexiouem
426 1967 532 2022 autem
544 1959 817 2041 operimentorum
829 1956 928 2019 taber-
982 1954 1026 2019 sis
1045 1964 1077 2019 et
1097 1955 1357 2021 tribulationibus
1373 1956 1560 2039 patientiam
1575 1959 1725 2022 observa-

176 2054 297 2130 naculi,
319 2055 496 2138 spiritualis
517 2056 703 2137 conjunctio
727 2054 924 2119 credentium
983 2073 1017 2117 rc
1037 2056 1199 2118 doeemur.
1216 2054 1448 2119 Candelabrum
1473 2057 1601 2120 demum
1623 2056 1726 2120 stabat

177 2171 236 2233 per
255 2152 369 2231 iidem,
389 2154 566 2233 caritatem,
587 2163 773 2235 ceterasque
793 2154 927 2217 virtutes
983 2153 1015 2215 in
1032 2153 1131 2217 latere
1146 2153 1334 2231 meridiano,
1344 2154 1497 2236 quoniam
1512 2156 1656 2219 Christus
1670 2156 1726 2238 qui

177 2252 381 2333 exprimitur.
982 2259 1031 2315 est
1046 2271 1207 2314 summum
1222 2251 1379 2316 luminare
1393 2253 1551 2329 Ecclesia,
1560 2274 1645 2319 nuuc
1660 2255 1728 2337 qui-

226 2354 341 2413 Facies
364 2363 393 2414 et
419 2355 545 2415 tabutas
569 2361 687 2414 stantes
713 2353 923 2413 tabernaculi.
982 2350 1062 2414 escit
1080 2350 1113 2413 in
1135 2350 1335 2432 plenitudine
1355 2351 1435 2415 lucis
1457 2371 1614 2435 superna,
1630 2361 1727 2435 atquc

177 2450 237 2513 Per
248 2450 373 2513 tabulas
389 2460 509 2515 stantes
525 2459 695 2513 sumuntur
712 2449 837 2527 lideles,
850 2468 928 2531 quo-
983 2448 1017 2511 in
1032 2468 1158 2513 summo
1173 2449 1270 2512 totius
1284 2450 1426 2513 caritatis
1441 2450 1577 2515 fervore.
1587 2451 1728 2515 Ecclesia

178 2568 251 2611 rum
272 2568 400 2611 sursum
420 2558 496 2612 sunt
513 2549 610 2613 corda
631 2566 637 2611 :
656 2566 694 2611 cx
713 2548 830 2629 quibus
853 2548 926 2612 tedi-
982 2566 1111 2630 quoque
1130 2568 1202 2630 qua
1214 2548 1304 2630 juxta
1319 2549 1494 2631 praehabita
1509 2569 1566 2632 per
1580 2551 1727 2614 candela·

179 2645 298 2709 licetur
322 2647 474 2725 Ecclesia,
502 2649 585 2711 sicut
609 2666 647 2711 ex
674 2646 791 2710 tabulis
816 2646 929 2709 asseri·
983 2646 1078 2709 brum
1093 2647 1382 2728 designatur,nunc
1397 2648 1431 2710 in
1446 2648 1586 2711 caritatis
1601 2650 1726 2727 ardore,

178 2745 281 2808 busvc
301 2746 544 2809 tabernaculum
565 2746 644 2809 illud
663 2745 772 2809 fiebat.
790 2744 928 2819 Quarum
984 2754 1016 2809 et
1030 2746 1178 2809 salutaris
1193 2746 1358 2829 sapientiae
1373 2747 1554 2830 splendore,
1570 2756 1725 2829 quantum

179 2843 251 2906 duae
266 2844 370 2921 bases,
387 2852 463 2907 sunt
477 2844 621 2926 Apostoli
636 2852 668 2907 et
682 2844 857 2926 Propheta,
874 2862 930 2905 scu
984 2846 1023 2908 ad
1039 2844 1229 2909 nobiliorem
1243 2845 1489 2927 electioremque
1503 2865 1593 2909 suam
1610 2847 1729 2929 portio

180 2942 351 3024 utriusque
374 2942 569 3005 Testamenti
599 2941 784 3025 Scriptum,
811 2940 929 3022 quibus
985 2962 1071 3020 nem,
1091 2952 1247 3021 versatur,
1266 2952 1363 3026 atquc
1382 2943 1416 3005 in
1435 2945 1570 3008 Domino
1589 2964 1729 3012 commo

103 3050 108 3057 '
181 3040 366 3105 innituntur
390 3061 428 3104 ac
456 3048 675 3106 sustentantur
699 3040 814 3104 fideles
840 3058 848 3105 ε
874 3038 966 3121 quic
986 3051 1085 3105 ratur.
1110 3042 1145 3103 ln
1165 3042 1276 3106 Glossa
1300 3052 1406 3106 autem
1430 3042 1608 3132 spiritualis
1632 3044 1729 3126 hujus

181 3148 213 3201 et
227 3140 313 3205 dono
334 3140 500 3223 sapientie
518 3159 555 3202 ac
575 3139 716 3203 caritatis
736 3138 841 3202 ornati
863 3138 932 3220 pul·
986 3140 1119 3223 capituli
1141 3141 1297 3223 expositio
1319 3142 1455 3204 multum
1479 3140 1601 3204 diffuso
1626 3144 1730 3225 expri-

181 3238 342 3303 cbcrrime
358 3240 562 3303 deaurantur.
579 3240 722 3321 Insuper,
740 3256 798 3320 per
812 3237 931 3301 colum-
987 3240 1086 3302 mitur
1109 3256 1116 3300 ε
1143 3239 1213 3303 idco
1238 3240 1387 3305 brevitati
1412 3242 1558 3316 studens,
1582 3241 1729 3304 celeriter

184 3337 317 3413 nas,viri
333 3338 729 3421 contemplativi‚perfecti
746 3355 783 3400 ac
800 3335 932 3399 stabiles
988 3339 1048 3401 ista
1064 3346 1260 3420 pertranseo.

726 3763 1049 3851 acriculus
1090 3765 1195 3850 mn
1258 3889 1261 3899 Ι

175 4088 177 4093 ,
209 4040 401 4087 nactanarto
423 4040 597 4085 tirrannus
619 4039 757 4085 caetrati
780 4039 913 4085 vtcttsttn
936 4038 1056 4085 sarmul
1074 4040 1082 4083 :
1105 4040 1212 4085 rectas
1234 4040 1271 4085 ΕΤ
1291 4040 1411 4087 Atrans
1431 4042 1470 4087 DE
1491 4044 1589 4091 ttottls
1610 4046 1710 4094 santi.

256 4322 337 4385 UNC
352 4319 577 4385 deseribuntur
592 4336 663 4402 que
682 4328 770 4383 extra
791 4318 936 4382 taberna·
950 4318 975 4383 D
989 4318 1112 4401 aliquid
1131 4318 1193 4383 luit
1212 4319 1412 4403 suppositum
1434 4324 1569 4405 pedibus
1590 4328 1735 4392 sacerdo·

261 4421 373 4485 culum
388 4423 613 4483 erantFacies
628 4430 658 4481 et
673 4420 936 4497 attaredetipais
989 4426 1068 4496 tum,
1092 4426 1128 4480 ut
1149 4418 1183 4480 in
1207 4419 1406 4501 expositione
1430 4422 1575 4486 vicesimi
1600 4425 1732 4507 capituli

184 4524 291 4583 setim.
318 4520 392 4594 Quae
421 4518 634 4601 imputribilia
659 4527 690 4582 ct
716 4516 937 4581 incremabilia
988 4516 1116 4597 plenius
1129 4516 1251 4579 dictum
1266 4526 1321 4581 cst
1331 4521 1579 4583 Coracaautem
1588 4542 1735 4603 perqua-

186 4619 410 4701 perhibentur.
420 4618 493 4681 ldeo
508 4617 727 4698 congruebant
741 4616 816 4678 huic
829 4615 934 4692 altari,
990 4624 1062 4675 tuor
1076 4618 1212 4692 capulos
1226 4636 1266 4675 ca
1281 4618 1349 4693 ipso
1363 4628 1458 4679 erunt
1469 4639 1481 4678 .·
1492 4618 1525 4680 id
1540 4628 1598 4697 est,
1610 4639 1648 4683 ex
1664 4622 1735 4705 ipso

186 4718 343 4798 quoniam
364 4716 449 4797 ignis
467 4716 586 4797 jugiter
602 4724 669 4779 erat
684 4715 718 4776 in
734 4733 782 4779 eo.
800 4714 872 4776 Fuit
892 4723 937 4776 ta-
989 4714 1081 4776 altari
1104 4715 1333 4797 procedentia
1355 4726 1492 4798 quatuor
1515 4720 1734 4801 superioribus

186 4835 262 4881 men
279 4816 367 4878 intus
383 4823 415 4879 et
431 4814 510 4878 loris
525 4822 671 4896 opertum
687 4833 749 4877 aere
769 4832 824 4877 seu
838 4812 936 4876 aneis
989 4813 1115 4893 angulis
1129 4813 1199 4894 ejus
1214 4822 1351 4895 quatuor
1365 4834 1485 4879 cornua
1500 4828 1676 4898 recurvata,
1688 4841 1735 4884 se·

187 4914 330 4979 laminis.
351 4917 441 4984 Quod
460 4916 584 4975 babebit
599 4917 742 4993 quinque
758 4914 879 4973 cubitos
899 4914 935 4973 irt
989 4913 1130 4974 cundum
1145 4913 1311 4993 quosdam,
1322 4921 1358 4975 ut
1373 4914 1406 4976 in
1422 4913 1469 4977 eis
1483 4924 1621 4997 quatuor
1636 4939 1735 4983 annu-

186 5016 406 5091 toayitadinc,
427 5022 456 5073 et
478 5014 607 5073 totidem
630 5014 666 5071 in
690 5012 876 5083 latitudine,
900 5012 936 5071 id
990 5010 1013 5073 li
1035 5019 1154 5088 essent,
1177 5010 1295 5092 quibus
1317 5021 1453 5093 quatuor
1473 5022 1593 5079 catena
1616 5017 1736 5083 insere-

185 5124 231 5173 est
252 5116 433 5193 quadrum,
455 5110 564 5187 idest,
586 5111 775 5192 quadratum
796 5110 882 5185 erit;
905 5119 935 5170 ct
991 5119 1112 5187 rentur,
1129 5110 1163 5172 in
1180 5110 1296 5192 quibus
1316 5112 1570 5194 suspendebatur
1583 5117 1736 5182 craticula

188 5222 250 5273 tres
274 5214 398 5273 aretas
423 5214 459 5271 in
481 5212 667 5271 altitudine.
695 5210 766 5272 ldeo
792 5216 935 5291 tempore
991 5226 1083 5272 area.
1101 5208 1164 5270 lllii
1183 5208 1304 5287 dicunt,
1324 5211 1410 5291 quod
1431 5230 1551 5275 cornua
1571 5213 1628 5277 illa
1646 5224 1737 5279 erant

188 5308 363 5375 ministerii
378 5307 582 5381 sacerdotalis
598 5326 655 5371 seu
673 5306 930 5384 sacrificationis,
992 5306 1112 5370 directe
1135 5306 1169 5369 in
1189 5307 1288 5370 altum
1309 5309 1486 5389 tendentia,
1508 5318 1659 5395 tanquam
1681 5332 1736 5397 pe
