4309 6259
419 502 478 565 est
739 515 911 563 manuario
932 516 962 561 m
984 514 1052 559 ear.
1075 513 1139 558 xm
1160 510 1394 557 namsnououu.
1416 528 1457 539 —
1476 508 1547 554 aar.
1570 506 1645 553 xrur

418 691 598 753 discernere
612 690 690 771 quid
712 690 753 750 sit
769 706 899 759 rerum3
917 684 968 747 vel
986 688 1070 745 inter
1085 704 1160 744 cau·
1175 681 1201 743 A
1216 680 1247 743 Si
1262 688 1369 743 autem
1385 679 1454 743 vult
1469 678 1585 755 dicere,
1599 678 1684 760 quod
1698 685 1747 739 est
1761 675 1898 738 tenenda
1916 675 1964 736 ila

417 812 486 850 sain
501 800 530 849 et
546 810 688 859 euersam,
699 787 729 849 id
747 793 794 848 est
804 786 887 847 inter
902 802 1030 845 causam
1045 780 1161 845 actoris
1216 779 1301 860 quod
1317 798 1412 861 poena
1425 785 1480 839 aut
1500 778 1651 839 damnum
1667 773 1832 839 sententiae
1846 774 1963 836 debeat

418 895 449 949 et
466 887 548 948 inter
563 905 690 950 causam
707 885 764 961 rei,
780 883 825 945 ita
840 884 925 965 quod
947 902 1009 944 una
1025 901 1098 964 pars
1113 881 1162 962 ju·
1218 877 1374 961 patienter
1399 877 1527 939 tolerari
1546 875 1587 937 ab
1611 876 1789 950 innocente,
1813 874 1869 954 qui
1893 892 1962 935 nou

418 986 524 1048 dicum
540 984 696 1066 justificet
717 1002 844 1046 causam
861 981 989 1057 aetoriS,
1007 979 1070 1043 alia
1087 998 1162 1041 cau·
1218 984 1321 1059 potest
1336 978 1375 1038 ad
1396 975 1540 1037 altiorem
1556 974 1694 1055 judicem
1711 973 1743 1034 in
1764 972 1962 1035 boemundo

418 1104 484 1146 sam
510 1083 567 1159 rei,
594 1082 761 1163 ambigunt
786 1081 880 1155 inde;
900 1085 1022 1157 lepram
1043 1090 1073 1139 et
1097 1098 1162 1137 nou
1219 1074 1335 1137 babere
1360 1093 1534 1148 recursum,
1553 1080 1658 1156 potest
1682 1072 1808 1134 salvari.
1829 1070 1906 1132 Nam
1930 1078 1963 1132 et

420 1188 554 1259 lepram,
568 1182 611 1243 ita
625 1181 711 1262 quod
724 1199 786 1242 una
801 1199 874 1262 pers
884 1178 1026 1260 judicum
1043 1177 1164 1258 judicat
1218 1172 1388 1254 Gregorius
1402 1172 1458 1248 ait,
1475 1172 1560 1252 quod
1576 1171 1644 1233 sive
1657 1170 1742 1252 juste
1762 1170 1829 1233 sive
1843 1168 1966 1251 injuste

421 1280 586 1343 infirmum
602 1299 671 1342 esse
686 1279 859 1361 leprosum,
876 1278 938 1340 alia
953 1276 1051 1339 sentit
1066 1293 1166 1358 eppo
1220 1272 1296 1351 liget
1322 1280 1441 1353 pastor,
1468 1268 1627 1332 sententia
1651 1269 1721 1350 ejus
1750 1268 1892 1330 timenda
1916 1276 1968 1330 est

422 1378 529 1439 situm.
554 1378 631 1439 Hinc
657 1377 829 1440 subditur:
851 1388 880 1437 ct
893 1378 1049 1453 judicem
1075 1378 1165 1435 intro
1220 1370 1319 1451 gregi.
1338 1373 1402 1440 mu
1416 1380 1525 1430 cratem
1544 1370 1748 1446 superbierit,
1765 1371 1874 1427 nolens
1895 1370 1967 1426 obc-

420 1486 530 1554 portes
546 1486 618 1536 tuas
639 1478 759 1535 videris
779 1477 874 1535 cerba
900 1475 1040 1543 curtari,
1057 1473 1164 1548 idest,
1219 1472 1292 1529 rtr'rc
1312 1470 1485 1529 sacerdotis
1508 1469 1655 1544 r'mpcrio,
1673 1465 1705 1527 id
1730 1473 1779 1528 est
1797 1463 1968 1546 pontificis

422 1574 508 1655 ipsos
518 1573 707 1656 judicesqui
718 1582 792 1635 sunt
804 1573 836 1634 in
848 1580 939 1654 porta
954 1570 1042 1632 urbis
1058 1570 1165 1651 inqua
1221 1566 1341 1649 judicio
1361 1565 1531 1628 definitivo
1546 1572 1600 1626 aut
1619 1564 1766 1646 jussioni,
1783 1584 1824 1623 cc
1841 1566 1969 1623 decreto

420 1672 556 1749 babilas,
575 1672 623 1733 vel
640 1672 680 1733 ad
696 1672 788 1752 cujus
804 1670 944 1753 pertines
960 1669 1110 1744 tribunal,
1123 1669 1166 1732 vi·
1213 1667 1343 1743 judicis
1363 1667 1518 1725 morietur
1537 1667 1629 1725 bento
1645 1666 1700 1722 illc
1715 1684 1727 1721 .·
1742 1682 1815 1724 nam
1835 1661 1970 1743 propria

420 1771 506 1834 deris
526 1769 714 1833 discorditer
731 1778 785 1831 aut
805 1769 902 1831 dubie
926 1768 1023 1848 loqui.
1040 1766 1166 1829 Judiees
1222 1762 1438 1827 inobedientia
1453 1780 1509 1824 seu
1524 1761 1700 1824 rebellione
1714 1780 1748 1823 se
1759 1761 1863 1843 ipsum
1874 1760 1969 1841 spiri-

421 1870 506 1933 enim
537 1869 664 1931 urbium
694 1868 879 1949 judicabant
911 1874 972 1928 tam
1004 1860 1349 1928 intraneothualiter
1365 1860 1505 1944 perimit,
1523 1870 1555 1923 et
1569 1869 1671 1924 morte
1689 1858 1856 1922 infernalis
1870 1858 1969 1921 mise-

421 1986 516 2049 quam
532 1974 697 2028 extrancos
713 1964 908 2046 pertinentes
924 1964 963 2025 ad
979 1982 1053 2025 suos
1069 1961 1164 2025 fines.
1222 1960 1277 2023 riae
1293 1960 1397 2042 perire
1407 1967 1662 2039 meretur,atque
1673 1959 1845 2021 secundum
1862 1959 1969 2037 legem

462 2070 567 2141 Surpc
578 2074 606 2123 ct
617 2066 749 2124 ascende
759 2066 803 2123 ad
814 2067 918 2122 locum
929 2083 1022 2139 quem
1037 2063 1167 2138 ctepcrr't
1223 2059 1326 2121 fuerat
1350 2059 1563 2132 occidendus;
1585 2069 1615 2118 ct
1634 2059 1762 2135 auferes
1781 2061 1905 2117 matum
1925 2061 1969 2116 cle

421 2165 592 2233 Dominus,
605 2161 637 2223 id
653 2160 750 2223 estad
762 2160 872 2222 urbem
889 2159 922 2220 in
934 2177 997 2240 qua
1013 2158 1167 2240 templum
1224 2160 1336 2229 lsrael,
1353 2157 1385 2219 id
1407 2166 1466 2233 est,
1491 2156 1566 2219 talia
1589 2164 1718 2238 peccata
1740 2174 1803 2218 non
1823 2154 1968 2218 dimittas

422 2268 470 2324 est
485 2259 622 2324 Domini.
643 2262 813 2339 Vcniespuc
829 2262 872 2319 act
885 2262 1060 2319 sacerdotes
1074 2261 1169 2319 Leut-
1224 2256 1336 2331 inulte,
1354 2264 1385 2317 et
1401 2264 1523 2318 tantum
1541 2263 1803 2336 transgressorem
1820 2254 1911 2317 tolles
1925 2254 1969 2315 ab

423 2362 480 2422 tici
491 2360 629 2437 perceris,
648 2356 770 2420 scilicet
788 2358 826 2419 ed
846 2375 937 2419 veros
957 2366 988 2419 et
1009 2356 1168 2437 legitimos
1224 2355 1305 2431 aliis,
1332 2374 1372 2416 ne
1399 2354 1537 2417 virendo
1561 2353 1692 2429 diutius,
1715 2352 1839 2415 inficiat
1857 2351 1939 2415 alios
1959 2377 1968 2427 3

424 2457 859 2533 sacerdoteS,etadjudicent
872 2457 930 2535 qui
945 2457 1048 2533 fucrit
1065 2458 1100 2515 in
1112 2459 1168 2517 tcto
1223 2464 1419 2533 cunctusque
1436 2458 1578 2530 populus
1601 2450 1695 2514 lsrael
1715 2454 1850 2527 audiens
1871 2451 1969 2513 talem

425 2567 572 2633 tempore.
589 2554 646 2616 Per
669 2554 810 2634 judicem
831 2554 960 2635 quidam
986 2554 1168 2634 intelligunt
1224 2552 1327 2633 iniqui
1340 2552 1865 2634 punitionem,tr'mebtt,utmttlus
1878 2552 1972 2611 ‹tein-

423 2651 623 2735 pontilicem,
640 2650 695 2712 alii
717 2650 856 2731 judicem
874 2650 1037 2713 israelitici
1056 2652 1168 2732 populi
1222 2670 1292 2727 ceps
1308 2654 1500 2711 intusnescat
1513 2651 1675 2727 superbia.

423 2749 618 2825 secularem,
631 2750 713 2811 sicut
728 2757 800 2831 post
813 2750 907 2812 losue
924 2749 1071 2829 leguntur
1085 2749 1170 2831 judi-
1263 2748 1352 2812 Circa
1374 2748 1440 2811 brec
1461 2748 1738 2823 considerandum,
1755 2747 1840 2829 quod
1864 2748 1897 2809 in
1917 2768 1972 2811 ve

422 2869 474 2913 ces
486 2847 652 2931 praefuisse
662 2856 776 2930 praeter
786 2846 968 2929 pontifices.
982 2850 1169 2929 Quercsquc
1224 2848 1283 2908 teri
1307 2848 1507 2910 Testamento
1529 2855 1603 2909 ante
1628 2856 1771 2928 tempora
1792 2866 1913 2927 regum.
1938 2856 1972 2909 ct

422 2952 462 3009 ab
472 2950 517 3009 eis
527 2947 730 3010 definitivam
741 2946 780 3009 de
792 2954 846 3015 tua
857 2966 952 3031 causa
963 2947 1166 3024 sententiam,
1225 2946 1300 3008 item
1316 2944 1969 3028 posttemporaregum,quandoqueidem

423 3046 604 3110 adversario
621 3054 675 3109 tuo
690 3054 801 3109 eontra
815 3053 1037 3127 reapparente,
1050 3049 1110 3126 qui
1121 3050 1169 3107 in·
1185 3044 1206 3107 C
1224 3045 1273 3108 vir
1296 3043 1357 3106 fuit
1378 3045 1475 3126 judex
1499 3063 1555 3107 seu
1580 3044 1729 3127 princeps
1754 3052 1786 3105 ct
1809 3043 1966 3125 pontifex,

422 3148 578 3207 dicabunt
594 3146 653 3205 tibi
668 3144 900 3207 sententialiter
907 3145 1036 3221 judicit
1051 3148 1170 3206 uerita·
1224 3144 1306 3205 sicut
1325 3143 1393 3205 Heli
1416 3151 1448 3206 et
1472 3152 1583 3224 postea
1604 3141 1791 3217 llaehabaei;
1815 3143 1869 3205 sed
1891 3151 1969 3205 tem·
2003 3163 2119 3214 rnatu.

425 3256 510 3315 tcm,·
531 3254 560 3303 cl
576 3245 676 3320 facies
696 3245 917 3321 quodcumque
937 3244 1086 3303 dicerint
1110 3249 1169 3324 qui
1223 3260 1300 3323 pore
1325 3260 1433 3321 regum
1459 3250 1549 3305 erant
1573 3241 1906 3323 distincte-personae,
1934 3252 1968 3305 ct·
1982 3230 2120 3332 ''pah-¹·

419 3350 566 3419 presunt
592 3344 655 3399 loco
681 3359 773 3419 quem
795 3341 923 3414 eteycrc't
939 3340 1108 3411 Dominus,
1136 3342 1167 3403 id
1223 3341 1318 3403 etiam
1349 3349 1490 3422 tempore
1514 3341 1660 3403 Judieum
1691 3358 1793 3421 usque
1820 3341 1859 3403 ad
1883 3340 1965 3404 lleti.
1984 3354 2025 3392 ²⁰·

423 3449 479 3515 ost,
498 3458 607 3502 eorum
624 3436 789 3499 sententie
804 3436 997 3517 acquiesces,
1013 3450 1042 3497 et
1058 3442 1168 3500 decuc-
1224 3440 1302 3501 llum
1319 3439 1427 3519 itaque
1444 3438 1526 3500 idem
1544 3438 1606 3501 fuit
1617 3442 1759 3500 s‘ummus
1775 3440 1919 3501 sacerdos
1936 3449 1969 3501 ct

422 3542 492 3599 rint
509 3539 648 3614 rejecta
671 3541 769 3613 tepent
786 3537 867 3612 ejus,
883 3540 1085 3617 sequerisque
1099 3560 1168 3599 scn-
1222 3538 1330 3619 judex,
1358 3536 1457 3599 tiebat
1481 3539 1520 3599 ad
1545 3537 1693 3600 eumdem
1717 3537 1889 3619 appellatio
1910 3557 1969 3601 scu

424 3640 558 3699 tentiam.
573 3656 694 3696 eorum.
705 3634 794 3698 Circa
804 3634 889 3715 quod
903 3634 949 3695 eit
963 3634 1166 3700 Glosse:Non
1224 3654 1370 3698 recursus
1388 3636 1420 3697 in
1435 3654 1638 3717 quacumque
1649 3636 1747 3697 ardua
1761 3654 1856 3697 causa
1872 3636 1904 3697 in
1920 3656 1970 3699 ca-

424 3732 607 3797 dieiturtibi
619 3740 654 3793 ut
664 3731 801 3806 obedias,
811 3730 873 3793 nisi
884 3731 1050 3795 docuerint
1062 3742 1091 3796 te
1101 3736 1168 3815 jux·
1224 3734 1312 3795 sibus
1323 3733 1540 3815 praeinductis.
1551 3732 1652 3807 Quum
1668 3740 1774 3796 autem
1790 3732 1903 3797 officia
1914 3734 1970 3796 illa

424 3842 455 3895 ta
472 3833 584 3911 legem.
602 3829 811 3911 Sequerisque
832 3848 941 3892 eorum
963 3833 1166 3907 sententiam,
1225 3841 1314 3897 eraut
1338 3852 1396 3915 per
1425 3850 1576 3916 personas
1606 3832 1767 3909 distincta,
1792 3840 1861 3895 erat
1887 3832 1970 3895 refu-

424 3932 583 4014 quianon
605 3937 694 4010 petes
718 3927 758 3989 ab
781 3928 845 3990 illis
872 3929 1044 4011 appellare,
1069 3950 1169 4013 quum
1225 3932 1312 4011 gium
1334 3933 1374 3994 ad
1396 3931 1582 4014 pontificem
1605 3930 1638 3991 in
1658 3929 1878 4012 spiritualibus
1898 3951 1970 3994 cau-

427 4048 520 4093 nemo
539 4028 571 4089 in
589 4026 707 4109 populo
724 4034 778 4088 tuo
794 4025 835 4087 sit
854 4025 917 4087 illis
933 4028 1085 4109 superior.
1104 4032 1170 4091 Nec
1226 4029 1282 4105 sie,
1305 4028 1344 4090 ad
1367 4027 1505 4110 judicem
1532 4028 1564 4088 in
1587 4026 1835 4109 temporalibus;
1856 4027 1891 4089 iu
1913 4029 1970 4090 ali·

426 4128 603 4189 declinabis
620 4128 663 4185 ed
684 4128 851 4184 eceteram
870 4129 918 4184 vet
937 4127 1117 4199 sr'm'strum,
1138 4128 1168 4189 id
1226 4127 1345 4208 quibus
1365 4144 1441 4189 vero
1463 4126 1580 4207 pariter
1600 4126 1638 4187 ad
1659 4133 1823 4207 utrosque,
1841 4128 1969 4207 quando

427 4234 475 4289 est
490 4226 529 4286 ad
546 4223 670 4285 nullum
686 4230 897 4285 extremorum
908 4224 1170 4287 contrariantium
1187 4223 1211 4284 D
1228 4225 1376 4288 videlicet
1387 4244 1483 4287 causa
1497 4224 1702 4287 determinari
1713 4242 1776 4286 non
1787 4224 1969 4306 quivitsine

428 4343 510 4387 vere
535 4319 700 4384 sententiae
724 4320 878 4401 judicum.
901 4321 989 4384 Circa
1013 4324 1098 4403 quod
1123 4326 1172 4403 (ut
1227 4324 1393 4387 amborum
1409 4342 1577 4399 consensu,
1596 4330 1631 4384 ut
1646 4322 1679 4383 in
1696 4322 1909 4386 edificatione
1925 4342 1971 4387 re

429 4421 527 4485 refert
541 4422 635 4503 Lyra)
653 4418 732 4481 dieit
750 4419 855 4498 glossa
875 4419 1046 4483 Hebraica:
1068 4422 1171 4484 Etiam
1228 4422 1455 4503 parationeque
1473 4420 1593 4502 templi.
1614 4421 1698 4483 lstud
1713 4421 1765 4501 jus
1780 4420 1814 4481 in
1829 4420 1971 4484 Ecclesia

428 4521 453 4583 si
470 4520 607 4583 dixerint
628 4518 698 4594 tihi,
715 4518 799 4598 quod
823 4518 950 4581 dextere
966 4527 1020 4581 tua
1040 4520 1082 4582 sit
1097 4521 1171 4582 sini·
1227 4529 1275 4583 est
1299 4520 1501 4595 servandum,
1520 4520 1694 4582 secundum
1709 4518 1862 4583 Glossam.
1879 4520 1971 4583 llinc-

427 4630 502 4697 stra,
520 4619 571 4682 vel
588 4634 771 4692 econverso,
790 4616 861 4678 talis
884 4618 1042 4681 sententia
1064 4628 1113 4681 est
1128 4629 1172 4682 tc·
1226 4638 1290 4700 que
1305 4618 1501 4682 consuetudo
1516 4625 1623 4679 exorta
1638 4626 1697 4693 est,
1714 4618 1800 4700 quod
1814 4617 1855 4680 ab
1871 4619 1970 4681 ecclc·

427 4719 549 4781 nenda:
567 4718 653 4799 quod
668 4715 816 4797 reprobat
826 4715 913 4797 Lyra,
923 4716 999 4796 quia
1014 4718 1172 4780 sententia
1227 4717 1354 4780 siastico
1369 4716 1476 4798 judice
1491 4736 1528 4778 ae
1543 4716 1674 4797 prelato
1688 4716 1852 4798 appellant
1865 4718 1969 4781 adde

426 4817 545 4879 nullius
561 4814 712 4891 bominiS,
729 4813 962 4895 cujuscumque
979 4815 1021 4877 sit
1036 4816 1172 4878 auctori·
1226 4815 1349 4877 minum
1364 4815 1490 4897 Papam,
1507 4835 1525 4877 a
1540 4834 1604 4895 quo
1620 4814 1793 4877 secundum
1813 4814 1885 4895 jura
1905 4834 1967 4879 non

426 4916 510 4991 tatis,
520 4914 546 4976 si
558 4913 719 4976 contineat
735 4910 904 4975 manifeste
918 4911 1086 4977 falsitatem
1103 4914 1171 4977 sire
1225 4912 1414 4995 appellatur,
1442 4912 1506 4975 imo
1535 4931 1594 4975 nec
1623 4913 1797 4976 seeundum
1822 4922 1966 4976 sanctum

425 5032 575 5086 errorem,
594 5011 749 5073 servanda
764 5019 822 5072 est.
836 5009 909 5083 011ae
926 5012 1106 5093 reprobatio
1122 5033 1171 5075 ve·
1226 5012 1417 5073 bernardum
1445 5010 1527 5074 libro
1551 5011 1591 5073 de
1615 5010 1885 5088 consideratione,
1912 5011 1965 5073 ubi

424 5133 459 5175 ra
479 5120 537 5187 est,
556 5110 582 5172 si
602 5108 707 5190 glossa
724 5108 777 5170 illa
793 5109 943 5171 Hebraica
959 5109 1064 5172 dicere
1080 5111 1168 5186 velit,
1226 5110 1321 5172 etiam
1343 5109 1398 5184 ait,
1420 5110 1505 5189 quod
1527 5128 1623 5190 quam
1647 5108 1823 5171 necessarie
1844 5118 1894 5172 est
1913 5110 1966 5172 bo

424 5211 509 5293 quod
532 5208 602 5271 talis
623 5206 781 5271 sententia
801 5206 841 5268 sit
867 5208 1002 5269 tenenda
1023 5207 1066 5270 ita
1086 5217 1121 5270 ut
1140 5208 1169 5271 ei
1227 5206 1366 5268 minibus
1392 5206 1562 5269 illustratio
1587 5206 1674 5284 solis,
1702 5214 1765 5268 tem
1789 5214 1965 5288 opportuna

424 5316 530 5371 mente
541 5305 757 5371 consentiatur
769 5314 918 5385 tanquam
930 5324 1012 5369 rere
1023 5314 1054 5366 et
1064 5307 1167 5385 justae.
1225 5314 1273 5368 est
1287 5304 1475 5367 Christianis
1489 5304 1662 5387 appellatio
1681 5304 1764 5366 talis.
1782 5304 1846 5368 lloc
1862 5313 1962 5367 tamen
