4309 6259
423 470 462 533 il
808 486 982 532 manino
1002 485 1033 531 ut·
1053 484 1124 530 aar.
1145 484 1212 529 nn
1231 482 1333 529 axoni.
1354 502 1396 513 -
1415 483 1487 529 aar.
1509 483 1578 529 mv

423 659 574 722 dominus
598 658 678 720 illud
701 658 795 720 alteri
819 654 1071 721 accommodavit
1095 653 1163 716 sive
1178 652 1205 715 t
1220 662 1261 730 te,
1282 654 1338 717 ubi
1354 663 1403 717 est
1422 663 1528 717 actum
1544 654 1584 717 dc
1599 653 1758 717 maleficis
1779 653 1962 718 Pharaonis.

423 756 583 821 commisit
604 776 661 839 por
684 755 884 833 locationem,
903 754 977 837 quia
998 762 1074 815 tune
1096 752 1164 833 ipse
1217 752 1257 813 Et
1273 761 1359 815 recte
1374 761 1447 833 post
1466 752 1568 831 legem
1588 753 1683 814 istam
1698 752 1738 815 de
1756 752 1882 833 virgine
1898 751 1965 815 vio

424 856 532 920 locans
547 854 684 937 acquirit
695 854 872 917 mercedem
883 872 941 936 pro
951 851 1083 915 animali
1093 869 1166 914 con·
1220 850 1294 927 lata,
1311 852 1351 913 de
1365 850 1524 913 maleficis
1538 851 1742 927 admiscetur,
1759 851 1835 932 quia
1850 850 1965 932 puellae

421 956 534 1017 ducto:
548 953 775 1035 propterquod
791 952 817 1013 is
833 952 888 1034 qui
905 952 984 1014 illud
999 949 1162 1025 conduxit,
1219 969 1277 1032 per
1292 949 1453 1013 maleficia
1466 951 1612 1031 quadam
1628 950 1732 1031 decipi
1748 948 1861 1013 solent.

421 1071 484 1116 non
509 1051 553 1113 ita
577 1050 782 1115 vehementer
806 1059 932 1114 tenetur
955 1050 995 1112 ad
1017 1048 1165 1111 animalis
1262 1050 1326 1116 Qui
1338 1051 1451 1110 coierit
1465 1070 1540 1109 cam
1553 1051 1716 1125 jumento,
1732 1059 1832 1109 morte
1847 1051 1963 1109 maria-

421 1149 611 1227 custodiam,
630 1168 689 1211 neo
704 1150 743 1211 ad
760 1147 1021 1212 satisfaciendum
1039 1166 1097 1229 pro
1112 1147 1166 1209 de-
1220 1158 1287 1217 tar,
1302 1166 1402 1229 quum
1417 1146 1478 1209 hoc
1498 1148 1540 1208 sit
1561 1147 1658 1209 nimis
1673 1156 1784 1210 contra
1804 1155 1959 1209 naturam.

422 1247 547 1311 bilitato
571 1256 627 1311 aut
650 1256 775 1311 mortuo
800 1247 971 1328 obligatur,
995 1246 1058 1307 nisi
1084 1245 1165 1307 illud
1219 1246 1308 1308 Unde
1331 1253 1364 1308 et
1386 1245 1463 1308 alibi
1487 1246 1642 1309 Dominus
1664 1245 1757 1327 jubet
1779 1247 1961 1327 jumentum
1977 1265 2098 1315 eaxan.

422 1348 586 1411 evidenter
601 1346 745 1424 laesisset,
755 1354 809 1409 aut
825 1346 1031 1409 immoderate
1048 1344 1166 1408 labora·
1219 1364 1293 1407 oum
1309 1344 1365 1408 illo
1380 1344 1494 1421 occidi,
1514 1344 1547 1406 in
1562 1345 1805 1408 detestationem
1821 1345 1899 1407 tanti
1916 1344 1963 1407 fa-

423 1465 457 1509 re
478 1444 616 1522 fecisset,
634 1464 806 1527 superque
829 1463 863 1507 re
883 1444 983 1526 possit
999 1441 1166 1524 inquisitio
1219 1443 1348 1507 oinoris.
1362 1447 1428 1513 Qai
1442 1447 1588 1505 immolat
1602 1446 1682 1513 dtis,
1696 1446 1869 1514 occidetur,
1883 1464 1964 1521 pra-

423 1543 508 1606 fieri.
526 1542 668 1624 [lenique
683 1544 722 1605 do
738 1542 796 1605 bac
812 1542 943 1605 materia
959 1540 1071 1604 scribit
1086 1541 1167 1604 l'bo-
1221 1552 1366 1621 tcrqaam
1380 1545 1519 1604 Domino
1533 1544 1594 1602 soti
1608 1564 1620 1602 .·
1635 1542 1695 1603 boe
1715 1550 1774 1617 est,
1791 1542 1846 1623 qui
1866 1542 1963 1604 alicui
2145 1561 2146 1632 3

424 1662 492 1706 mas
518 1642 551 1703 in
574 1642 677 1724 prima
702 1641 859 1719 secundae,
883 1640 1164 1723 quaestionatae:
1221 1641 1352 1702 deorum
1382 1647 1438 1703 aut
1469 1639 1627 1703 idolorum
1655 1639 1835 1703 exhibuerit
1863 1640 1964 1704 latriae
2145 1645 2146 1698 t

423 1742 494 1805 Haec
515 1748 563 1803 cst
581 1738 768 1804 differentia
791 1740 873 1803 inter
894 1748 1039 1801 mutuum
1059 1746 1092 1801 et
1112 1739 1167 1801 de
1220 1738 1354 1815 cultum,
1366 1739 1425 1801 soli
1441 1738 1605 1802 ditissimo
1623 1738 1849 1817 exhibendum,
1867 1740 1964 1802 inter-

423 1839 733 1922 positum‚quoniam
750 1847 894 1901 mutuum
913 1838 1047 1900 traditur
1059 1837 1092 1899 in
1107 1837 1166 1899 uli·
1180 1838 1203 1901 B
1221 1836 1360 1900 liciatur.
1372 1842 1542 1899 Adccnam
1556 1858 1622 1899 aon
1636 1839 1852 1908 contristabis,
1862 1859 1963 1919 neque

423 1938 544 2000 litatem
567 1937 637 2019 ejus
661 1937 711 2000 cui
734 1936 884 2012 creditur,
908 1937 963 1999 sed
985 1936 1165 2017 depositum
1220 1939 1341 2014 affliges
1355 1958 1443 2006 eam,
1458 1936 1521 1998 nisi
1544 1935 1627 1999 forte
1642 1955 1698 2018 per
1721 1954 1796 2000 suos
1815 1956 1963 2000 excessus

424 2036 556 2099 traditur
582 2036 614 2098 in
642 2035 812 2099 utilitatem
842 2034 1032 2117 deponentis
1059 2053 1066 2097 :
1095 2034 1166 2097 ideo
1220 2035 1253 2097 id
1278 2044 1437 2099 mereatur
1460 2053 1467 2098 :
1491 2034 1571 2097 alias
1595 2034 1801 2116 singulariter
1825 2034 1877 2119 pie
1902 2045 1964 2098 tra-

422 2135 602 2199 arctabatur
613 2135 685 2217 quis
701 2135 734 2197 in
750 2133 912 2216 aliquibus
922 2132 1049 2197 casibus
1065 2134 1166 2213 magis
1220 2135 1354 2196 otandus
1375 2142 1434 2212 est,
1452 2134 1528 2215 quia
1551 2152 1615 2197 non
1637 2134 1734 2198 habet
1756 2142 1802 2198 tot
1822 2135 1964 2198 bumana

421 2236 461 2298 ad
487 2234 719 2297 restituendum
741 2241 899 2309 mutuum,
922 2251 1018 2312 quam
1042 2232 1167 2315 deposi-
1221 2234 1345 2309 solatia,
1369 2233 1452 2297 sicut
1476 2233 1638 2313 indigena.
1662 2236 1805 2310 Aduena
1826 2236 1914 2294 enim
1934 2244 1963 2294 et

422 2342 501 2397 tum.
519 2332 638 2396 Deinde
660 2332 752 2415 plura
772 2331 882 2394 scribit
903 2330 1022 2394 ibidem
1043 2332 1084 2393 de
1105 2330 1166 2393 ista
1220 2335 1285 2411 ipsi
1297 2334 1410 2410 scistis
1426 2336 1462 2394 ia
1478 2343 1565 2394 terra
1577 2333 1807 2410 AEgyptildoo
1822 2332 1855 2394 in
1871 2332 1964 2394 vobis

424 2432 567 2509 materia,
589 2450 724 2513 quorum
747 2449 860 2493 sensus
881 2430 946 2511 jam
965 2430 1166 2493 introductus
1220 2431 1299 2512 ipsis
1314 2431 1392 2494 estis
1407 2432 1540 2513 experti,
1557 2430 1636 2512 quid
1654 2429 1754 2493 animi
1774 2430 1817 2493 sit
1831 2432 1963 2495 advenis

423 2540 471 2595 est
486 2530 582 2595 etiam
598 2530 736 2613 plenius,
754 2548 849 2612 quam
866 2528 995 2591 ibidem.
1218 2532 1295 2593 dnm
1311 2530 1395 2593 male
1411 2537 1606 2607 tractantur,
1628 2538 1661 2593 et
1676 2530 1762 2611 quod
1778 2530 1870 2593 vobis
1885 2538 1964 2593 tunc

464 2634 503 2693 Si
517 2631 765 2709 seduceritqois
780 2631 942 2707 virginem
957 2632 1103 2689 nondam
1117 2632 1166 2689 dc-
1218 2629 1293 2693 fieri
1313 2628 1482 2711 optabatis,
1501 2629 1624 2692 debetis
1647 2647 1733 2690 nunc
1752 2628 1824 2691 aliis
1846 2628 1961 2693 facere.

421 2739 616 2809 sponsatam,
643 2726 823 2791 inducendo
847 2746 916 2789 eam
941 2727 980 2788 ad
1005 2726 1165 2790 carnalem
1218 2728 1304 2792 lstud
1320 2738 1425 2791 tamen
1442 2746 1506 2791 non
1522 2727 1626 2790 solnm
1644 2728 1796 2809 praecepit
1810 2728 1892 2791 Deus
1907 2746 1964 2810 per

422 2828 570 2911 copulam
593 2846 700 2891 seeum
723 2845 780 2909 per
800 2824 907 2903 verba,
924 2833 978 2887 aut
1000 2825 1085 2888 dona
1109 2843 1165 2887 seu
1219 2826 1345 2908 lloysen
1368 2826 1429 2904 his,
1445 2826 1502 2908 qui
1523 2844 1562 2888 ex
1576 2826 1710 2907 AEgypto
1732 2834 1823 2888 erant
1844 2827 1961 2902 educti,

421 2926 589 3011 promissa,
616 2926 683 2989 sive
708 2945 765 3008 per
789 2926 892 2987 minas
917 2933 971 2986 ant
995 2923 1166 3007 copulatri-
1220 2926 1274 2988 sed
1291 2924 1425 3007 posteris
1447 2943 1575 3007 quoque
1596 2942 1718 3002 eorum,
1735 2924 1792 3006 qui
1814 2924 1847 2987 in
1868 2925 1965 3007 patri-

421 3046 501 3104 oem,
519 3026 570 3090 vel
584 3045 641 3108 per
656 3034 740 3088 artes
763 3023 912 3102 nefarias,
934 3021 1200 3104 dormieritqaec
1219 3023 1278 3086 bus
1295 3023 1361 3085 suis
1377 3023 1410 3084 in
1426 3023 1560 3105 AEgypto
1576 3021 1717 3086 fuerunt.

422 3148 496 3187 cam
510 3146 547 3185 ca
557 3149 572 3197 ;
585 3126 707 3185 dotabit
722 3144 793 3185 cam
808 3124 882 3186 dole
897 3121 1055 3203 conjugis,
1067 3132 1097 3182 et
1111 3124 1166 3181 lta-
1271 3126 1382 3185 Vidua
1402 3133 1432 3183 et
1449 3124 1578 3200 papilio
1600 3143 1665 3183 aon
1687 3125 1839 3184 nocebitis
1854 3130 1964 3186 contra

423 3226 503 3285 babit
523 3243 594 3285 cam
618 3243 766 3291 eaorcra,
789 3220 851 3283 nisi
877 3220 1006 3283 aliunde
1032 3220 1167 3302 impedi·
1220 3221 1388 3304 justitiam.
1414 3223 1454 3282 Si
1478 3224 1624 3283 laeseritis
1649 3242 1699 3282 eos
1722 3221 1842 3303 injuste
1867 3222 1964 3286 verbo

421 3329 565 3384 mentum
586 3319 722 3385 eveniat.
740 3319 817 3381 Nam
832 3319 980 3382 subditur
996 3339 1003 3383 :
1021 3322 1061 3381 Si
1073 3330 1167 3397 pater
1219 3329 1275 3383 aut
1290 3318 1384 3381 factis
1399 3319 1449 3383 vel
1466 3319 1577 3397 signis,
1588 3322 1906 3400 vociferabaatarad
1915 3340 1963 3381 mc

423 3421 564 3497 virainis
585 3422 663 3480 clarc
686 3420 839 3489 aotaerit,
856 3417 916 3480 hoc
940 3425 999 3495 est,
1024 3417 1051 3478 si
1076 3424 1166 3499 pater
1220 3427 1331 3483 contra
1350 3435 1407 3481 vos
1429 3418 1653 3499 conquerendo
1673 3427 1769 3500 atque
1789 3418 1961 3482 vindictam

422 3517 537 3601 puellae
558 3536 629 3600 quat
649 3516 744 3598 paulo
761 3524 836 3579 ante
859 3514 961 3579 fuerat
980 3515 1083 3596 virgo,
1101 3534 1164 3578 non
1219 3518 1375 3600 optando;
1392 3516 1443 3579 vel
1463 3516 1617 3598 quoniam
1634 3516 1705 3599 ipsa
1722 3535 1832 3579 corum
1849 3516 1964 3582 vitiosa

422 3615 559 3680 voluerit
581 3634 650 3678 eam
673 3615 748 3678 dare
763 3614 925 3696 deceptori
940 3622 971 3677 et
986 3614 1164 3695 corruptori
1220 3615 1385 3698 oppressio
1410 3623 1459 3678 est
1483 3634 1582 3676 unum
1602 3615 1641 3678 de
1665 3623 1802 3696 quatuor
1825 3615 1964 3698 peccatis

422 3714 500 3778 filiae
515 3734 591 3792 suaa,
608 3722 738 3797 propter
754 3711 991 3795 improbitatem
1008 3712 1164 3790 illius‚vcl
1219 3714 1433 3777 clamantibus
1448 3722 1522 3777 ante
1537 3715 1646 3791 Deum,
1662 3714 1751 3796 juxta
1767 3713 1846 3776 illud
1864 3732 1871 3776 :

421 3812 573 3895 quoniam
604 3812 673 3895 ipso
698 3812 794 3876 ditior
824 3820 920 3895 atque
945 3810 1085 3874 nobilior
1108 3810 1165 3874 illo
1865 3829 1963 3897 (emm,

421 3920 486 3987 est;
504 3915 613 3974 reddet
622 3913 798 3990 pecaniam
814 3911 883 3993 ipse
898 3911 1058 3991 deceptor,
1061 3911 1165 3987 jacta
1251 3910 1380 3962 Clamitat
1395 3912 1460 3961 ante
1473 3910 1562 3961 Deum
1575 3924 1629 3962 vox
1643 3909 1797 3977 sanguinis,
1811 3914 1839 3962 et
1851 3910 1963 3963 Sodom-

420 4014 551 4073 modum
566 4013 660 4084 dotis,
669 4032 767 4091 quam
784 4012 925 4087 virm-nes
940 4011 1081 4087 decime
1095 4029 1165 4069 Con,
1250 3994 1311 4044 Vox
1324 4006 1530 4057 oppressorum,
1546 4006 1652 4045 marces
1666 3992 1777 4044 detenta
1796 3993 1929 4045 laborum.

420 4119 605 4183 secuerant,
631 4108 691 4173 hoc
716 4117 764 4172 est
789 4109 878 4191 juxta
905 4126 1086 4170 mensuram
1111 4126 1165 4189 pe
1218 4112 1262 4171 Et
1277 4131 1336 4187 ayo
1357 4113 1494 4171 audiam
1509 4115 1680 4171 clamorem
1694 4131 1805 4172 coram
1820 4132 1832 4170 .·
1848 4110 1880 4173 id
1902 4118 1961 4188 est,

421 4207 524 4271 cunia
552 4214 608 4270 aut
637 4226 861 4290 recompensa,
888 4225 959 4289 quae
989 4207 1093 4268 danda
1117 4214 1164 4268 est
1179 4209 1338 4291 Djustum
1357 4208 1515 4291 judicium
1535 4208 1582 4272 eis
1604 4207 1762 4286 faciendo,
1779 4208 1963 4273 monstrabo

421 4306 596 4370 secundum
621 4306 722 4386 legem
743 4324 802 4387 pro
824 4306 959 4386 virginis
978 4304 1161 4368 violatione.
1219 4326 1271 4369 me
1285 4326 1395 4371 eorum
1411 4306 1651 4388 injuriationcm
1667 4308 1850 4371 attendere:
1868 4318 1897 4369 ct
1912 4311 1964 4369 in-

421 4404 539 4486 Estque
564 4404 677 4468 modus
702 4403 785 4467 dolis
809 4403 907 4481 illius,
933 4413 968 4466 ut
993 4403 1028 4466 in
1053 4405 1165 4466 Dente
1217 4408 1410 4483 dignabitur
1424 4408 1521 4483 saror
1540 4427 1628 4466 necas
1647 4417 1759 4468 contra
1780 4428 1833 4469 vos
1850 4428 1963 4484 perca-

421 4502 566 4567 ronomio
592 4502 753 4580 scribitur,
781 4503 906 4584 pondus
931 4501 1164 4584 quinquaginta
1220 4506 1361 4585 tiamqac
1376 4526 1428 4565 vos
1439 4507 1564 4583 qtartr‘o,
1586 4505 1619 4567 id
1639 4513 1697 4581 est,
1715 4505 1818 4569 occidi
1838 4524 1895 4569 vos
1916 4504 1962 4568 fa-

300 4610 307 4627 ·
420 4601 571 4665 siclorum
595 4600 729 4681 argenti.
754 4604 916 4680 Maleficos
940 4622 1004 4662 non
1026 4603 1164 4679 patieris
1217 4602 1321 4677 ciam3
1347 4614 1377 4663 ct
1397 4614 1493 4664 cram
1516 4624 1631 4664 amores
1654 4615 1766 4665 oestroe
1790 4606 1911 4675 vidua,
1931 4615 1962 4665 et

420 4700 661 4762 cicercl'amen
676 4698 842 4763 maleficos
857 4698 1011 4776 occidere,
1019 4718 1084 4762 non
1096 4718 1164 4781 spe
1216 4704 1284 4778 filii
1298 4704 1396 4763 vestri
1407 4704 1532 4781 pupilli
1548 4723 1559 4761 .·
1579 4702 1688 4783 sicque
1704 4701 1830 4784 punitio
1845 4701 1964 4785 iniqui-

419 4807 484 4864 ctat
497 4799 537 4861 ad
553 4816 825 4881 unumquemque,
848 4799 902 4861 sed
922 4797 963 4859 ad
983 4797 1161 4880 principem
1217 4798 1291 4861 tatis
1313 4808 1438 4881 patrum
1461 4808 1493 4862 et
1515 4800 1714 4878 maritorum,
1735 4800 1844 4882 aliquo
1866 4800 1960 4863 modo

419 4908 520 4975 torrae,
539 4916 594 4961 sou
611 4896 739 4979 publica
754 4896 941 4959 auctoritate
963 4895 1159 4976 fungentem.
1217 4898 1408 4962 redundabit
1421 4898 1454 4960 in
1468 4917 1581 4962 uxores
1592 4906 1624 4962 ot
1635 4897 1749 4981 proles,
1758 4899 1791 4961 in
1804 4906 1959 4979 quantum

418 4996 872 5073 llalefioiautem‚sccundum
887 4994 1162 5073 Glossam‚vocan-
1216 4999 1393 5061 secundum
1420 5016 1535 5079 corpus
1566 5004 1643 5059 sunt
1669 4997 1791 5079 aliquid
1817 4997 1959 5059 virorum

419 5104 480 5173 tur,
503 5096 559 5178 qui
581 5095 751 5178 prestigiis
774 5094 904 5176 magicae
925 5094 1003 5157 artis
1025 5094 1075 5158 vel
1098 5095 1162 5157 dia·
1216 5105 1247 5160 et
1263 5105 1401 5179 patrum.
1418 5096 1475 5159 Per
1491 5097 1576 5158 istud
1597 5104 1791 5178 praeccptum
1806 5096 1959 5160 Dominus

282 5248 351 5293 Μ
365 5262 392 5292 m
418 5192 531 5258 boliois
561 5193 724 5275 figmentis
753 5203 863 5275 agunt,
890 5203 921 5257 ct
947 5194 1002 5276 qui
1027 5194 1160 5276 magieis
1212 5196 1314 5277 jubet,
1336 5202 1371 5256 ut
1397 5193 1646 5271 miserabilibus,
1670 5193 1833 5271 desolatis,
1855 5194 1958 5277 impo-

270 5279 401 5365 uaav'ai
415 5291 537 5355 artibus
553 5300 697 5369 utuntur,
715 5293 888 5375 dequibus
903 5291 1025 5355 dictum
1042 5301 1090 5356 cst
1106 5311 1161 5355 an·
1215 5292 1419 5375 tentibusque
1436 5292 1582 5375 personis
1603 5291 1785 5375 specialiter
1799 5292 1957 5357 caritativi
