4309 6259
514 506 687 553 uuunnntlo
708 506 738 552 IN
760 507 828 552 GAP.
852 505 925 552 XXVI
947 507 1180 556 onerationem.
1202 528 1243 540 -·
1263 513 1334 558 ΛΒΤ.
1358 513 1433 558 xxix
1686 494 1742 558 631

193 676 303 739 tribus
328 676 406 754 suis,
428 686 613 760 persecutus
638 685 687 739 cst
705 675 800 740 Jacob
825 685 945 758 septem
961 677 986 738 l
1000 676 1106 754 domo,
1125 679 1255 760 quiade
1271 682 1417 745 rebusac
1440 682 1586 763 frugibus
1605 703 1623 747 a
1643 691 1746 765 patre

193 775 364 852 dicbus,et
379 775 622 858 comprehcndit
635 794 708 838 eum
725 775 759 836 in
775 783 882 838 monte
892 773 947 837 Ga·
1002 774 1141 838 familias
1151 779 1386 861 deputabantur
1396 781 1434 842 ad
1446 800 1538 842 usum
1551 781 1634 844 bunc
1645 781 1743 863 pium,

194 874 282 936 laad.
302 877 366 944 Qui
379 878 542 936 descendit
558 877 594 936 in
605 878 787 952 AEppptum
802 893 875 936 cum
893 875 947 936 do-
1000 874 1039 935 ad
1051 874 1105 937 [lei
1118 875 1371 940 honoremllinc
1381 879 1466 959 quod
1475 878 1556 960 Lyra
1566 879 1745 955 ait,texlum

194 990 251 1035 mo
267 991 324 1035 seu
344 973 453 1036 sobole
469 993 535 1050 sua,
555 985 584 1035 ct
599 977 645 1033 ibi
656 975 884 1052 pereprirtatus
902 984 947 1034 est
1000 971 1098 1034 istum
1115 974 1193 1037 vitio
1215 974 1407 1057 scriptorum
1431 975 1531 1039 videri
1546 985 1742 1058 corruptum,

137 1101 177 1134 n..
195 1075 233 1132 iri
256 1074 456 1150 parrm'ssimo
484 1095 618 1133 nutriero
635 1095 646 1132 .·
667 1072 743 1153 quia
767 1071 800 1133 in
827 1071 947 1134 anima·
1001 1069 1044 1131 ita
1059 1072 1146 1151 quod
1161 1072 1214 1134 bic
1230 1072 1410 1150 baberetur,
1425 1073 1560 1150 Abstuli,
1579 1093 1643 1137 non
1658 1074 1745 1136 Attu-

194 1171 260 1232 bus
277 1170 495 1253 septuaginta:
510 1171 566 1252 qui
583 1191 734 1234 numerus
751 1170 811 1233 luit
827 1189 947 1252 permo
1001 1167 1034 1244 li,
1054 1188 1118 1232 non
1143 1179 1268 1252 oportet
1288 1170 1333 1234 sic
1358 1171 1475 1248 dicere,
1493 1191 1550 1236 nec
1572 1173 1653 1236 ratio
1675 1173 1744 1254 ejus

195 1269 289 1332 dicus
306 1269 545 1352 comparatione
563 1269 743 1332 infidelium
759 1269 946 1332 Chananaeo-
1001 1267 1084 1330 valet
1102 1289 1109 1332 ;
1127 1268 1202 1350 quia
1221 1288 1284 1332 non
1308 1269 1424 1333 dicitur
1443 1271 1507 1347 hic,
1525 1271 1611 1353 quod
1631 1271 1745 1335 sancti·

196 1387 269 1430 rum
286 1376 382 1449 alque
404 1368 635 1451 AEgyptiorum.
657 1367 816 1430 Habitavit
840 1377 944 1431 autem
1001 1363 1131 1428 licatum
1148 1366 1413 1438 bocallerebatur
1429 1370 1462 1431 in
1477 1369 1744 1433 JerusalemNorc

194 1467 295 1529 Jacob
317 1467 350 1528 in
371 1467 505 1550 AEgypto
521 1468 630 1530 decem
646 1474 677 1530 et
693 1474 814 1549 septem
829 1467 943 1541 annis;
996 1467 1166 1541 prieterivi
1188 1471 1347 1528 ciendam
1370 1478 1440 1538 tua,
1455 1489 1511 1528 nec
1532 1469 1649 1529 obiitus
1671 1489 1744 1529 sam

196 1566 425 1648 sedquoniam
445 1567 569 1630 advena
586 1565 657 1642 luit,
675 1574 706 1628 ct
728 1565 823 1628 aliam
844 1565 945 1646 regio·
1000 1565 1133 1639 imperii
1149 1567 1211 1633 tei,
1227 1583 1299 1645 quae
1314 1566 1354 1628 de
1373 1565 1507 1628 decimis
1528 1565 1744 1648 primitiisque

196 1683 284 1742 nem,
303 1664 464 1727 coelcstem
476 1664 626 1726 videlicet
642 1664 788 1746 patriam,
806 1663 951 1746 adspira:
998 1659 1133 1740 jussisti.
1152 1660 1216 1724 lloe
1230 1661 1347 1724 dieitur
1367 1683 1431 1726 non
1454 1663 1592 1728 inaniter
1606 1663 1744 1744 glorian-

193 1764 255 1841 vit,
272 1761 392 1826 dicitur
408 1762 452 1824 ibi
469 1763 700 1845 peregrinatus,
719 1763 802 1825 sicut
821 1772 852 1825 et
872 1771 945 1824 ante
999 1759 1050 1834 do,
1069 1759 1124 1821 scd
1148 1760 1210 1822 lieo
1234 1761 1341 1842 potius
1363 1762 1574 1842 regratiando,
1598 1763 1654 1844 qui
1674 1781 1744 1844 gra-

195 1863 229 1924 in
240 1861 315 1923 aliis
329 1860 427 1924 terris.
437 1862 569 1942 Propter
579 1861 664 1942 quod
675 1860 755 1922 dixit
765 1862 803 1923 ad
815 1861 944 1924 Pharao
962 1856 1076 1918 Btiam
1099 1858 1234 1920 contulit
1253 1859 1434 1937 obediendi,
1454 1861 1502 1924 vel
1521 1860 1687 1924 excitando
1709 1879 1743 1923 se

98 1978 128 2020 r.
157 2009 162 2018 .
196 1978 293 2024 nem:
313 1959 384 2023 Dias
400 1959 666 2042 peregrinationis
682 1979 760 2022 meae
776 1979 871 2041 super
886 1968 945 2022 ter·
999 1955 1105 2037 ipsum
1119 1957 1159 2018 ad
1181 1956 1410 2021 confidentiam
1435 1958 1519 2040 piam
1543 1959 1575 2021 in
1596 1959 1741 2036 Domino,

195 2079 277 2135 ram,
292 2067 353 2121 elc.
368 2061 535 2138 Creuitque
551 2060 586 2119 irc
599 2070 725 2135 gentem
738 2080 891 2135 ineptiam
907 2081 945 2120 ac
999 2054 1066 2117 sive
1082 2055 1121 2116 ad
1136 2055 1270 2117 aliorum
1287 2055 1544 2134 {edificationem
1557 2057 1677 2139 quiain
1693 2057 1743 2121 his

194 2161 374 2226 robustam,
386 2157 417 2218 id
434 2165 492 2231 est,
511 2156 678 2238 posteritas
690 2157 759 2238 ejus
770 2157 816 2219 sic
832 2157 942 2220 crevit.
999 2153 1102 2216 modis
1115 2152 1221 2216 Sancti
1235 2156 1428 2236 quandoque
1443 2175 1516 2218 suas
1531 2157 1745 2220 recitaverunt

195 2259 460 2334 Afflioeeruntque
475 2276 542 2326 nos,
560 2256 592 2317 id
612 2264 660 2318 est
681 2264 785 2337 patres
806 2263 941 2332 nostros,
998 2270 1034 2313 ac
1044 2250 1280 2333 descripserunt
1290 2253 1512 2335 justitiasNon
1521 2257 1643 2316 comedi
1652 2259 1744 2315 exeis

194 2357 353 2432 AEyyptii
368 2375 379 2413 .·
391 2353 502 2434 sicque
522 2353 665 2416 offerens
682 2354 740 2416 isle
756 2353 944 2434 loquebatur
999 2353 1035 2410 irc
1052 2355 1141 2412 luctet
1157 2373 1235 2422 mec,
1253 2352 1285 2414 id
1295 2360 1353 2428 osi,
1366 2353 1505 2416 decimas
1521 2353 1593 2416 illas
1602 2352 1744 2436 pt'aelalls

195 2473 234 2516 cx
256 2470 395 2534 persona
417 2452 514 2514 totius
539 2451 649 2534 populi
666 2453 727 2528 sui,
754 2460 785 2515 et
810 2452 944 2514 diversis
999 2447 1145 2529 personis
1156 2449 1406 2531 deputatae,non
1416 2451 1522 2530 redegi
1534 2452 1566 2512 in
1578 2451 1743 2533 proprium

194 2552 324 2614 diversa
344 2549 548 2612 attribuenda
574 2549 723 2626 luerunt3
739 2561 769 2611 et
793 2553 945 2612 clamavi·
1000 2566 1094 2608 usum
1107 2554 1163 2608 aut
1178 2567 1267 2610 esum
1284 2557 1426 2630 tempore
1441 2568 1519 2612 meae
1540 2548 1741 2628 afflictionis,

196 2671 269 2710 mm
289 2653 334 2710 ad
353 2651 532 2710 Dominum
551 2652 655 2709 Deum
676 2659 834 2718 nostrum,
849 2659 878 2708 ct
900 2670 946 2708 re·
1000 2645 1044 2707 ita
1059 2646 1145 2725 quod
1162 2645 1270 2708 nullus
1292 2665 1409 2710 moeror
1424 2655 1479 2709 aut
1494 2648 1590 2710 lictus
1609 2649 1649 2711 ad
1666 2668 1745 2731 prae

194 2751 303 2826 spexit
318 2749 540 2808 bumilitatem
555 2757 709 2819 nostram,
721 2757 751 2807 et
765 2749 879 2808 editicii
890 2768 946 2808 mos·
1000 2742 1085 2825 copti
1095 2743 1191 2825 hujus
1203 2744 1468 2808 inadvertentiam
1481 2764 1533 2808 mc
1543 2746 1745 2822 induxit3nec

195 2849 402 2923 deAEpyptO,
414 2855 443 2906 et
459 2847 646 2905 introducit
663 2847 697 2906 in
714 2849 818 2906 locum
835 2847 946 2914 istum,
999 2844 1149 2918 separavi
1162 2863 1200 2900 ee
1224 2845 1260 2902 in
1276 2844 1418 2921 qualibet
1441 2844 1668 2914 immunditia,
1685 2844 1745 2907 hoc

141 2949 144 2954 '
195 2953 257 3008 etc.
273 2946 400 3006 Idcirco
417 2964 504 3003 narrt·
519 2947 614 3020 offero
625 2945 795 3020 primitias
809 2945 946 3020 frugum
1000 2947 1058 3016 est,
1077 2957 1141 3001 non
1163 2939 1258 3001 divisi
1274 2939 1331 3002 bas
1346 2939 1486 3002 decimas
1501 2940 1542 3002 ab
1561 2941 1633 3003 aliis
1649 2941 1745 3004 rebus

197 3053 292 3104 terr-te
312 3042 376 3104 Deo
397 3040 430 3102 in
452 3039 713 3122 recognitionem,
734 3041 818 3121 quod
839 3039 946 3103 omnia
962 3041 984 3104 C
1001 3057 1036 3101 cc
1052 3037 1207 3119 partibus,
1224 3039 1263 3100 ad
1286 3039 1441 3100 utendum
1462 3039 1509 3103 eis
1529 3039 1563 3102 in
1584 3039 1690 3122 aliqua
1710 3059 1744 3103 ro

195 3141 237 3202 ab
262 3141 333 3222 ipso
354 3139 475 3220 accepi,
493 3147 524 3201 ct
546 3138 631 3219 quod
654 3139 736 3201 dona
759 3138 859 3220 ipsius
882 3138 946 3200 sint
1002 3136 1052 3199 vel
1078 3135 1203 3200 actione
1228 3136 1341 3200 illicita
1361 3146 1416 3199 aut
1436 3138 1666 3220 superstitiosa,
1689 3148 1745 3201 aut

196 3257 270 3320 quae
284 3235 390 3300 ollero
406 3237 447 3299 ci.
461 3240 503 3298 ΕΙ
518 3238 661 3298 dimittes
676 3258 713 3296 ea
730 3237 946 3313 incomptam
1001 3234 1034 3297 in
1060 3235 1219 3298 idolorum
1245 3236 1380 3312 cultura,
1399 3255 1470 3317 quae
1493 3238 1744 3301 antonomastice

197 3338 334 3398 Domini
349 3338 411 3397 Dei
428 3336 469 3397 ad
486 3354 578 3397 usum
596 3335 815 3397 ministrorum
832 3334 943 3416 ipsius.
1002 3342 1203 3416 nuncupetur
1229 3334 1452 3409 immunditia;
1469 3356 1525 3396 nec
1543 3339 1684 3413 eependi
1704 3358 1744 3396 ee

196 3437 241 3496 Et
256 3437 392 3494 adorato
405 3435 542 3494 Dorrtino
557 3436 622 3494 Deo
639 3443 703 3503 tcto,
714 3435 894 3509 epulaberis
910 3435 945 3493 in
1001 3435 1051 3493 ftis
1066 3435 1247 3511 quidquam
1262 3435 1299 3492 ira
1319 3454 1354 3492 re
1367 3435 1511 3510 fortebri,
1530 3433 1561 3495 ld
1577 3442 1624 3496 est
1644 3434 1676 3496 in
1693 3454 1745 3516 pa·

196 3534 348 3592 omnibus
373 3533 463 3592 bortis
487 3553 559 3610 quei
584 3534 742 3592 Dominus
764 3535 849 3592 Deras
872 3541 946 3592 tues
1001 3529 1179 3592 rcntalibus
1203 3549 1275 3611 quae
1295 3530 1507 3594 observabant
1529 3531 1676 3611 gentiles,
1698 3552 1746 3596 se

195 3631 323 3690 dederit
341 3631 401 3690 tibi
414 3639 444 3689 et
459 3630 573 3689 domui
590 3639 664 3698 tuce,
682 3639 717 3688 tu
732 3638 762 3688 et
776 3631 901 3688 Levites
916 3638 945 3688 et
1000 3629 1140 3690 cundum
1156 3627 1310 3692 Glossam.
1328 3628 1397 3705 Vel,
1414 3629 1447 3691 ln
1471 3648 1504 3692 re
1527 3629 1666 3706 funebri,
1685 3630 1745 3694 hoc

196 3731 326 3788 artvena
341 3730 400 3806 qui
417 3737 518 3788 tecum
534 3737 590 3787 cst.
1000 3735 1059 3804 cst,
1087 3726 1120 3788 in
1150 3727 1255 3790 causis
1281 3726 1469 3807 lugubribus
1500 3748 1556 3791 seu
1585 3728 1745 3810 exsequiis

239 3829 376 3895 Quando
396 3827 613 3902 compleveris,
637 3824 697 3888 boc
723 3833 782 3901 est,
807 3822 945 3905 perfecte
1001 3832 1211 3897 mortuorum,
1230 3823 1377 3888 iaciendo
1391 3844 1429 3888 ex
1445 3826 1578 3889 decimis
1593 3826 1644 3890 bis
1664 3826 1746 3890 rele-

196 3923 377 4004 collegeris,
404 3925 564 3983 decimam
591 3933 783 3983 cunctarum
808 3924 945 4000 smmum
1000 3923 1139 3986 ctionem
1155 3922 1206 3985 his
1221 3923 1277 4004 qui
1300 3924 1471 4005 sepultura
1491 3924 1744 4006 propinquorum

198 4033 444 4090 tuarummmm
459 4023 662 4081 decimarum
679 4023 770 4080 tertio
785 4022 877 4082 dabis
892 4024 946 4080 Le
1000 4039 1143 4085 meorum
1170 4020 1396 4085 interfuerunt.
1419 4023 1483 4085 lloc
1508 4023 1646 4100 additur,
1669 4023 1745 4104 quia

198 4123 275 4181 vr'tce
298 4129 329 4180 et
353 4123 487 4180 delectare
510 4129 540 4179 el
562 4121 691 4196 pupillo
716 4129 745 4179 et
770 4121 891 4188 ut'dttce,
909 4129 947 4180 att
1000 4118 1098 4182 Judaei
1122 4119 1156 4182 in
1178 4139 1307 4183 suorum
1332 4128 1500 4202 parentum
1523 4120 1683 4202 exsequiis
1699 4121 1746 4184 la-

197 4222 367 4280 comedam
388 4220 479 4278 r'rttra
491 4228 603 4296 portas
619 4227 701 4278 tuas.
721 4217 837 4279 Sensus
854 4217 946 4278 istius
960 4225 984 4285 D
1000 4236 1071 4280 cere
1091 4226 1326 4281 consueverunt
1347 4237 1501 4300 expensas
1520 4219 1743 4301 permaximas.

198 4335 314 4400 passus
337 4324 423 4398 patet
445 4335 483 4378 ex
509 4334 546 4378 co
569 4316 655 4397 quod
676 4314 830 4397 scripturn
851 4324 947 4397 atque
1040 4315 1130 4379 Circa
1150 4315 1235 4378 bunc
1250 4315 1356 4378 locum
1372 4316 1482 4380 recitat
1502 4316 1591 4399 Lyra,
1608 4319 1745 4398 qualiter

112 4451 153 4480 ..ι
198 4414 379 4498 expositum
392 4414 669 4496 estsupra:rlnno
680 4413 773 4476 tertio
784 4413 946 4494 separabis
1001 4413 1130 4494 quidam
1153 4414 1311 4490 dixerunt,
1328 4415 1413 4494 quod
1438 4414 1529 4478 tertio
1550 4433 1636 4478 anno
1654 4425 1746 4478 crant
1845 4433 1853 4444 ·

85 4529 90 4538 ·
198 4514 295 4576 aliam
317 4512 473 4575 decimam
496 4530 534 4573 ex
549 4511 697 4574 omnibus
719 4531 790 4593 quac
816 4531 947 4574 nascun-
1003 4512 1228 4575 tresdecimre:
1247 4530 1310 4573 una
1325 4512 1364 4573 ad
1381 4532 1474 4574 usum
1486 4511 1664 4575 levitarum
1679 4539 1686 4590 ;
1699 4532 1745 4576 se-

199 4621 250 4674 tur
266 4628 304 4674 eo
321 4619 475 4691 tempore.
494 4612 709 4690 Loquerisquc
725 4613 759 4670 in
781 4621 946 4687 conspectu
1001 4611 1106 4674 cunda
1130 4612 1169 4672 dc
1194 4628 1308 4673 novem
1334 4610 1478 4692 partibus
1504 4610 1649 4687 residuis,
1673 4631 1745 4693 quae

201 4712 335 4772 bomem·
355 4710 417 4770 Dei
433 4711 483 4768 tui
503 4729 515 4767 .·
535 4710 644 4770 Attuli
663 4712 748 4788 quod
766 4711 948 4785 sanctifica·
1001 4708 1187 4791 portabatur
1203 4708 1236 4770 in
1252 4708 1474 4786 Jerusalem,et
1490 4709 1564 4772 inde
1574 4709 1746 4791 epulaban-

200 4819 270 4869 tum
296 4817 341 4866 est
365 4811 405 4868 de
429 4809 521 4866 domo
545 4827 629 4876 enee,
646 4806 678 4868 id
700 4817 758 4877 cst,
782 4806 946 4888 praelatam
1002 4815 1053 4869 tur
1069 4807 1189 4869 ibidem
1204 4806 1379 4870 olicrentes
1394 4826 1466 4869 curn
1483 4806 1549 4869 suis
1562 4806 1693 4870 familiis
1709 4828 1745 4873 ac

200 4907 357 4969 decimam
379 4903 509 4980 Levitis,
527 4904 670 4980 advenis,
692 4904 824 4986 pupillis
844 4924 881 4968 ac
902 4906 948 4969 vi·
1002 4905 1131 4978 Levitis,
1144 4914 1175 4968 et
1193 4905 1291 4968 tiebat
1306 4904 1555 4986 singulisannis,
1568 4905 1650 4969 sicut
1665 4916 1696 4969 et
1712 4907 1745 4970 in

200 5005 274 5068 duis
294 5004 444 5078 dandam,
462 5001 509 5064 cis
524 5001 588 5083 jam
609 5003 775 5085 apportavi
796 5011 826 5065 et
842 5003 915 5065 dedi
937 5024 944 5067 :
1003 5005 1126 5087 prima3
1150 5003 1242 5066 tertia
1266 5003 1367 5066 fiebat
1388 5012 1510 5066 tantum
1533 5004 1625 5068 tertio
1647 5026 1744 5084 anno,

201 5104 273 5166 ideo
289 5100 448 5177 subditur,
464 5111 494 5160 et
508 5102 585 5160 titali
607 5103 693 5162 illud
707 5104 827 5162 Levitae
842 5112 871 5161 et
893 5105 948 5162 od·
1002 5111 1133 5183 eratque
1158 5121 1346 5184 pauperum.
1375 5101 1434 5165 Sed
1460 5105 1599 5166 secunda
1623 5104 1746 5168 decima

201 5221 301 5272 venoe,
317 5202 448 5278 pupillo
463 5209 492 5260 et
512 5200 627 5268 uiduae,
647 5202 730 5260 sicut
738 5201 870 5276 jussisti
891 5203 948 5260 mi-
991 5220 1072 5282 cum
1083 5201 1123 5262 ab
1139 5199 1208 5263 istis
1224 5200 1365 5282 ponitur,
1377 5201 1503 5263 videtur
1513 5201 1747 5283 conficta,quiu

202 5303 248 5362 tt.
256 5299 331 5374 Quia
342 5297 474 5360 decimae
483 5297 644 5373 dicuntur,
653 5297 892 5364 Sanctificatum
909 5300 949 5362 dc
1003 5317 1067 5365 non
1083 5297 1217 5361 babetur
1232 5317 1270 5360 cx
1285 5306 1381 5375 textu,
1391 5316 1496 5379 neque
1510 5317 1549 5362 ex
1563 5299 1746 5378 Glossa,scd
