4309 6259
405 429 447 495 56
806 458 981 505 aurumne
1002 459 1033 505 ur
1053 459 1123 505 car.
1146 458 1222 506 xxn
1240 456 1345 505 nour.
1366 477 1409 487 -
1426 458 1499 503 aar.
1521 459 1551 504 u

454 622 693 708 consequenter
727 629 923 694 tabernaculi
956 629 1152 693 constructio
1165 628 1193 691 A
1207 628 1355 692 cardines
1376 628 1634 712 suscipiebantur
1651 648 1688 691 ac
1706 626 1944 691 claudebantur.

406 724 609 803 describitur,
622 737 777 809 quantum
792 730 832 791 ad
847 731 918 810 ejus
933 730 1098 791 materiam
1108 738 1154 791 at·
1206 728 1315 809 ltaque
1331 729 1392 790 sub
1413 738 1550 809 utroque
1568 748 1668 790 cornu
1690 727 1804 789 tabule
1827 724 1949 789 exstitit

407 842 470 906 quc
487 823 634 887 sormam.
657 830 768 887 Facies
781 838 812 888 ct
827 830 952 889 tabutas
971 838 1102 899 stantes,
1118 828 1152 889 id
1208 847 1273 890 uua
1295 827 1402 902 basis;
1426 827 1477 889 rel
1497 830 1546 905 (ut
1566 827 1696 908 quidam
1722 825 1949 906 imaginantur)

406 931 454 986 est
479 932 611 1001 erectas,
636 929 838 987 tabernaculi
861 930 899 987 dc
924 929 1024 1005 trynts
1045 928 1151 997 setim,
1207 926 1348 989 unasub
1367 926 1495 1008 angulis
1518 926 1697 989 tabularum
1718 926 1863 987 duamm.
1888 924 1949 985 Sed

406 1045 478 1104 quar
492 1026 630 1101 singulm
644 1028 741 1085 denos
755 1028 875 1086 cubitos
890 1028 924 1086 in
948 1028 1153 1103 turpitudine
1207 1026 1346 1108 qualiter
1361 1034 1437 1088 tuuc
1453 1024 1589 1088 luissent
1608 1024 1653 1087 ibi
1673 1023 1881 1106 quadraginta
1896 1024 1951 1085 ba-

406 1123 597 1193 tonantio
612 1125 829 1206 est,quaelibet
845 1125 952 1187 tabula
966 1125 1027 1187 erit
1042 1125 1151 1186 decem
1208 1128 1281 1187 sest
1295 1130 1336 1185 In
1354 1129 1452 1184 latere
1466 1145 1590 1204 quoquc
1598 1126 1734 1184 secundo
1750 1125 1950 1183 tubernaculi

406 1220 586 1283 cubitorum
603 1221 636 1283 in
652 1222 868 1301 longitudine3
878 1234 909 1284 ct
925 1225 960 1283 tn
977 1226 1153 1283 tatttrutiue
1207 1227 1294 1304 quod
1308 1226 1422 1300 serpit,
1443 1222 1477 1284 id
1491 1231 1540 1285 est
1556 1222 1669 1298 tendit,
1685 1225 1729 1282 ad
1752 1223 1949 1301 aquilonem,

407 1319 523 1383 babeat
536 1322 682 1397 stupetis
696 1331 726 1381 et
740 1325 913 1393 semissem,
928 1321 959 1383 id
976 1321 1154 1403 est,quaeli·
1208 1324 1329 1398 uiyr'ntr'
1344 1324 1463 1382 tobuloe
1476 1332 1586 1390 mut,
1601 1323 1823 1401 quadruplata
1837 1321 1951 1380 buben-

407 1419 462 1481 bet
476 1416 537 1481 erit
551 1418 614 1480 lata
629 1419 732 1501 spatio
747 1420 847 1483 cubiti
862 1420 959 1482 unius
973 1440 1046 1483 cum
1061 1419 1155 1482 dimi·
1209 1432 1251 1481 tes
1266 1424 1352 1480 bases
1365 1430 1532 1497 serpentem
1546 1440 1559 1481 .·
1572 1420 1724 1502 quoniam
1740 1418 1843 1500 paries
1865 1418 1952 1499 aqui·

407 1516 472 1579 dio.
485 1516 529 1579 De
544 1517 753 1599 spissitudine
771 1528 878 1583 autem
898 1538 1007 1582 earum
1027 1538 1092 1582 non
1108 1519 1154 1583 lo
1208 1520 1328 1583 lonaris
1351 1518 1412 1581 luit
1434 1520 1567 1583 omnino
1591 1519 1755 1600 aqualiter
1779 1517 1952 1600 dispositus

407 1614 517 1697 quitur
533 1624 647 1695 textus,
658 1618 713 1681 sed
731 1618 926 1701 expositores
940 1619 1154 1682 communiter
1207 1629 1240 1683 et
1255 1619 1410 1683 lormatus
1424 1619 1507 1681 sicut
1522 1618 1627 1700 paries
1637 1617 1844 1679 meridianus.
1857 1618 1953 1678 Binoe

409 1723 586 1795 sequuntur
606 1715 790 1798 losepbnm,
818 1726 1045 1799 protestantem
1067 1718 1153 1798 quod
1208 1720 1450 1794 busessr'uyulis
1466 1719 1831 1795 tabulr'ssctpponentur.

408 1812 582 1895 spissitudo
600 1813 771 1895 cujuslibet
791 1815 906 1878 tabulae
931 1815 992 1877 tuit
1016 1816 1195 1897 quatuorlt
1248 1820 1302 1878 Ad
1311 1819 1538 1876 occidentatem
1550 1819 1761 1892 ceroptuqam
1772 1816 1953 1874 whernacu·

408 1912 593 1991 digitorum.
611 1912 727 1976 Tamen
747 1916 795 1993 (ut
813 1915 924 1978 recitat
939 1915 1033 1997 Lyra)
1052 1913 1153 1977 Rabbi
1210 1919 1236 1975 tt
1248 1914 1687 1993 saczcsseatabutasllarum
1702 1932 1757 1975 sex
1773 1911 1953 1973 tabularum

409 2010 558 2075 Salomon
578 2011 669 2088 dixit,
690 2013 775 2093 quod
795 2013 970 2095 spissitudo
992 2014 1088 2076 unius
1102 2033 1155 2076 ex·
1209 2022 1297 2075 tanta
1312 2012 1374 2074 luit
1390 2012 1756 2092 longitudo‚latitudoet
1769 2009 1952 2092 spissitudo,

409 2110 491 2172 stitit
505 2109 616 2172 cubiti.
634 2110 721 2185 Quod
742 2112 819 2173 satis
840 2112 988 2195 reprobat
1007 2113 1077 2195 ipse
1096 2112 1153 2194 qui
1208 2121 1328 2193 quanta
1349 2120 1381 2174 et
1401 2111 1536 2174 aliamm
1554 2128 1562 2171 :
1579 2130 1617 2173 ex
1646 2109 1765 2191 quibus
1788 2109 1956 2172 constabat

410 2209 532 2273 recitat.
549 2209 600 2272 Sic
614 2210 701 2273 enim
718 2209 956 2273 tabernaculum
973 2209 1087 2274 luisset
1106 2211 1155 2273 ni·
1209 2211 1314 2293 paries
1329 2208 1548 2287 occidentalis,
1565 2209 1687 2272 babens
1702 2208 1735 2269 in
1754 2207 1954 2289 longitudine

409 2306 481 2371 mie
497 2307 745 2389 ponderositatis
760 2308 799 2371 ad
820 2308 1022 2391 portandum.
1044 2312 1087 2371 In
1108 2314 1155 2371 ta·
1209 2308 1335 2373 cubitos
1350 2328 1473 2373 novem.
1482 2311 1525 2370 Et
1541 2329 1674 2369 rursum
1688 2309 1955 2387 climatumque

410 2409 529 2468 teribus
555 2408 682 2479 wtutoe,
708 2411 783 2469 dum
811 2411 1039 2469 incastraturae
1062 2413 1154 2486 fient,
1210 2412 1247 2469 in
1260 2410 1393 2485 aepulis
1408 2410 1580 2484 eriperetur
1590 2417 1663 2485 post
1679 2416 1801 2483 terqum
1813 2408 1956 2466 tuberna-

410 2508 527 2587 quilma
542 2509 654 2567 tatuta
670 2526 735 2568 una
749 2509 847 2567 alteri
863 2508 1156 2569 tabulceconnecta-
1209 2511 1288 2568 erati.
1306 2507 1376 2569 lstat
1394 2507 1465 2569 due
1485 2506 1601 2569 labnlae
1621 2524 1686 2569 non
1705 2512 1796 2567 erant
1815 2503 1956 2566 latitudi-

412 2615 476 2666 tur.
494 2604 550 2669 Per
580 2604 806 2667 incastraturas
834 2606 991 2687 losepbus
1020 2614 1052 2668 et
1081 2625 1155 2668 eum
1211 2607 1262 2669 uis
1278 2613 1373 2669 tautae
1392 2614 1428 2667 ut
1448 2613 1572 2681 ceterae,
1589 2603 1741 2686 quoniam
1756 2622 1956 2684 unaquaeque

410 2712 590 2785 sequentes,
607 2703 792 2785 intelligunt
815 2706 971 2768 cardines.
995 2705 1091 2769 Porro
1112 2724 1157 2767 se
1210 2724 1320 2768 earum
1335 2703 1473 2767 babebat
1493 2702 1526 2764 in
1548 2702 1717 2764 latitudine
1732 2700 1875 2764 cubitum
1892 2720 1956 2763 me

410 2803 551 2865 cundum
575 2801 666 2879 alios,
691 2803 875 2867 incastratio
901 2803 1080 2867 tabulamm
1103 2803 1154 2881 lit,
1211 2805 1320 2879 dium;
1337 2811 1430 2865 erant
1445 2811 1550 2864 tamen
1567 2801 1600 2863 iu
1617 2799 1816 2880 longitudine
1831 2808 1863 2862 et
1878 2799 1957 2881 spis

410 2901 485 2962 dum
502 2920 566 2963 una
580 2910 772 2965 concavatur
786 2902 820 2963 in
837 2922 894 2964 sua
908 2902 1156 2978 extremitatem
1212 2902 1352 2965 situdiuc
1362 2900 1477 2963 ceteris
1487 2900 1637 2981 aquales.
1646 2899 1755 2980 ltaque
1764 2918 1828 2960 uua
1842 2898 1957 2960 barum

410 3000 510 3063 altera
523 3009 716 3077 attenuatur,
733 3009 891 3083 quatenus
905 3009 1067 3064 attenuata
1082 2999 1157 3062 inti·
1172 3010 1194 3074 G
1211 3002 1357 3077 duarum,
1376 2999 1439 3062 luit
1452 3008 1558 3062 erecta
1579 2999 1612 3060 iu
1634 3017 1699 3061 uno
1718 2998 1817 3061 latere
1833 3016 1890 3061 seu
1905 3016 1958 3061 ex-

409 3108 501 3181 gatur
515 3108 694 3162 concavata
709 3099 742 3161 in
758 3119 814 3161 sua
829 3100 1036 3162 concavitate.
1049 3100 1156 3181 Aliqui
1212 3100 1371 3162 tremitate
1382 3098 1513 3181 parietis
1523 3096 1746 3171 occidentalis3
1762 3096 1957 3173 alterarero,

410 3216 486 3261 vero
505 3197 629 3273 dicunt,
645 3199 731 3278 quod
747 3197 931 3261 incastratio
955 3207 1004 3261 est
1026 3198 1157 3261 insertio
1212 3199 1245 3261 in
1267 3198 1332 3261 alio
1351 3196 1439 3259 illius
1461 3196 1593 3279 parietis
1615 3196 1724 3257 latere.
1745 3194 1848 3268 Quum
1870 3194 1957 3257 euim

412 3295 527 3360 tabulae
548 3295 581 3356 in
608 3294 747 3357 tabulam
771 3294 853 3358 lacta
878 3314 934 3378 per
958 3296 1079 3359 medios
1094 3296 1158 3359 cla-

410 3413 477 3458 vos.
490 3394 566 3456 Nam
582 3393 662 3456 etin
678 3393 871 3457 Scholastica
887 3393 987 3457 lertur
1002 3395 1155 3459 historia:

409 3492 628 3573 iungebantur
649 3492 710 3555 sibi
730 3502 843 3556 mutuo
869 3494 984 3556 tabulae
1006 3494 1158 3557 incastra-

413 3601 462 3669 te,
485 3612 525 3655 ne
540 3591 655 3655 rimula
670 3601 752 3655 esset
768 3592 826 3669 ibi,
841 3600 896 3654 aut
911 3592 1078 3673 inaequalis
1093 3593 1158 3675 pla-

412 3691 508 3754 nities
538 3691 679 3774 parietis.
711 3696 816 3772 Atque
845 3695 882 3752 in
910 3694 998 3752 tunc
1026 3695 1157 3752 modum

411 3801 534 3851 cunctae
557 3792 673 3852 tabule
683 3794 905 3868 parabuntur,
924 3789 956 3851 in
982 3790 1158 3871 longitudi-

413 3907 464 3963 ne,
481 3887 700 3971 spissitudine,
718 3887 947 3951 incastraturis.

454 3989 600 4055 Quarum
623 3990 743 4065 viqiuti
763 3998 858 4048 erum
881 3990 917 4047 in
938 3992 1036 4047 lutere
1057 3985 1159 4049 laber-

413 4083 517 4147 naculi
529 4088 813 4165 meridianaquod
824 4089 927 4163 ceryit
941 4089 985 4145 ad
994 4096 1155 4147 austrum.

1212 3318 1267 3361 sex
1289 3296 1405 3359 tabulae
1428 3295 1598 3378 predicta,
1616 3313 1681 3357 non
1702 3293 1873 3376 implerent
1895 3294 1957 3357 uisi

1212 3416 1327 3460 novem
1341 3394 1524 3457 latitudinis
1544 3393 1682 3470 cubitos,
1698 3392 1850 3455 dimidius
1868 3392 1958 3455 cubi-

1213 3504 1263 3558 tus
1287 3496 1328 3557 ab
1355 3502 1490 3575 utraque
1514 3500 1605 3575 parte
1629 3511 1748 3555 vacuus
1772 3492 1955 3573 apparebat.

1212 3595 1284 3657 ldeo
1305 3593 1411 3656 tabula
1433 3611 1498 3655 uno
1519 3590 1628 3654 cubito
1647 3591 1721 3667 lata,
1738 3610 1796 3672 per
1816 3591 1958 3653 medium

1212 3702 1298 3755 secta
1312 3701 1371 3767 est,
1389 3701 1421 3755 et
1444 3691 1520 3754 inde
1540 3698 1614 3752 sunt
1637 3688 1729 3752 lacte
1750 3690 1821 3752 dum
1843 3688 1959 3751 tabulae

1212 3790 1448 3854 semicubitales
1461 3808 1468 3852 ε
1480 3804 1553 3871 quae
1568 3789 1720 3870 utrinque
1735 3788 1879 3871 partibus
1894 3788 1959 3851 illis

1212 3890 1378 3974 opposita,
1399 3890 1584 3952 clauserunt
1598 3896 1631 3951 et
1647 3887 1861 3969 impleverunt
1878 3889 1959 3951 duos

1213 3990 1285 4053 illos
1301 3988 1508 4052 semicubitos
1524 4005 1653 4063 vacuos,
1670 3986 1889 4068 parietemquc
1907 4006 1960 4050 oc-

1212 4087 1403 4153 cidentalem
1420 4085 1727 4169 compaginaverunt
1741 4094 1774 4147 et
1787 4086 1960 4165 conjunxe-

412 4184 481 4245 lstae
504 4182 623 4245 etenim
647 4182 762 4246 tabulae
783 4183 829 4247 sic
850 4184 1030 4265 conjuncte
1054 4202 1091 4246 ac
1115 4184 1196 4262 si-I)
1213 4194 1288 4248 runt
1298 4185 1370 4247 aliis
1380 4185 1506 4248 duobus
1517 4182 1694 4266 parietibus
1709 4181 1958 4246 collateralibus.

413 4288 518 4357 tuate,
526 4279 761 4343 constituerunt
774 4281 944 4344 australem
961 4281 1158 4345 tabernaculi
1213 4286 1457 4364 Eruntquestbt
1468 4285 1649 4361 conjunctae
1664 4285 1847 4343 adeersum
1862 4304 1961 4362 usque

413 4378 577 4461 periclem·
607 4381 727 4447 Quibus
748 4376 969 4459 quddraqtnra
995 4382 1081 4441 brusca
1105 4402 1158 4440 ar·
1212 4405 1342 4444 sursum
1358 4401 1370 4444 .·
1385 4391 1475 4445 erant
1500 4380 1587 4445 enim
1611 4380 1685 4443 aliis
1706 4379 1823 4443 tabulis
1841 4380 1960 4461 juncte)

408 4488 539 4557 perteus
552 4478 679 4555 funde.
690 4478 776 4539 basis
791 4487 932 4555 vocatur,
941 4479 1026 4560 quod
1043 4478 1158 4542 tabulae
1214 4501 1271 4564 per
1296 4490 1395 4545 totam
1424 4480 1627 4543 altitudinem
1654 4478 1811 4562 parietis3
1837 4490 1867 4539 et
1892 4501 1961 4541 una

413 4595 469 4640 seu
482 4576 638 4640 columne
648 4578 687 4639 ad
699 4577 941 4640 sustentandum
952 4577 1156 4660 supponitur.
1213 4601 1486 4659 omnescompaqo
1501 4581 1677 4641 retinebit:
1693 4578 1725 4641 id
1745 4587 1804 4656 cst,
1825 4598 1889 4641 uua
1907 4595 1960 4658 ge

420 4679 457 4737 Ut
479 4678 563 4739 tine
583 4678 671 4737 bases
692 4678 833 4753 stupetis
856 4679 973 4737 tatutis
993 4696 1053 4755 per
1076 4681 1157 4738 duos
1214 4679 1315 4743 nenati
1330 4678 1650 4743 connexioueomnes
1660 4676 1960 4760 tabulaeemntpro

412 4778 548 4853 capulos
576 4776 808 4854 subjiciantur.
834 4774 987 4849 Qualibet
1019 4795 1157 4859 namquo
1214 4777 1470 4861 portionabiliter
1498 4787 1610 4840 mutuo
1634 4776 1801 4859 copulatae.
1826 4780 1960 4839 Duabus

413 4872 522 4935 tabula
536 4874 615 4936 duas
631 4872 768 4936 babebat
783 4873 876 4937 bases
893 4892 900 4937 :
918 4893 1015 4937 unam
1038 4875 1071 4936 in
1093 4892 1158 4938 uno
1213 4898 1338 4959 quoque
1359 4879 1488 4950 tabulis,
1505 4898 1577 4955 quae
1595 4877 1633 4938 in
1654 4877 1786 4953 enectis
1801 4878 1960 4954 ponendae

412 4971 531 5055 angulo
547 4990 603 5036 seu
628 4971 825 5035 extremitate
849 4972 910 5050 sui,
927 4972 1022 5036 aliam
1038 4973 1072 5035 in
1094 4973 1158 5038 alio
1212 4987 1302 5047 sunt,
1317 4983 1428 5058 utpote
1443 4974 1605 5058 predictis
1620 4973 1743 5037 duabus
1759 4971 1961 5037 semicubita-

412 5071 542 5155 angulo‚
555 5072 732 5135 seeundum
748 5071 954 5155 expositores.
971 5073 1159 5136 lncastratu-
1215 5073 1301 5137 libus
1317 5073 1446 5151 tabuliS,
1456 5076 1576 5136 similis
1584 5076 1748 5152 junctura
1761 5073 1960 5133 servabitur:

415 5192 450 5235 ra
465 5191 522 5235 seu
533 5172 628 5235 cardo
639 5170 730 5255 [erat]
742 5190 780 5235 ex
792 5180 926 5254 utraque
937 5180 1026 5253 parte
1037 5172 1160 5236 inaura·
1213 5174 1290 5255 quia
1305 5173 1350 5236 sic
1365 5182 1459 5236 erunt
1474 5174 1653 5255 conjunctae
1668 5171 1785 5235 tabulis
1795 5169 1958 5253 proximis,

412 5282 455 5349 ta,
464 5280 497 5335 et
512 5270 546 5334 in
561 5269 691 5335 basibus
707 5278 802 5355 erant·
813 5270 982 5351 foramina,
991 5270 1024 5333 in
1040 5271 1159 5354 quibus
1213 5272 1484 5354 quemadmodum
1505 5280 1619 5337 cetere
1640 5269 1703 5333 sibi
1724 5270 1864 5334 invicem
1885 5287 1961 5333 cou-
