4309 6259
524 501 697 548 mnanano
718 502 749 547 nv
770 501 838 547 aar.
861 500 915 546 xrx
936 500 1169 547 nauranonoun.
1193 520 1233 531 -
1252 503 1324 549 aar.
1347 503 1389 548 xx
1666 484 1726 549 593

178 671 465 753 pseudoprophetae
476 672 649 753 predicare
659 678 825 753 usurpent,
838 689 926 734 men·
941 670 967 731 Α
1022 671 1192 750 Postremo,
1202 673 1289 755 quod
1300 673 1333 735 in
1344 673 1406 736 isto
1416 672 1557 755 capitulo
1571 672 1725 757 seriptum

175 768 313 844 tiuntur,
329 776 384 831 aut
399 769 658 850 conjecturaliter
676 789 713 831 aa
728 788 800 832 cum
817 768 927 832 lormi-
982 778 1040 845 est,
1057 769 1219 833 Perfectus
1240 780 1273 834 et
1293 772 1414 852 absque
1429 771 1554 834 macula
1568 772 1631 835 eris
1652 791 1726 834 eum

176 866 253 929 dine
268 868 309 929 de
324 868 474 949 opposito
490 867 564 929 inde
580 867 764 948 loquuntur,
782 867 826 928 ita
841 868 925 947 quod
982 869 1116 932 llomino
1128 870 1188 932 beo
1200 878 1264 947 tuo,
1278 879 1455 949 satagamus
1471 870 1615 952 implere,
1627 890 1726 951 quum

176 965 276 1028 verba
286 984 397 1029 eorum
415 966 447 1028 in
459 985 586 1029 omnem
599 974 748 1029 eventum
762 966 843 1027 trahi
855 983 926 1047 pos·
982 975 1013 1028 et
1028 966 1171 1030 Salvator
1186 967 1348 1030 hortetur:
1366 968 1472 1031 Estote
1488 967 1631 1049 perlecti,
1644 968 1727 1031 siout
1761 988 1872 1039 narrum.

174 1071 251 1125 sunt
266 1084 304 1127 ae
328 1063 438 1139 lleeti;
455 1064 506 1127 vel
523 1084 562 1127 ex
583 1063 777 1128 revelatione
798 1064 926 1144 angelo
982 1073 1013 1128 et
1034 1066 1124 1128 Pater
1144 1075 1248 1129 vester
1263 1067 1402 1129 eoelestis
1424 1066 1586 1149 perlectus
1602 1076 1661 1130 est.
1678 1068 1726 1131 Ad
1740 1052 1774 1093 ⁴⁸·

175 1182 246 1225 rum
264 1171 460 1240 sanctorum,
478 1163 534 1244 qui
549 1181 588 1226 ex
604 1163 699 1225 certis
719 1162 823 1225 causis
838 1161 926 1242 juxta
982 1163 1089 1225 minus
1105 1164 1191 1226 enim
1207 1172 1332 1246 oportet
1346 1164 1387 1227 ab
1409 1166 1496 1227 omni
1519 1166 1645 1229 macula
1659 1166 1727 1229 cul-

174 1268 302 1325 raternae
328 1260 498 1343 Sapientiae
524 1262 743 1337 constitutum,
766 1261 925 1322 interdum
982 1282 1031 1345 pre
1046 1263 1190 1325 mortalis
1206 1282 1276 1326 esse
1286 1272 1466 1345 purgatum,
1480 1252 1512 1325 et
1523 1264 1556 1325 in
1571 1264 1623 1326 via
1638 1284 1727 1327 man-

174 1360 284 1442 aliqua
301 1361 377 1423 talia
392 1360 542 1439 malignis
557 1360 699 1423 revelant
714 1359 880 1442 spiritibus
896 1367 927 1422 et
982 1361 1128 1422 datorum
1145 1360 1304 1423 sincerum
1325 1378 1331 1421 :
1350 1360 1459 1442 sicque
1474 1362 1514 1424 de
1529 1360 1726 1443 perfectione

174 1478 287 1523 eorum
304 1458 462 1522 ministris
475 1476 482 1521 :
495 1467 526 1522 et
543 1467 617 1521 tune
634 1478 696 1521 non
713 1466 787 1521 sunt
798 1458 926 1539 proprie
983 1456 1272 1534 sufficientiae,non
1284 1458 1572 1541 supererogationis
1587 1461 1727 1523 autemi-

175 1559 359 1621 dramonum
383 1557 560 1641 prophetia
579 1566 633 1620 aut
658 1557 809 1621 vaticinia
834 1576 927 1638 pseu·
983 1556 1110 1633 nentiae,
1129 1556 1212 1618 istud
1230 1557 1411 1638 exponitur,
1428 1566 1583 1639 quantum
1604 1559 1645 1620 ad
1660 1576 1728 1621 om-

177 1658 239 1731 do;
257 1657 314 1719 sed
338 1658 378 1721 de
401 1656 451 1718 bis
474 1657 560 1719 solus
578 1657 657 1719 Deus
677 1656 825 1718 veritates
848 1673 928 1737 prae-
984 1674 1050 1717 nes.
1068 1654 1219 1735 Religiosi
1239 1673 1315 1717 vero
1337 1656 1375 1717 ad
1397 1655 1604 1743 consiliorum
1624 1655 1727 1739 perle-

177 1756 306 1819 nuntiat
329 1764 361 1818 et
381 1756 512 1832 revelat,
529 1764 561 1818 et
581 1755 650 1836 ejus
666 1754 829 1836 Propheta
851 1754 926 1817 inde
982 1752 1131 1828 ctionem,
1154 1761 1186 1814 et
1200 1752 1340 1815 caritatis
1360 1753 1530 1835 specialem
1547 1754 1725 1835 protectum

175 1874 249 1917 cunr
266 1854 460 1917 certitudine
475 1853 699 1916 vaticinantur.
940 1864 963 1925 Β
983 1852 1113 1913 tendere
1127 1850 1316 1930 obligantur.
1324 1850 1473 1933 Episcopi
1488 1860 1592 1914 amem
1610 1852 1727 1915 debent

217 1950 327 2031 ltaque
342 1969 361 2013 a
376 1949 518 2033 praelatis
534 1949 815 2032 superstitionibus
832 1957 863 2011 et
878 1967 927 2011 va·
983 1949 1015 2009 in
1038 1948 1125 2011 omni
1148 1948 1264 2011 virtute
1284 1968 1354 2011 esse
1374 1948 1517 2030 perlecti.
1535 1950 1640 2027 Porro,
1662 1969 1727 2013 orn·

176 2047 334 2110 nitatibus
350 2066 421 2129 quae
433 2047 573 2129 ipsarum
587 2047 730 2129 reliquiae
746 2054 826 2123 sunt,
840 2065 928 2128 pror·
983 2046 1073 2107 nium
1088 2053 1231 2108 nostrum
1246 2054 1294 2108 est
1309 2064 1416 2109 coram
1433 2048 1495 2110 lleo
1511 2047 1647 2111 sollicite
1661 2068 1726 2111 am-
1767 2074 1872 2127 ureae,

176 2166 232 2207 sus
242 2146 473 2223 abstineamus,
483 2145 700 2209 curiositatem
711 2145 858 2221 vitemus,
869 2163 928 2207 nec
983 2144 1104 2220 balare,
1114 2152 1209 2225 atque
1225 2143 1257 2205 in
1274 2144 1447 2207 virtutibus
1462 2164 1614 2222 crescere,
1626 2165 1726 2227 quum
1740 2139 1761 2178 ⁸·

176 2246 212 2307 in
229 2245 439 2326 supervacuis
455 2262 669 2325 occupemur3
687 2244 857 2325 potiusque
878 2262 930 2305 eo-
984 2259 1047 2304 non
1064 2240 1234 2323 prolicere,
1252 2241 1294 2303 sit
1309 2242 1465 2317 delicere3
1483 2262 1541 2306 nec
1557 2244 1657 2326 possit
1671 2244 1728 2307 diu

176 2362 294 2407 namur
309 2343 458 2425 proprios
473 2341 617 2407 delectus
633 2350 664 2405 et
678 2360 825 2405 excessus
841 2340 930 2404 debi-
983 2339 1086 2402 vitare
1111 2338 1268 2415 mortalia,
1293 2339 1350 2421 qui
1375 2359 1481 2403 eoram
1507 2342 1569 2404 lleo
1593 2342 1730 2405 eustodi-

177 2452 209 2505 te
226 2442 359 2519 intueri,
377 2441 570 2523 deplangere
585 2460 622 2504 ae
637 2441 749 2517 vitare,
767 2459 862 2521 quam
883 2438 929 2501 lu·
985 2445 1035 2499 tus
1059 2456 1096 2500 ac
1121 2436 1287 2500 timoratus
1313 2456 1376 2501 non
1405 2437 1517 2515 luerit,
1541 2458 1640 2520 quum
1665 2449 1730 2502 tam

177 2550 250 2603 tura
275 2548 307 2603 et
332 2539 441 2602 abdita
465 2539 505 2601 ad
531 2539 665 2602 salutem
688 2557 752 2601 non
775 2537 930 2619 requisita
987 2535 1084 2598 variis
1108 2534 1212 2598 modis
1239 2545 1408 2613 tentemur,
1436 2546 1565 2619 tamque
1592 2538 1730 2620 fragilis·

177 2639 381 2717 dignoscere.
987 2634 1060 2696 simi
1082 2633 1192 2696 simus.

734 3064 1059 3151 ARTICULUS
1100 3062 1178 3148 XX

384 3340 575 3387 Exrtannuto
602 3338 775 3384 bl'l'l'EllllblS
801 3338 938 3384 onrttott
964 3337 1139 3384 Nosloacnttl
1161 3338 1168 3382 :
1192 3338 1274 3393 Qtttttl
1299 3338 1530 3385 otsrnnotoantr

724 3437 855 3483 oonltttts
877 3437 953 3482 DEUS
974 3436 1049 3481 TUUS
1070 3436 1195 3481 cautas.

252 3720 336 3783 UNC
362 3726 560 3800 repetuntur,
579 3736 650 3799 quae
680 3716 719 3779 de
748 3713 934 3779 civitatibus
951 3713 973 3776 C
989 3716 1072 3791 bern,
1090 3733 1162 3796 quae
1183 3714 1224 3776 sit
1245 3713 1357 3777 civitas
1373 3714 1602 3795 lugitivorum
1620 3727 1657 3777 ut
1679 3720 1734 3779 tur-

263 3818 382 3897 relugii
403 3825 434 3880 et
454 3814 628 3879 homicidio
644 3812 860 3878 involuntario
877 3831 932 3874 seu
989 3816 1090 3873 berete
1111 3814 1229 3885 cascina,
1247 3813 1307 3875 boc
1328 3820 1377 3875 est
1401 3813 1441 3875 de
1464 3813 1658 3895 propinquo,
1674 3820 1734 3896 qui

50 3946 165 3995 amm,
179 3916 305 3983 casuali
328 3916 414 3979 dicta
439 3923 513 3977 sunt
535 3914 567 3975 in
584 3914 691 3976 Exodo
713 3912 798 3975 etin
820 3910 933 3973 Nume-
985 3921 1117 3989 propter
1127 3912 1341 3970 homicidium
1352 3909 1478 3973 casuale
1493 3920 1522 3973 et
1539 3913 1730 3991 excusabile,

39 4015 66 4054 ¹³·
81 4012 152 4113 aaa}
180 4019 241 4081 riS.
261 4020 369 4085 Quum
386 4014 619 4093 disperdiderit
641 4014 798 4073 Dominus
810 4020 930 4087 gentes,
984 4011 1145 4086 prosapies
1170 4018 1214 4068 est
1238 4007 1278 4070 de
1301 4007 1370 4071 loco
1390 4028 1455 4071 suae
1479 4010 1653 4073 nativitatis
1677 4023 1733 4076 aut

37 4077 139 4123 num
157 4104 162 4114 ¹
179 4136 325 4197 quorum
345 4115 404 4175 tibi
420 4114 604 4175 traditurus
623 4120 667 4171 est
691 4120 822 4180 terram,
843 4110 932 4169 tati·
987 4106 1174 4183 mansionis
1193 4107 1368 4187 praesertim
1392 4107 1433 4169 de
1456 4107 1622 4170 homicidii
1648 4109 1728 4186 loce,

179 4214 366 4292 tacensque
388 4210 421 4272 in
446 4229 494 4287 ea,
520 4220 580 4269 tres
602 4210 748 4269 civitates
769 4207 931 4283 separabis
985 4225 1047 4284 quo
1059 4207 1160 4283 possit
1174 4208 1318 4265 evadere.
1336 4202 1475 4277 Qualiter
1489 4214 1594 4267 aulem
1610 4206 1729 4288 Moyses

178 4314 255 4381 tibi,
268 4311 302 4373 id
316 4319 375 4387 est,
388 4326 531 4372 seorsum
543 4307 584 4369 ab
598 4305 670 4369 aliis
686 4304 819 4366 urbibus
834 4304 931 4385 depu·
985 4302 1151 4366 constituit
1162 4309 1225 4363 tres
1236 4302 1380 4364 civitates
1392 4301 1508 4382 refugii
1520 4303 1553 4364 in
1565 4311 1648 4366 terra
1657 4306 1730 4369 dua·

176 4404 277 4481 tabis,
294 4411 330 4466 ut
344 4403 410 4465 sint
432 4401 527 4465 urbes
550 4399 677 4480 refugii,
694 4410 837 4459 sternens
852 4399 932 4457 diti·
985 4420 1054 4463 rum
1068 4420 1105 4463 ac
1120 4398 1233 4463 mediae
1249 4399 1400 4476 tribuum,
1418 4400 1539 4462 dictum
1558 4411 1607 4463 est
1620 4422 1727 4486 supra.
1771 4438 1834 4484 ow,
1846 4456 1874 4493 ,ἦ

168 4512 292 4581 pentcr
314 4504 415 4571 utam,
434 4499 466 4561 id
488 4506 547 4575 est,
570 4496 789 4579 complanabis
815 4494 929 4557 itinera
984 4499 1089 4575 Porro,
1106 4497 1244 4579 qualiter
1264 4506 1339 4560 sunt
1362 4507 1425 4560 tres
1448 4498 1591 4561 civitates
1612 4502 1651 4562 ad
1668 4502 1728 4567 boe
1742 4501 1776 4553 ⁴¹·
1789 4503 1823 4546 ⁴³·

171 4602 216 4665 ad
244 4599 454 4683 pergendum,
472 4605 508 4659 ut
529 4596 586 4659 liat
608 4596 694 4678 quod
716 4593 882 4656 subditur:
900 4604 929 4654 ct
984 4596 1153 4677 assignatae
1179 4596 1212 4657 in
1239 4604 1323 4658 terra
1346 4595 1579 4678 promissionis,
1601 4606 1634 4661 et
1657 4618 1729 4681 quae

173 4704 213 4761 in
237 4709 298 4759 tres
314 4698 484 4777 ωᾳιιαῐίιεν
502 4704 612 4773 portes
636 4704 734 4755 totam
752 4703 844 4753 terrra
866 4702 930 4753 tuor
985 4692 1105 4756 luerint
1129 4693 1204 4769 illae,
1219 4693 1313 4756 losue
1334 4692 1472 4775 scripsit.
1488 4694 1608 4757 Deinde
1630 4696 1663 4758 in
1679 4698 1731 4760 lit-
1762 4736 1875 4788 ,mm

167 4790 399 4877 provinciam,
417 4793 540 4857 scilicet
556 4800 673 4855 terram
693 4789 927 4873 promissionis,
985 4800 1052 4854 tera
1071 4790 1324 4874 exemplificatur
1347 4793 1387 4855 de
1400 4790 1574 4856 homicidio
1596 4797 1728 4875 casuali,
1744 4801 1765 4852 ²·
1778 4802 1798 4843 ⁸·

171 4897 309 4957 divides
327 4911 390 4956 non
406 4890 576 4967 materiali,
589 4891 644 4953 sed
661 4888 869 4952 intellectuali
884 4888 931 4950 di·
945 4894 969 4955 D
986 4898 1021 4952 ut
1032 4889 1059 4952 si
1074 4890 1147 4971 quis
1163 4909 1236 4953 eum
1251 4890 1396 4972 proximo
1415 4908 1473 4953 suo
1492 4901 1603 4972 pergat
1616 4894 1655 4956 ad
1677 4896 1732 4958 sil-

173 4993 319 5070 visione,
337 4991 421 5053 sicut
434 4990 580 5054 zodiacus
596 4988 750 5053 dividitur
767 4987 799 5049 in
815 4988 931 5051 ‹luode-
988 5008 1059 5051 vam
1076 4997 1112 5050 ut
1127 4988 1214 5068 ligna
1228 4987 1404 5065 abscindat,
1421 4995 1481 5051 etc.
1500 4992 1608 5059 Qum
1623 5004 1731 5057 autem

175 5095 248 5158 cim
269 5091 372 5171 signa,
390 5098 422 5152 et
437 5087 525 5153 orbis
539 5107 595 5151 seu
613 5087 730 5151 eoelum
746 5086 779 5148 in
801 5085 864 5148 duo
881 5084 933 5148 he
988 5088 1179 5147 dilataverit
1202 5088 1362 5148 Marinus
1392 5088 1543 5149 terminos
1573 5100 1652 5152 tuos.
1674 5092 1732 5156 llic

177 5188 396 5273 mispbaeria3
417 5195 449 5251 et
472 5186 506 5247 iu
531 5185 675 5268 qualibet
699 5184 811 5247 harum
836 5183 932 5245 trium
988 5184 1118 5246 additur
1130 5184 1217 5265 quod
1232 5183 1265 5245 in
1287 5184 1539 5265 precedentibus
1555 5185 1646 5250 libris
1668 5208 1732 5253 non

178 5288 326 5375 partium
343 5294 433 5350 terrae
453 5284 498 5347 ita
511 5283 632 5361 divisa,
650 5282 748 5363 eliges
769 5300 865 5344 unam
883 5300 935 5343 ur·
991 5280 1135 5358 habetur,
1153 5280 1302 5344 videlieet
1323 5288 1358 5342 ut
1373 5289 1487 5363 preter
1501 5290 1565 5347 tres
1587 5285 1732 5351 civitates

313 5420 347 5475 T.
363 5420 389 5470 2.
1579 5418 1611 5470 38
