4309 6259
401 493 459 558 tut
740 513 913 559 nunnunno
934 514 965 560 ru
987 514 1054 560 cnr.
1078 513 1133 559 xm
1150 514 1347 560 uuxeuouuu.
1369 533 1409 544 -
1430 515 1500 561 nur.
1524 513 1600 560 xxm

401 683 489 760 dum,
507 684 591 764 quod
607 683 715 746 omnis
735 684 795 746 ista
815 694 961 766 poterant
980 686 1144 767 explorare
1159 685 1184 747 Α
1199 686 1288 748 Unde
1302 695 1334 748 et
1349 686 1490 749 creditur
1503 686 1589 766 quod
1611 704 1719 748 semen
1735 685 1814 747 illud
1830 685 1941 766 gigan-

400 784 513 845 stendo
537 782 569 844 in
590 782 764 858 montibus
784 783 845 846 nisi
870 804 927 866 per
947 793 1071 847 montes
1097 784 1145 846 in·
1201 793 1286 847 teum
1300 805 1339 848 ex
1353 786 1480 848 Hebron
1496 786 1529 847 in
1545 786 1711 866 AEgyptum
1727 784 1938 848 descenderit.

401 880 584 960 telliganlur
609 880 702 943 urbes
732 891 763 944 el
789 882 873 946 villae
903 882 970 944 sitae
1002 883 1033 944 in
1066 883 1144 946 locis
1199 888 1431 965 Perpenleequc
1446 888 1783 963 usqueadtorrrntcm
1794 884 1940 954 Boniti

399 977 570 1055 montanis,
597 979 645 1040 vel
674 978 750 1060 ipsae
777 990 867 1042 terrae
897 990 1084 1058 montuosae,
1109 990 1145 1043 ut
1200 991 1248 1045 est
1269 1002 1371 1064 usque
1391 985 1430 1045 ad
1454 992 1627 1046 torrentem
1647 982 1735 1063 juxta
1756 999 1852 1062 quem
1874 991 1941 1044 crat

398 1077 594 1158 Augustinus
620 1078 760 1159 exponit.
781 1081 1030 1158 Consortamini,
1057 1100 1145 1142 assu·
1200 1081 1286 1157 vitis,
1309 1082 1348 1144 de
1369 1102 1433 1164 qua
1457 1081 1620 1164 palmitem
1641 1080 1845 1144 absciderunt
1868 1100 1942 1143 cum

399 1176 514 1238 mendo
537 1175 651 1239 bonam
678 1177 843 1239 audaciam
868 1177 1086 1259 fiduciamque
1111 1179 1144 1240 in
1201 1181 1303 1256 botro,
1318 1180 1547 1262 propterquod
1562 1180 1651 1243 locus
1667 1179 1722 1242 ille
1737 1187 1867 1242 vocatus
1881 1187 1941 1254 est,

399 1274 543 1337 Domino.
570 1275 631 1338 lloc
654 1275 754 1352 addit,
777 1276 853 1356 quia
875 1285 999 1357 poterat
1021 1278 1145 1358 pericu·
1201 1287 1325 1342 torrens
1342 1279 1438 1355 Rotri,
1456 1287 1490 1340 ut
1512 1287 1657 1340 narratur
1672 1278 1705 1339 in
1722 1286 1829 1352 textu;
1845 1281 1946 1338 absci-

400 1372 502 1436 losum
528 1372 643 1448 videri,
672 1373 790 1436 intrare
820 1375 980 1454 regionem
1006 1375 1144 1438 alienam
1199 1381 1318 1437 dmum
1328 1376 1703 1455 patruinumetclittcre
1718 1374 1944 1457 planaest.lln

401 1471 542 1552 ignotam
559 1471 597 1533 ad
620 1470 859 1554 explorandum,
878 1474 1052 1555 presertim
1069 1474 1146 1554 quia
1200 1484 1306 1538 autem
1329 1475 1362 1536 in
1387 1474 1519 1558 palmite
1541 1474 1597 1537 illo
1619 1473 1715 1536 luerit
1737 1481 1860 1536 tantum
1879 1493 1946 1536 una

400 1569 464 1650 jam
483 1567 567 1631 lame
583 1569 794 1632 Israeliterum
812 1569 872 1632 luit
889 1572 1025 1652 vulgate,
1037 1581 1068 1634 et
1085 1571 1146 1635 lor·
1201 1592 1326 1650 numan
1341 1574 1459 1654 plures,
1470 1573 1626 1635 incertum
1642 1571 1835 1635 videtur.De
1849 1575 1946 1632 oratis

402 1687 458 1730 sen
475 1667 643 1730 Chananaei
658 1669 723 1749 jam
746 1679 966 1751 perceperunt,
984 1671 1068 1752 quod
1086 1679 1146 1733 ter·
1200 1693 1334 1752 quoque,
1357 1671 1388 1732 id
1409 1679 1458 1734 est
1479 1671 1593 1752 pomis,
1606 1672 1757 1748 prandiis
1771 1681 1802 1730 et
1814 1673 1856 1730 de
1872 1673 1947 1748 ficia

403 1785 468 1828 ram
481 1785 589 1828 eorum
608 1766 725 1829 intrare
740 1776 771 1829 et
785 1767 929 1832 obtinere
945 1769 1147 1832 intenderent
1203 1772 1263 1830 loci
1278 1771 1371 1829 illius
1388 1773 1546 1838 tulerunt,
1558 1768 1590 1830 id
1606 1775 1664 1844 cst,
1682 1786 1789 1829 secum
1804 1787 1948 1849 sumpse

402 1864 571 1938 lsrnelite3
595 1873 700 1927 temen
726 1866 900 1928 secundum
921 1867 1144 1947 Augustinum,
1164 1864 1286 1929 Brunt.
1301 1867 1400 1948 llujus
1425 1867 1512 1929 enim
1532 1875 1607 1928 sunt
1633 1865 1754 1928 lructus
1777 1867 1944 1948 precipui,

404 1981 467 2026 non
485 1971 630 2045 poterant
647 1962 784 2026 laeiliter
799 1965 1013 2047 exploratores
1029 1966 1147 2029 intelli·
1200 1984 1282 2047 quos
1306 1974 1337 2027 et
1361 1965 1513 2028 secretius
1535 1973 1631 2045 atque
1656 1964 1787 2027 liberius
1811 1964 1948 2046 quibant

402 2060 444 2141 gi,
464 2061 518 2123 ubi
542 2070 692 2143 tanquam
717 2062 876 2144 peregrini
892 2065 999 2126 omnia
1022 2064 1148 2146 perqui-
1201 2064 1339 2127 anferre.

404 2160 581 2223 robenuldi
602 2167 713 2238 afforte
736 2164 826 2222 nobis
846 2165 885 2222 dc
906 2163 1066 2240 fructibus
1089 2173 1148 2221 ter·
1240 2167 1435 2244 Reversr'qur
1450 2167 1666 2240 emploratcrns
1683 2173 1774 2224 terrie
1784 2171 1949 2241 postqua-

404 2281 459 2328 νιν,
486 2266 521 2320 ut
551 2276 613 2320 non
645 2258 748 2321 solum
779 2259 904 2336 auditu,
931 2261 985 2322 sed
1015 2269 1047 2322 et
1075 2261 1147 2323 visu
1202 2264 1358 2339 drapinta
1372 2263 1452 2332 dies,
1464 2263 1680 2321 veneruntad
1689 2263 1820 2336 Moysen
1834 2270 1865 2320 et
1879 2265 1950 2320 Aa·

403 2354 620 2420 certificemur
639 2357 679 2419 de
698 2355 868 2420 affluentia
891 2366 981 2421 tcrrae
1002 2357 1099 2435 illius,
1117 2367 1149 2420 ct
1202 2380 1274 2430 ron,
1291 2369 1320 2419 et
1335 2361 1379 2418 ad
1400 2379 1526 2418 omnem
1547 2367 1662 2418 cauum
1682 2359 1829 2434 filiorum
1846 2361 1950 2418 lsrael

404 2455 451 2518 sie
468 2455 603 2537 populus
620 2454 680 2517 istc
695 2456 934 2519 accendaturad
945 2457 1015 2537 ejus
1031 2457 1149 2536 ingres·
1205 2460 1241 2518 in
1262 2461 1423 2517 desertum
1442 2458 1592 2523 Pharan,
1610 2458 1695 2534 quod
1713 2465 1758 2514 est
1778 2457 1814 2514 in
1834 2458 1946 2526 Codes,

404 2573 486 2616 sum.
498 2557 579 2616 Erat
594 2564 701 2614 cutum
715 2563 836 2632 terripus
846 2559 976 2635 quando
985 2557 1059 2634 jam
1068 2577 1149 2634 pror·
1204 2557 1236 2619 id
1253 2563 1301 2619 est
1316 2556 1355 2617 ad
1371 2574 1440 2618 cam
1457 2561 1578 2636 partem
1593 2553 1710 2616 deserti
1725 2553 1857 2630 Pharum
1874 2573 1949 2634 quas

404 2672 522 2732 roqiue,
533 2650 564 2712 id
576 2659 623 2714 est
636 2652 822 2733 tempestivo
833 2661 1057 2729 maturauere
1068 2657 1150 2714 vesei
1204 2655 1265 2717 sita
1285 2662 1353 2716 erat
1373 2653 1405 2714 in
1427 2653 1496 2715 loeo
1517 2651 1658 2733 ejusdem
1675 2652 1803 2726 deserti,
1820 2653 1875 2734 qui
1894 2671 1949 2716 uo

401 2761 548 2829 possunt,
575 2751 607 2812 id
637 2759 685 2813 est
714 2752 850 2829 comedi,
876 2751 965 2831 juxta
995 2752 1073 2815 illud
1099 2753 1151 2816 lli-
1203 2761 1294 2816 catur
1313 2752 1521 2815 Cadcsbarne.
1543 2749 1632 2812 Unde
1652 2749 1684 2811 in
1704 2751 1949 2815 Deuteronomio
1974 2769 2124 2816 neuen.

258 2864 391 2914 utens-un.
406 2850 511 2925 chaam,
538 2849 722 2931 Prmeoques
748 2869 825 2914 uvas
855 2851 1013 2914 desiderat
1042 2851 1150 2914 anima
1205 2852 1355 2931 leguntur
1379 2849 1593 2931 exploratores
1619 2847 1719 2910 luisse
1739 2848 1829 2910 missi
1852 2849 1950 2912 aCa·

406 2967 486 3010 mcc.
1204 2949 1374 3013 desbarue.
1393 2951 1606 3011 Ostendemus
1619 2949 1748 3025 sinicius
1765 2959 1856 3008 teme
1868 2947 1951 3010 Cha-

445 3050 730 3128 Aserndrruntqnc
754 3053 982 3126 imploratores,
1007 3059 1036 3108 et
1062 3069 1149 3108 ncne·
1165 3045 1188 3108 C
1204 3067 1299 3124 naen,
1326 3065 1407 3128 qnos
1437 3065 1545 3109 secum
1575 3046 1717 3108 tulerunt
1745 3046 1777 3107 in
1809 3046 1951 3109 testimo

404 3155 482 3205 runt
498 3147 534 3206 in
550 3148 690 3216 Hebron,
709 3145 739 3208 id
756 3155 803 3210 est
818 3147 930 3210 urbem
947 3147 991 3210 sic
1008 3146 1150 3209 nomine·
1206 3147 1311 3221 nium,
1340 3146 1424 3227 quod
1455 3144 1646 3224 legationem
1671 3144 1717 3207 eis
1746 3145 1949 3207 commissam

406 3251 480 3316 tam,
498 3262 569 3324 que
585 3254 694 3325 postea
712 3244 772 3306 luit
794 3244 827 3306 in
848 3253 932 3308 sorte
946 3245 1042 3320 lude,
1059 3245 1150 3326 juxta
1206 3243 1346 3308 fideliter
1370 3244 1595 3325 expleverunt,
1622 3252 1654 3305 ct
1677 3251 1713 3304 ut
1742 3243 1952 3324 sequentibus

404 3359 499 3422 quam
517 3340 577 3402 luit
594 3342 745 3424 spelunca
760 3342 928 3424 duplcx‚iu
946 3343 1150 3424 quaPatriar·
1205 3362 1315 3407 eorum
1338 3342 1444 3405 verbis
1466 3341 1583 3403 melius
1603 3341 1804 3416 crederetnr3
1829 3353 1860 3402 et
1873 3363 1953 3402 nar·

403 3439 471 3501 clun
487 3457 558 3501 cum
582 3440 648 3501 suis
663 3449 753 3503 erant
774 3439 966 3522 conjugibus
989 3439 1147 3502 tumulati.
1206 3450 1377 3508 raserunt,
1392 3441 1532 3500 direntes
1547 3461 1559 3499 :
1584 3441 1734 3500 lenimus
1755 3441 1792 3498 in
1817 3450 1950 3512 terrm

404 3537 476 3600 ldeo
501 3537 651 3614 creditur,
679 3538 764 3619 quod
789 3558 827 3601 cx
852 3539 1021 3601 devotione
1043 3539 1149 3602 locum
1206 3543 1250 3600 ad
1266 3560 1364 3619 quarn
1379 3539 1513 3597 irrisistis
1527 3557 1596 3598 nos.
1617 3537 1650 3598 ln
1673 3536 1833 3619 principio
1853 3536 1952 3618 hujus

405 3633 503 3698 istum
521 3636 701 3712 visitarunt,
714 3644 744 3700 et
760 3645 932 3700 oraverunt
948 3635 1077 3699 ibidem.
1089 3637 1150 3699 Nec
1206 3637 1339 3719 capituli
1356 3635 1505 3716 leguntur
1521 3635 1611 3697 missi
1628 3635 1951 3717 luissealdoysezscd

406 3735 582 3815 putendum
599 3753 670 3796 cum
688 3734 787 3797 Rabbi
805 3735 983 3810 Solomone,
1001 3736 1086 3816 quod
1103 3753 1151 3798 so
1206 3734 1358 3819 quoniam
1384 3734 1424 3795 de
1450 3733 1547 3796 totius
1572 3733 1682 3815 populi
1707 3751 1865 3796 consensu
1888 3733 1953 3796 boc

406 3833 454 3894 lus
469 3831 564 3894 Celcb
581 3832 625 3894 ibi
641 3833 889 3914 advenit,quum
904 3833 997 3895 Josue
1013 3834 1152 3896 sanctior
1208 3834 1328 3896 lactum
1350 3842 1409 3908 est,
1427 3832 1492 3894 imo
1513 3833 1553 3894 ad
1578 3832 1798 3895 universorum
1824 3831 1954 3913 petitio

406 3949 444 3994 eo
460 3931 537 3994 illue
559 3931 685 3994 venisse
705 3932 805 4011 magis
826 3932 1003 3994 credendus
1024 3931 1075 4008 sit,
1094 3951 1152 3995 nec
1207 3951 1293 4008 nem,
1311 3931 1381 3994 ideo
1398 3949 1483 3993 nune
1503 3931 1653 3993 dicuntur
1672 3949 1691 3992 a
1710 3930 1829 4011 populo
1847 3929 1951 3991 missi.

407 4029 512 4092 littora
529 4028 607 4091 illud
623 4029 802 4111 praetendit.
818 4032 979 4092 (bierunt
990 4031 1152 4091 Aclu'nmn.
1209 4035 1286 4099 Quu‘
1297 4051 1407 4090 revera
1421 4031 1499 4104 fluit
1516 4034 1596 4088 lacte
1609 4039 1639 4088 ct
1654 4033 1759 4098 ocelle,
1767 4028 1798 4089 id
1814 4036 1860 4089 est
1876 4047 1955 4090 eun·

407 4137 437 4190 rt
455 4130 544 4188 Sisai
558 4137 587 4188 rt
608 4130 731 4188 Tolmai
745 4131 812 4205 filii
829 4131 929 4190 Error.
939 4128 1014 4190 Tres
1031 4127 1093 4190 viri
1105 4129 1152 4191 illi
1208 4128 1269 4190 etis
1285 4137 1377 4190 terrie
1393 4126 1597 4189 nascentibus
1612 4146 1648 4189 ac
1664 4125 1848 4189 necessariis
1863 4125 1952 4188 vitm.

410 4227 540 4289 luerunt
563 4225 706 4306 gigantes
733 4227 797 4288 neti
821 4245 858 4288 ex
881 4227 980 4308 stirpe
1002 4227 1085 4290 Enac
1107 4228 1154 4308 gi·
1169 4229 1194 4290 l)
1209 4227 1271 4289 Nec
1286 4226 1371 4288 enim
1392 4225 1455 4287 mel
1475 4234 1507 4287 et
1527 4225 1576 4287 lec
1595 4244 1703 4287 seeum
1720 4223 1870 4300 tulerunt,
1895 4225 1955 4286 sed

409 4323 525 4406 gantis.
548 4323 586 4385 m
602 4323 729 4404 nequis
746 4323 933 4386 incredibile
949 4333 1049 4406 putet,
1067 4327 1152 4407 quod
1210 4343 1267 4407 per
1282 4343 1320 4386 ea
1334 4331 1557 4405 expresserunt
1572 4321 1800 4384 abundantiam
1815 4322 1956 4384 delceta-

410 4423 443 4485 in
459 4422 584 4485 llcbron
606 4429 681 4484 tunc
702 4431 792 4484 erent
810 4421 964 4501 gigantes,
987 4423 1154 4504 subjungi·
1209 4421 1323 4485 bilium
1349 4439 1386 4483 ac
1413 4419 1664 4482 necessariorum
1690 4419 1764 4480 ritae
1792 4418 1954 4480 humanae.

411 4531 461 4584 tur
479 4538 486 4583 :
512 4525 596 4583 s'am
616 4523 741 4582 Hebron
758 4530 872 4598 mptum
890 4523 988 4581 uitreis
1003 4533 1077 4582 artic
1097 4527 1155 4583 Tc·
1210 4521 1339 4602 Propter
1348 4518 1431 4599 quod
1449 4517 1610 4579 subdunt:
1629 4527 1714 4578 utere
1728 4519 1779 4577 tis
1791 4517 1957 4595 fructibus

410 4623 477 4680 uim
497 4622 602 4680 urbcm
616 4619 1155 4701 ,bbrsptr'‹=ourlr'tucst.Specialiter
1209 4622 1355 4696 roquoscr’
1375 4627 1502 4695 pensu·
1523 4620 1579 4676 sed
1602 4620 1737 4676 ‹ultores
1760 4615 1957 4692 fortissimos

409 4727 513 4782 eutem
532 4717 568 4779 tir
586 4717 706 4780 mentio
722 4717 830 4779 dehac
847 4716 1156 4799 urbc.Egp·pti,quia
1209 4720 1312 4780 tabet.
1329 4715 1550 4797 Exploratores
1575 4713 1627 4776 isti
1648 4731 1706 4794 pro
1721 4711 1834 4793 majori
1850 4721 1955 4792 parte,

410 4815 443 4878 in
465 4835 501 4879 ea
518 4814 579 4877 titii
596 4814 689 4878 lsrael
707 4813 856 4878 viderunt
875 4814 1028 4894 quosdam
1049 4815 1156 4896 gigan·
1210 4815 1357 4880 uidelicet
1369 4815 1479 4877 decern
1490 4811 1765 4888 eorum‚vclentes
1780 4819 1959 4890 terraepro-

411 4924 457 4978 tes
481 4932 519 4977 ex
541 4912 641 4994 stirpe
661 4912 745 4974 linae
767 4911 914 4992 gigantis,
937 4913 992 4994 qui
1014 4932 1053 4977 ex
1074 4915 1156 4978 anti·
1210 4913 1373 4976 missionis
1389 4911 1591 4987 detraheres
1606 4907 1835 4989 laudibusejus
1849 4907 1958 4970 exorsi

410 5012 484 5095 quis
501 5009 698 5092 temporibus
713 5019 818 5073 ortum
834 5020 863 5074 et
887 5011 1086 5076 mansionem
1102 5013 1156 5075 ba·
1211 5021 1296 5089 sunt,
1314 5020 1348 5072 nt
1373 5028 1482 5072 eornm
1507 5007 1797 5090 vituperationibus
1821 5005 1868 5069 sic
1889 5023 1960 5068 am-

412 5111 549 5174 buerunt
561 5107 802 5183 ibidem.0uum
814 5109 910 5190 igitur
921 5109 1046 5175 Hebron
1059 5109 1155 5174 luerit
1211 5110 1296 5193 plius
1318 5109 1510 5171 crederetur.
1527 5106 1579 5170 Sic
1600 5105 1687 5169 enim
1709 5104 1832 5167 iaciunt
1852 5104 1960 5166 detra-

410 5207 574 5290 antiquior
600 5207 679 5272 urbe
704 5207 761 5270 ina
784 5207 921 5290 AElgypti,
948 5227 1012 5272 non
1038 5209 1156 5272 mirum
1211 5217 1325 5272 ctores.
1335 5207 1443 5287 ltaque
1458 5205 1548 5267 aiunt
1566 5222 1573 5266 :
1590 5204 1744 5281 Cultores,
1755 5202 1789 5264 id
1802 5211 1850 5264 cst
1864 5200 1960 5264 habi-

410 5307 497 5390 quod
522 5316 553 5370 ct
574 5306 607 5370 in
634 5305 712 5370 urbe
737 5306 862 5371 llebrcn
883 5315 972 5370 crant
997 5307 1154 5389 gigantes.
1212 5313 1340 5380 tatores,
1351 5302 1542 5366 fortissimos
1558 5302 1705 5377 habetet
1715 5301 1806 5360 urbes
1811 5301 1960 5377 mandes
