4309 6259
437 501 496 565 310

837 523 1010 568 amandatio
1031 524 1062 567 ΙΝ
1084 523 1152 568 CAP.
1178 523 1250 568 xxvt
1272 525 1408 570 LEVl'l'lGl.
1430 543 1471 553 -
1492 525 1563 570 ΛΒΤ.
1586 524 1658 570 XLIX

436 693 877 774 cumincorporantecclesiae
887 691 1220 772 malignorum‚An-h
1237 692 1317 755 sima
1341 693 1468 773 aggredi
1495 695 1665 776 trepidant,
1687 694 1763 775 quia
1788 714 1850 758 nou
1878 694 1979 774 figunt

435 789 580 853 tichristo
609 799 706 871 atque
731 792 883 863 diabolo;
911 790 993 852 sieut
1017 797 1048 852 et
1071 798 1181 852 sancta

434 897 535 952 mater
549 889 690 952 Ecclesia
710 891 847 953 comedit
863 899 894 952 ct
915 889 1097 970 incorporat
1119 888 1180 950 sibi

436 987 552 1050 electos
567 996 598 1051 et
613 988 756 1068 singulos
772 1008 852 1071 quos
863 987 1090 1069 convertit‚qui
1107 997 1181 1048 suut

435 1093 540 1167 partes
560 1085 630 1165 ejus
655 1086 908 1149 nutrimentales.

475 1188 647 1245 basernam
666 1190 789 1246 excelsa
809 1197 926 1256 vestro,
943 1185 973 1246 id
993 1194 1042 1247 est
1061 1204 1181 1248 cornua

434 1290 547 1346 vestra
572 1282 730 1361 elationis,
757 1285 1031 1365 praesumptiones,
1058 1284 1180 1364 jactan-

434 1380 502 1454 tias,
514 1381 714 1462 praelationes
727 1390 758 1444 et
770 1381 968 1457 eminentias
976 1402 1049 1444 cum
1062 1382 1180 1462 quibus

434 1478 592 1560 peribitis,
607 1479 697 1560 juxta
711 1479 812 1541 illud:
830 1480 903 1542 Vidi
919 1479 1053 1562 impium
1070 1499 1181 1562 super-

434 1577 658 1654 exaltatumet
674 1578 819 1654 transivi,
831 1587 862 1640 ot
877 1597 950 1641 ecee
966 1598 1029 1640 non
1046 1587 1124 1641 erat.
1138 1583 1180 1640 at

432 1678 611 1735 aitraulacra
633 1687 736 1737 oestro
761 1678 980 1753 consrinpom.
1004 1677 1181 1740 Simulacra

1235 811 1324 874 spem
1340 812 1428 854 suam
1447 793 1479 854 in
1496 793 1640 870 Domine,
1651 813 1709 856 nee
1725 793 1793 874 ejus
1810 793 1979 875 implorant

1235 890 1399 966 auxilium,
1429 911 1486 954 nec
1511 892 1646 955 aliorum
1669 893 1725 974 qui
1747 892 1883 954 viriliter
1908 902 1979 953 sunt

1236 989 1381 1052 conversi
1405 999 1540 1072 pensant
1565 991 1719 1073 exempla,
1742 992 1796 1053 sed
1818 991 1976 1072 propriam

1238 1071 1441 1170 fragilitatem
1466 1097 1497 1151 et
1525 1089 1715 1171 pronitatem
1739 1090 1771 1152 iu
1792 1089 1871 1152 vitia
1897 1091 1978 1152 inor-

1237 1188 1344 1250 dinate
1368 1189 1561 1252 attendunt:
1584 1189 1656 1250 ideo
1678 1187 1806 1268 lugiunt
1829 1209 1847 1250 a
1869 1189 1978 1251 salutis

1236 1287 1360 1362 itinere,
1378 1295 1409 1348 et
1431 1286 1583 1348 labuntur
1601 1306 1639 1349 ex
1661 1287 1790 1368 propria
1812 1287 1999 1354 infirmita.

1235 1394 1276 1460 tc,
1295 1384 1474 1466 ignorantia
1489 1394 1543 1448 aut
1563 1385 1697 1460 malitia,
1716 1385 1844 1448 nemine
1864 1387 1978 1449 extrin-

1235 1504 1326 1548 secus
1342 1484 1535 1567 impellente,
1553 1504 1610 1547 nee
1626 1484 1772 1547 hostibus
1788 1505 1852 1548 suae
1868 1486 1977 1547 salutis

1234 1591 1401 1665 opponunt
1426 1602 1469 1644 se.
1492 1583 1572 1645 Hine
1598 1582 1833 1663 relinquuntur,
1857 1593 1887 1646 ct
1911 1584 1978 1648 dire

1235 1681 1521 1764 multipliciterque
1554 1681 1762 1744 vulnerantur
1795 1681 1827 1743 in
1860 1681 1977 1757 anima,

434 1774 494 1836 ista
512 1783 586 1835 sunt
602 1775 707 1856 turpia
725 1775 962 1837 immundorum
980 1777 1180 1858 phantasma·
1235 1799 1402 1860 quousque
1432 1799 1505 1841 suas
1535 1779 1750 1842 confiteantur
1781 1780 1975 1861 iniquitates

434 1881 484 1946 ta;
505 1872 681 1953 phantasiae
698 1872 767 1934 auri
789 1880 820 1935 et
837 1873 959 1953 argenti
978 1873 1011 1935 in
1028 1873 1179 1936 cordibus
1199 1874 1322 1950 BQuod
1353 1877 1380 1938 si
1408 1875 1552 1952 iecerint,
1580 1895 1653 1940 mor
1680 1876 1790 1940 recolit
1814 1878 1976 1952 Dominus,

433 1970 641 2052 cupidorum3
659 1971 930 2053 apprehensiones
947 1981 979 2035 et
995 1973 1117 2054 speeies
1135 1971 1180 2034 di·
1234 1976 1502 2057 quemadmodum
1529 1975 1760 2057 poenitentibus
1781 1975 1908 2038 veniam
1931 1997 1977 2039 re·
2009 1997 2078 2040 raas.

433 2068 602 2149 guitatum,
626 2069 784 2133 bonorum
810 2079 841 2132 et
864 2070 1122 2133 excellentiarum
1147 2071 1179 2133 in
1235 2073 1392 2156 promisit.
1991 2063 2099 2106 ¹⁸'¹‘'·²''²'³·

434 2167 595 2229 mentibus
611 2167 820 2249 superborum
839 2185 846 2230 ε
863 2187 935 2249 quaa
950 2169 1058 2231 omnia
1073 2188 1181 2251 repro·
1276 2173 1417 2254 Denique
1432 2173 1491 2235 etsi
1510 2173 1543 2235 in
1562 2173 1680 2254 populo
1696 2173 1870 2237 christiano
1886 2174 1977 2239 multi
2014 2195 2082 2238 ultra.

434 2265 488 2327 bat
503 2265 655 2328 Dominus
675 2275 707 2329 ct
726 2268 929 2329 condemnat.
948 2267 986 2328 Et
1008 2267 1085 2330 tales
1106 2268 1181 2330 talia
1235 2271 1412 2334 sintvooati
1429 2280 1460 2334 et
1476 2271 1568 2352 pauci
1581 2271 1854 2353 electi,nunquam
1873 2282 1976 2336 tamen
1991 2262 2067 2303 ¹¹¹¹·¹⁸·

434 2365 703 2446 apprehendendo
716 2367 835 2428 cadunt
849 2385 905 2448 per
918 2367 1054 2449 eulpam,
1065 2367 1181 2430 deinde
1235 2370 1386 2434 Dominus
1402 2371 1575 2432 Ecclesiam
1601 2391 1688 2432 suam
1712 2370 1865 2452 relinquit
1887 2373 1920 2432 in
1937 2379 1978 2434 to

434 2483 506 2526 cum
529 2463 724 2526 vanitatibus
746 2464 813 2527 suis
836 2473 986 2528 corruent
1008 2465 1041 2526 in
1064 2466 1182 2546 gehen·
1236 2477 1277 2544 to,
1290 2469 1608 2531 sedmiserieordiam
1626 2488 1712 2531 suam
1733 2470 1764 2532 in
1781 2489 1818 2532 ea
1835 2471 1979 2552 frequen·
2004 2493 2098 2534 ranna

314 3271 382 3313 Proo.

287 3347 357 3382 xxviii,
371 3335 392 3374 ll.

434 2581 517 2624 nant.
528 2565 571 2623 Et
581 2566 705 2623 deserto
717 2565 841 2640 sutriam
854 2567 1044 2624 stinctuom'a
1057 2575 1160 2625 vestra
1170 2587 1180 2624 :

436 2661 468 2721 id
488 2668 546 2734 est,
564 2661 789 2738 cordavestra,
807 2681 878 2742 quaa
897 2670 988 2724 erant
1007 2663 1181 2744 aliquando

435 2778 492 2841 per
511 2759 609 2821 iidem
628 2769 660 2822 et
679 2759 841 2823 caritatem
862 2761 980 2842 templa
999 2762 1066 2839 Dei,
1086 2763 1182 2825 relin-

435 2878 543 2940 quam.
556 2860 624 2920 Nec
637 2861 793 2936 recipiam
810 2864 899 2920 ultra
914 2864 1039 2921 odorem
1056 2864 1182 2922 suavis-

433 2959 553 3018 simum
562 2979 573 3016 .·
585 2956 616 3019 id
629 2966 688 3033 est,
697 2957 877 3039 spiritualia
893 2958 1052 3022 sacrificia
1063 2969 1178 3038 vestra,

1235 2575 1282 2628 ter
1301 2566 1391 2648 quasi
1409 2567 1448 2629 de
1470 2586 1552 2629 noro
1574 2567 1737 2644 mirificat,
1756 2568 1910 2631 miracula
1932 2589 1978 2632 re

1235 2674 1475 2739 novat‚sanctos
1491 2665 1636 2728 homines
1652 2666 1760 2739 mittit,
1772 2687 1827 2748 per
1842 2687 1977 2749 quorum

1235 2763 1423 2838 doctrinam,
1451 2763 1563 2826 merita
1593 2773 1623 2826 ct
1653 2765 1797 2848 exempla
1822 2767 1980 2828 convertit

1235 2861 1499 2943 quamplurimos.
1527 2862 1687 2925 Postremo
1713 2871 1744 2925 ot
1772 2864 1832 2926 hoo
1857 2865 1980 2926 intuen-

1235 2961 1323 3034 dum,
1350 2960 1434 3040 quod
1461 2959 1543 3022 sicut
1568 2959 1700 3041 praelata
1724 2961 1856 3024 adversa
1880 2963 1979 3025 ludaei

436 3054 585 3118 videlicet
605 3055 764 3118 orationes
785 3065 817 3119 et
836 3055 957 3133 laudes
975 3077 1046 3138 qua
1066 3077 1104 3121 ex
1124 3079 1180 3123 suo
1197 3061 1219 3124 G
1235 3067 1365 3141 propter
1376 3058 1495 3120 scelera
1512 3078 1568 3120 sua
1584 3059 1684 3120 multa
1694 3061 1900 3142 corporaliter
1912 3082 1979 3144 pas-

433 3171 551 3233 genere
578 3153 670 3215 valde
699 3155 968 3218 commendabiles
999 3165 1088 3233 sunt,
1116 3177 1179 3220 non

434 3260 528 3315 erunt
548 3252 709 3315 meritoria
728 3253 813 3334 apud
834 3272 896 3316 me.
913 3254 1031 3336 Nempe
1052 3257 1107 3337 qui
1128 3259 1181 3320 de-

435 3349 533 3412 clinat
547 3368 655 3413 aurem
671 3369 759 3412 suam
778 3370 817 3413 ne
829 3352 937 3414 audiat
953 3352 1065 3434 legem,
1079 3356 1179 3418 oratio

435 3447 505 3529 ejus
529 3448 590 3511 erit
613 3449 827 3512 exsecrabilis.
854 3450 893 3511 Et
917 3453 1074 3533 peccatori
1101 3453 1180 3516 dixit

289 3563 420 3611 amana.
434 3547 517 3610 Deus
535 3565 542 3609 :
560 3547 660 3621 Quare
676 3557 708 3609 tu
725 3568 854 3611 enarras
869 3549 1009 3630 justitias
1026 3556 1134 3614 meast

288 4409 320 4449 ll.

475 3648 730 3726 Disperdamque
756 3657 876 3708 terram
902 3659 1052 3717 vestram,
1074 3649 1106 3711 id
1132 3659 1179 3712 est

434 3751 559 3806 terrena
584 3745 743 3808 consortia
770 3754 874 3810 vestra
898 3755 930 3808 et
955 3748 1178 3810 conventicula

433 3841 576 3904 ecclesiae
592 3842 807 3923 malignantis
821 3845 853 3906 in
871 3853 993 3907 tantum
1011 3854 1045 3906 ut
1059 3845 1177 3928 perlidi

432 3940 472 4001 de
482 3948 588 4002 vestra
605 3940 821 4022 perditissima
836 3941 901 4004 vita
917 3943 1073 4004 mirentur
1087 3961 1094 4004 :
1107 3944 1178 4024 qui-

433 4035 492 4097 bus
522 4043 554 4097 et
582 4045 711 4117 propter
735 4046 856 4099 vestros
881 4056 1027 4100 excessus
1056 4039 1177 4101 subditi

433 4133 533 4209 eritis,
545 4133 600 4214 qui
618 4140 648 4196 et
665 4133 731 4196 dies
750 4134 881 4197 festivos
897 4135 929 4197 iu
946 4136 1070 4216 magnis
1091 4137 1176 4199 vitiis

1235 3158 1261 3220 si
1278 3166 1362 3233 sunt,
1376 3165 1485 3238 utpote
1501 3166 1682 3237 egestatem,
1697 3158 1824 3236 lamam,
1841 3161 1977 3235 dolores,

1234 3257 1667 3337 augustiasdepraadationes
1683 3266 1714 3319 et
1729 3259 1978 3339 expugnationes

1234 3355 1274 3417 ab
1291 3354 1477 3417 iulide-libus
1493 3355 1976 3438 geritibus,hssyriiS‚Chaldaeis,

1234 3452 1420 3516 Chananaais
1442 3463 1473 3516 et
1490 3453 1678 3530 Philistaeis3
1697 3455 1740 3516 ita
1760 3464 1791 3517 et
1806 3455 1977 3518 Christiani

1235 3551 1480 3626 interdum‚imo
1492 3561 1521 3614 et
1538 3571 1621 3633 saepe
1637 3553 1711 3615 talia
1727 3554 1926 3635 pertulerunt·
1938 3557 1978 3619 ob

1234 3669 1306 3711 suas
1327 3649 1595 3729 transgressiones
1611 3669 1629 3712 a
1645 3649 1765 3724 Tomis,
1785 3650 1975 3728 Sarracenis‚

1234 3747 1381 3824 lactaris,
1392 3757 1423 3809 et
1433 3748 1505 3810 aliis
1518 3748 1836 3812 barbarisluterdum
1850 3770 1977 3833 quoque

1232 3845 1353 3926 absque
1381 3865 1437 3907 sua
1463 3846 1557 3928 culpa
1587 3846 1771 3927 hujusmodi
1801 3849 1977 3929 corporalia

1233 3944 1358 4019 damna,
1381 3954 1582 4020 nocumenta,
1606 3944 1669 4008 imo
1690 3955 1720 4008 et
1740 3947 1977 4011 crudelissimas

1232 4049 1348 4103 mortes
1365 4041 1405 4104 ab
1418 4042 1616 4123 impiissimis
1634 4043 1978 4126 toleraverunt‚utglo

1233 4140 1348 4201 riosius
1364 4149 1592 4203 coronarentur
1607 4161 1625 4203 a
1641 4142 1714 4216 Dee,
1733 4161 1907 4224 eorumque
1927 4165 1978 4227 pa-

433 4231 692 4310 expendistislsti
709 4232 1175 4315 facillimeperterrentur,dum
1193 4245 1217 4304 D
1234 4237 1345 4300 tientia
1369 4258 1406 4301 ac
1428 4239 1560 4300 virtutos
1587 4249 1840 4321 proponerentur
1863 4243 1976 4305 ceteris

299 4343 419 4396 natatu,
433 4327 566 4391 audiunt
582 4331 746 4411 praedicari
763 4351 857 4412 quam
874 4341 959 4395 arcta
974 4332 1015 4394 sit
1026 4335 1078 4395 via
1095 4335 1176 4396 salu-
1233 4336 1264 4398 in
1281 4337 1510 4418 exemplumet
1528 4337 1581 4399 tali
1598 4338 1764 4401 occasione
1778 4339 1860 4402 Deus
1876 4339 1975 4402 iidem

434 4427 474 4488 tis
492 4445 499 4489 :
518 4428 561 4491 ita
577 4431 661 4510 quod
678 4431 830 4493 virtutum
848 4431 1007 4509 exercitia,
1021 4433 1176 4514 poeniten·

433 4526 483 4589 tiaa
505 4547 633 4609 quoque
654 4528 806 4606 laborem,
824 4530 1034 4612 semitamque
1050 4532 1171 4604 salutis

430 4632 579 4708 tanquam
595 4627 945 4709 difficillimoquaadam
962 4637 1057 4710 atque
1068 4630 1172 4692 duris-

1230 4434 1417 4497 eatholieam
1441 4455 1495 4516 per
1519 4436 1669 4517 praeclara
1690 4446 1819 4517 augeret
1842 4439 1977 4502 miracu-

1230 4533 1270 4609 la,
1295 4533 1376 4594 sicut
1391 4534 1430 4595 dc
1447 4534 1565 4596 sanetis
1581 4542 1704 4598 constat
1720 4535 1975 4618 beatissimisque

1230 4631 1432 4712 martyribus.
