4309 6259
581 532 755 579 euremaro
776 532 807 578 ru
828 532 896 578 cnr.
920 531 963 577 xx
983 530 1085 577 axoor.
1107 550 1148 561 —
1167 532 1239 577 aar.
1261 530 1301 577 xr.
1690 511 1711 574 a

161 702 245 765 ditur
266 712 376 767 autem
398 724 521 767 merces
542 724 598 767 seu
617 706 698 768 ratio
718 692 814 787 hujus
836 723 911 787 prm·
926 702 952 765 Α
967 703 1137 786 percutias
1157 704 1247 767 Unde
1269 722 1324 786 per
1344 705 1404 766 boc
1424 712 1617 786 preceptum
1640 723 1711 786 pro

162 802 255 885 cepti,
283 814 320 863 ιιι
344 804 389 863 sia
414 808 577 881 tonpoevas
600 824 696 883 super
719 815 851 875 terram,
878 802 911 865 id
967 802 1095 865 hibctur
1113 821 1207 865 omne
1223 803 1256 864 in
1273 821 1439 885 personam
1461 802 1596 884 proximi
1613 821 1710 866 nocu-

163 910 208 963 est
231 900 288 963 diu
316 921 354 964 ac
382 920 536 984 prospere
557 902 646 966 vivas
669 903 703 964 in
726 910 819 966 terra.
843 901 910 965 Non
968 910 1250 983 mentum,praeter
1264 897 1346 984 juris
1361 902 1506 965 ordinem
1527 901 1711 981 irrogatum,

163 999 244 1080 quod
265 1000 353 1062 istud
375 1001 417 1063 sit
438 999 548 1077 finale,
570 1001 813 1083 principaleque
833 1019 912 1082 praa
968 1020 1067 1082 quum
1091 1001 1151 1063 boc
1167 1000 1209 1063 sit
1228 1009 1340 1063 contra
1363 999 1527 1063 caritatem
1551 1008 1646 1081 atque
1664 1000 1715 1079 ju-

163 1098 260 1160 mium
287 1097 525 1163 observationis
546 1100 642 1181 hujus
668 1100 831 1183 praecepti,
857 1099 911 1161 scd
969 1098 1101 1161 stitiam.
1125 1099 1165 1160 Et
1187 1099 1269 1162 sicut
1284 1106 1409 1162 vetatur
1428 1096 1500 1159 talis
1523 1096 1651 1175 occisio,
1671 1098 1715 1160 ita

163 1196 362 1277 aliquantula
372 1195 543 1259 retributio
558 1206 644 1260 recte
659 1199 912 1280 correspondens
969 1198 1125 1280 implicite
1148 1197 1331 1280 praecipitur
1351 1195 1497 1260 ordinata
1516 1195 1589 1258 vitae
1610 1195 1715 1278 proxi-

142 1296 265 1359 ·eidem
284 1314 292 1357 ;
310 1296 466 1377 quoniam
482 1315 555 1359 eum
575 1297 633 1379 qui
655 1297 762 1361 debite
778 1299 913 1362 honorat
969 1315 1094 1360 morum
1115 1294 1260 1359 delensio
1280 1303 1335 1357 aut
1361 1294 1572 1371 conservatio,
1589 1294 1658 1357 loco
1683 1302 1715 1357 et

164 1395 323 1477 principia
344 1414 409 1459 suaa
429 1395 514 1473 vitae,
532 1405 609 1479 puta
629 1407 789 1479 parentes,
807 1397 913 1461 decuit
969 1403 1113 1478 tempore
1128 1403 1309 1478 opportuno
1321 1412 1378 1476 pro
1394 1392 1591 1476 posse.lstud
1607 1400 1713 1455 tamen

163 1494 196 1555 in
216 1494 288 1576 ipsa
307 1514 365 1557 sua
386 1494 452 1558 vita
472 1495 714 1577 prosperitatem
737 1504 769 1559 ot
790 1496 913 1559 diutur-
969 1492 1714 1577 preceptumsicutctceteraquinquesequen·

164 1592 295 1656 nitatem
322 1594 442 1671 sortiri,
466 1595 735 1676 quemadmodum
761 1614 834 1658 eum
856 1595 912 1676 qui
969 1593 1023 1669 tia,
1041 1591 1172 1674 respicit
1193 1591 1385 1673 proximum,
1403 1597 1559 1672 quantum
1577 1591 1614 1653 ad
1636 1589 1713 1651 mali

164 1692 239 1754 lacit
259 1692 526 1770 misericordiam,
548 1693 639 1756 decet
660 1693 911 1757 misericordiam
968 1690 1185 1753 evitationem.

163 1792 329 1873 consequi.
347 1793 430 1855 Deus
446 1800 554 1855 autem
570 1792 642 1855 rudi
658 1793 778 1875 populo
794 1794 912 1857 veteris
1009 1793 1138 1856 Sextum
1155 1799 1348 1875 preceptum
1364 1799 1412 1854 est
1429 1808 1436 1851 :
1455 1792 1529 1855 Noa
1545 1792 1714 1852 machabe-

163 1891 357 1955 Testamenti
385 1892 595 1973 temporalem
621 1893 769 1974 promisit
793 1912 913 1956 merce·
930 1892 1025 1955 Bria.
1052 1891 1110 1954 Per
1135 1890 1220 1971 quod
1246 1889 1350 1971 primo
1375 1896 1407 1951 et
1431 1888 1569 1951 maxime
1594 1889 1715 1951 adulte-

164 1991 245 2067 dcm,
271 1998 307 2052 ut
329 1990 380 2053 vel
404 1990 450 2052 sic
473 1990 512 2052 ad
534 1992 749 2054 obediendum
771 1992 913 2055 allicere-
968 1989 1187 2067 rium,deinde
1203 1987 1307 2052 omnis
1324 1986 1512 2068 illegitimus
1528 1986 1715 2069 prohibetur

164 2098 231 2163 tnr;
250 2098 359 2151 umen
380 2088 441 2151 sub
458 2089 513 2151 illa
529 2091 676 2153 mercede
695 2089 914 2153 subintellexit
969 2089 1171 2152 concubitus.
1194 2086 1371 2169 Septimum
1394 2094 1466 2149 est:
1488 2088 1563 2147 Non
1583 2090 1715 2168 fartam

164 2196 315 2251 aternam
330 2207 368 2251 ac
384 2187 677 2271 spiritualemque
693 2189 761 2253 sola
775 2197 824 2251 est
838 2207 915 2271 pre
968 2189 1081 2266 facias.
1099 2187 1156 2249 Per
1171 2187 1256 2267 quod
1279 2186 1383 2268 primo
1398 2192 1430 2248 et
1450 2184 1615 2248 evidenter
1635 2184 1717 2247 inlri·

164 2288 265 2350 mium
280 2287 479 2368 condignum
494 2295 623 2351 actuum
639 2287 914 2365 virtuosorum,ex
970 2286 1063 2349 betur
1080 2285 1197 2348 ablatio
1223 2284 1269 2348 rei
1295 2284 1406 2347 alienae
1431 2282 1566 2360 occulta,
1584 2283 1716 2346 domino

163 2384 295 2448 caritate
310 2386 367 2449 Dei
388 2384 599 2463 manantium,
618 2386 682 2449 imo
697 2394 729 2448 ct
744 2405 782 2448 cx
797 2385 913 2449 actuali
970 2386 1016 2449 rei
1034 2384 1154 2458 invito;
1178 2383 1293 2446 deinde
1311 2381 1424 2463 rapina
1438 2400 1510 2464 quae
1528 2381 1568 2444 lit
1585 2388 1713 2464 aperte3

165 2484 306 2548 motione
324 2483 463 2566 Spiritus
479 2484 596 2548 Sancti.
606 2484 695 2548 Unde
710 2485 795 2566 quod
811 2485 867 2561 ait,
875 2484 915 2547 Ut
969 2482 1075 2548 omnis
1091 2501 1220 2565 quoque
1234 2481 1355 2563 injusta
1371 2480 1523 2558 detentio,
1542 2479 1671 2557 ablatio,
1684 2488 1716 2543 et

165 2584 207 2645 sis
231 2582 397 2664 longevus
422 2592 659 2665 superterram
684 2604 783 2663 qaam
801 2586 914 2645 Domi·
970 2580 1174 2646 deterioratio
1190 2579 1236 2643 rei
1252 2578 1394 2642 alterius.
1412 2578 1528 2642 Contra
1542 2579 1628 2660 quod
1644 2597 1716 2661 pec-

166 2686 323 2745 nosDeus
335 2692 412 2743 tuas
427 2684 518 2743 dabit
534 2682 674 2755 tidi,rite
689 2682 860 2764 exponitur
875 2682 914 2744 de
970 2690 1054 2757 cant,
1073 2678 1129 2762 qui
1151 2678 1260 2741 debita
1282 2696 1346 2741 non
1372 2676 1584 2760 persolvunt:
1602 2676 1658 2760 qui
1684 2688 1716 2739 et

166 2779 296 2861 regione
319 2779 460 2844 coelestis
482 2780 603 2863 patriae.
627 2781 672 2843 De
694 2800 759 2863 qua
781 2779 883 2843 lertur
906 2798 912 2842 :
970 2780 1154 2860 obligantur
1178 2775 1389 2841 creditoribus
1411 2776 1451 2838 ad
1476 2794 1715 2858 recompensam

43 2899 153 2951 nnete.
166 2880 264 2943 Credo
281 2879 392 2943 videre
405 2878 490 2942 bona
506 2879 632 2941 Domini
652 2878 686 2942 in
708 2888 791 2941 terra
807 2878 916 2942 viven-
970 2898 1029 2961 pro
1044 2878 1173 2954 damno,
1191 2876 1276 2958 quod
1298 2873 1347 2936 illi
1363 2893 1402 2937 ex
1421 2873 1648 2955 persolutionis
1669 2875 1717 2937 di-

42 2997 153 3049 nanum.
168 2979 256 3040 tium.
270 2978 414 3059 itemque
432 2995 439 3039 ε
459 2978 543 3041 Beati
559 2978 665 3055 mites,
683 2976 836 3060 quoniam
853 2977 914 3058 ipsi
971 2977 1090 3039 latione
1105 2975 1284 3050 incurrunt,
1302 2972 1329 3035 si
1345 2980 1450 3035 tamen
1467 2971 1715 3054 persolutionem

168 3076 378 3159 possidebunt
393 3084 529 3139 terram:
543 3076 653 3157 inqua
668 3076 746 3158 justi
760 3083 835 3138 sunt
850 3075 953 3140 lon-G
971 3074 1100 3139 interim
1130 3072 1267 3154 exigant.
1294 3070 1447 3134 Octavum
1476 3090 1482 3133 :
1511 3071 1586 3132 Noa
1612 3074 1717 3150 toque-

167 3176 258 3255 gaevi,
279 3174 357 3257 quia
380 3173 414 3236 in
437 3182 593 3237 aeternum
616 3175 727 3237 vivent
750 3174 784 3236 in
809 3194 856 3237 ea.
878 3174 916 3236 Et
970 3178 1018 3236 ris
1038 3183 1151 3234 cantra
1166 3171 1358 3249 proximum
1379 3179 1473 3230 taam
1491 3170 1617 3248 fatiam
1634 3172 1717 3231 testi-

168 3274 315 3356 quamvis
337 3273 491 3355 predicta
513 3274 688 3336 secundum
713 3291 915 3336 communem
970 3275 1130 3342 maniam,
1153 3284 1212 3332 nec
1235 3269 1268 3329 in
1289 3266 1424 3350 judicio,
1446 3285 1506 3330 nec
1527 3275 1615 3329 extra
1634 3266 1716 3349 judi-

168 3374 269 3452 legcm
295 3371 340 3434 ita
366 3391 400 3435 se
425 3370 571 3449 habeant,
596 3372 788 3453 quandoque
810 3379 915 3434 tamen
970 3372 1055 3436 cium
1081 3390 1088 3434 :
1114 3387 1172 3451 per
1197 3368 1284 3449 quod
1308 3365 1414 3431 omnis
1439 3365 1520 3427 falsa
1543 3364 1713 3443 accusatio,

168 3470 325 3551 contingit
343 3470 470 3534 occulto
485 3470 541 3533 Dei
560 3470 694 3552 judicio,
712 3470 797 3552 quod
817 3469 916 3533 bono
971 3467 1170 3546 diffamatio,
1196 3465 1366 3543 detractio,
1393 3472 1488 3546 atque
1514 3462 1716 3527 mendacium

168 3578 286 3633 ratores
297 3577 467 3651 parentum
482 3567 590 3632 brevis
605 3576 637 3631 et
651 3586 837 3631 erumnose
852 3568 916 3630 sint
970 3568 1192 3652 prohibentur.

167 3668 251 3745 vitre,
269 3668 514 3731 inhonoratores
530 3685 606 3730 vero
622 3685 743 3743 eorum,
766 3666 916 3747 lougaevae
1011 3670 1087 3731 Non
1112 3666 1313 3743 concupiscas
1336 3666 1469 3723 domam
1488 3662 1713 3740 proximitui.

168 3786 203 3829 ac
220 3764 490 3849 prosperae.0uod
503 3766 585 3829 Deus
602 3765 647 3828 sic
662 3765 790 3829 ordinat
805 3766 843 3828 ad
855 3784 917 3827 me·
971 3767 1041 3829 llaec
1052 3765 1115 3827 duo
1127 3761 1241 3825 ultima
1257 3767 1426 3844 praecepta,
1436 3757 1650 3823 inordinatam
1663 3778 1717 3840 ap-

166 3866 269 3947 jorem
292 3863 513 3927 obedientium
537 3862 737 3940 felicitatem,
760 3872 856 3945 atque
878 3864 916 3926 ad
972 3864 1160 3948 petitionem
1177 3869 1377 3923 terrenorum
1394 3858 1599 3939 restinguunt
1612 3877 1649 3920 ac
1664 3876 1717 3921 ve

168 3962 349 4044 graviorem
381 3961 637 4025 inobedientium
666 3962 914 4025 damnationem.
972 3962 1097 4026 tant.Et
1113 3978 1197 4023 norro
1213 3959 1274 4021 isto
1285 3964 1444 4040 precepto
1460 3954 1623 4018 inhibetur
1634 3956 1717 4019 inor-

166 4062 224 4125 l'el
246 4080 286 4124 ex
308 4060 382 4123 aliis
405 4060 525 4123 abditis
547 4060 652 4123 causis
674 4060 707 4122 id
729 4060 855 4124 accidit.
971 4062 1080 4125 dinata
1095 4057 1251 4141 appetitio
1264 4056 1309 4119 rei
1325 4054 1426 4132 utilis,
1439 4053 1648 4134 intelligendo
1661 4073 1718 4135 per

206 4161 373 4237 Praeterea,
391 4166 464 4240 post
486 4167 644 4242 praecepta
666 4159 705 4221 ad
720 4159 775 4222 Dei
795 4159 916 4221 cultum
973 4161 1115 4235 domum,
1142 4154 1300 4238 quidquid
1325 4155 1364 4217 ad
1395 4152 1631 4235 possessionem
1660 4172 1716 4216 seu

167 4257 358 4342 spectantia,
375 4266 462 4321 recte
477 4257 607 4339 ponitur
628 4256 811 4320 immediato
832 4256 916 4320 istud
931 4265 956 4327 D
972 4256 1171 4340 opulentiam
1190 4253 1329 4336 pertinet
1354 4251 1563 4334 corporalem.
1589 4251 1715 4315 Decimo

166 4359 206 4421 de
222 4355 435 4421 honoratione
450 4364 630 4438 parentum,
640 4356 715 4438 quia
732 4364 803 4439 post
818 4358 916 4419 Deum
971 4364 1078 4421 eutem
1093 4360 1252 4437 praeccpto
1263 4359 1387 4416 vetatur
1397 4349 1657 4431 concupiscentia
1669 4350 1714 4413 rei

166 4466 243 4519 sunt
269 4455 433 4538 precipue
458 4454 587 4516 amandi
611 4474 647 4518 ac
671 4455 861 4519 honorandi.
879 4455 918 4518 Et
972 4451 1183 4528 delectabilis,
1207 4458 1318 4533 utpote
1341 4448 1487 4531 conjugis
1512 4447 1659 4530 proximi,
1683 4457 1715 4512 et

166 4554 253 4617 sicut
268 4574 288 4616 a
302 4555 366 4617 Deo
382 4552 555 4635 suscipitur
571 4552 688 4629 anima,
706 4553 750 4615 ita
770 4572 918 4635 aparen-
972 4552 1076 4620 omnis
1103 4551 1232 4615 feminae
1261 4568 1325 4613 non
1352 4548 1531 4628 conjunctae
1560 4546 1712 4629 legitime,

167 4653 257 4716 tibus
272 4652 475 4717 contrahitur
490 4670 584 4727 caro;
607 4660 639 4714 et
654 4652 716 4734 ipsi
732 4659 804 4734 post
819 4652 917 4716 Deum
971 4673 1071 4737 quum
1097 4650 1214 4714 dicitur
1240 4665 1247 4710 :
1275 4650 1341 4710 Nec
1363 4647 1559 4707 desiderabis
1582 4667 1715 4708 aucorem

166 4761 243 4815 sunt
266 4770 365 4815 causa
387 4749 549 4832 praecipua
568 4749 687 4814 sobolis
709 4770 784 4814 suae.
806 4750 918 4825 Quem·
972 4756 1052 4833 ejas.
1077 4751 1173 4814 Porro
1193 4747 1278 4829 quod
1301 4745 1459 4822 subditur,
1481 4747 1556 4809 Noa
1574 4765 1714 4818 secum,

165 4852 343 4915 admodum
360 4850 457 4913 etiarn
479 4849 562 4911 Deus
583 4856 632 4912 est
650 4868 746 4912 causa
760 4850 916 4928 omniurn,
972 4873 1037 4913 aaa
1060 4850 1229 4919 ancillam,
1253 4866 1319 4906 aaa
1342 4847 1462 4914 bovem,
1485 4864 1550 4904 non
1572 4847 1717 4916 aunam,

166 4951 211 5013 sic
228 4948 293 5032 ipsi
312 4947 452 5031 propriae
467 4946 577 5030 prolis.
972 4970 1030 5010 aec
1051 4948 1162 5009 omnia
1184 4965 1256 5026 qua
1275 4946 1369 5004 iliius
1388 4952 1478 5013 sant,
1500 4949 1605 5023 potest
1625 4942 1717 5023 quasi

205 5046 362 5131 Sequitur
379 5045 528 5127 quintum
547 5054 740 5129 praeceptum
759 5066 765 5109 :
785 5050 858 5108 Noa
873 5068 919 5108 oc·
974 5067 1031 5131 per
1045 5044 1305 5129 supplementum
1321 5039 1434 5104 referri
1449 5040 1488 5102 ad
1506 5059 1625 5103 nonum
1641 5060 1721 5123 prae

165 5152 251 5211 eides
275 5169 288 5207 :
312 5146 345 5210 id
371 5154 437 5223 est,
465 5145 616 5228 praecipio
644 5144 701 5207 tibi
731 5153 767 5207 ut
794 5146 917 5208 nullum
975 5154 1114 5228 ceptum,
1130 5144 1174 5205 ita
1190 5141 1275 5223 quod
1295 5139 1356 5203 ista
1376 5137 1587 5222 probibentur
1602 5138 1721 5221 injuste

165 5246 335 5311 bominem
360 5244 492 5327 injuste,
515 5264 571 5307 scu
593 5244 718 5327 privata
739 5253 771 5307 et
791 5245 920 5328 propria
975 5243 1083 5328 appeti
1103 5242 1142 5305 ad
1160 5239 1389 5324 possidendum
1406 5246 1438 5301 et
1454 5237 1608 5300 utendum
1623 5237 1669 5301 eis
1685 5237 1719 5299 in

166 5345 361 5410 auctoritate
381 5342 519 5420 occidas,
537 5342 603 5406 imo
619 5342 798 5420 dosiades,
817 5362 921 5425 neque
976 5341 1106 5426 proprio
1126 5338 1292 5421 obsequio,
1309 5337 1396 5420 quod
1415 5343 1464 5400 est
1485 5334 1606 5399 bouum
1628 5334 1716 5397 utile.
