4309 6259
576 499 750 567 manuario
772 498 801 543 m
823 496 891 541 cnr.
916 495 990 543 xxrx
1012 495 1113 543 nxoor.
1135 518 1174 528 —
1195 500 1266 546 nnr.
1290 502 1349 547 arn
1686 488 1723 553 st

175 690 248 755 quae
264 680 312 737 est
327 672 556 737 delicatissima
573 672 669 736 tritici
686 672 800 736 larina.
817 673 925 753 itaquo
939 665 965 728 Α
981 669 1064 731 erint
1085 669 1204 733 mitrati
1223 691 1367 735 summus
1387 676 1532 739 sacerdos
1549 686 1580 737 et
1598 676 1726 740 inferio

174 772 259 834 sicut
274 772 426 835 animalia
442 772 648 850 immolanda,
667 774 757 836 itaet
773 792 871 854 panos
891 772 924 834 hi

174 870 357 934 debuerunt
376 890 446 934 esse
465 871 619 951 elegantis
640 871 872 952 dispositionis,
890 879 925 932 ut

173 968 207 1030 in
229 970 381 1033 omnibus
407 971 469 1033 Deo
490 969 671 1034 offerantur
691 969 922 1052 praestantiora.

172 1070 218 1129 Ει
228 1072 339 1147 posita
355 1069 421 1132 hae
444 1088 561 1151 genera
586 1088 704 1151 panum
727 1073 762 1129 ia
783 1072 924 1130 canistro

173 1171 285 1245 offeres
300 1168 364 1232 Deo
380 1168 414 1230 in
430 1168 693 1251 recognitionem,
710 1169 797 1250 quod
816 1167 924 1230 omnia

173 1267 328 1331 victualia
348 1276 423 1330 sunt
443 1268 484 1331 ab
504 1288 553 1332 eo.

225 1370 373 1429 Vitulum
399 1379 508 1430 autem
528 1379 556 1430 ct
576 1372 656 1429 duos
676 1370 924 1438 arietes,et11a-

173 1486 234 1527 roa
260 1488 300 1527 ac
324 1470 411 1545 filios
435 1470 506 1545 ejus
531 1470 710 1546 applicabis
736 1470 781 1527 ad
805 1470 923 1527 ostium

175 1568 380 1627 tabernaculi
396 1568 584 1639 testimonii,
603 1566 635 1629 id
651 1575 699 1630 est
714 1574 801 1629 extra
821 1565 925 1628 taber-

173 1664 327 1728 naculum
349 1666 439 1747 juxta
458 1666 575 1729 ostium
601 1666 671 1748 ejus
696 1666 730 1727 in
756 1664 848 1741 atrio,
870 1663 924 1725 ubi

173 1770 242 1824 erat
257 1762 517 1827 holocaustorum
533 1764 644 1826 altare.
659 1766 827 1842 Qatcrnqae
843 1768 925 1823 lave-

981 786 1041 843 res,
1050 768 1194 831 habitum
1206 778 1254 831 cst
1266 771 1298 832 in
1309 772 1507 853 expositione
1518 775 1724 855 praecedentis

980 866 1123 947 capituli.
1147 870 1319 948 Eruatqae
1342 874 1516 931 sacerdotes
1540 875 1603 932 mei
1620 874 1632 895 '
1652 875 1726 932 reli·

975 966 1071 1039 plone
1087 978 1245 1044 perpetua
1266 990 1277 1027 .·
1298 969 1385 1031 omni
1411 969 1559 1033 videlicet
1586 979 1726 1052 tempore

979 1063 1156 1125 durationis
1171 1066 1288 1127 veteris
1304 1066 1383 1147 legis
1399 1069 1560 1131 duratura.
1577 1069 1634 1132 lici
1650 1070 1727 1131 dici-

980 1169 1031 1223 tur
1048 1162 1159 1241 religio
1175 1163 1231 1225 iiia
1247 1176 1410 1247 perpetua,
1428 1168 1504 1248 quia
1518 1168 1725 1231 christianam

980 1262 1169 1343 religionem
1185 1284 1286 1345 usque
1303 1266 1334 1325 in
1352 1264 1453 1327 linem
1468 1268 1581 1329 mundi
1597 1268 1725 1329 duratu-

979 1380 1045 1422 ram
1058 1360 1288 1441 praeliguravii.
1299 1366 1475 1443 Postquam
1488 1368 1682 1438 initiaveris
1692 1365 1724 1427 id

979 1467 1028 1522 cst
1049 1460 1296 1537 consecrareris,
1315 1483 1432 1522 careatus
1454 1484 1564 1523 eoram
1579 1482 1591 1525 .·
1607 1463 1657 1526 vel
1680 1482 1726 1526 sc-

979 1559 1120 1621 cundum
1131 1558 1350 1639 Augustinum,
1359 1569 1526 1641 postquam
1538 1570 1727 1643 potestatem

980 1658 1188 1720 consecrandi
1199 1667 1231 1719 et
1246 1656 1433 1721 immolandi
1449 1679 1485 1721 ac
1501 1659 1725 1723 sanctificandi

980 1757 1025 1819 eis
1042 1756 1220 1819 tradideris.
1238 1757 1417 1839 Dicuntque
1431 1758 1543 1839 aliqui,
1560 1760 1646 1840 quod
1661 1778 1727 1821 ma-

174 1864 222 1923 ris
244 1872 374 1941 patrem
399 1884 473 1924 cum
498 1865 581 1942 filiis
610 1866 678 1923 suis
711 1884 807 1942 aqua.
834 1862 924 1924 Lavit
943 1855 1257 1937 Buusuinloriorum
1287 1857 1486 1920 sacerdotum
1512 1857 1723 1938 ungebantur.

173 1962 263 2023 enim
278 1963 399 2045 Moyses
415 1982 581 2025 manusco
597 1963 693 2044 pedes
708 1962 824 2038 Aaron,
842 1960 925 2024 lilio-

174 2078 312 2141 rumque
334 2061 416 2143 ejus,
433 2068 469 2123 ut
488 2060 600 2124 dicunt
620 2059 827 2141 expositores.
846 2058 925 2140 Lyra

175 2168 285 2222 tamen
310 2159 427 2240 allegat
451 2159 552 2223 Rabbi
578 2160 791 2235 Salomonem,
818 2157 926 2221 dicon-

174 2264 240 2319 tem
256 2258 344 2339 quod
360 2277 425 2321 non
441 2258 638 2339 intelligatur
660 2256 699 2319 de
718 2255 860 2338 corporis
881 2256 926 2319 io-

176 2354 265 2418 tione
293 2372 299 2417 :
328 2356 552 2437 quodrerum
578 2374 642 2419 non
668 2363 726 2431 est,
754 2354 817 2416 nisi
843 2352 925 2417 torte

175 2451 284 2515 dicere
309 2454 400 2530 velit,
426 2454 512 2535 quod
537 2460 640 2516 totum
670 2471 780 2515 eorum
809 2470 925 2533 corpus

175 2568 241 2613 non
268 2550 445 2614 lavabatur.
473 2552 700 2615 Verumtamen
726 2552 759 2612 in
784 2550 925 2613 Levitico

982 1955 1040 2016 Alii
1058 1956 1169 2018 dicunt
1184 1955 1378 2037 oppositum,
1395 1975 1495 2037 quum
1511 1976 1570 2019 nec
1586 1956 1649 2032 hic,
1668 1976 1726 2019 nec

980 2054 1057 2115 alibi
1074 2054 1236 2137 Scriptura
1253 2055 1313 2117 hoc
1333 2055 1428 2118 dicat.
1447 2055 1565 2118 Tamen
1586 2064 1620 2117 ut
1640 2055 1726 2117 intra

980 2153 1112 2235 patebit,
1130 2153 1169 2216 de
1185 2154 1340 2235 sanguine
1359 2153 1482 2231 hostia,
1500 2154 1725 2236 unctionisque

980 2252 1050 2315 oleo
1067 2251 1166 2313 siebat
1182 2252 1350 2334 permixtio
1366 2252 1524 2334 quaedam,
1541 2272 1604 2334 qua
1624 2272 1726 2315 sacor-

980 2352 1068 2413 dotes
1088 2359 1120 2414 ct
1139 2369 1248 2413 corum
1270 2359 1373 2414 restes
1389 2350 1672 2433 adspergebantur.
1689 2352 1725 2413 ll-

981 2450 1044 2511 iam
1069 2468 1197 2530 quoque
1225 2450 1465 2531 adspersionem
1494 2450 1606 2513 dicunt
1631 2469 1725 2532 posse

980 2548 1151 2629 quamdam
1167 2548 1351 2611 unctionem
1368 2549 1486 2612 vocari.

45 2659 160 2710 tarint·
176 2647 314 2713 habetur
329 2650 487 2728 absolute,
504 2651 589 2732 quod
610 2650 688 2713 lavit
703 2670 768 2726 ece,
788 2668 851 2711 non
868 2648 925 2709 du·
1019 2648 1210 2725 Applicabr‘s
1231 2657 1260 2708 et
1285 2650 1425 2707 uitulum
1446 2669 1555 2709 coram
1581 2650 1726 2708 taberna-

176 2745 267 2809 bium
288 2747 368 2829 quin
389 2748 607 2831 corporaliter.
626 2749 682 2811 Por
702 2748 787 2830 quod
808 2746 926 2826 ligura·
979 2749 1050 2804 culo
1073 2747 1249 2806 testimonii
1263 2765 1275 2807 .·
1291 2753 1367 2828 puta
1389 2746 1428 2807 ad
1449 2745 1567 2808 ostium
1587 2746 1668 2826 ojuS,
1690 2754 1725 2807 ut

175 2845 281 2925 batur,
304 2848 390 2929 quod
412 2849 591 2911 sacerdotes
611 2849 727 2911 debent
748 2848 834 2911 intus
855 2862 925 2907 esse
980 2843 1100 2904 dictum
1116 2844 1219 2920 est‚in
1234 2844 1326 2907 atrio.
1336 2848 1686 2924 Impoacntqaostaron
1696 2855 1725 2905 et

175 2945 342 3025 purificati
358 2966 395 3009 ac
410 2947 473 3009 Deo
490 2948 872 3027 reconciliati,antoquam
885 2946 923 3007 ad
978 2944 1046 3019 filii
1068 2943 1137 3020 ojus
1161 2964 1277 3003 manas
1297 2964 1393 3020 saper·
1417 2953 1514 3020 caput
1538 2946 1630 3002 tiltres
1650 2966 1662 3002 .·
1684 2945 1724 3007 ad

174 3063 306 3108 suorum
318 3044 554 3109 exsecutionem
566 3045 749 3108 officiorum
760 3036 960 3107 accedenti}
980 3040 1209 3102 insinuandum
1233 3048 1265 3102 et
1289 3039 1521 3117 confitendum,
1550 3042 1635 3122 quod
1666 3061 1723 3123 pro

173 3145 296 3205 Indues
324 3148 438 3207 Aaron
469 3146 665 3205 vestimentis
694 3146 777 3217 sais,
803 3144 924 3206 seilicet

174 3242 425 3306 sacerdotalibus
445 3252 477 3306 et
497 3242 738 3325 pontificalibus
758 3262 924 3307 ornamen-

175 3340 227 3419 tis,
244 3344 282 3403 id
295 3353 341 3403 est
361 3346 461 3415 liaeo,
479 3343 602 3405 scilicet
622 3342 741 3419 stricta,
762 3353 791 3403 ct
812 3344 922 3403 tunica

175 3440 393 3522 hyacinthina,
416 3452 445 3502 et
459 3443 720 3519 superhumerali
735 3452 764 3501 cl
780 3443 924 3502 rationa-

176 3541 213 3601 u.
229 3538 316 3601 istud
332 3539 524 3622 precedenti
545 3538 685 3621 capitulo
706 3538 833 3621 plenius
850 3558 924 3601 con-

176 3636 307 3710 tinetur,
332 3628 429 3719 atque
453 3638 633 3720 expositum
656 3646 713 3701 cst.
740 3641 830 3707 Qrtocl
851 3658 924 3698 con-

175 3738 314 3815 stringes
329 3738 442 3798 balteo.
460 3740 503 3798 Et
514 3758 614 3815 peaes
632 3738 751 3796 tiaram
769 3738 924 3812 incapite

176 3836 257 3912 ejus,
266 3846 297 3897 et
307 3838 469 3897 laminam
483 3845 629 3897 sanctam
645 3855 742 3911 seqrer
753 3836 884 3905 tiaram,
894 3842 923 3893 et

177 3938 280 3997 oleran
297 3939 461 3997 unctionis
476 3938 595 4015 suades
614 3954 710 4011 super
725 3943 821 4010 caput
841 3934 920 4011 ejuS,

176 4043 270 4112 atque
285 4035 344 4095 boc
358 4035 427 4093 ritu
440 4034 687 4093 consecrabitur.
698 4031 788 4094 Solus
804 4031 923 4093 etenim

178 4130 323 4212 pontifex
343 4132 523 4214 ungebatur
540 4132 703 4213 incapite.
722 4130 848 4193 Materia
868 4131 924 4192 hu·

979 3139 1117 3222 peccatis
1133 3158 1244 3202 eorum
1258 3138 1378 3203 vitulus
1394 3140 1623 3203 immolaretur.
1636 3139 1723 3214 Quod

979 3248 1086 3302 tamon
1102 3239 1271 3322 mysticum
1292 3238 1413 3320 aliquid
1433 3258 1585 3319 magnum
1601 3237 1724 3320 signifi-

980 3339 1074 3416 cavit,
1093 3338 1176 3401 sieut
1192 3348 1348 3418 tangetur.
1367 3342 1408 3400 Et
1425 3341 1577 3400 mactabis
1593 3359 1666 3399 eura
1688 3340 1724 3398 ia

978 3447 1144 3514 conspectu
1160 3440 1305 3509 Dorar'ai,
1316 3439 1419 3516 juata
1441 3440 1558 3499 ostium
1580 3440 1723 3498 tabe-na-

978 3539 1047 3597 culi
1063 3535 1266 3596 testimonii:
1283 3536 1359 3615 quia
1378 3536 1497 3597 animal
1517 3534 1722 3599 ollcrondum

979 3634 1133 3710 occidere,
1162 3634 1224 3695 tuit
1249 3634 1421 3696 sacerdotis
1451 3632 1610 3710 osticium,
1635 3634 1722 3717 quod

978 3734 1097 3815 Moyses
1122 3733 1262 3796 exercuit
1287 3734 1320 3795 in
1345 3732 1583 3796 consecratione
1604 3732 1720 3809 Aaron,

980 3832 1188 3912 filiorumque
1217 3833 1298 3912 ejus,
1327 3835 1563 3910 Surnptumqae
1586 3835 1626 3891 dc
1648 3853 1723 3891 saa-

977 3932 1079 4007 paiae
1103 3931 1203 3989 citati
1223 3950 1323 4007 porres
1343 3950 1438 4007 super
1459 3949 1581 3989 cornua
1606 3930 1722 3989 altaris

980 4030 1082 4105 dipito
1099 4038 1152 4089 tuo
1163 4048 1174 4088 .·
1186 4026 1332 4089 iaciendo
1349 4026 1393 4088 ibi
1408 4026 1587 4088 linitionem
1603 4046 1641 4088 ex
1655 4047 1723 4089 san-

979 4126 1087 4207 guine,
1111 4128 1151 4188 ad
1173 4126 1457 4188 demonstrandum
1481 4126 1567 4207 quod
1588 4126 1628 4187 ad
1653 4126 1721 4208 pla-

176 4230 227 4310 jus
242 4229 417 4309 unctionis,
430 4231 516 4293 inira
532 4230 738 4314 exprimitur;
757 4229 858 4293 lorma
873 4250 923 4292 an·
938 4220 962 4282 D
979 4226 1116 4288 candum
1138 4225 1307 4287 Dominum
1329 4224 1515 4305 majestatie,
1537 4225 1588 4287 cui
1611 4223 1643 4286 in
1666 4225 1722 4290 illo

179 4338 298 4395 temet
323 4330 567 4415 liguraipsius,
595 4331 627 4393 in
655 4338 741 4393 textu
768 4338 921 4393 tacentur.

178 4430 284 4513 Aliqui
315 4450 390 4495 vero
421 4430 599 4507 aliirmant,
626 4430 712 4511 quod
737 4430 844 4494 unctio
869 4430 924 4493 ilia

180 4510 300 4612 incepit
316 4550 334 4592 a
349 4529 464 4611 capite,
483 4537 514 4592 et
531 4528 630 4591 tiebat
645 4548 718 4591 cum
734 4527 835 4609 digito
850 4548 924 4591 con—

180 4629 333 4691 secrantis
355 4629 456 4691 tincto
479 4628 513 4690 in
538 4628 700 4704 unctione,
727 4628 923 4707 descendens

178 4726 217 4787 ad
230 4728 414 4809 -palpehms¹

222 4828 323 4887 Filios
340 4848 467 4907 quoquc
488 4829 580 4887 illius
600 4827 790 4905 applicabis,
813 4824 844 4885 id
864 4832 922 4901 est,

180 4924 238 4987 tibi
253 4926 421 5006 adjunges,
435 4926 479 4987 ita
496 4934 531 4987 ut
546 4925 649 5007 possis
665 4942 718 4987 eos
734 4924 878 4999 induere,
896 4932 924 4983 et

180 5027 293 5084 indues
307 5044 358 5084 eos
375 5026 496 5085 tunicis
512 5025 618 5095 lineis,
629 5025 795 5101 ciapcsque
811 5025 923 5093 balteo,

179 5126 288 5183 Aaron
309 5124 431 5183 seilicet
450 5131 479 5182 et
496 5124 608 5181 liberos
624 5122 700 5198 ejus.
718 5121 802 5183 Istud
824 5128 925 5183 totum

181 5220 319 5301 capitulo
335 5218 528 5301 precedenti
544 5220 722 5300 expositum
738 5227 796 5281 est.
810 5222 852 5280 Et
869 5222 927 5279 aa·

178 5338 274 5398 poaes
289 5322 335 5379 eis
351 5320 477 5382 mitras.
495 5316 636 5393 Qualiter
650 5315 864 5381 diversimodo
880 5314 926 5379 iu·

301 5452 334 5504 T.
352 5452 375 5503 2.

978 4324 1070 4387 altari
1091 4323 1251 4386 sacrificia
1270 4323 1500 4400 offerebantur,
1519 4324 1647 4403 sanguis
1668 4324 1722 4389 ilie

979 4423 1041 4484 fuit
1061 4422 1195 4485 cilusuS.
1215 4426 1391 4502 Reliquam
1406 4433 1514 4484 autem
1528 4425 1722 4500 sarapru'aem

978 4524 1099 4599 faudes
1114 4520 1232 4599 saper*
1248 4524 1350 4582 basim
1365 4522 1446 4599 ejus,
1462 4521 1494 4584 id
1511 4530 1558 4584 est
1572 4524 1657 4604 apud
1674 4522 1722 4583 in·

979 4620 1097 4684 leriora
1111 4620 1231 4696 altaria,
1250 4620 1305 4681 ubi
1327 4629 1395 4682 erat
1414 4620 1649 4702 receptaculum
1665 4640 1721 4683 seu

978 4719 1099 4797 canale,
1118 4719 1151 4779 in
1166 4718 1252 4800 quod
1268 4719 1396 4799 sanguis
1411 4719 1594 4800 hujusmodi
1611 4718 1723 4781 lunde-

978 4819 1079 4895 batur,
1094 4838 1149 4901 per
1165 4819 1255 4899 cujus
1272 4817 1430 4881 foramina
1445 4819 1573 4897 sanguis
1588 4818 1724 4881 delluxit

979 4918 1013 4980 in
1040 4926 1167 4981 terram.
1195 4922 1309 4980 Suraes
1332 4929 1361 4978 ct
1386 4919 1516 4996 adipem
1542 4928 1642 4979 toturn
1666 4920 1724 4998 peti

979 5020 1082 5097 operit
1097 5020 1264 5089 iratestiua,
1280 5028 1309 5078 ct
1329 5019 1501 5077 reticulum
1513 5018 1633 5095 jecoris
1648 5036 1660 5077 .·
1676 5037 1724 5079 re·

981 5117 1113 5179 ticulum
1129 5116 1256 5198 jecoriS,
1273 5125 1320 5179 est
1335 5116 1496 5197 pinguedo
1511 5117 1655 5196 quadam
1676 5116 1724 5177 in-

981 5224 1045 5279 star
1060 5216 1137 5279 rotis
1154 5216 1309 5290 formata3
1326 5236 1363 5276 ac
1382 5218 1462 5275 dicos
1481 5236 1581 5286 renes,
1604 5226 1632 5275 et
1652 5217 1724 5275 adi-

978 5336 1052 5395 pem
1068 5316 1127 5397 qui
1140 5335 1235 5393 super
1250 5336 1299 5375 cos
1314 5324 1369 5387 cst,
1385 5324 1415 5376 et
1429 5318 1538 5393 offeres
1558 5315 1723 5378 iucensam

1583 5451 1598 5502 6
