4309 6259
500 507 675 555 nununnnlo
695 507 727 553 IN
748 507 816 553 (IAI’.
840 504 912 551 XXIV
934 503 1130 551 mudeuurt.
1152 521 1193 532 -
1213 499 1285 547 nnn.
1307 498 1404 546 XXXIX

678 874 1003 964 ARTICULUS
1039 874 1227 959 XXXIX

292 1129 471 1175 nuncianum
494 1127 668 1174 numanatis
690 1125 829 1171 carinum
851 1123 981 1169 VIGESIIII
1003 1121 1115 1175 QUAII'I'I
1137 1122 1144 1165 :
1168 1119 1309 1175 anundus
1330 1117 1465 1164 vtntssun
1486 1116 1611 1161 ananau

777 1222 856 1278 QUOD
877 1220 1041 1280 abactam,
1065 1220 1130 1265 E'IG.

241 1478 524 1553 ONTINUITUR
554 1478 606 1541 hio
635 1474 769 1538 historia
792 1470 969 1537 duorumb
1024 1470 1062 1532 Et
1080 1480 1245 1549 assumpta
1257 1472 1426 1549 parabola,
1443 1471 1502 1530 ait.
1521 1467 1579 1532 lob
1599 1484 1727 1549 quoquo
1740 1485 1874 1536 totamm.

254 1577 503 1661 praecedentium
519 1574 744 1657 capitulorum.
760 1577 929 1650 Quumque
985 1568 1101 1649 legitur
1130 1588 1199 1632 esse
1224 1568 1349 1631 locutus
1373 1575 1535 1649 assumpta
1565 1564 1725 1648 parabola.

175 1680 316 1737 vidisset
330 1680 472 1737 Balaam
487 1678 573 1755 quoa
583 1679 724 1753 placeret
739 1674 877 1733 Domino
893 1680 929 1731 ut
984 1668 1081 1727 Dinia
1091 1670 1231 1728 Balaam
1245 1668 1337 1744 filius
1351 1666 1550 1737 BeorJdioet'l
1564 1667 1729 1735 lammen-

174 1774 390 1841 benedicaret,
408 1771 477 1853 ipse
492 1769 617 1831 Balaam
633 1768 684 1832 vel
700 1769 781 1832 Deus
802 1785 859 1849 per
874 1766 929 1827 Ba·
976 1765 1037 1842 jus
1052 1768 1219 1826 obturatus
1233 1774 1278 1825 est
1293 1768 1404 1825 ocutus
1414 1784 1426 1824 .·
1441 1764 1619 1840 obturatae,
1636 1762 1729 1824 idest

175 1871 278 1947 laam,
306 1872 437 1939 Israeli,
459 1889 663 1949 nequaquam
687 1870 768 1928 abiit
795 1877 831 1927 ut
855 1876 930 1927 anto
985 1862 1071 1925 vitiis
1094 1862 1292 1940 obscuratus,
1309 1861 1449 1944 repletus
1469 1870 1501 1925 et
1520 1861 1658 1937 clausus,
1669 1859 1731 1922 fuit

170 1978 380 2047 perreascrat,
398 1978 434 2027 ut
448 1968 802 2045 aupuriumquoereret.
815 1964 931 2026 Praece-
985 1961 1096 2025 oculus
1120 1961 1191 2041 ejus
1211 1960 1353 2037 interior,
1373 1960 1416 2022 ita
1435 1960 1520 2041 quod
1545 1959 1626 2021 nibil
1648 1958 1732 2020 salu·
1759 1998 1767 2008 -

41 2084 159 2133 ‚mana
175 2067 272 2129 denti
299 2084 436 2147 namque
460 2065 601 2147 capitulo
626 2065 744 2146 patuit,
771 2062 856 2144 quod
880 2061 930 2123 bis
985 2060 1086 2123 briter
1109 2078 1146 2124 ae
1170 2058 1332 2122 meritorie
1356 2058 1447 2120 vidit.
1472 2057 1542 2120 Alia
1567 2056 1732 2120 translatio

87 2179 92 2187 '
176 2166 316 2228 recessit
340 2182 397 2246 per
416 2163 651 2244 aIIquantulum
678 2160 815 2243 spatium
836 2180 855 2223 a
876 2161 931 2221 Ba·
986 2158 1102 2222 babet:
1119 2157 1204 2220 Dixit
1218 2156 1344 2219 Balaam
1360 2156 1450 2219 lilius
1465 2156 1553 2232 Beor,
1572 2155 1667 2220 bomo
1682 2173 1734 2217 ve·

177 2263 242 2340 lac,
260 2263 440 2343 caterisque
455 2261 654 2324 adstantibus
668 2261 707 2323 ad
723 2259 929 2340 quarendum
986 2276 1020 2320 re
1035 2257 1158 2319 videns.
1171 2256 1259 2318 Unde
1274 2263 1306 2317 et
1322 2255 1425 2317 littera
1440 2254 1503 2316 alia
1517 2252 1623 2329 habet,
1635 2252 1733 2334 Cujus

174 2360 365 2442 augurium,
382 2367 417 2421 ut
432 2359 554 2422 scilicet
569 2378 587 2420 a
602 2356 801 2420 daemonibus
817 2356 932 2417 instru·
986 2356 1145 2419 revelatus
1161 2362 1210 2418 est
1228 2354 1340 2418 oculus
1358 2371 1365 2415 :
1384 2362 1419 2415 ut
1437 2352 1481 2415 sit
1504 2371 1627 2427 sensus,
1644 2351 1730 2433 quod

172 2466 287 2523 cretur
307 2458 347 2520 de
367 2457 462 2521 modo
483 2454 697 2519 maledicendi
714 2454 793 2515 liliis
813 2452 928 2527 Israel;
985 2454 1098 2517 aculus
1113 2454 1183 2536 ejus
1199 2453 1332 2517 interior
1346 2452 1409 2514 luit
1430 2451 1614 2516 ooelestibus
1635 2450 1732 2513 visio-

173 2556 235 2619 sod
251 2552 932 2635 angelosanctoprevenienteetoccurren-
986 2552 1083 2617 uibus
1108 2552 1296 2629 illustratus,
1321 2552 1449 2632 quando
1470 2560 1502 2614 et
1526 2550 1637 2614 oculus
1662 2549 1732 2630 ejus

175 2664 221 2731 te,
241 2652 433 2735 impeditum
453 2661 501 2714 est
521 2651 719 2733 propositum
739 2650 876 2725 Balaam,
900 2655 932 2711 et
950 2651 1123 2716 Bexterior
1139 2651 1200 2714 iuit
1215 2650 1392 2728 obturatus,
1410 2650 1505 2713 idest
1522 2648 1734 2713 somnoclau·

173 2754 291 2833 jussus
311 2758 360 2814 est
379 2750 570 2813 benedicere
589 2749 685 2831 plebi.
704 2749 832 2811 'limans
857 2764 931 2826 ergo
987 2768 1052 2827 sus,
1071 2750 1149 2833 quia
1171 2750 1205 2811 iu
1226 2767 1338 2814 somno
1358 2749 1451 2813 lacta
1474 2758 1550 2812 sunt
1568 2749 1599 2813 ei
1618 2748 1733 2829 aliquae

176 2870 220 2913 ne
237 2858 270 2913 et
286 2849 380 2913 tertia
390 2848 460 2913 viee
471 2847 533 2910 sibi
543 2847 702 2911 accideret
712 2846 811 2909 simili
823 2846 929 2921 modu,
987 2849 1207 2924 revelationes,
1226 2856 1290 2911 tam
1304 2848 1345 2911 ab
1360 2848 1474 2930 angelo
1489 2848 1585 2925 bono,
1602 2867 1699 2930 qnam
1715 2867 1733 2910 a

177 2968 245 3012 non
273 2947 334 3010 ivit
358 2950 397 3011 ad
421 2948 631 3028 quaerendum
656 2945 837 3026 augurium,
857 2943 932 3025 quia
987 2948 1083 3023 malo,
1101 2946 1217 3029 sapius
1232 2954 1338 3009 tamen
1352 2967 1371 3011 a
1386 2947 1481 3010 malo.
1491 2949 1587 3009 Dinia
1601 2950 1734 3008 auditor

175 3048 278 3111 seivit
302 3047 387 3127 quod
411 3065 476 3109 uon
499 3046 679 3127 acquireret
703 3062 932 3127 responsuma
986 3066 1170 3107 sermonum
1189 3046 1251 3107 Dei
1270 3066 1282 3105 .·
1304 3046 1456 3126 quoniam
1480 3054 1545 3108 tam
1567 3045 1600 3107 in
1622 3063 1734 3110 somam

174 3148 337 3222 daemoue,
356 3146 411 3208 sed
436 3146 523 3239 quod
542 3144 675 3224 augelus
700 3143 729 3206 ei
751 3151 929 3225 appararet,
985 3164 1082 3227 quam
1099 3145 1131 3207 iu
1146 3145 1259 3226 vigilia
1271 3145 1496 3210 audivitaneo
1511 3164 1568 3228 per
1583 3146 1733 3225 angelum

175 3254 279 3328 atque
302 3244 430 3325 juberet
446 3243 635 3306 benedicere
656 3242 786 3324 populo.
805 3243 869 3303 Sed
883 3242 932 3301 di·
986 3244 1083 3307 verba
1103 3244 1302 3327 prophetalia
1321 3264 1358 3307 ac
1377 3244 1497 3322 diviua,
1516 3244 1580 3309 imo
1600 3253 1734 3327 atquae

174 3348 291 3421 ripens
305 3352 419 3405 contra
433 3345 607 3411 dantum,
623 3340 656 3401 in
673 3358 736 3421 quo
753 3340 817 3401 lilii
837 3338 931 3402 lsrael
986 3343 1058 3406 dam
1090 3352 1257 3426 precepta,
1284 3344 1402 3426 quibus
1426 3352 1459 3408 et
1483 3344 1599 3427 partim
1625 3344 1735 3407 inobe-

176 3440 403 3524 quiesoebant,
417 3440 765 3519 buccunianum-quod
779 3438 854 3501 iecit
869 3438 932 3500 Deo
987 3442 1079 3506 diens
1095 3442 1166 3519 luit,
1185 3451 1220 3505 ut
1234 3443 1337 3524 patuit
1357 3451 1388 3505 et
1404 3442 1542 3524 patebit3
1563 3445 1623 3524 qui
1638 3445 1734 3503 oisto-

176 3540 412 3621 instigantem
427 3539 473 3602 sic
488 3538 678 3603 excitaretur
694 3538 933 3601 adbenedieon·
986 3562 1060 3602 nem
1085 3543 1318 3618 omnipotentis
1343 3544 1484 3603 intuitus
1507 3552 1562 3613 est,
1587 3541 1648 3605 boc
1672 3550 1731 3617 est,

176 3638 397 3721 dumpopulo
411 3638 488 3711 Dei3
505 3648 534 3697 et
550 3641 660 3699 leuans
680 3641 784 3697 oculos
800 3636 934 3699 exterIe-
988 3640 1198 3704 revelationes
1231 3639 1434 3719 imaginarias
1464 3660 1519 3703 seu
1549 3640 1642 3703 aliter
1671 3640 1733 3703 sibi

177 3756 232 3801 res
248 3745 282 3800 et
304 3736 483 3811 interimas,
503 3736 588 3795 vidit
607 3738 711 3796 Israel
726 3738 761 3796 tn
788 3736 933 3796 ionariis
989 3738 1099 3815 iactas,
1123 3737 1278 3801 veraciter
1298 3738 1465 3801 Intellexit.
1483 3738 1550 3814 Vel,
1568 3738 1731 3802 Visionem

176 3845 433 3897 commorantem
444 3854 504 3912 per
521 3836 624 3895 tribus
645 3854 731 3894 suas.
749 3833 826 3895 Nam
848 3838 969 3915 quart}
987 3835 1232 3917 OmnIpotentis,
1265 3835 1297 3897 id
1321 3844 1382 3913 est,
1408 3836 1513 3917 ipsum
1533 3835 1734 3919 Omnipoten-

178 3934 262 3997 libet
288 3932 392 3996 tribus
416 3931 530 3995 habuit
555 3932 659 3994 locum
685 3939 717 3993 et
741 3931 837 3994 situm
864 3948 934 4014 pro·
986 3942 1050 3998 tem
1076 3934 1110 3995 iu
1135 3934 1259 3997 visione
1284 3935 1434 4015 cognovit
1458 3934 1654 4017 speculative
1677 3953 1735 4017 per

178 4034 304 4115 prium,
326 4030 388 4094 sibi
413 4030 608 4111 assignatum
635 4048 691 4112 per
716 4031 852 4112 Moysen,
873 4030 934 4092 dis
989 4052 1063 4096 suas
1083 4031 1232 4096 effectus

180 4132 322 4194 tinctum
346 4131 387 4193 ab
413 4128 484 4191 aliis
501 4127 658 4190 tribubus
676 4130 719 4189 Et
735 4130 880 4189 irruente
897 4131 933 4189 ia
1031 4134 1094 4200 Qui
1112 4134 1214 4202 cmlit,
1228 4142 1259 4193 et
1277 4135 1324 4192 sic
1338 4135 1534 4211 aperiuntur
1551 4136 1637 4194 oculi
1650 4134 1731 4210 ejus.

178 4252 211 4291 se
230 4232 356 4309 spiritu
376 4230 447 4290 Dei.
465 4227 632 4309 Proposuit
654 4227 772 4309 impius
795 4227 850 4291 ille
871 4247 934 4291 ma·
989 4230 1052 4292 Hoc
1072 4230 1294 4311 multIpliciter
1318 4230 1516 4313 explanatur.
1533 4232 1637 4295 Primo
1661 4232 1732 4295 sic:

180 4328 324 4391 ledicere
337 4326 425 4410 plebi
435 4325 502 4401 Dei;
521 4326 576 4388 sed
592 4324 711 4407 Spiritu
727 4325 842 4388 Sancto
859 4344 935 4407 pru
988 4328 1046 4402 Oui
1072 4328 1167 4403 cadit,
1185 4327 1218 4391 id
1237 4336 1296 4406 est,
1319 4328 1383 4391 ruit
1407 4330 1440 4391 iu
1466 4331 1606 4413 culpam,
1631 4338 1664 4393 et
1688 4330 1735 4392 sia

181 4426 347 4502 veniente,
375 4424 547 4507 impeditus
577 4431 625 4486 est
648 4432 737 4486 aetus
762 4424 935 4487 voluntatis
989 4426 1176 4509 aperiuntur
1190 4426 1275 4490 oculi
1291 4427 1644 4509 ejusinteriores:quia
1658 4429 1733 4491 dum

180 4542 355 4608 perverse.
367 4522 461 4586 irruit
475 4530 582 4585 autem
598 4521 631 4583 in
646 4540 720 4585 eum
737 4522 869 4604 spiritus
879 4521 934 4584 Dei
990 4524 1054 4588 ruit
1068 4525 1109 4586 ad
1124 4526 1330 4605 quaerendum
1345 4524 1487 4605 auguria,
1500 4526 1733 4609 contemplatus

182 4643 243 4707 per
266 4642 359 4684 suum
384 4620 551 4697 ellectum,
568 4620 645 4701 quia
664 4628 794 4701 repente
820 4620 936 4684 illumi·
989 4630 1037 4685 est
1060 4622 1093 4684 in
1117 4622 1227 4701 vIgilia
1244 4622 1392 4687 exteriori
1418 4623 1617 4705 iuspeoti0ue
1640 4642 1735 4706 ange-

183 4729 283 4784 natus
299 4729 347 4783 est
362 4711 478 4802 spiritu
492 4717 716 4801 prophetiam
731 4717 933 4781 immutatum
991 4719 1068 4797 lum,
1086 4721 1141 4801 qui
1159 4720 1267 4783 docuit
1286 4740 1358 4784 eum
1378 4721 1456 4803 quid
1482 4722 1611 4799 diceret,
1628 4730 1660 4785 et
1684 4721 1731 4784 iu·

183 4830 234 4885 est
251 4838 307 4883 cor
322 4819 435 4901 ipsius,
446 4836 509 4882 nou
525 4818 565 4880 de
580 4816 658 4880 vitio
674 4818 714 4879 ad
726 4818 935 4894 virtutae,sed
991 4827 1060 4881 tura
1076 4819 1303 4899 praenuntiavit
1318 4820 1433 4883 eidem.
1445 4820 1590 4883 Secundo
1605 4821 1663 4898 sic,
1675 4819 1734 4896 Qui

183 4922 225 4983 de
241 4916 499 4982 consideratione
514 4915 670 4979 malevola
685 4916 725 4977 ad
740 4916 936 4997 agnitionem
991 4916 1100 4980 cadit:
1127 4917 1203 4998 quia
1228 4919 1303 4980 dum
1325 4918 1473 4999 angelum
1494 4918 1576 4982 vidit
1598 4920 1638 4981 ad
1662 4938 1738 4983 ocu-

184 5017 361 5093 selubrem,
373 5024 405 5079 et
420 5016 447 5077 si
464 5034 527 5079 nou
544 5013 605 5076 sibi
621 5013 725 5095 quiea
740 5014 860 5077 abusus
875 5024 934 5092 est,
952 5020 977 5081 I)
992 5015 1070 5093 lum,
1088 5016 1314 5097 prostravitse‚
1326 5017 1534 5098 adoravitque
1552 5016 1666 5091 ilium;
1685 5019 1737 5081 vel

183 5118 262 5180 aliis
278 5114 498 5179 tamenlrruit
508 5131 583 5194 ergo
594 5112 627 5175 in
639 5131 712 5175 eum
729 5113 861 5194 spiritus
871 5114 937 5191 Dei,
993 5132 1030 5177 ex
1055 5114 1169 5177 timore
1193 5121 1226 5175 et
1249 5114 1459 5178 admiratione
1484 5134 1539 5178 seu
1563 5116 1739 5181 reverentia

184 5224 345 5297 quantum
361 5214 401 5276 ad
417 5214 501 5275 dono
517 5212 626 5293 gratiae
642 5212 740 5291 gratis
756 5212 848 5289 date,
867 5232 938 5294 quaa
994 5212 1119 5289 cecidit,
1138 5211 1187 5273 vel
1210 5230 1249 5274 ex
1268 5212 1460 5277 alienatione
1483 5233 1502 5276 a
1521 5232 1665 5296 corpore,
1682 5223 1738 5278 aut

187 5314 285 5379 bonis
300 5322 333 5377 at
348 5312 441 5375 malis
452 5312 609 5375 exsistunt
623 5311 816 5374 communia.
994 5310 1137 5393 corporis
1162 5310 1393 5388 debilitatione,
1408 5313 1677 5393 quemadmodum
1702 5314 1737 5375 iu
