4309 6259
436 487 496 552 362
795 505 968 554 maranno
989 507 1019 552 tn
1040 507 1110 552 aar.
1132 506 1186 552 rm
1205 506 1402 552 suranorum
1423 524 1465 537 -
1484 507 1556 552 aar.
1577 506 1619 553 xv

437 677 616 761 positionis,
639 677 790 760 quoniam
816 679 919 742 virilis
941 676 1056 740 caloris
1081 676 1454 759 nutri-Apraesentabis,
1481 679 1611 738 Levites
1635 698 1743 738 coram
1773 679 1974 737 telemacum

437 786 581 839 mentum
597 786 644 840 est
659 797 742 854 esca,
760 797 831 859 quaa
846 778 880 840 in
895 787 985 861 parte
1000 776 1179 858 aquilonari
1236 782 1379 858 foeclcris,
1396 778 1440 842 ita
1453 780 1539 860 quod
1555 779 1686 841 stabunt
1702 778 1733 839 in
1748 777 1830 840 atrio
1844 785 1919 838 ante
1934 775 1976 838 lo

438 875 538 955 magis
554 876 772 940 abundat.Sed
784 877 850 940 hec
862 877 1059 940 intuentibus
1071 885 1103 939 et
1116 894 1179 938 non
1237 898 1287 940 res
1314 878 1510 941 tabernaculi
1528 905 1535 943 :
1559 889 1730 938 convocata
1754 879 1845 937 omni
1871 878 1976 936 inatti-

438 974 688 1052 intelligentibus
704 975 781 1056 quid
798 976 1067 1057 proderant‘tHaec
1083 976 1180 1056 igitur
1236 980 1350 1038 tudine
1368 980 1516 1055 filioram
1535 980 1648 1047 Israel,
1668 994 1803 1058 quorum
1826 974 1990 1056 praecipui,

437 1092 531 1136 causa
548 1072 608 1136 luit
623 1075 661 1136 ad
678 1074 827 1151 litteram,
840 1084 998 1157 quatenus
1013 1076 1181 1139 adorantes
1237 1076 1363 1139 stabant
1379 1077 1411 1138 in
1428 1076 1509 1140 atrio
1524 1076 1609 1158 apud
1624 1075 1760 1138 bovitas.

438 1171 470 1233 in
487 1171 703 1247 tabernaculo,
721 1181 753 1235 et
767 1172 942 1236 olierentes
963 1173 994 1235 in
1016 1173 1087 1254 ejus
1106 1173 1181 1235 alta·
1277 1181 1446 1254 Quamque
1460 1178 1581 1236 Levita
1599 1176 1727 1252 suerint
1746 1195 1855 1234 coram
1870 1175 1978 1234 Domi-

437 1269 536 1346 ribus,
562 1281 823 1350 recognoscerent
848 1291 882 1334 se
907 1292 925 1334 a
948 1273 1011 1335 lleo
1036 1272 1182 1334 obtinere
1237 1296 1292 1344 no,
1307 1283 1426 1337 stantes
1450 1275 1482 1336 in
1506 1275 1576 1336 loco
1598 1281 1758 1355 prebete,
1772 1282 1894 1350 ponent
1913 1273 1978 1348 filit

437 1369 667 1431 nutrimentum
684 1378 715 1432 et
731 1371 850 1433 lumen.
868 1370 938 1434 llaec
954 1371 1154 1433 Guillelmus
1236 1373 1483 1442 Israel,scilicet
1496 1373 1596 1455 aliqui
1612 1391 1650 1435 ex
1665 1370 1980 1455 principalibusque

484 1467 632 1548 Sequitur
658 1469 697 1531 de
722 1468 932 1550 dispositione
955 1469 1182 1551 oblationeque
1237 1495 1300 1534 nas
1313 1495 1390 1534 snas
1404 1492 1500 1550 saper
1514 1494 1574 1533 eos.
1588 1471 1760 1534 Duodecim
1776 1469 1862 1534 enim
1878 1470 1979 1530 tribus

436 1567 629 1630 levitarum.
658 1571 857 1648 locutusque
880 1578 924 1628 est
950 1571 1109 1640 Dominus
1138 1573 1182 1630 acl
1237 1570 1418 1634 offerebant
1435 1571 1499 1633 Deo
1519 1570 1644 1634 levitas
1664 1570 1703 1632 ad
1724 1568 1925 1632 serviendum
1945 1567 1976 1627 in

438 1669 569 1742 illoysen
581 1687 591 1724 :
613 1670 696 1728 Tollo
711 1668 840 1727 Levitae
855 1670 894 1726 de
913 1668 1015 1727 medio
1033 1669 1182 1744 filioram
1237 1669 1443 1733 tabernaculo
1459 1687 1517 1751 pro
1531 1667 1754 1750 primogenitis
1768 1667 1911 1730 omnium
1927 1665 1978 1727 tri-

437 1766 550 1837 Israel,
573 1772 724 1846 tanquam
746 1765 858 1829 divino
878 1765 979 1830 cultui
1002 1765 1182 1848 specialiter
1237 1769 1357 1842 buum3
1375 1766 1557 1830 ollerebant
1572 1775 1677 1829 tamen
1695 1765 1820 1828 levitas
1839 1783 1897 1846 per
1914 1784 1978 1826 ma-

438 1864 618 1946 deputatoS,
636 1874 665 1925 et
683 1867 876 1942 purificabis
901 1886 951 1925 eos
968 1867 1071 1942 jacta
1096 1867 1183 1926 banc
1201 1864 1298 1928 Bnns
1314 1865 1489 1948 pontilicis.
1507 1865 1675 1948 Propterea
1693 1863 1859 1926 subditur:
1875 1866 1920 1924 Et
1932 1866 1979 1940 os·

438 1966 542 2022 ritum
559 1983 571 2021 .·
586 1965 834 2039 Adsperpaatur
855 1984 940 2042 aqna
966 1965 1181 2025 lustrationis.
1237 1970 1317 2045 seret
1332 1970 1444 2027 Aaron
1465 1967 1594 2026 Levitae
1618 1985 1737 2024 munus
1758 1966 1793 2023 in
1814 1973 1978 2039 conspecta

438 2060 495 2122 Per
510 2060 602 2141 cujus
618 2059 855 2140 adspersionem
870 2059 932 2122 lilii
943 2061 1035 2123 lsrael
1053 2062 1184 2123 munda·
1239 2065 1372 2126 Domirn
1387 2086 1407 2124 a
1422 2065 1505 2140 fillis
1520 2066 1636 2132 Israel,
1646 2061 1678 2123 id
1694 2069 1752 2136 est,
1768 2059 1913 2142 pontilex
1926 2060 1979 2122 Le

438 2157 554 2220 bantur
573 2159 614 2221 ab
630 2158 843 2220 immunditiis
862 2159 1053 2240 quibusdam
1074 2179 1184 2242 corpo
1238 2164 1321 2226 vitas
1350 2161 1467 2226 ollcret
1497 2162 1560 2224 lleo
1589 2179 1647 2242 pro
1672 2179 1804 2222 munere
1828 2179 1867 2221 en
1891 2167 1979 2240 parte

440 2257 561 2319 ralibus
577 2267 672 2338 atque
693 2257 859 2338 legalibus,
877 2278 956 2339 quas
977 2277 1015 2321 ex
1035 2267 1183 2322 contactu
1237 2260 1487 2336 communitatis,
1506 2261 1681 2322 secundum
1705 2259 1790 2339 quod
1815 2257 1877 2320 sibi
1903 2257 1980 2320 assi-

439 2355 581 2418 deluncti
598 2365 629 2419 et
644 2357 805 2420 morticini
822 2365 853 2419 et
868 2357 1091 2420 consimilibus
1110 2376 1184 2421 con·
1237 2361 1324 2441 gnati
1343 2368 1433 2422 erant
1446 2360 1484 2421 ad
1501 2359 1595 2422 hoca
1610 2357 1980 2421 communitatelem'ta

439 2455 614 2518 trahebant.
637 2455 915 2536 Adsporgebantur
939 2466 1044 2519 autem
1066 2457 1184 2521 Levitae
1237 2481 1370 2540 qnoque,
1380 2457 1529 2520 videlicet
1544 2457 1673 2537 quidam
1691 2456 1833 2537 ipsorum
1843 2475 1882 2517 ex
1892 2464 1981 2536 parte

438 2574 456 2616 a
473 2552 638 2636 pontifice.
656 2557 699 2615 Et
714 2558 834 2615 radant
849 2576 955 2617 ornnes
968 2557 1054 2634 pilos
1074 2559 1184 2616 carnis
1238 2557 1395 2633 omnium,
1406 2565 1526 2634 ponent
1541 2576 1659 2616 manns
1672 2575 1749 2615 suas
1762 2573 1859 2631 snper
1873 2557 1980 2631 capita

438 2674 504 2713 sna
515 2673 526 2712 :
543 2652 576 2713 in
592 2651 720 2733 quibus,
740 2659 774 2712 nt
790 2651 822 2713 in
839 2652 1032 2717 Scholastica
1049 2654 1184 2718 babetur
1238 2655 1408 2736 bonm,qui
1423 2653 1646 2717 ollerebantur
1660 2672 1698 2716 ex
1714 2660 1803 2735 parte
1819 2652 1978 2733 ipsorum:

439 2749 583 2824 bistoria,
595 2768 657 2812 non
675 2749 919 2812 includebantur
934 2752 1054 2834 capilli.
1066 2755 1184 2822 Quam·
1238 2753 1412 2817 ollerentes
1428 2771 1566 2832 namque
1582 2759 1757 2832 posuerunt
1776 2769 1890 2812 manus
1910 2769 1982 2812 suas

439 2870 499 2929 qne
520 2851 660 2910 laverint
683 2851 870 2910 vestimenta
891 2871 964 2920 sna,
979 2863 1008 2912 et
1032 2855 1184 2913 mundati
1239 2871 1336 2935 super
1351 2851 1472 2914 hostias
1487 2869 1560 2912 suas
1571 2873 1578 2923 ;
1589 2870 1607 2908 a
1620 2851 1736 2929 quibas
1751 2869 1855 2909 anam
1870 2850 1982 2927 facim,

439 2949 566 3026 fuerint
582 2966 638 3029 per
654 2947 786 3028 praelata
799 2965 806 3008 :
823 2967 937 3031 nempe
953 2969 1009 3031 per
1025 2951 1085 3013 ista
1099 2959 1184 3013 exte-
1239 2951 1271 3013 id
1286 2959 1345 3026 est,
1358 2969 1415 3033 per
1430 2968 1545 3011 manns
1560 2947 1725 3031 pontilicis
1740 2945 1853 3010 ollerri
1871 2945 1980 3024 lanies,

441 3046 524 3110 riora
545 3047 810 3123 admonebantur,
829 3057 863 3108 ut
885 3047 1029 3113 interiori
1053 3052 1183 3133 puritati
1202 3042 1224 3106 C
1235 3072 1296 3130 pro
1314 3060 1440 3129 peccam
1458 3047 1651 3123 levitarum,
1666 3057 1696 3107 ct
1715 3051 1854 3107 atroam
1873 3048 1912 3106 in
1931 3050 1984 3106 lio

440 3146 614 3222 eluderent,
642 3145 871 3226 universasque
897 3147 1106 3228 cogitationes
1133 3172 1184 3214 str-
1241 3154 1430 3219 honustum,
1448 3158 1485 3208 nt
1508 3148 1685 3224 depreceris
1705 3165 1766 3223 pro
1790 3147 1846 3216 eis,
1865 3143 1896 3206 id
1923 3154 1980 3217 est,

440 3242 583 3326 perlluas
602 3230 633 3306 et
653 3241 842 3305 allectiones
864 3244 1045 3309 immundas
1069 3249 1185 3330 abjice·
1238 3255 1396 3330 quatenus
1413 3245 1595 3327 deprecatio
1610 3252 1664 3305 tua
1679 3252 1710 3306 et
1725 3241 1902 3324 pontilicis,
1920 3263 1982 3304 una

439 3349 522 3416 rent,
539 3349 570 3404 ot
587 3360 669 3423 aqua
689 3341 853 3423 sapientiae
872 3353 999 3406 orarent
1020 3346 1180 3427 perfundi.
1238 3365 1310 3409 cum
1334 3343 1505 3407 sacrificiis
1528 3342 1599 3404 lusa
1620 3360 1679 3423 pro
1700 3341 1829 3418 Levitis,
1847 3341 1904 3403 liat
1921 3342 1983 3404 Deo

439 3439 591 3501 Praeterea
616 3437 717 3500 Rabbi
743 3439 861 3521 Moyses
887 3441 1008 3518 scribit,
1035 3446 1121 3524 quod
1146 3465 1184 3509 ex
1237 3443 1408 3525 acceptior.
1421 3447 1612 3520 Stataesqne
1622 3443 1752 3502 mettas
1767 3443 1803 3500 in
1817 3451 1984 3518 conspecta

440 3556 504 3618 quo
524 3533 639 3600 Levitae
660 3536 770 3599 divino
792 3547 866 3600 sunt
887 3539 986 3601 cultui
1011 3543 1183 3626 mancipati
1238 3548 1351 3606 Aaron
1365 3552 1395 3602 ct
1409 3543 1556 3618 filioram
1575 3541 1657 3616 ejus,
1674 3544 1831 3620 quatenus
1846 3538 1879 3599 in
1894 3537 1982 3601 cultu

440 3655 498 3719 pro
522 3635 656 3698 aliarum
687 3635 908 3718 primogenitis
933 3639 1087 3715 tribuum,
1113 3661 1184 3722 quae
1238 3639 1435 3705 tabernaculi
1456 3638 1521 3700 sint
1540 3636 1680 3699 ministri
1702 3635 1867 3719 pontilicis
1885 3656 1924 3698 ac
1939 3656 1984 3698 sa·
2011 3662 2100 3702 :nnn

440 3754 497 3816 per
512 3733 723 3798 idololatriam
740 3735 827 3796 aurci
839 3736 931 3798 vituli
945 3747 1035 3800 erant
1047 3738 1183 3817 leuata,
1238 3741 1414 3813 cerdotum,
1428 3737 1511 3800 sicut
1526 3736 1640 3818 patuit.
1651 3739 1694 3797 Et
1709 3735 1983 3804 consecrabisboc

362 3873 367 3880 ·
440 3851 511 3932 quap
527 3832 706 3894 idololatria
721 3841 769 3894 est
784 3833 960 3914 spiritualis
981 3835 1069 3917 lepra
1086 3861 1093 3912 3
1114 3837 1185 3901 ideo
1239 3847 1299 3915 est,
1315 3837 1425 3900 divino
1444 3835 1544 3898 cultui
1566 3834 1741 3909 dedicabis,
1759 3834 1844 3915 ipsos
1859 3833 1984 3896 Levites

442 3931 525 4012 sieut
540 3950 558 3999 a
573 3930 730 4012 corporali
747 3931 835 4012 lepra
853 3933 976 4012 purgati
991 3934 1186 4014 jubebantur
1240 3940 1358 3999 oblatos
1372 3938 1523 4004 Domino,
1539 3934 1714 3996 secundum
1737 3932 1833 3994 ritum
1854 3931 1920 4012 jam
1941 3931 1985 3993 di·

442 4017 553 4093 omne's
579 4048 644 4091 suae
667 4029 773 4091 carnis
798 4029 951 4093 abradere
974 4031 1069 4113 pilos,
1087 4033 1133 4096 sic
1154 4042 1187 4096 et
1241 4046 1339 4100 ctum.
1357 4034 1390 4096 ln
1408 4052 1473 4115 quo
1494 4033 1568 4108 ritu,
1586 4039 1620 4093 ut
1640 4050 1677 4093 ex
1697 4031 1792 4094 dictis
1811 4029 1983 4110 colligitur,

442 4126 560 4191 Levitae
584 4127 641 4207 qui
666 4145 723 4208 pro
749 4126 815 4188 illis
841 4127 1019 4192 idololatris
1044 4131 1186 4213 deputati
1242 4132 1492 4199 observabantur
1514 4131 1580 4194 haec
1604 4130 1759 4211 quinque.
1775 4129 1880 4191 Primo
1898 4128 1984 4190 enim

443 4233 518 4288 sunt
540 4226 613 4287 lleo.
636 4228 761 4286 Tollant
783 4228 888 4287 bonam
909 4231 948 4288 dc
970 4232 1137 4302 arntentis,
1154 4231 1186 4293 id
1204 4226 1227 4286 ll
1242 4229 1513 4313 adspergebantur
1536 4247 1619 4309 aqua
1644 4226 1850 4290 lustrationis.
1870 4226 1988 4288 Secun-

443 4333 502 4400 est,
521 4324 637 4387 Levitae
658 4323 828 4406 accipiant,
846 4333 878 4387 et
900 4344 1006 4388 secum
1029 4328 1188 4391 adducant
1242 4333 1295 4406 do,
1320 4328 1379 4411 pili
1403 4347 1512 4391 eorum
1537 4325 1782 4389 abradebantur.
1804 4324 1921 4398 Tertio,
1945 4324 1989 4386 la-

444 4425 558 4486 bovem
575 4423 614 4484 de
629 4439 723 4502 grege
744 4441 812 4497 suo,
830 4434 859 4483 et
879 4426 1091 4486 libamentum
1106 4429 1187 4505 ejus,
1244 4429 1400 4494 vabantnr
1411 4435 1515 4490 vestes
1530 4423 1786 4500 eorquuarto,
1798 4421 1920 4484 liebant
1934 4441 1991 4505 pro

444 4527 520 4603 puta
550 4519 714 4582 materiam
747 4520 955 4584 inanimatam
987 4521 1188 4587 offerendam
1243 4528 1290 4592 eis
1306 4524 1468 4589 sacrificia
1483 4544 1567 4586 nunc
1584 4520 1992 4604 expressa.0uinto,amul·

443 4639 515 4682 oum
532 4620 611 4682 bove
623 4636 629 4680 :
643 4620 727 4682 unde
741 4619 1112 4700 subjungitur,stmilam
1124 4629 1189 4684 oleo
1245 4625 1384 4688 titudine
1400 4623 1509 4705 populi
1526 4619 1772 4684 immolabantur
1783 4618 1845 4681 Deo
1856 4637 1913 4701 per
1929 4637 1993 4681 ma-

443 4737 656 4794 conspersam,
672 4737 710 4779 ex
730 4737 793 4798 qua
814 4716 913 4780 liebat
933 4719 1064 4800 sapidus
1084 4722 1188 4804 panis.
1246 4744 1306 4786 nus
1326 4721 1503 4806 pontilicis,
1521 4725 1569 4782 Ar
1587 4720 1749 4797 separabis
1764 4735 1818 4780 eos
1832 4720 1873 4777 de
1887 4719 1993 4778 medio

445 4820 563 4876 Booem
586 4825 692 4875 antem
715 4820 855 4876 ulterram
877 4818 1014 4893 accipies
1033 4839 1051 4880 a
1071 4819 1191 4882 Levitis
1245 4824 1392 4900 filiorum
1407 4824 1522 4890 Israrrl,
1539 4818 1623 4881 sicut
1647 4814 1828 4897 spirituales
1849 4833 1995 4895 persona)

445 4912 649 4976 ollerendum
673 4933 692 4974 a
714 4913 876 4977 sacerdote
895 4935 956 4991 pro
974 4927 1114 4992 peccam,
1132 4918 1192 4980 boc
1246 4917 1487 4982 asaecularibns
1508 4915 1761 4996 distinguuntur,
1778 4923 1815 4972 ut
1833 4915 1901 4972 sint
1919 4914 1995 4983 snei,

446 5017 495 5070 est
511 5029 569 5090 pro
579 5011 773 5076 remissione
785 5013 952 5094 culparum
969 5013 1193 5095 ipsor·um.Un-
1248 5036 1304 5098 por
1327 5013 1465 5096 speciale
1486 5011 1696 5092 obsequinm3
1713 5019 1743 5068 et
1763 5019 1869 5086 postea
1890 5011 1998 5086 taspra-

414 5111 421 5121 '
447 5108 486 5170 de
505 5116 648 5190 apparet,
665 5110 750 5188 quod
771 5110 857 5191 prior
874 5111 931 5174 bos
946 5110 1144 5176 oflerebatur
1160 5114 1192 5176 in
1248 5116 1388 5174 ‹liantnr
1405 5114 1660 5179 tabernaculum,
1678 5114 1787 5188 utpote
1806 5105 1996 5168 exteriorem

448 5205 682 5283 holocaustum,
700 5206 764 5270 imo
781 5208 840 5271 hoo
857 5210 1040 5292 paulopost
1059 5212 1195 5275 babetur
1249 5213 1320 5293 ejus
1332 5218 1465 5292 partem,
1477 5227 1540 5271 non
1552 5217 1658 5270 autem
1670 5205 1995 5268 sanctasanctorum.

450 5303 482 5366 in
502 5312 600 5366 textu.
611 5307 653 5365 Et
667 5308 859 5384 applicabis,
867 5307 927 5370 boc
943 5316 992 5370 est
1005 5308 1143 5372 deduces
1158 5329 1196 5373 ac
1251 5309 1332 5371 ttits
1345 5316 1451 5370 autem
1470 5305 1617 5368 tribubus
1633 5323 1697 5367 non
1715 5301 1805 5364 licuit
1821 5302 1945 5381 ingredi
1961 5301 1996 5364 in
