<?xml version="1.0" encoding="UTF-8"?>
<!DOCTYPE html PUBLIC "-//W3C//DTD XHTML 1.0 Transitional//EN"
    "http://www.w3.org/TR/xhtml1/DTD/xhtml1-transitional.dtd">
<html xmlns="http://www.w3.org/1999/xhtml" xml:lang="en" lang="en">
 <head>
  <title>
</title>
<meta http-equiv="Content-Type" content="text/html;charset=utf-8" />
  <meta name='ocr-system' content='tesseract 3.04.00' />
  <meta name='ocr-capabilities' content='ocr_page ocr_carea ocr_par ocr_line ocrx_word'/>
</head>
<body>
  <div class='ocr_page' id='page_1' title='image "./doctorisecstati00unkngoog_0176.png"; bbox 0 0 4309 6259; ppageno 0'>
   <div class='ocr_carea' id='block_1_1' title="bbox 263 3999 393 4104">
    <p class='ocr_par' dir='ltr' id='par_1_1' title="bbox 263 3999 393 4104">
     <span class='ocr_line' id='line_1_1' title="bbox 270 3999 393 4051; baseline 0.016 -11"><span class='ocrx_word' id='word_1_1' title='bbox 270 3999 393 4051; x_wconf 70' lang='lat' dir='ltr'>Euadne,</span> 
     </span>
     <span class='ocr_line' id='line_1_2' title="bbox 263 4064 296 4104; baseline 0.03 -1"><span class='ocrx_word' id='word_1_2' title='bbox 263 4064 296 4104; x_wconf 80' lang='lat'>³0.</span> 
     </span>
    </p>
   </div>
   <div class='ocr_carea' id='block_1_2' title="bbox 410 436 467 503">
    <p class='ocr_par' dir='ltr' id='par_1_2' title="bbox 410 436 467 503">
     <span class='ocr_line' id='line_1_3' title="bbox 410 436 467 503; baseline -0.053 -1"><span class='ocrx_word' id='word_1_3' title='bbox 410 436 467 503; x_wconf 78' lang='lat' dir='ltr'>l20</span> 
     </span>
    </p>
   </div>
   <div class='ocr_carea' id='block_1_3' title="bbox 781 451 1572 503">
    <p class='ocr_par' dir='ltr' id='par_1_3' title="bbox 781 451 1572 503">
     <span class='ocr_line' id='line_1_4' title="bbox 781 451 1572 503; baseline 0 -6"><span class='ocrx_word' id='word_1_4' title='bbox 781 453 954 501; x_wconf 72' lang='lat' dir='ltr'>arnasano</span> <span class='ocrx_word' id='word_1_5' title='bbox 975 456 1006 501; x_wconf 85' lang='grc' dir='ltr'>ΙΝ</span> <span class='ocrx_word' id='word_1_6' title='bbox 1027 456 1096 503; x_wconf 69' lang='grc' dir='ltr'><strong>(ΣΑΡ.</strong></span> <span class='ocrx_word' id='word_1_7' title='bbox 1119 451 1214 498; x_wconf 76' lang='lat' dir='ltr'>xxxiv</span> <span class='ocrx_word' id='word_1_8' title='bbox 1234 452 1337 501; x_wconf 75' lang='lat' dir='ltr'>EXODl.</span> <span class='ocrx_word' id='word_1_9' title='bbox 1359 454 1491 501; x_wconf 57' lang='lat' dir='ltr'>*ABR</span> <span class='ocrx_word' id='word_1_10' title='bbox 1514 452 1572 498; x_wconf 77' lang='lat' dir='ltr'>LXV</span> 
     </span>
    </p>
   </div>
   <div class='ocr_carea' id='block_1_4' title="bbox 409 622 1947 709">
    <p class='ocr_par' dir='ltr' id='par_1_4' title="bbox 409 622 1947 709">
     <span class='ocr_line' id='line_1_5' title="bbox 409 622 1947 709; baseline -0.002 -20"><span class='ocrx_word' id='word_1_11' title='bbox 409 630 513 707; x_wconf 80' lang='lat' dir='ltr'>monii</span> <span class='ocrx_word' id='word_1_12' title='bbox 524 650 534 689; x_wconf 97' lang='lat'><em>:</em></span> <span class='ocrx_word' id='word_1_13' title='bbox 544 648 622 709; x_wconf 89' lang='lat' dir='ltr'>quas</span> <span class='ocrx_word' id='word_1_14' title='bbox 640 628 673 689; x_wconf 96' lang='lat' dir='ltr'>in</span> <span class='ocrx_word' id='word_1_15' title='bbox 688 626 836 690; x_wconf 91' lang='lat' dir='ltr'>manibus</span> <span class='ocrx_word' id='word_1_16' title='bbox 853 634 1033 689; x_wconf 80' lang='lat' dir='ltr'>reverenter</span> <span class='ocrx_word' id='word_1_17' title='bbox 1049 634 1155 687; x_wconf 86' lang='lat' dir='ltr'>tenen·</span> <span class='ocrx_word' id='word_1_18' title='bbox 1168 622 1195 685; x_wconf 79' lang='lat' dir='ltr'>A</span> <span class='ocrx_word' id='word_1_19' title='bbox 1210 645 1283 686; x_wconf 80' lang='lat' dir='ltr'>men</span> <span class='ocrx_word' id='word_1_20' title='bbox 1297 645 1393 703; x_wconf 79' lang='lat' dir='ltr'>super</span> <span class='ocrx_word' id='word_1_21' title='bbox 1407 626 1525 703; x_wconf 75' lang='lat' dir='ltr'>scriem</span> <span class='ocrx_word' id='word_1_22' title='bbox 1539 646 1633 687; x_wconf 77' lang='lat' dir='ltr'>suom</span> <span class='ocrx_word' id='word_1_23' title='bbox 1643 648 1655 684; x_wconf 93' lang='lat'>.·</span> <span class='ocrx_word' id='word_1_24' title='bbox 1665 623 1790 705; x_wconf 76' lang='lat' dir='ltr'>cognito</span> <span class='ocrx_word' id='word_1_25' title='bbox 1803 625 1888 705; x_wconf 92' lang='lat' dir='ltr'>quod</span> <span class='ocrx_word' id='word_1_26' title='bbox 1905 623 1947 686; x_wconf 88' lang='lat' dir='ltr'>la-</span> 
     </span>
    </p>
   </div>
   <div class='ocr_carea' id='block_1_5' title="bbox 408 725 1156 1795">
    <p class='ocr_par' dir='ltr' id='par_1_5' title="bbox 408 725 1156 1795">
     <span class='ocr_line' id='line_1_6' title="bbox 410 725 1155 809; baseline -0.009 -18"><span class='ocrx_word' id='word_1_27' title='bbox 410 727 461 805; x_wconf 95' lang='lat' dir='ltr'>do,</span> <span class='ocrx_word' id='word_1_28' title='bbox 479 727 642 791; x_wconf 89' lang='lat' dir='ltr'>descendit</span> <span class='ocrx_word' id='word_1_29' title='bbox 664 727 704 789; x_wconf 90' lang='lat' dir='ltr'>ad</span> <span class='ocrx_word' id='word_1_30' title='bbox 730 725 905 809; x_wconf 79' lang='lat' dir='ltr'>populum3</span> <span class='ocrx_word' id='word_1_31' title='bbox 931 735 961 785; x_wconf 85' lang='lat' dir='ltr'>et</span> <span class='ocrx_word' id='word_1_32' title='bbox 985 727 1155 802; x_wconf 76' lang='lat' dir='ltr'>ipnorcbat</span> 
     </span>
     <span class='ocr_line' id='line_1_7' title="bbox 409 823 1154 906; baseline -0.005 -18"><span class='ocrx_word' id='word_1_33' title='bbox 409 830 495 906; x_wconf 79' lang='lat' dir='ltr'>quod</span> <span class='ocrx_word' id='word_1_34' title='bbox 515 836 651 887; x_wconf 78' lang='lat' dir='ltr'>cornuta</span> <span class='ocrx_word' id='word_1_35' title='bbox 675 836 750 886; x_wconf 81' lang='lat' dir='ltr'>essct</span> <span class='ocrx_word' id='word_1_36' title='bbox 764 827 864 902; x_wconf 79' lang='lat' dir='ltr'>socies</span> <span class='ocrx_word' id='word_1_37' title='bbox 883 846 953 896; x_wconf 82' lang='lat' dir='ltr'>sua,</span> <span class='ocrx_word' id='word_1_38' title='bbox 974 823 1004 885; x_wconf 92' lang='lat' dir='ltr'>id</span> <span class='ocrx_word' id='word_1_39' title='bbox 1026 830 1074 885; x_wconf 87' lang='lat' dir='ltr'>est</span> <span class='ocrx_word' id='word_1_40' title='bbox 1091 831 1154 885; x_wconf 89' lang='lat' dir='ltr'>lam</span> 
     </span>
     <span class='ocr_line' id='line_1_8' title="bbox 410 921 1155 1006; baseline -0.008 -18"><span class='ocrx_word' id='word_1_41' title='bbox 410 925 567 988; x_wconf 91' lang='lat' dir='ltr'>luminosa</span> <span class='ocrx_word' id='word_1_42' title='bbox 591 944 628 988; x_wconf 91' lang='lat' dir='ltr'>ac</span> <span class='ocrx_word' id='word_1_43' title='bbox 653 924 834 1006; x_wconf 89' lang='lat' dir='ltr'>splendida,</span> <span class='ocrx_word' id='word_1_44' title='bbox 862 922 946 1003; x_wconf 94' lang='lat' dir='ltr'>quod</span> <span class='ocrx_word' id='word_1_45' title='bbox 971 922 1050 985; x_wconf 93' lang='lat' dir='ltr'>radii</span> <span class='ocrx_word' id='word_1_46' title='bbox 1077 921 1155 985; x_wconf 91' lang='lat' dir='ltr'>clari</span> 
     </span>
     <span class='ocr_line' id='line_1_9' title="bbox 408 1020 1155 1111; baseline -0.007 -26"><span class='ocrx_word' id='word_1_47' title='bbox 408 1042 445 1085; x_wconf 89' lang='lat' dir='ltr'>ac</span> <span class='ocrx_word' id='word_1_48' title='bbox 469 1020 582 1101; x_wconf 83' lang='lat' dir='ltr'>fulgidi</span> <span class='ocrx_word' id='word_1_49' title='bbox 608 1021 822 1104; x_wconf 81' lang='lat' dir='ltr'>procedebant</span> <span class='ocrx_word' id='word_1_50' title='bbox 843 1041 881 1084; x_wconf 86' lang='lat' dir='ltr'>ex</span> <span class='ocrx_word' id='word_1_51' title='bbox 903 1021 1025 1083; x_wconf 87' lang='lat' dir='ltr'>lumine</span> <span class='ocrx_word' id='word_1_52' title='bbox 1047 1020 1155 1111; x_wconf 79' lang='lat' dir='ltr'>vultus</span> 
     </span>
     <span class='ocr_line' id='line_1_10' title="bbox 409 1118 1156 1202; baseline -0.005 -19"><span class='ocrx_word' id='word_1_53' title='bbox 409 1120 468 1198; x_wconf 92' lang='lat' dir='ltr'>sui,</span> <span class='ocrx_word' id='word_1_54' title='bbox 480 1121 513 1182; x_wconf 95' lang='lat' dir='ltr'>in</span> <span class='ocrx_word' id='word_1_55' title='bbox 528 1122 628 1183; x_wconf 90' lang='lat' dir='ltr'>altum</span> <span class='ocrx_word' id='word_1_56' title='bbox 645 1121 810 1183; x_wconf 89' lang='lat' dir='ltr'>tendentes</span> <span class='ocrx_word' id='word_1_57' title='bbox 826 1120 978 1202; x_wconf 90' lang='lat' dir='ltr'>paulatim</span> <span class='ocrx_word' id='word_1_58' title='bbox 995 1120 1027 1182; x_wconf 94' lang='lat' dir='ltr'>in</span> <span class='ocrx_word' id='word_1_59' title='bbox 1045 1118 1156 1181; x_wconf 90' lang='lat' dir='ltr'>simili-</span> 
     </span>
     <span class='ocr_line' id='line_1_11' title="bbox 411 1220 1155 1295; baseline -0.007 -13"><span class='ocrx_word' id='word_1_60' title='bbox 411 1220 552 1283; x_wconf 86' lang='lat' dir='ltr'>tudinem</span> <span class='ocrx_word' id='word_1_61' title='bbox 572 1238 746 1295; x_wconf 86' lang='lat' dir='ltr'>cornuum;</span> <span class='ocrx_word' id='word_1_62' title='bbox 763 1240 803 1279; x_wconf 72' lang='lat' dir='ltr'>ecc</span> <span class='ocrx_word' id='word_1_63' title='bbox 822 1222 977 1281; x_wconf 74' lang='lat' dir='ltr'>consortio</span> <span class='ocrx_word' id='word_1_64' title='bbox 999 1220 1155 1279; x_wconf 79' lang='lat' dir='ltr'>sermonis</span> 
     </span>
     <span class='ocr_line' id='line_1_12' title="bbox 409 1316 1156 1398; baseline -0.001 -19"><span class='ocrx_word' id='word_1_65' title='bbox 409 1320 477 1387; x_wconf 84' lang='lat' dir='ltr'>Dei,</span> <span class='ocrx_word' id='word_1_66' title='bbox 489 1319 519 1381; x_wconf 94' lang='lat' dir='ltr'>id</span> <span class='ocrx_word' id='word_1_67' title='bbox 536 1327 584 1381; x_wconf 89' lang='lat' dir='ltr'>est</span> <span class='ocrx_word' id='word_1_68' title='bbox 599 1337 637 1381; x_wconf 87' lang='lat' dir='ltr'>ex</span> <span class='ocrx_word' id='word_1_69' title='bbox 653 1318 746 1398; x_wconf 80' lang='lat' dir='ltr'>longa</span> <span class='ocrx_word' id='word_1_70' title='bbox 762 1337 818 1380; x_wconf 90' lang='lat' dir='ltr'>sua</span> <span class='ocrx_word' id='word_1_71' title='bbox 833 1317 1082 1394; x_wconf 90' lang='lat' dir='ltr'>conversatione,</span> <span class='ocrx_word' id='word_1_72' title='bbox 1095 1316 1156 1379; x_wconf 92' lang='lat' dir='ltr'>col·</span> 
     </span>
     <span class='ocr_line' id='line_1_13' title="bbox 410 1416 1155 1480; baseline -0.003 0"><span class='ocrx_word' id='word_1_73' title='bbox 410 1416 570 1480; x_wconf 91' lang='lat' dir='ltr'>locutione</span> <span class='ocrx_word' id='word_1_74' title='bbox 594 1424 625 1479; x_wconf 92' lang='lat' dir='ltr'>et</span> <span class='ocrx_word' id='word_1_75' title='bbox 650 1416 874 1479; x_wconf 87' lang='lat' dir='ltr'>communione</span> <span class='ocrx_word' id='word_1_76' title='bbox 899 1431 972 1479; x_wconf 87' lang='lat' dir='ltr'>oum</span> <span class='ocrx_word' id='word_1_77' title='bbox 997 1417 1089 1480; x_wconf 89' lang='lat' dir='ltr'>Deo:</span> <span class='ocrx_word' id='word_1_78' title='bbox 1117 1436 1155 1478; x_wconf 87' lang='lat' dir='ltr'>ox</span> 
     </span>
     <span class='ocr_line' id='line_1_14' title="bbox 410 1515 1155 1596; baseline -0.001 -19"><span class='ocrx_word' id='word_1_79' title='bbox 410 1516 528 1596; x_wconf 88' lang='lat' dir='ltr'>quibus</span> <span class='ocrx_word' id='word_1_80' title='bbox 543 1535 634 1578; x_wconf 92' lang='lat' dir='ltr'>mens</span> <span class='ocrx_word' id='word_1_81' title='bbox 650 1535 707 1578; x_wconf 90' lang='lat' dir='ltr'>sua</span> <span class='ocrx_word' id='word_1_82' title='bbox 725 1515 788 1578; x_wconf 91' lang='lat' dir='ltr'>luit</span> <span class='ocrx_word' id='word_1_83' title='bbox 804 1516 899 1578; x_wconf 90' lang='lat' dir='ltr'>tantis</span> <span class='ocrx_word' id='word_1_84' title='bbox 915 1515 1155 1578; x_wconf 88' lang='lat' dir='ltr'>illuminationi·</span> 
     </span>
     <span class='ocr_line' id='line_1_15' title="bbox 410 1613 1156 1697; baseline -0.003 -20"><span class='ocrx_word' id='word_1_85' title='bbox 410 1615 481 1691; x_wconf 91' lang='lat' dir='ltr'>hus,</span> <span class='ocrx_word' id='word_1_86' title='bbox 498 1613 759 1696; x_wconf 87' lang='lat' dir='ltr'>claritatibusquc</span> <span class='ocrx_word' id='word_1_87' title='bbox 784 1615 915 1697; x_wconf 86' lang='lat' dir='ltr'>repleta,</span> <span class='ocrx_word' id='word_1_88' title='bbox 933 1615 1018 1696; x_wconf 92' lang='lat' dir='ltr'>quod</span> <span class='ocrx_word' id='word_1_89' title='bbox 1040 1615 1156 1677; x_wconf 89' lang='lat' dir='ltr'>redun-</span> 
     </span>
     <span class='ocr_line' id='line_1_16' title="bbox 409 1712 1153 1795; baseline -0.003 -20"><span class='ocrx_word' id='word_1_90' title='bbox 409 1714 527 1779; x_wconf 90' lang='lat' dir='ltr'>dabant</span> <span class='ocrx_word' id='word_1_91' title='bbox 547 1713 580 1775; x_wconf 93' lang='lat' dir='ltr'>in</span> <span class='ocrx_word' id='word_1_92' title='bbox 602 1713 690 1777; x_wconf 90' lang='lat' dir='ltr'>vultu</span> <span class='ocrx_word' id='word_1_93' title='bbox 714 1712 824 1795; x_wconf 82' lang='lat' dir='ltr'>ipsius</span> <span class='ocrx_word' id='word_1_94' title='bbox 847 1713 907 1777; x_wconf 86' lang='lat' dir='ltr'>Sed</span> <span class='ocrx_word' id='word_1_95' title='bbox 933 1733 1032 1795; x_wconf 91' lang='lat' dir='ltr'>quum</span> <span class='ocrx_word' id='word_1_96' title='bbox 1058 1714 1153 1775; x_wconf 90' lang='lat' dir='ltr'>ctiam</span> 
     </span>
    </p>
   </div>
   <div class='ocr_carea' id='block_1_6' title="bbox 1208 723 1951 1794">
    <p class='ocr_par' dir='ltr' id='par_1_6' title="bbox 1208 723 1951 1794">
     <span class='ocr_line' id='line_1_17' title="bbox 1208 723 1947 804; baseline -0.001 -18"><span class='ocrx_word' id='word_1_97' title='bbox 1208 724 1274 787; x_wconf 87' lang='lat' dir='ltr'>cies</span> <span class='ocrx_word' id='word_1_98' title='bbox 1290 744 1347 786; x_wconf 90' lang='lat' dir='ltr'>sua</span> <span class='ocrx_word' id='word_1_99' title='bbox 1361 733 1445 786; x_wconf 90' lang='lat' dir='ltr'>essct</span> <span class='ocrx_word' id='word_1_100' title='bbox 1465 733 1528 786; x_wconf 91' lang='lat' dir='ltr'>tam</span> <span class='ocrx_word' id='word_1_101' title='bbox 1551 724 1740 799; x_wconf 88' lang='lat' dir='ltr'>illuminata,</span> <span class='ocrx_word' id='word_1_102' title='bbox 1756 724 1839 804; x_wconf 93' lang='lat' dir='ltr'>quod</span> <span class='ocrx_word' id='word_1_103' title='bbox 1852 723 1947 786; x_wconf 90' lang='lat' dir='ltr'>Josuo</span> 
     </span>
     <span class='ocr_line' id='line_1_18' title="bbox 1209 821 1949 906; baseline -0.003 -21"><span class='ocrx_word' id='word_1_104' title='bbox 1209 824 1238 885; x_wconf 91' lang='lat' dir='ltr'>ei</span> <span class='ocrx_word' id='word_1_105' title='bbox 1255 821 1337 886; x_wconf 87' lang='lat' dir='ltr'>lorte</span> <span class='ocrx_word' id='word_1_106' title='bbox 1352 823 1456 905; x_wconf 93' lang='lat' dir='ltr'>primo</span> <span class='ocrx_word' id='word_1_107' title='bbox 1472 823 1628 906; x_wconf 81' lang='lat' dir='ltr'>exposuit.</span> <span class='ocrx_word' id='word_1_108' title='bbox 1646 822 1760 903; x_wconf 83' lang='lat' dir='ltr'>Sicque</span> <span class='ocrx_word' id='word_1_109' title='bbox 1774 821 1890 884; x_wconf 91' lang='lat' dir='ltr'>mansit</span> <span class='ocrx_word' id='word_1_110' title='bbox 1904 821 1949 883; x_wconf 84' lang='lat' dir='ltr'>la-</span> 
     </span>
     <span class='ocr_line' id='line_1_19' title="bbox 1208 919 1951 1003; baseline -0.007 -18"><span class='ocrx_word' id='word_1_111' title='bbox 1208 922 1258 985; x_wconf 90' lang='lat' dir='ltr'>cie</span> <span class='ocrx_word' id='word_1_112' title='bbox 1273 929 1442 1003; x_wconf 85' lang='lat' dir='ltr'>coopertus</span> <span class='ocrx_word' id='word_1_113' title='bbox 1458 922 1626 999; x_wconf 86' lang='lat' dir='ltr'>velamine,</span> <span class='ocrx_word' id='word_1_114' title='bbox 1637 921 1721 1003; x_wconf 94' lang='lat' dir='ltr'>quod</span> <span class='ocrx_word' id='word_1_115' title='bbox 1738 920 1872 983; x_wconf 79' lang='lat' dir='ltr'>forsitan</span> <span class='ocrx_word' id='word_1_116' title='bbox 1888 919 1951 981; x_wconf 89' lang='lat' dir='ltr'>luit</span> 
     </span>
     <span class='ocr_line' id='line_1_20' title="bbox 1210 1020 1950 1102; baseline -0.008 -16"><span class='ocrx_word' id='word_1_117' title='bbox 1210 1021 1315 1085; x_wconf 87' lang='lat' dir='ltr'>tenuis</span> <span class='ocrx_word' id='word_1_118' title='bbox 1332 1039 1469 1102; x_wconf 79' lang='lat' dir='ltr'>pannea,</span> <span class='ocrx_word' id='word_1_119' title='bbox 1485 1030 1539 1082; x_wconf 93' lang='lat' dir='ltr'>aut</span> <span class='ocrx_word' id='word_1_120' title='bbox 1555 1020 1676 1101; x_wconf 90' lang='lat' dir='ltr'>aliquid</span> <span class='ocrx_word' id='word_1_121' title='bbox 1694 1020 1767 1094; x_wconf 92' lang='lat' dir='ltr'>tale,</span> <span class='ocrx_word' id='word_1_122' title='bbox 1783 1020 1950 1081; x_wconf 84' lang='lat' dir='ltr'>moderans</span> 
     </span>
     <span class='ocr_line' id='line_1_21' title="bbox 1210 1117 1948 1200; baseline -0.004 -19"><span class='ocrx_word' id='word_1_123' title='bbox 1210 1119 1289 1181; x_wconf 91' lang='lat' dir='ltr'>liliis</span> <span class='ocrx_word' id='word_1_124' title='bbox 1319 1118 1413 1181; x_wconf 92' lang='lat' dir='ltr'>lsrael</span> <span class='ocrx_word' id='word_1_125' title='bbox 1444 1119 1646 1200; x_wconf 85' lang='lat' dir='ltr'>splendorem</span> <span class='ocrx_word' id='word_1_126' title='bbox 1677 1118 1783 1181; x_wconf 84' lang='lat' dir='ltr'>vultus</span> <span class='ocrx_word' id='word_1_127' title='bbox 1812 1117 1948 1179; x_wconf 86' lang='lat' dir='ltr'>Mosaici.</span> 
     </span>
     <span class='ocr_line' id='line_1_22' title="bbox 1210 1219 1951 1296; baseline -0.004 -17"><span class='ocrx_word' id='word_1_128' title='bbox 1210 1223 1300 1289; x_wconf 79' lang='lat' dir='ltr'>Quod</span> <span class='ocrx_word' id='word_1_129' title='bbox 1324 1221 1486 1296; x_wconf 72' lang='lat' dir='ltr'>inpressas</span> <span class='ocrx_word' id='word_1_130' title='bbox 1509 1222 1553 1279; x_wconf 79' lang='lat' dir='ltr'>art</span> <span class='ocrx_word' id='word_1_131' title='bbox 1567 1219 1754 1289; x_wconf 79' lang='lat' dir='ltr'>Dominum,</span> <span class='ocrx_word' id='word_1_132' title='bbox 1770 1227 1799 1277; x_wconf 88' lang='lat' dir='ltr'>ct</span> <span class='ocrx_word' id='word_1_133' title='bbox 1820 1221 1951 1295; x_wconf 78' lang='lat' dir='ltr'>loquens</span> 
     </span>
     <span class='ocr_line' id='line_1_23' title="bbox 1208 1315 1950 1395; baseline -0.005 -17"><span class='ocrx_word' id='word_1_134' title='bbox 1208 1340 1282 1378; x_wconf 79' lang='lat' dir='ltr'>cum</span> <span class='ocrx_word' id='word_1_135' title='bbox 1295 1338 1331 1378; x_wconf 89' lang='lat' dir='ltr'>eo</span> <span class='ocrx_word' id='word_1_136' title='bbox 1347 1318 1380 1379; x_wconf 89' lang='lat' dir='ltr'>in</span> <span class='ocrx_word' id='word_1_137' title='bbox 1396 1326 1503 1381; x_wconf 89' lang='lat' dir='ltr'>monte</span> <span class='ocrx_word' id='word_1_138' title='bbox 1520 1317 1569 1380; x_wconf 84' lang='lat' dir='ltr'>vel</span> <span class='ocrx_word' id='word_1_139' title='bbox 1591 1315 1805 1392; x_wconf 89' lang='lat' dir='ltr'>tabernaculo,</span> <span class='ocrx_word' id='word_1_140' title='bbox 1825 1320 1950 1395; x_wconf 83' lang='lat' dir='ltr'>ausere-</span> 
     </span>
     <span class='ocr_line' id='line_1_24' title="bbox 1209 1416 1951 1494; baseline 0.001 -17"><span class='ocrx_word' id='word_1_141' title='bbox 1209 1420 1272 1488; x_wconf 85' lang='lat' dir='ltr'>bat,</span> <span class='ocrx_word' id='word_1_142' title='bbox 1290 1417 1397 1494; x_wconf 85' lang='lat' dir='ltr'>idest,</span> <span class='ocrx_word' id='word_1_143' title='bbox 1415 1419 1455 1480; x_wconf 94' lang='lat' dir='ltr'>de</span> <span class='ocrx_word' id='word_1_144' title='bbox 1470 1417 1552 1480; x_wconf 87' lang='lat' dir='ltr'>lacie</span> <span class='ocrx_word' id='word_1_145' title='bbox 1568 1436 1625 1479; x_wconf 92' lang='lat' dir='ltr'>sua</span> <span class='ocrx_word' id='word_1_146' title='bbox 1645 1416 1789 1493; x_wconf 83' lang='lat' dir='ltr'>removit,</span> <span class='ocrx_word' id='word_1_147' title='bbox 1806 1424 1836 1478; x_wconf 93' lang='lat' dir='ltr'>et</span> <span class='ocrx_word' id='word_1_148' title='bbox 1851 1433 1951 1478; x_wconf 78' lang='lat' dir='ltr'>remo</span> 
     </span>
     <span class='ocr_line' id='line_1_25' title="bbox 1209 1515 1951 1593; baseline -0.001 -16"><span class='ocrx_word' id='word_1_149' title='bbox 1209 1525 1276 1578; x_wconf 91' lang='lat' dir='ltr'>tum</span> <span class='ocrx_word' id='word_1_150' title='bbox 1299 1517 1432 1593; x_wconf 85' lang='lat' dir='ltr'>dimisit,</span> <span class='ocrx_word' id='word_1_151' title='bbox 1448 1521 1548 1577; x_wconf 80' lang='lat' dir='ltr'>donec</span> <span class='ocrx_word' id='word_1_152' title='bbox 1566 1519 1667 1577; x_wconf 74' lang='lat' dir='ltr'>exiret</span> <span class='ocrx_word' id='word_1_153' title='bbox 1686 1516 1726 1578; x_wconf 90' lang='lat' dir='ltr'>de</span> <span class='ocrx_word' id='word_1_154' title='bbox 1746 1516 1814 1578; x_wconf 93' lang='lat' dir='ltr'>loco</span> <span class='ocrx_word' id='word_1_155' title='bbox 1834 1515 1951 1577; x_wconf 91' lang='lat' dir='ltr'>allocu-</span> 
     </span>
     <span class='ocr_line' id='line_1_26' title="bbox 1209 1614 1950 1694; baseline -0.005 -18"><span class='ocrx_word' id='word_1_156' title='bbox 1209 1614 1306 1678; x_wconf 85' lang='lat' dir='ltr'>tionis</span> <span class='ocrx_word' id='word_1_157' title='bbox 1320 1615 1449 1692; x_wconf 82' lang='lat' dir='ltr'>dirinae,</span> <span class='ocrx_word' id='word_1_158' title='bbox 1465 1626 1493 1675; x_wconf 84' lang='lat' dir='ltr'>et</span> <span class='ocrx_word' id='word_1_159' title='bbox 1513 1627 1589 1677; x_wconf 81' lang='lat' dir='ltr'>tunc</span> <span class='ocrx_word' id='word_1_160' title='bbox 1604 1618 1790 1694; x_wconf 79' lang='lat' dir='ltr'>loquebatur·</span> <span class='ocrx_word' id='word_1_161' title='bbox 1803 1618 1847 1675; x_wconf 83' lang='lat' dir='ltr'>ad</span> <span class='ocrx_word' id='word_1_162' title='bbox 1864 1616 1950 1692; x_wconf 78' lang='lat' dir='ltr'>filios</span> 
     </span>
     <span class='ocr_line' id='line_1_27' title="bbox 1209 1715 1948 1794; baseline -0.003 -21"><span class='ocrx_word' id='word_1_163' title='bbox 1209 1715 1310 1774; x_wconf 79' lang='lat' dir='ltr'>Israel</span> <span class='ocrx_word' id='word_1_164' title='bbox 1324 1716 1435 1774; x_wconf 84' lang='lat' dir='ltr'>omnia</span> <span class='ocrx_word' id='word_1_165' title='bbox 1455 1716 1608 1794; x_wconf 73' lang='lat' dir='ltr'>quaesibi</span> <span class='ocrx_word' id='word_1_166' title='bbox 1626 1715 1760 1790; x_wconf 74' lang='lat' dir='ltr'>fueram</span> <span class='ocrx_word' id='word_1_167' title='bbox 1779 1715 1948 1791; x_wconf 82' lang='lat' dir='ltr'>imperata.</span> 
     </span>
    </p>
   </div>
   <div class='ocr_carea' id='block_1_7' title="bbox 409 1811 1952 1892">
    <p class='ocr_par' dir='ltr' id='par_1_7' title="bbox 409 1811 1952 1892">
     <span class='ocr_line' id='line_1_28' title="bbox 409 1811 1952 1892; baseline -0.005 -17"><span class='ocrx_word' id='word_1_168' title='bbox 409 1821 501 1875; x_wconf 87' lang='lat' dir='ltr'>antea</span> <span class='ocrx_word' id='word_1_169' title='bbox 517 1820 563 1875; x_wconf 91' lang='lat' dir='ltr'>tot</span> <span class='ocrx_word' id='word_1_170' title='bbox 579 1811 693 1875; x_wconf 88' lang='lat' dir='ltr'>diebus</span> <span class='ocrx_word' id='word_1_171' title='bbox 709 1813 806 1875; x_wconf 91' lang='lat' dir='ltr'>luerit</span> <span class='ocrx_word' id='word_1_172' title='bbox 821 1832 893 1875; x_wconf 92' lang='lat' dir='ltr'>cum</span> <span class='ocrx_word' id='word_1_173' title='bbox 909 1814 971 1875; x_wconf 88' lang='lat' dir='ltr'>lleo</span> <span class='ocrx_word' id='word_1_174' title='bbox 987 1816 1191 1877; x_wconf 87' lang='lat' dir='ltr'>conversa-B</span> <span class='ocrx_word' id='word_1_175' title='bbox 1210 1814 1274 1882; x_wconf 80' lang='lat' dir='ltr'>Qut</span> <span class='ocrx_word' id='word_1_176' title='bbox 1297 1815 1448 1873; x_wconf 76' lang='lat' dir='ltr'>videbant</span> <span class='ocrx_word' id='word_1_177' title='bbox 1471 1816 1589 1892; x_wconf 79' lang='lat' dir='ltr'>facicm</span> <span class='ocrx_word' id='word_1_178' title='bbox 1617 1814 1806 1889; x_wconf 74' lang='lat' dir='ltr'>epredr&#39;ente&#39;r</span> <span class='ocrx_word' id='word_1_179' title='bbox 1829 1812 1952 1887; x_wconf 75' lang='lat' dir='ltr'>Moysis</span> 
     </span>
    </p>
   </div>
   <div class='ocr_carea' id='block_1_8' title="bbox 408 1910 1154 2982">
    <p class='ocr_par' dir='ltr' id='par_1_8' title="bbox 408 1910 1154 2982">
     <span class='ocr_line' id='line_1_29' title="bbox 410 1910 1154 1989; baseline -0.003 -16"><span class='ocrx_word' id='word_1_180' title='bbox 410 1920 460 1973; x_wconf 90' lang='lat' dir='ltr'>tus</span> <span class='ocrx_word' id='word_1_181' title='bbox 475 1920 507 1974; x_wconf 87' lang='lat' dir='ltr'>et</span> <span class='ocrx_word' id='word_1_182' title='bbox 521 1910 641 1974; x_wconf 87' lang='lat' dir='ltr'>allatus</span> <span class='ocrx_word' id='word_1_183' title='bbox 668 1912 700 1973; x_wconf 93' lang='lat' dir='ltr'>in</span> <span class='ocrx_word' id='word_1_184' title='bbox 717 1920 834 1989; x_wconf 88' lang='lat' dir='ltr'>monte,</span> <span class='ocrx_word' id='word_1_185' title='bbox 852 1931 908 1974; x_wconf 92' lang='lat' dir='ltr'>cur</span> <span class='ocrx_word' id='word_1_186' title='bbox 931 1919 1004 1974; x_wconf 91' lang='lat' dir='ltr'>tunc</span> <span class='ocrx_word' id='word_1_187' title='bbox 1026 1911 1154 1973; x_wconf 90' lang='lat' dir='ltr'>rediens</span> 
     </span>
     <span class='ocr_line' id='line_1_30' title="bbox 410 2008 1154 2092; baseline 0.001 -21"><span class='ocrx_word' id='word_1_188' title='bbox 410 2008 553 2073; x_wconf 80' lang='lat' dir='ltr'>nonfuit</span> <span class='ocrx_word' id='word_1_189' title='bbox 572 2018 636 2072; x_wconf 92' lang='lat' dir='ltr'>tam</span> <span class='ocrx_word' id='word_1_190' title='bbox 657 2010 865 2092; x_wconf 87' lang='lat' dir='ltr'>splendidusl</span> <span class='ocrx_word' id='word_1_191' title='bbox 882 2010 1077 2092; x_wconf 84' lang='lat' dir='ltr'>Responderi</span> <span class='ocrx_word' id='word_1_192' title='bbox 1099 2028 1154 2091; x_wconf 80' lang='lat' dir='ltr'>po</span> 
     </span>
     <span class='ocr_line' id='line_1_31' title="bbox 410 2108 1152 2191; baseline -0.001 -20"><span class='ocrx_word' id='word_1_193' title='bbox 410 2117 480 2185; x_wconf 91' lang='lat' dir='ltr'>test,</span> <span class='ocrx_word' id='word_1_194' title='bbox 512 2110 597 2191; x_wconf 94' lang='lat' dir='ltr'>quod</span> <span class='ocrx_word' id='word_1_195' title='bbox 628 2109 755 2172; x_wconf 87' lang='lat' dir='ltr'>interim</span> <span class='ocrx_word' id='word_1_196' title='bbox 785 2111 921 2172; x_wconf 93' lang='lat' dir='ltr'>multum</span> <span class='ocrx_word' id='word_1_197' title='bbox 952 2108 1088 2191; x_wconf 84' lang='lat' dir='ltr'>profecit</span> <span class='ocrx_word' id='word_1_198' title='bbox 1119 2110 1152 2171; x_wconf 93' lang='lat' dir='ltr'>in</span> 
     </span>
     <span class='ocr_line' id='line_1_32' title="bbox 408 2207 1153 2291; baseline 0.004 -22"><span class='ocrx_word' id='word_1_199' title='bbox 408 2207 627 2290; x_wconf 86' lang='lat' dir='ltr'>spiritualibus</span> <span class='ocrx_word' id='word_1_200' title='bbox 642 2208 745 2285; x_wconf 87' lang='lat' dir='ltr'>donia,</span> <span class='ocrx_word' id='word_1_201' title='bbox 758 2217 853 2291; x_wconf 89' lang='lat' dir='ltr'>atque</span> <span class='ocrx_word' id='word_1_202' title='bbox 868 2209 901 2270; x_wconf 92' lang='lat' dir='ltr'>in</span> <span class='ocrx_word' id='word_1_203' title='bbox 916 2208 1153 2290; x_wconf 84' lang='lat' dir='ltr'>contemplatio</span> 
     </span>
     <span class='ocr_line' id='line_1_33' title="bbox 409 2306 1151 2388; baseline 0.001 -20"><span class='ocrx_word' id='word_1_204' title='bbox 409 2327 449 2370; x_wconf 92' lang='lat' dir='ltr'>ne</span> <span class='ocrx_word' id='word_1_205' title='bbox 471 2306 600 2381; x_wconf 81' lang='lat' dir='ltr'>divina3</span> <span class='ocrx_word' id='word_1_206' title='bbox 617 2316 648 2370; x_wconf 89' lang='lat' dir='ltr'>et</span> <span class='ocrx_word' id='word_1_207' title='bbox 669 2307 755 2382; x_wconf 91' lang='lat' dir='ltr'>item,</span> <span class='ocrx_word' id='word_1_208' title='bbox 773 2307 848 2388; x_wconf 92' lang='lat' dir='ltr'>quia</span> <span class='ocrx_word' id='word_1_209' title='bbox 868 2307 932 2387; x_wconf 87' lang='lat' dir='ltr'>jam</span> <span class='ocrx_word' id='word_1_210' title='bbox 958 2306 1038 2371; x_wconf 91' lang='lat' dir='ltr'>vidit</span> <span class='ocrx_word' id='word_1_211' title='bbox 1052 2308 1151 2369; x_wconf 88' lang='lat' dir='ltr'>Deum</span> 
     </span>
     <span class='ocr_line' id='line_1_34' title="bbox 409 2404 1153 2487; baseline -0.001 -19"><span class='ocrx_word' id='word_1_212' title='bbox 409 2406 442 2468; x_wconf 95' lang='lat' dir='ltr'>in</span> <span class='ocrx_word' id='word_1_213' title='bbox 459 2404 561 2469; x_wconf 90' lang='lat' dir='ltr'>lorma</span> <span class='ocrx_word' id='word_1_214' title='bbox 575 2414 640 2468; x_wconf 91' lang='lat' dir='ltr'>tam</span> <span class='ocrx_word' id='word_1_215' title='bbox 656 2405 805 2486; x_wconf 76' lang='lat' dir='ltr'>gloriosa,</span> <span class='ocrx_word' id='word_1_216' title='bbox 823 2413 858 2466; x_wconf 93' lang='lat' dir='ltr'>ut</span> <span class='ocrx_word' id='word_1_217' title='bbox 874 2406 987 2487; x_wconf 88' lang='lat' dir='ltr'>patuit,</span> <span class='ocrx_word' id='word_1_218' title='bbox 1003 2414 1034 2468; x_wconf 88' lang='lat' dir='ltr'>et</span> <span class='ocrx_word' id='word_1_219' title='bbox 1048 2406 1153 2469; x_wconf 89' lang='lat' dir='ltr'>llomi-</span> 
     </span>
     <span class='ocr_line' id='line_1_35' title="bbox 409 2504 1152 2586; baseline 0 -19"><span class='ocrx_word' id='word_1_220' title='bbox 409 2524 469 2567; x_wconf 89' lang='lat' dir='ltr'>nus</span> <span class='ocrx_word' id='word_1_221' title='bbox 484 2524 579 2586; x_wconf 92' lang='lat' dir='ltr'>super</span> <span class='ocrx_word' id='word_1_222' title='bbox 595 2504 708 2567; x_wconf 88' lang='lat' dir='ltr'>laciem</span> <span class='ocrx_word' id='word_1_223' title='bbox 723 2522 813 2566; x_wconf 91' lang='lat' dir='ltr'>suam</span> <span class='ocrx_word' id='word_1_224' title='bbox 829 2513 977 2586; x_wconf 91' lang='lat' dir='ltr'>posuerat</span> <span class='ocrx_word' id='word_1_225' title='bbox 992 2506 1152 2581; x_wconf 88' lang='lat' dir='ltr'>dexteram</span> 
     </span>
     <span class='ocr_line' id='line_1_36' title="bbox 409 2602 1152 2681; baseline 0 -16"><span class='ocrx_word' id='word_1_226' title='bbox 409 2623 510 2679; x_wconf 93' lang='lat' dir='ltr'>suam,</span> <span class='ocrx_word' id='word_1_227' title='bbox 529 2603 601 2666; x_wconf 92' lang='lat' dir='ltr'>ideo</span> <span class='ocrx_word' id='word_1_228' title='bbox 617 2603 731 2666; x_wconf 89' lang='lat' dir='ltr'>clarior</span> <span class='ocrx_word' id='word_1_229' title='bbox 748 2602 849 2666; x_wconf 90' lang='lat' dir='ltr'>lactus</span> <span class='ocrx_word' id='word_1_230' title='bbox 865 2612 928 2677; x_wconf 89' lang='lat' dir='ltr'>est;</span> <span class='ocrx_word' id='word_1_231' title='bbox 947 2612 978 2665; x_wconf 93' lang='lat' dir='ltr'>et</span> <span class='ocrx_word' id='word_1_232' title='bbox 993 2603 1100 2681; x_wconf 92' lang='lat' dir='ltr'>etiam,</span> <span class='ocrx_word' id='word_1_233' title='bbox 1117 2613 1152 2666; x_wconf 95' lang='lat' dir='ltr'>ut</span> 
     </span>
     <span class='ocr_line' id='line_1_37' title="bbox 409 2700 1150 2783; baseline 0.001 -19"><span class='ocrx_word' id='word_1_234' title='bbox 409 2702 448 2765; x_wconf 91' lang='lat' dir='ltr'>de</span> <span class='ocrx_word' id='word_1_235' title='bbox 464 2709 568 2765; x_wconf 90' lang='lat' dir='ltr'>cetero</span> <span class='ocrx_word' id='word_1_236' title='bbox 583 2701 721 2783; x_wconf 92' lang='lat' dir='ltr'>amplius</span> <span class='ocrx_word' id='word_1_237' title='bbox 737 2701 901 2765; x_wconf 90' lang='lat' dir='ltr'>timeretur</span> <span class='ocrx_word' id='word_1_238' title='bbox 916 2721 934 2764; x_wconf 91' lang='lat' dir='ltr'>a</span> <span class='ocrx_word' id='word_1_239' title='bbox 950 2700 1029 2764; x_wconf 91' lang='lat' dir='ltr'>liliis</span> <span class='ocrx_word' id='word_1_240' title='bbox 1044 2702 1150 2779; x_wconf 89' lang='lat' dir='ltr'>lsrael,</span> 
     </span>
     <span class='ocr_line' id='line_1_38' title="bbox 409 2808 1149 2883; baseline 0 -20"><span class='ocrx_word' id='word_1_241' title='bbox 409 2820 468 2864; x_wconf 90' lang='lat' dir='ltr'>noc</span> <span class='ocrx_word' id='word_1_242' title='bbox 482 2808 593 2864; x_wconf 91' lang='lat' dir='ltr'>contra</span> <span class='ocrx_word' id='word_1_243' title='bbox 608 2818 680 2864; x_wconf 90' lang='lat' dir='ltr'>eum</span> <span class='ocrx_word' id='word_1_244' title='bbox 697 2820 895 2863; x_wconf 86' lang='lat' dir='ltr'>murmurare</span> <span class='ocrx_word' id='word_1_245' title='bbox 911 2810 1149 2883; x_wconf 73' lang='lat' dir='ltr'>presumerent,</span> 
     </span>
     <span class='ocr_line' id='line_1_39' title="bbox 409 2898 1050 2982; baseline 0 -21"><span class='ocrx_word' id='word_1_246' title='bbox 409 2907 538 2982; x_wconf 90' lang='lat' dir='ltr'>propter</span> <span class='ocrx_word' id='word_1_247' title='bbox 553 2899 735 2962; x_wconf 91' lang='lat' dir='ltr'>idololatras</span> <span class='ocrx_word' id='word_1_248' title='bbox 750 2917 830 2980; x_wconf 88' lang='lat' dir='ltr'>quos</span> <span class='ocrx_word' id='word_1_249' title='bbox 847 2898 922 2963; x_wconf 87' lang='lat' dir='ltr'>lecit</span> <span class='ocrx_word' id='word_1_250' title='bbox 937 2899 1050 2963; x_wconf 89' lang='lat' dir='ltr'>occidi.</span> 
     </span>
    </p>
   </div>
   <div class='ocr_carea' id='block_1_9' title="bbox 466 3000 1189 3077">
    <p class='ocr_par' dir='ltr' id='par_1_9' title="bbox 466 3000 1189 3077">
     <span class='ocr_line' id='line_1_40' title="bbox 466 3000 1189 3077; baseline 0 -18"><span class='ocrx_word' id='word_1_251' title='bbox 466 3001 611 3059; x_wconf 79' lang='lat' dir='ltr'>Videotes</span> <span class='ocrx_word' id='word_1_252' title='bbox 636 3008 743 3059; x_wconf 81' lang='lat' dir='ltr'>autem</span> <span class='ocrx_word' id='word_1_253' title='bbox 769 3000 880 3060; x_wconf 79' lang='lat' dir='ltr'>Aaron</span> <span class='ocrx_word' id='word_1_254' title='bbox 906 3009 935 3059; x_wconf 86' lang='lat' dir='ltr'>et</span> <span class='ocrx_word' id='word_1_255' title='bbox 959 3001 1026 3077; x_wconf 72' lang='lat' dir='ltr'>filit</span> <span class='ocrx_word' id='word_1_256' title='bbox 1050 3002 1189 3071; x_wconf 76' lang='lat' dir='ltr'>lsraetc</span> 
     </span>
    </p>
   </div>
   <div class='ocr_carea' id='block_1_10' title="bbox 407 3098 1157 4169">
    <p class='ocr_par' dir='ltr' id='par_1_10' title="bbox 407 3098 1157 4169">
     <span class='ocr_line' id='line_1_41' title="bbox 407 3098 1153 3176; baseline 0.001 -17"><span class='ocrx_word' id='word_1_257' title='bbox 407 3108 576 3159; x_wconf 80' lang='lat' dir='ltr'>cornutam</span> <span class='ocrx_word' id='word_1_258' title='bbox 588 3099 709 3175; x_wconf 77' lang='lat' dir='ltr'>Moysis</span> <span class='ocrx_word' id='word_1_259' title='bbox 724 3099 853 3176; x_wconf 78' lang='lat' dir='ltr'>sociem,</span> <span class='ocrx_word' id='word_1_260' title='bbox 864 3098 1041 3159; x_wconf 77' lang='lat' dir='ltr'>timuerant</span> <span class='ocrx_word' id='word_1_261' title='bbox 1053 3118 1153 3176; x_wconf 80' lang='lat' dir='ltr'>prope</span> 
     </span>
     <span class='ocr_line' id='line_1_42' title="bbox 408 3196 1153 3277; baseline 0.001 -19"><span class='ocrx_word' id='word_1_262' title='bbox 408 3199 565 3266; x_wconf 80' lang='lat' dir='ltr'>accedere,</span> <span class='ocrx_word' id='word_1_263' title='bbox 581 3196 753 3277; x_wconf 80' lang='lat' dir='ltr'>stupefacti</span> <span class='ocrx_word' id='word_1_264' title='bbox 770 3215 804 3259; x_wconf 93' lang='lat' dir='ltr'>re</span> <span class='ocrx_word' id='word_1_265' title='bbox 822 3204 885 3258; x_wconf 92' lang='lat' dir='ltr'>tam</span> <span class='ocrx_word' id='word_1_266' title='bbox 901 3215 983 3261; x_wconf 92' lang='lat' dir='ltr'>nova</span> <span class='ocrx_word' id='word_1_267' title='bbox 999 3205 1030 3259; x_wconf 92' lang='lat' dir='ltr'>et</span> <span class='ocrx_word' id='word_1_268' title='bbox 1048 3197 1153 3261; x_wconf 89' lang='lat' dir='ltr'>incon-</span> 
     </span>
     <span class='ocr_line' id='line_1_43' title="bbox 409 3293 1151 3375; baseline 0.005 -20"><span class='ocrx_word' id='word_1_269' title='bbox 409 3302 497 3357; x_wconf 89' lang='lat' dir='ltr'>sueta</span> <span class='ocrx_word' id='word_1_270' title='bbox 513 3313 549 3356; x_wconf 90' lang='lat' dir='ltr'>ac</span> <span class='ocrx_word' id='word_1_271' title='bbox 564 3293 685 3370; x_wconf 88' lang='lat' dir='ltr'>divina,</span> <span class='ocrx_word' id='word_1_272' title='bbox 709 3303 740 3358; x_wconf 91' lang='lat' dir='ltr'>et</span> <span class='ocrx_word' id='word_1_273' title='bbox 760 3295 912 3375; x_wconf 89' lang='lat' dir='ltr'>quoniam</span> <span class='ocrx_word' id='word_1_274' title='bbox 933 3296 1020 3360; x_wconf 90' lang='lat' dir='ltr'>visus</span> <span class='ocrx_word' id='word_1_275' title='bbox 1041 3315 1151 3359; x_wconf 91' lang='lat' dir='ltr'>eorum</span> 
     </span>
     <span class='ocr_line' id='line_1_44' title="bbox 409 3392 1152 3479; baseline 0.003 -24"><span class='ocrx_word' id='word_1_276' title='bbox 409 3392 672 3457; x_wconf 89' lang='lat' dir='ltr'>reverberabatur</span> <span class='ocrx_word' id='word_1_277' title='bbox 695 3393 838 3456; x_wconf 90' lang='lat' dir='ltr'>claritate</span> <span class='ocrx_word' id='word_1_278' title='bbox 862 3394 969 3457; x_wconf 88' lang='lat' dir='ltr'>vultus</span> <span class='ocrx_word' id='word_1_279' title='bbox 985 3396 1099 3479; x_wconf 81' lang='lat' dir='ltr'>Moysis</span> <span class='ocrx_word' id='word_1_280' title='bbox 1120 3404 1152 3459; x_wconf 93' lang='lat' dir='ltr'>et</span> 
     </span>
     <span class='ocr_line' id='line_1_45' title="bbox 408 3491 1153 3557; baseline 0.004 -3"><span class='ocrx_word' id='word_1_281' title='bbox 408 3491 569 3554; x_wconf 91' lang='lat' dir='ltr'>radiorum</span> <span class='ocrx_word' id='word_1_282' title='bbox 593 3491 732 3555; x_wconf 93' lang='lat' dir='ltr'>illorum.</span> <span class='ocrx_word' id='word_1_283' title='bbox 754 3492 897 3555; x_wconf 82' lang='lat' dir='ltr'>Forsitan</span> <span class='ocrx_word' id='word_1_284' title='bbox 918 3494 1012 3556; x_wconf 91' lang='lat' dir='ltr'>etiam</span> <span class='ocrx_word' id='word_1_285' title='bbox 1035 3504 1153 3557; x_wconf 83' lang='lat' dir='ltr'>metue</span> 
     </span>
     <span class='ocr_line' id='line_1_46' title="bbox 407 3589 1152 3668; baseline 0.004 -15"><span class='ocrx_word' id='word_1_286' title='bbox 407 3589 494 3668; x_wconf 89' lang='lat' dir='ltr'>bant,</span> <span class='ocrx_word' id='word_1_287' title='bbox 519 3610 559 3654; x_wconf 89' lang='lat' dir='ltr'>ne</span> <span class='ocrx_word' id='word_1_288' title='bbox 588 3610 626 3653; x_wconf 85' lang='lat' dir='ltr'>ex</span> <span class='ocrx_word' id='word_1_289' title='bbox 656 3591 880 3655; x_wconf 79' lang='lat' dir='ltr'>commissione</span> <span class='ocrx_word' id='word_1_290' title='bbox 908 3592 1017 3655; x_wconf 90' lang='lat' dir='ltr'>divina</span> <span class='ocrx_word' id='word_1_291' title='bbox 1047 3594 1152 3656; x_wconf 92' lang='lat' dir='ltr'>denuo</span> 
     </span>
     <span class='ocr_line' id='line_1_47' title="bbox 408 3690 1151 3773; baseline 0.003 -20"><span class='ocrx_word' id='word_1_292' title='bbox 408 3698 568 3753; x_wconf 83' lang='lat' dir='ltr'>exerceret</span> <span class='ocrx_word' id='word_1_293' title='bbox 587 3690 819 3772; x_wconf 90' lang='lat' dir='ltr'>correptionem</span> <span class='ocrx_word' id='word_1_294' title='bbox 840 3699 871 3753; x_wconf 91' lang='lat' dir='ltr'>et</span> <span class='ocrx_word' id='word_1_295' title='bbox 897 3691 1096 3773; x_wconf 88' lang='lat' dir='ltr'>punitionem</span> <span class='ocrx_word' id='word_1_296' title='bbox 1118 3693 1151 3754; x_wconf 95' lang='lat' dir='ltr'>in</span> 
     </span>
     <span class='ocr_line' id='line_1_48' title="bbox 408 3789 1151 3870; baseline 0.003 -19"><span class='ocrx_word' id='word_1_297' title='bbox 408 3807 473 3851; x_wconf 91' lang='lat' dir='ltr'>eos.</span> <span class='ocrx_word' id='word_1_298' title='bbox 491 3789 587 3851; x_wconf 87' lang='lat' dir='ltr'>Erant</span> <span class='ocrx_word' id='word_1_299' title='bbox 603 3808 740 3870; x_wconf 91' lang='lat' dir='ltr'>namque</span> <span class='ocrx_word' id='word_1_300' title='bbox 756 3790 880 3867; x_wconf 86' lang='lat' dir='ltr'>incerti,</span> <span class='ocrx_word' id='word_1_301' title='bbox 898 3810 937 3853; x_wconf 90' lang='lat' dir='ltr'>an</span> <span class='ocrx_word' id='word_1_302' title='bbox 958 3791 1005 3853; x_wconf 91' lang='lat' dir='ltr'>eis</span> <span class='ocrx_word' id='word_1_303' title='bbox 1025 3791 1151 3854; x_wconf 77' lang='lat' dir='ltr'>reniam</span> 
     </span>
     <span class='ocr_line' id='line_1_49' title="bbox 408 3886 1150 3971; baseline 0.007 -24"><span class='ocrx_word' id='word_1_304' title='bbox 408 3886 617 3969; x_wconf 85' lang='lat' dir='ltr'>impetrasset.</span> <span class='ocrx_word' id='word_1_305' title='bbox 635 3887 753 3971; x_wconf 85' lang='lat' dir='ltr'>Moyses</span> <span class='ocrx_word' id='word_1_306' title='bbox 769 3889 888 3971; x_wconf 91' lang='lat' dir='ltr'>quippe</span> <span class='ocrx_word' id='word_1_307' title='bbox 907 3909 1096 3952; x_wconf 88' lang='lat' dir='ltr'>ascensurus</span> <span class='ocrx_word' id='word_1_308' title='bbox 1118 3891 1150 3952; x_wconf 94' lang='lat' dir='ltr'>in</span> 
     </span>
     <span class='ocr_line' id='line_1_50' title="bbox 408 3985 1157 4070; baseline 0 -24"><span class='ocrx_word' id='word_1_309' title='bbox 408 3994 559 4061; x_wconf 87' lang='lat' dir='ltr'>montem,</span> <span class='ocrx_word' id='word_1_310' title='bbox 577 3985 699 4048; x_wconf 87' lang='lat' dir='ltr'>dixerat</span> <span class='ocrx_word' id='word_1_311' title='bbox 714 3986 760 4048; x_wconf 89' lang='lat' dir='ltr'>eis</span> <span class='ocrx_word' id='word_1_312' title='bbox 782 4007 789 4051; x_wconf 92' lang='lat'>:</span> <span class='ocrx_word' id='word_1_313' title='bbox 811 3988 965 4050; x_wconf 89' lang='lat' dir='ltr'>Peccastis</span> <span class='ocrx_word' id='word_1_314' title='bbox 985 3998 1157 4070; x_wconf 86' lang='lat' dir='ltr'>peceatum.</span> 
     </span>
     <span class='ocr_line' id='line_1_51' title="bbox 408 4082 1151 4169; baseline 0.009 -25"><span class='ocrx_word' id='word_1_315' title='bbox 408 4082 592 4160; x_wconf 82' lang='lat' dir='ltr'>maximum,</span> <span class='ocrx_word' id='word_1_316' title='bbox 609 4085 777 4147; x_wconf 88' lang='lat' dir='ltr'>ascendam</span> <span class='ocrx_word' id='word_1_317' title='bbox 792 4085 832 4147; x_wconf 93' lang='lat' dir='ltr'>ad</span> <span class='ocrx_word' id='word_1_318' title='bbox 848 4086 1027 4164; x_wconf 82' lang='lat' dir='ltr'>Dominum,</span> <span class='ocrx_word' id='word_1_319' title='bbox 1044 4088 1070 4149; x_wconf 92' lang='lat' dir='ltr'>si</span> <span class='ocrx_word' id='word_1_320' title='bbox 1087 4108 1151 4169; x_wconf 95' lang='lat' dir='ltr'>quo</span> 
     </span>
    </p>
   </div>
   <div class='ocr_carea' id='block_1_11' title="bbox 1206 1912 1954 3972">
    <p class='ocr_par' dir='ltr' id='par_1_11' title="bbox 1207 1912 1953 2389">
     <span class='ocr_line' id='line_1_52' title="bbox 1207 1912 1952 1987; baseline -0.005 -16"><span class='ocrx_word' id='word_1_321' title='bbox 1207 1933 1270 1973; x_wconf 84' lang='lat' dir='ltr'>esse</span> <span class='ocrx_word' id='word_1_322' title='bbox 1294 1922 1461 1973; x_wconf 76' lang='lat' dir='ltr'>cornutum</span> <span class='ocrx_word' id='word_1_323' title='bbox 1488 1921 1522 1974; x_wconf 86' lang='lat' dir='ltr'>ut</span> <span class='ocrx_word' id='word_1_324' title='bbox 1539 1920 1623 1987; x_wconf 88' lang='lat' dir='ltr'>ante,</span> <span class='ocrx_word' id='word_1_325' title='bbox 1640 1914 1694 1971; x_wconf 82' lang='lat' dir='ltr'>sed</span> <span class='ocrx_word' id='word_1_326' title='bbox 1715 1912 1872 1987; x_wconf 78' lang='lat' dir='ltr'>operiebat</span> <span class='ocrx_word' id='word_1_327' title='bbox 1895 1912 1952 1968; x_wconf 85' lang='lat' dir='ltr'>ille</span> 
     </span>
     <span class='ocr_line' id='line_1_53' title="bbox 1208 2007 1952 2089; baseline -0.004 -18"><span class='ocrx_word' id='word_1_328' title='bbox 1208 2032 1340 2071; x_wconf 81' lang='lat' dir='ltr'>rursum</span> <span class='ocrx_word' id='word_1_329' title='bbox 1365 2012 1483 2089; x_wconf 77' lang='lat' dir='ltr'>facicm</span> <span class='ocrx_word' id='word_1_330' title='bbox 1507 2032 1614 2080; x_wconf 79' lang='lat' dir='ltr'>suam,</span> <span class='ocrx_word' id='word_1_331' title='bbox 1637 2012 1667 2069; x_wconf 84' lang='lat' dir='ltr'>si</span> <span class='ocrx_word' id='word_1_332' title='bbox 1687 2012 1829 2089; x_wconf 80' lang='lat' dir='ltr'>quande,</span> <span class='ocrx_word' id='word_1_333' title='bbox 1844 2007 1877 2069; x_wconf 86' lang='lat' dir='ltr'>id</span> <span class='ocrx_word' id='word_1_334' title='bbox 1903 2016 1952 2069; x_wconf 81' lang='lat' dir='ltr'>est</span> 
     </span>
     <span class='ocr_line' id='line_1_54' title="bbox 1208 2108 1953 2191; baseline -0.003 -20"><span class='ocrx_word' id='word_1_335' title='bbox 1208 2109 1485 2191; x_wconf 87' lang='lat' dir='ltr'>quandocumque,</span> <span class='ocrx_word' id='word_1_336' title='bbox 1505 2112 1691 2189; x_wconf 80' lang='lat' dir='ltr'>loquebatur</span> <span class='ocrx_word' id='word_1_337' title='bbox 1705 2112 1749 2168; x_wconf 69' lang='lat' dir='ltr'>orl</span> <span class='ocrx_word' id='word_1_338' title='bbox 1767 2128 1829 2177; x_wconf 83' lang='lat' dir='ltr'>eos,</span> <span class='ocrx_word' id='word_1_339' title='bbox 1844 2108 1883 2169; x_wconf 88' lang='lat' dir='ltr'>de</span> <span class='ocrx_word' id='word_1_340' title='bbox 1902 2126 1953 2169; x_wconf 84' lang='lat' dir='ltr'>ce-</span> 
     </span>
     <span class='ocr_line' id='line_1_55' title="bbox 1209 2205 1952 2289; baseline -0.007 -18"><span class='ocrx_word' id='word_1_341' title='bbox 1209 2218 1276 2271; x_wconf 91' lang='lat' dir='ltr'>tero</span> <span class='ocrx_word' id='word_1_342' title='bbox 1292 2209 1426 2271; x_wconf 87' lang='lat' dir='ltr'>durante</span> <span class='ocrx_word' id='word_1_343' title='bbox 1443 2209 1475 2269; x_wconf 90' lang='lat' dir='ltr'>in</span> <span class='ocrx_word' id='word_1_344' title='bbox 1492 2228 1529 2271; x_wconf 90' lang='lat' dir='ltr'>eo</span> <span class='ocrx_word' id='word_1_345' title='bbox 1547 2216 1633 2271; x_wconf 88' lang='lat' dir='ltr'>tanto</span> <span class='ocrx_word' id='word_1_346' title='bbox 1648 2208 1817 2289; x_wconf 87' lang='lat' dir='ltr'>splendore</span> <span class='ocrx_word' id='word_1_347' title='bbox 1834 2224 1841 2268; x_wconf 92' lang='lat'>:</span> <span class='ocrx_word' id='word_1_348' title='bbox 1859 2205 1952 2268; x_wconf 86' lang='lat' dir='ltr'>aliter</span> 
     </span>
     <span class='ocr_line' id='line_1_56' title="bbox 1208 2306 1731 2389; baseline -0.004 -20"><span class='ocrx_word' id='word_1_349' title='bbox 1208 2326 1273 2370; x_wconf 94' lang='lat' dir='ltr'>non</span> <span class='ocrx_word' id='word_1_350' title='bbox 1288 2316 1460 2389; x_wconf 90' lang='lat' dir='ltr'>potuerunt</span> <span class='ocrx_word' id='word_1_351' title='bbox 1474 2326 1547 2369; x_wconf 93' lang='lat' dir='ltr'>cum</span> <span class='ocrx_word' id='word_1_352' title='bbox 1564 2306 1731 2389; x_wconf 87' lang='lat' dir='ltr'>inspicere.</span> 
     </span>
    </p>

    <p class='ocr_par' dir='ltr' id='par_1_12' title="bbox 1206 2403 1954 3972">
     <span class='ocr_line' id='line_1_57' title="bbox 1255 2403 1948 2469; baseline -0.006 -2"><span class='ocrx_word' id='word_1_353' title='bbox 1255 2405 1288 2467; x_wconf 95' lang='lat' dir='ltr'>lu</span> <span class='ocrx_word' id='word_1_354' title='bbox 1319 2406 1456 2469; x_wconf 86' lang='lat' dir='ltr'>Historia</span> <span class='ocrx_word' id='word_1_355' title='bbox 1481 2424 1556 2469; x_wconf 89' lang='lat' dir='ltr'>vero</span> <span class='ocrx_word' id='word_1_356' title='bbox 1581 2404 1770 2467; x_wconf 87' lang='lat' dir='ltr'>scholastica</span> <span class='ocrx_word' id='word_1_357' title='bbox 1798 2403 1915 2466; x_wconf 90' lang='lat' dir='ltr'>dicitur</span> <span class='ocrx_word' id='word_1_358' title='bbox 1940 2420 1948 2463; x_wconf 91' lang='lat'><strong>:</strong></span> 
     </span>
     <span class='ocr_line' id='line_1_58' title="bbox 1208 2502 1948 2585; baseline -0.004 -20"><span class='ocrx_word' id='word_1_359' title='bbox 1208 2504 1364 2577; x_wconf 86' lang='lat' dir='ltr'>Quantum</span> <span class='ocrx_word' id='word_1_360' title='bbox 1377 2505 1503 2567; x_wconf 91' lang='lat' dir='ltr'>duravit</span> <span class='ocrx_word' id='word_1_361' title='bbox 1517 2505 1585 2567; x_wconf 79' lang='lat' dir='ltr'>haec</span> <span class='ocrx_word' id='word_1_362' title='bbox 1598 2504 1700 2584; x_wconf 79' lang='lat' dir='ltr'>gloria</span> <span class='ocrx_word' id='word_1_363' title='bbox 1716 2502 1948 2585; x_wconf 71' lang='lat' dir='ltr'>vultuslloysis,</span> 
     </span>
     <span class='ocr_line' id='line_1_59' title="bbox 1209 2601 1947 2686; baseline -0.008 -19"><span class='ocrx_word' id='word_1_364' title='bbox 1209 2613 1240 2667; x_wconf 90' lang='lat' dir='ltr'>et</span> <span class='ocrx_word' id='word_1_365' title='bbox 1264 2612 1370 2666; x_wconf 91' lang='lat' dir='ltr'>utrum</span> <span class='ocrx_word' id='word_1_366' title='bbox 1396 2604 1494 2667; x_wconf 88' lang='lat' dir='ltr'>semel</span> <span class='ocrx_word' id='word_1_367' title='bbox 1519 2612 1574 2665; x_wconf 90' lang='lat' dir='ltr'>aut</span> <span class='ocrx_word' id='word_1_368' title='bbox 1595 2602 1714 2686; x_wconf 92' lang='lat' dir='ltr'>pluries</span> <span class='ocrx_word' id='word_1_369' title='bbox 1739 2601 1767 2665; x_wconf 93' lang='lat' dir='ltr'>ei</span> <span class='ocrx_word' id='word_1_370' title='bbox 1789 2601 1947 2675; x_wconf 88' lang='lat' dir='ltr'>acciderit,</span> 
     </span>
     <span class='ocr_line' id='line_1_60' title="bbox 1209 2699 1951 2783; baseline -0.005 -19"><span class='ocrx_word' id='word_1_371' title='bbox 1209 2704 1405 2783; x_wconf 83' lang='lat' dir='ltr'>ignoramus.</span> <span class='ocrx_word' id='word_1_372' title='bbox 1431 2703 1655 2765; x_wconf 85' lang='lat' dir='ltr'>Verumtamen</span> <span class='ocrx_word' id='word_1_373' title='bbox 1681 2722 1718 2764; x_wconf 88' lang='lat' dir='ltr'>ex</span> <span class='ocrx_word' id='word_1_374' title='bbox 1747 2699 1951 2782; x_wconf 64' lang='lat' dir='ltr'>praeinductis</span> 
     </span>
     <span class='ocr_line' id='line_1_61' title="bbox 1209 2800 1951 2883; baseline -0.005 -20"><span class='ocrx_word' id='word_1_375' title='bbox 1209 2801 1306 2883; x_wconf 86' lang='lat' dir='ltr'>hujus</span> <span class='ocrx_word' id='word_1_376' title='bbox 1322 2802 1433 2864; x_wconf 85' lang='lat' dir='ltr'>litterae</span> <span class='ocrx_word' id='word_1_377' title='bbox 1454 2802 1561 2864; x_wconf 77' lang='lat' dir='ltr'>verbis</span> <span class='ocrx_word' id='word_1_378' title='bbox 1583 2802 1643 2863; x_wconf 89' lang='lat' dir='ltr'>rite</span> <span class='ocrx_word' id='word_1_379' title='bbox 1664 2800 1837 2883; x_wconf 84' lang='lat' dir='ltr'>perspectis</span> <span class='ocrx_word' id='word_1_380' title='bbox 1858 2800 1951 2861; x_wconf 89' lang='lat' dir='ltr'>datur</span> 
     </span>
     <span class='ocr_line' id='line_1_62' title="bbox 1210 2897 1951 2982; baseline -0.005 -20"><span class='ocrx_word' id='word_1_381' title='bbox 1210 2900 1357 2980; x_wconf 78' lang='lat' dir='ltr'>intelligi,</span> <span class='ocrx_word' id='word_1_382' title='bbox 1375 2902 1461 2982; x_wconf 92' lang='lat' dir='ltr'>quod</span> <span class='ocrx_word' id='word_1_383' title='bbox 1477 2900 1603 2964; x_wconf 89' lang='lat' dir='ltr'>duravit</span> <span class='ocrx_word' id='word_1_384' title='bbox 1618 2918 1675 2982; x_wconf 93' lang='lat' dir='ltr'>per</span> <span class='ocrx_word' id='word_1_385' title='bbox 1691 2908 1815 2981; x_wconf 90' lang='lat' dir='ltr'>tempus</span> <span class='ocrx_word' id='word_1_386' title='bbox 1831 2897 1951 2960; x_wconf 89' lang='lat' dir='ltr'>notabi-</span> 
     </span>
     <span class='ocr_line' id='line_1_63' title="bbox 1210 2996 1947 3081; baseline -0.008 -19"><span class='ocrx_word' id='word_1_387' title='bbox 1210 3000 1249 3077; x_wconf 86' lang='lat' dir='ltr'>le,</span> <span class='ocrx_word' id='word_1_388' title='bbox 1268 3009 1298 3062; x_wconf 91' lang='lat' dir='ltr'>et</span> <span class='ocrx_word' id='word_1_389' title='bbox 1314 3000 1399 3081; x_wconf 94' lang='lat' dir='ltr'>quod</span> <span class='ocrx_word' id='word_1_390' title='bbox 1415 3000 1515 3080; x_wconf 82' lang='lat' dir='ltr'>magis</span> <span class='ocrx_word' id='word_1_391' title='bbox 1530 3018 1626 3081; x_wconf 90' lang='lat' dir='ltr'>quam</span> <span class='ocrx_word' id='word_1_392' title='bbox 1642 2998 1741 3061; x_wconf 88' lang='lat' dir='ltr'>semel</span> <span class='ocrx_word' id='word_1_393' title='bbox 1760 2996 1891 3078; x_wconf 84' lang='lat' dir='ltr'>contigit</span> <span class='ocrx_word' id='word_1_394' title='bbox 1905 2996 1947 3058; x_wconf 88' lang='lat' dir='ltr'>ei.</span> 
     </span>
     <span class='ocr_line' id='line_1_64' title="bbox 1208 3096 1950 3162; baseline -0.007 -1"><span class='ocrx_word' id='word_1_395' title='bbox 1208 3099 1328 3161; x_wconf 84' lang='lat' dir='ltr'>Rursus</span> <span class='ocrx_word' id='word_1_396' title='bbox 1344 3100 1377 3161; x_wconf 95' lang='lat' dir='ltr'>in</span> <span class='ocrx_word' id='word_1_397' title='bbox 1393 3101 1503 3162; x_wconf 88' lang='lat' dir='ltr'>eadem</span> <span class='ocrx_word' id='word_1_398' title='bbox 1520 3098 1654 3161; x_wconf 91' lang='lat' dir='ltr'>habetur</span> <span class='ocrx_word' id='word_1_399' title='bbox 1668 3097 1804 3160; x_wconf 90' lang='lat' dir='ltr'>Historia</span> <span class='ocrx_word' id='word_1_400' title='bbox 1816 3096 1950 3160; x_wconf 86' lang='lat' dir='ltr'>:Dicunt</span> 
     </span>
     <span class='ocr_line' id='line_1_65' title="bbox 1208 3194 1950 3278; baseline -0.007 -18"><span class='ocrx_word' id='word_1_401' title='bbox 1208 3198 1340 3275; x_wconf 80' lang='lat' dir='ltr'>Hebraei,</span> <span class='ocrx_word' id='word_1_402' title='bbox 1353 3199 1438 3278; x_wconf 93' lang='lat' dir='ltr'>quod</span> <span class='ocrx_word' id='word_1_403' title='bbox 1454 3198 1558 3260; x_wconf 89' lang='lat' dir='ltr'>adhuc</span> <span class='ocrx_word' id='word_1_404' title='bbox 1574 3196 1666 3260; x_wconf 90' lang='lat' dir='ltr'>tertio</span> <span class='ocrx_word' id='word_1_405' title='bbox 1682 3194 1823 3258; x_wconf 89' lang='lat' dir='ltr'>ascendit</span> <span class='ocrx_word' id='word_1_406' title='bbox 1837 3194 1876 3256; x_wconf 91' lang='lat' dir='ltr'>ad</span> <span class='ocrx_word' id='word_1_407' title='bbox 1890 3195 1950 3256; x_wconf 79' lang='lat' dir='ltr'>Do</span> 
     </span>
     <span class='ocr_line' id='line_1_66' title="bbox 1206 3292 1950 3378; baseline -0.007 -20"><span class='ocrx_word' id='word_1_408' title='bbox 1206 3296 1341 3373; x_wconf 91' lang='lat' dir='ltr'>minum,</span> <span class='ocrx_word' id='word_1_409' title='bbox 1359 3297 1397 3359; x_wconf 91' lang='lat' dir='ltr'>ad</span> <span class='ocrx_word' id='word_1_410' title='bbox 1422 3294 1655 3378; x_wconf 90' lang='lat' dir='ltr'>impetrandum</span> <span class='ocrx_word' id='word_1_411' title='bbox 1677 3295 1724 3357; x_wconf 91' lang='lat' dir='ltr'>eis</span> <span class='ocrx_word' id='word_1_412' title='bbox 1745 3292 1846 3358; x_wconf 74' lang='lat' dir='ltr'>veniat</span> <span class='ocrx_word' id='word_1_413' title='bbox 1859 3293 1950 3355; x_wconf 83' lang='lat' dir='ltr'>certi-</span> 
     </span>
     <span class='ocr_line' id='line_1_67' title="bbox 1207 3392 1950 3477; baseline -0.003 -21"><span class='ocrx_word' id='word_1_414' title='bbox 1207 3396 1366 3472; x_wconf 87' lang='lat' dir='ltr'>tudinem,</span> <span class='ocrx_word' id='word_1_415' title='bbox 1393 3404 1425 3458; x_wconf 84' lang='lat' dir='ltr'>ot</span> <span class='ocrx_word' id='word_1_416' title='bbox 1448 3395 1534 3477; x_wconf 92' lang='lat' dir='ltr'>quod</span> <span class='ocrx_word' id='word_1_417' title='bbox 1560 3413 1669 3457; x_wconf 91' lang='lat' dir='ltr'>rursus</span> <span class='ocrx_word' id='word_1_418' title='bbox 1692 3392 1849 3475; x_wconf 81' lang='lat' dir='ltr'>jejunarit</span> <span class='ocrx_word' id='word_1_419' title='bbox 1872 3412 1950 3473; x_wconf 89' lang='lat' dir='ltr'>qua-</span> 
     </span>
     <span class='ocr_line' id='line_1_68' title="bbox 1207 3492 1949 3575; baseline -0.001 -19"><span class='ocrx_word' id='word_1_420' title='bbox 1207 3495 1352 3575; x_wconf 78' lang='lat' dir='ltr'>draginta</span> <span class='ocrx_word' id='word_1_421' title='bbox 1381 3495 1494 3557; x_wconf 90' lang='lat' dir='ltr'>diebus</span> <span class='ocrx_word' id='word_1_422' title='bbox 1524 3515 1561 3558; x_wconf 93' lang='lat' dir='ltr'>ac</span> <span class='ocrx_word' id='word_1_423' title='bbox 1591 3492 1749 3558; x_wconf 91' lang='lat' dir='ltr'>noctibus.</span> <span class='ocrx_word' id='word_1_424' title='bbox 1784 3492 1949 3573; x_wconf 84' lang='lat' dir='ltr'>Quumque</span> 
     </span>
     <span class='ocr_line' id='line_1_69' title="bbox 1206 3589 1950 3670; baseline -0.005 -15"><span class='ocrx_word' id='word_1_425' title='bbox 1206 3594 1341 3661; x_wconf 90' lang='lat' dir='ltr'>redisset</span> <span class='ocrx_word' id='word_1_426' title='bbox 1355 3614 1428 3657; x_wconf 93' lang='lat' dir='ltr'>cum</span> <span class='ocrx_word' id='word_1_427' title='bbox 1444 3593 1635 3657; x_wconf 88' lang='lat' dir='ltr'>certitudine</span> <span class='ocrx_word' id='word_1_428' title='bbox 1649 3592 1761 3670; x_wconf 76' lang='lat' dir='ltr'>venia,</span> <span class='ocrx_word' id='word_1_429' title='bbox 1770 3610 1873 3655; x_wconf 90' lang='lat' dir='ltr'>nouus</span> <span class='ocrx_word' id='word_1_430' title='bbox 1889 3589 1950 3652; x_wconf 86' lang='lat' dir='ltr'>luit</span> 
     </span>
     <span class='ocr_line' id='line_1_70' title="bbox 1207 3690 1949 3775; baseline -0.007 -20"><span class='ocrx_word' id='word_1_431' title='bbox 1207 3693 1275 3756; x_wconf 92' lang='lat' dir='ltr'>dies</span> <span class='ocrx_word' id='word_1_432' title='bbox 1292 3692 1420 3775; x_wconf 89' lang='lat' dir='ltr'>septimi</span> <span class='ocrx_word' id='word_1_433' title='bbox 1436 3694 1576 3768; x_wconf 87' lang='lat' dir='ltr'>mensis;</span> <span class='ocrx_word' id='word_1_434' title='bbox 1594 3701 1626 3755; x_wconf 88' lang='lat' dir='ltr'>et</span> <span class='ocrx_word' id='word_1_435' title='bbox 1640 3693 1674 3753; x_wconf 92' lang='lat' dir='ltr'>in</span> <span class='ocrx_word' id='word_1_436' title='bbox 1689 3691 1827 3755; x_wconf 90' lang='lat' dir='ltr'>crastino</span> <span class='ocrx_word' id='word_1_437' title='bbox 1849 3690 1949 3752; x_wconf 82' lang='lat' dir='ltr'>solen-</span> 
     </span>
     <span class='ocr_line' id='line_1_71' title="bbox 1207 3788 1951 3874; baseline -0.003 -21"><span class='ocrx_word' id='word_1_438' title='bbox 1207 3791 1338 3855; x_wconf 90' lang='lat' dir='ltr'>nitatem</span> <span class='ocrx_word' id='word_1_439' title='bbox 1363 3801 1493 3873; x_wconf 83' lang='lat' dir='ltr'>agentes</span> <span class='ocrx_word' id='word_1_440' title='bbox 1517 3810 1576 3874; x_wconf 92' lang='lat' dir='ltr'>pro</span> <span class='ocrx_word' id='word_1_441' title='bbox 1601 3791 1694 3853; x_wconf 85' lang='lat' dir='ltr'>venia</span> <span class='ocrx_word' id='word_1_442' title='bbox 1718 3792 1801 3867; x_wconf 90' lang='lat' dir='ltr'>data,</span> <span class='ocrx_word' id='word_1_443' title='bbox 1827 3788 1951 3851; x_wconf 77' lang='lat' dir='ltr'>afflixe-</span> 
     </span>
     <span class='ocr_line' id='line_1_72' title="bbox 1207 3888 1954 3972; baseline -0.005 -20"><span class='ocrx_word' id='word_1_444' title='bbox 1207 3899 1281 3953; x_wconf 88' lang='lat' dir='ltr'>runt</span> <span class='ocrx_word' id='word_1_445' title='bbox 1296 3891 1420 3954; x_wconf 88' lang='lat' dir='ltr'>animas</span> <span class='ocrx_word' id='word_1_446' title='bbox 1436 3908 1509 3953; x_wconf 88' lang='lat' dir='ltr'>suas</span> <span class='ocrx_word' id='word_1_447' title='bbox 1524 3892 1706 3972; x_wconf 86' lang='lat' dir='ltr'>jejunantes</span> <span class='ocrx_word' id='word_1_448' title='bbox 1718 3906 1726 3950; x_wconf 76' lang='grc' dir='ltr'><em>τ</em></span> <span class='ocrx_word' id='word_1_449' title='bbox 1738 3890 1849 3970; x_wconf 88' lang='lat' dir='ltr'>sicque</span> <span class='ocrx_word' id='word_1_450' title='bbox 1863 3888 1954 3950; x_wconf 87' lang='lat' dir='ltr'>dein-</span> 
     </span>
    </p>
   </div>
   <div class='ocr_carea' id='block_1_12' title="bbox 1206 3986 1948 4171">
    <p class='ocr_par' dir='ltr' id='par_1_13' title="bbox 1206 3986 1948 4171">
     <span class='ocr_line' id='line_1_73' title="bbox 1206 3986 1947 4072; baseline -0.007 -20"><span class='ocrx_word' id='word_1_451' title='bbox 1206 4009 1281 4072; x_wconf 91' lang='lat' dir='ltr'>ceps</span> <span class='ocrx_word' id='word_1_452' title='bbox 1306 3990 1429 4053; x_wconf 87' lang='lat' dir='ltr'>decima</span> <span class='ocrx_word' id='word_1_453' title='bbox 1454 3990 1521 4053; x_wconf 89' lang='lat' dir='ltr'>dies</span> <span class='ocrx_word' id='word_1_454' title='bbox 1547 3990 1643 4070; x_wconf 89' lang='lat' dir='ltr'>hujus</span> <span class='ocrx_word' id='word_1_455' title='bbox 1666 3988 1793 4070; x_wconf 92' lang='lat' dir='ltr'>septimi</span> <span class='ocrx_word' id='word_1_456' title='bbox 1818 3986 1947 4061; x_wconf 85' lang='lat' dir='ltr'>mensis,</span> 
     </span>
     <span class='ocr_line' id='line_1_74' title="bbox 1206 4085 1948 4171; baseline -0.007 -22"><span class='ocrx_word' id='word_1_457' title='bbox 1206 4088 1290 4151; x_wconf 90' lang='lat' dir='ltr'>lacta</span> <span class='ocrx_word' id='word_1_458' title='bbox 1305 4098 1353 4151; x_wconf 91' lang='lat' dir='ltr'>cst</span> <span class='ocrx_word' id='word_1_459' title='bbox 1363 4088 1432 4151; x_wconf 93' lang='lat' dir='ltr'>dies</span> <span class='ocrx_word' id='word_1_460' title='bbox 1446 4087 1692 4171; x_wconf 91' lang='lat' dir='ltr'>propitiationis.</span> <span class='ocrx_word' id='word_1_461' title='bbox 1702 4085 1789 4160; x_wconf 84' lang='lat' dir='ltr'>Quod</span> <span class='ocrx_word' id='word_1_462' title='bbox 1800 4086 1827 4146; x_wconf 92' lang='lat' dir='ltr'>si</span> <span class='ocrx_word' id='word_1_463' title='bbox 1838 4103 1948 4148; x_wconf 87' lang='lat' dir='ltr'>vorum</span> 
     </span>
    </p>
   </div>
   <div class='ocr_carea' id='block_1_13' title="bbox 404 4179 2094 4564">
    <p class='ocr_par' dir='ltr' id='par_1_14' title="bbox 404 4179 2094 4564">
     <span class='ocr_line' id='line_1_75' title="bbox 408 4179 1949 4269; baseline 0.003 -27"><span class='ocrx_word' id='word_1_464' title='bbox 408 4182 502 4243; x_wconf 92' lang='lat' dir='ltr'>modo</span> <span class='ocrx_word' id='word_1_465' title='bbox 527 4179 659 4262; x_wconf 90' lang='lat' dir='ltr'>quivero</span> <span class='ocrx_word' id='word_1_466' title='bbox 686 4183 848 4264; x_wconf 89' lang='lat' dir='ltr'>deprecari</span> <span class='ocrx_word' id='word_1_467' title='bbox 873 4202 930 4265; x_wconf 94' lang='lat' dir='ltr'>pro</span> <span class='ocrx_word' id='word_1_468' title='bbox 956 4186 1075 4249; x_wconf 89' lang='lat' dir='ltr'>scelere</span> <span class='ocrx_word' id='word_1_469' title='bbox 1098 4206 1151 4250; x_wconf 76' lang='lat' dir='ltr'>re</span> <span class='ocrx_word' id='word_1_470' title='bbox 1165 4190 1190 4252; x_wconf 86' lang='grc' dir='ltr'>Ι)</span> <span class='ocrx_word' id='word_1_471' title='bbox 1205 4196 1263 4264; x_wconf 86' lang='lat' dir='ltr'>est,</span> <span class='ocrx_word' id='word_1_472' title='bbox 1281 4195 1385 4269; x_wconf 84' lang='lat' dir='ltr'>potest</span> <span class='ocrx_word' id='word_1_473' title='bbox 1404 4208 1475 4250; x_wconf 91' lang='lat' dir='ltr'>esso</span> <span class='ocrx_word' id='word_1_474' title='bbox 1494 4186 1579 4268; x_wconf 94' lang='lat' dir='ltr'>quod</span> <span class='ocrx_word' id='word_1_475' title='bbox 1602 4185 1746 4267; x_wconf 76' lang='lat' dir='ltr'>exemplo</span> <span class='ocrx_word' id='word_1_476' title='bbox 1761 4183 1873 4265; x_wconf 76' lang='lat' dir='ltr'>Moysis</span> <span class='ocrx_word' id='word_1_477' title='bbox 1892 4183 1949 4246; x_wconf 85' lang='lat' dir='ltr'>Ec·</span> 
     </span>
     <span class='ocr_line' id='line_1_76' title="bbox 408 4282 1943 4368; baseline 0.004 -29"><span class='ocrx_word' id='word_1_478' title='bbox 408 4286 482 4341; x_wconf 87' lang='lat' dir='ltr'>stro.</span> <span class='ocrx_word' id='word_1_479' title='bbox 502 4282 670 4360; x_wconf 78' lang='lat' dir='ltr'>Vocathue</span> <span class='ocrx_word' id='word_1_480' title='bbox 684 4284 724 4341; x_wconf 86' lang='lat' dir='ltr'>ab</span> <span class='ocrx_word' id='word_1_481' title='bbox 737 4301 782 4353; x_wconf 86' lang='lat' dir='ltr'>eo,</span> <span class='ocrx_word' id='word_1_482' title='bbox 799 4285 917 4342; x_wconf 81' lang='lat' dir='ltr'>reversi</span> <span class='ocrx_word' id='word_1_483' title='bbox 931 4294 1017 4355; x_wconf 75' lang='lat' dir='ltr'>aurit,</span> <span class='ocrx_word' id='word_1_484' title='bbox 1035 4284 1067 4347; x_wconf 92' lang='lat' dir='ltr'>id</span> <span class='ocrx_word' id='word_1_485' title='bbox 1088 4294 1146 4363; x_wconf 83' lang='lat' dir='ltr'>est,</span> <span class='ocrx_word' id='word_1_486' title='bbox 1203 4286 1301 4348; x_wconf 91' lang='lat' dir='ltr'>clesia</span> <span class='ocrx_word' id='word_1_487' title='bbox 1316 4285 1466 4368; x_wconf 90' lang='lat' dir='ltr'>proponit</span> <span class='ocrx_word' id='word_1_488' title='bbox 1481 4287 1515 4348; x_wconf 90' lang='lat' dir='ltr'>in</span> <span class='ocrx_word' id='word_1_489' title='bbox 1531 4303 1615 4347; x_wconf 89' lang='lat' dir='ltr'>anno</span> <span class='ocrx_word' id='word_1_490' title='bbox 1630 4293 1693 4347; x_wconf 91' lang='lat' dir='ltr'>tres</span> <span class='ocrx_word' id='word_1_491' title='bbox 1709 4283 1943 4364; x_wconf 86' lang='lat' dir='ltr'>quadragenas:</span> 
     </span>
     <span class='ocr_line' id='line_1_77' title="bbox 404 4377 1944 4463; baseline 0.001 -23"><span class='ocrx_word' id='word_1_492' title='bbox 404 4377 443 4440; x_wconf 92' lang='lat' dir='ltr'>ad</span> <span class='ocrx_word' id='word_1_493' title='bbox 459 4377 584 4460; x_wconf 83' lang='lat' dir='ltr'>lloysen</span> <span class='ocrx_word' id='word_1_494' title='bbox 607 4397 660 4441; x_wconf 89' lang='lat' dir='ltr'>cos</span> <span class='ocrx_word' id='word_1_495' title='bbox 684 4387 860 4458; x_wconf 87' lang='lat' dir='ltr'>vocantem,</span> <span class='ocrx_word' id='word_1_496' title='bbox 878 4389 909 4442; x_wconf 88' lang='lat' dir='ltr'>et</span> <span class='ocrx_word' id='word_1_497' title='bbox 925 4401 963 4444; x_wconf 93' lang='lat' dir='ltr'>ne</span> <span class='ocrx_word' id='word_1_498' title='bbox 986 4383 1145 4461; x_wconf 84' lang='lat' dir='ltr'>timerent,</span> <span class='ocrx_word' id='word_1_499' title='bbox 1203 4385 1277 4447; x_wconf 90' lang='lat' dir='ltr'>licet</span> <span class='ocrx_word' id='word_1_500' title='bbox 1299 4385 1340 4447; x_wconf 94' lang='lat' dir='ltr'>ob</span> <span class='ocrx_word' id='word_1_501' title='bbox 1362 4386 1422 4447; x_wconf 87' lang='lat' dir='ltr'>hoo</span> <span class='ocrx_word' id='word_1_502' title='bbox 1442 4384 1622 4446; x_wconf 89' lang='lat' dir='ltr'>institutum</span> <span class='ocrx_word' id='word_1_503' title='bbox 1645 4383 1778 4458; x_wconf 89' lang='lat' dir='ltr'>dicatur,</span> <span class='ocrx_word' id='word_1_504' title='bbox 1795 4381 1944 4463; x_wconf 88' lang='lat' dir='ltr'>quoniam</span> 
     </span>
     <span class='ocr_line' id='line_1_78' title="bbox 404 4477 2094 4564; baseline -0.001 -24"><span class='ocrx_word' id='word_1_505' title='bbox 404 4477 631 4555; x_wconf 85' lang='lat' dir='ltr'>consolantem,</span> <span class='ocrx_word' id='word_1_506' title='bbox 649 4478 858 4556; x_wconf 88' lang='lat' dir='ltr'>redierunt,a</span> <span class='ocrx_word' id='word_1_507' title='bbox 880 4499 943 4561; x_wconf 94' lang='lat' dir='ltr'>quo</span> <span class='ocrx_word' id='word_1_508' title='bbox 969 4502 1006 4544; x_wconf 86' lang='lat' dir='ltr'>ex</span> <span class='ocrx_word' id='word_1_509' title='bbox 1033 4484 1146 4547; x_wconf 89' lang='lat' dir='ltr'>timore</span> <span class='ocrx_word' id='word_1_510' title='bbox 1202 4491 1266 4545; x_wconf 91' lang='lat' dir='ltr'>tres</span> <span class='ocrx_word' id='word_1_511' title='bbox 1291 4483 1362 4560; x_wconf 87' lang='lat' dir='ltr'>viri,</span> <span class='ocrx_word' id='word_1_512' title='bbox 1379 4483 1509 4564; x_wconf 72' lang='lat' dir='ltr'>lloyscs,</span> <span class='ocrx_word' id='word_1_513' title='bbox 1527 4482 1623 4557; x_wconf 86' lang='lat' dir='ltr'>Elias,</span> <span class='ocrx_word' id='word_1_514' title='bbox 1641 4490 1672 4543; x_wconf 88' lang='lat' dir='ltr'>ct</span> <span class='ocrx_word' id='word_1_515' title='bbox 1692 4481 1782 4542; x_wconf 86' lang='lat' dir='ltr'>lesus</span> <span class='ocrx_word' id='word_1_516' title='bbox 1803 4488 1849 4542; x_wconf 89' lang='lat' dir='ltr'>tot</span> <span class='ocrx_word' id='word_1_517' title='bbox 1867 4477 2094 4560; x_wconf 50' lang='lat' dir='ltr'>jeju—runem.</span> 
     </span>
    </p>
   </div>
   <div class='ocr_carea' id='block_1_14' title="bbox 1957 4559 2095 4668">
    <p class='ocr_par' dir='ltr' id='par_1_15' title="bbox 1957 4559 2095 4668">
     <span class='ocr_line' id='line_1_79' title="bbox 1958 4559 2085 4600; baseline 0.024 -4"><span class='ocrx_word' id='word_1_518' title='bbox 1958 4561 1978 4599; x_wconf 81' lang='lat' dir='ltr'>s.</span> <span class='ocrx_word' id='word_1_519' title='bbox 1987 4559 2047 4600; x_wconf 72' lang='lat' dir='ltr'>tior.</span> <span class='ocrx_word' id='word_1_520' title='bbox 2058 4575 2085 4600; x_wconf 73' lang='lat' dir='ltr'>rt.</span> 
     </span>
     <span class='ocr_line' id='line_1_80' title="bbox 1957 4621 2095 4668; baseline 0.014 -7"><span class='ocrx_word' id='word_1_521' title='bbox 1957 4621 2068 4668; x_wconf 61' lang='lat' dir='ltr'>staca,</span> <span class='ocrx_word' id='word_1_522' title='bbox 2077 4628 2095 4663; x_wconf 69' lang='grc' dir='ltr'>Ξ.</span> 
     </span>
    </p>
   </div>
   <div class='ocr_carea' id='block_1_15' title="bbox 1240 4676 2096 4798">
    <p class='ocr_par' dir='ltr' id='par_1_16' title="bbox 1240 4676 2096 4798">
     <span class='ocr_line' id='line_1_81' title="bbox 1240 4676 2096 4798; baseline -0.006 -57"><span class='ocrx_word' id='word_1_523' title='bbox 1240 4680 1392 4743; x_wconf 73' lang='lat' dir='ltr'>Praeterea</span> <span class='ocrx_word' id='word_1_524' title='bbox 1421 4679 1596 4762; x_wconf 90' lang='lat' dir='ltr'>spiritualis</span> <span class='ocrx_word' id='word_1_525' title='bbox 1626 4696 1739 4741; x_wconf 87' lang='lat' dir='ltr'>sensus</span> <span class='ocrx_word' id='word_1_526' title='bbox 1768 4676 1865 4757; x_wconf 90' lang='lat' dir='ltr'>hujus</span> <span class='ocrx_word' id='word_1_527' title='bbox 1893 4696 1943 4738; x_wconf 92' lang='lat' dir='ltr'>ca-</span> <span class='ocrx_word' id='word_1_528' title='bbox 1957 4692 2096 4798; x_wconf 46' lang='lat' dir='ltr'>massas</span> 
     </span>
    </p>
   </div>
   <div class='ocr_carea' id='block_1_16' title="bbox 396 4575 1952 5350">
    <p class='ocr_par' dir='ltr' id='par_1_17' title="bbox 396 4575 1952 5350">
     <span class='ocr_line' id='line_1_82' title="bbox 403 4575 1498 4661; baseline 0.003 -22"><span class='ocrx_word' id='word_1_529' title='bbox 403 4594 513 4659; x_wconf 86' lang='lat' dir='ltr'>parum</span> <span class='ocrx_word' id='word_1_530' title='bbox 531 4575 692 4657; x_wconf 78' lang='lat' dir='ltr'>fugeruut,</span> <span class='ocrx_word' id='word_1_531' title='bbox 704 4588 769 4639; x_wconf 86' lang='lat' dir='ltr'>tam</span> <span class='ocrx_word' id='word_1_532' title='bbox 785 4581 895 4640; x_wconf 83' lang='lat' dir='ltr'>Aaron</span> <span class='ocrx_word' id='word_1_533' title='bbox 911 4602 1010 4660; x_wconf 83' lang='lat' dir='ltr'>quam</span> <span class='ocrx_word' id='word_1_534' title='bbox 1023 4585 1147 4661; x_wconf 79' lang='lat' dir='ltr'>prt&#39;rtct&#39;-</span> <span class='ocrx_word' id='word_1_535' title='bbox 1203 4591 1359 4644; x_wconf 83' lang='lat' dir='ltr'>naverunt.</span> <span class='ocrx_word' id='word_1_536' title='bbox 1373 4581 1498 4643; x_wconf 79' lang='lat' dir='ltr'>diebus</span> 
     </span>
     <span class='ocr_line' id='line_1_83' title="bbox 396 4676 1142 4760; baseline 0.012 -26"><span class='ocrx_word' id='word_1_537' title='bbox 396 4696 452 4753; x_wconf 77' lang='lat' dir='ltr'>pes</span> <span class='ocrx_word' id='word_1_538' title='bbox 473 4694 656 4754; x_wconf 71' lang='lat' dir='ltr'>synaqopoe,</span> <span class='ocrx_word' id='word_1_539' title='bbox 672 4676 704 4737; x_wconf 96' lang='lat' dir='ltr'>id</span> <span class='ocrx_word' id='word_1_540' title='bbox 729 4685 777 4739; x_wconf 90' lang='lat' dir='ltr'>est</span> <span class='ocrx_word' id='word_1_541' title='bbox 802 4677 964 4760; x_wconf 90' lang='lat' dir='ltr'>principes</span> <span class='ocrx_word' id='word_1_542' title='bbox 990 4680 1142 4756; x_wconf 91' lang='lat' dir='ltr'>tribuum,</span> 
     </span>
     <span class='ocr_line' id='line_1_84' title="bbox 400 4773 1944 4860; baseline -0.001 -23"><span class='ocrx_word' id='word_1_543' title='bbox 400 4782 430 4837; x_wconf 94' lang='lat' dir='ltr'>et</span> <span class='ocrx_word' id='word_1_544' title='bbox 451 4773 588 4837; x_wconf 88' lang='lat' dir='ltr'>olliciati</span> <span class='ocrx_word' id='word_1_545' title='bbox 608 4794 645 4838; x_wconf 92' lang='lat' dir='ltr'>ac</span> <span class='ocrx_word' id='word_1_546' title='bbox 663 4775 787 4856; x_wconf 86' lang='lat' dir='ltr'>judices</span> <span class='ocrx_word' id='word_1_547' title='bbox 810 4776 984 4839; x_wconf 88' lang='lat' dir='ltr'>substituti.</span> <span class='ocrx_word' id='word_1_548' title='bbox 1003 4783 1044 4841; x_wconf 77' lang='lat' dir='ltr'>m</span> <span class='ocrx_word' id='word_1_549' title='bbox 1059 4791 1146 4857; x_wconf 77' lang='lat' dir='ltr'>post-</span> <span class='ocrx_word' id='word_1_550' title='bbox 1200 4778 1306 4859; x_wconf 91' lang='lat' dir='ltr'>pituli,</span> <span class='ocrx_word' id='word_1_551' title='bbox 1325 4798 1420 4860; x_wconf 93' lang='lat' dir='ltr'>supra</span> <span class='ocrx_word' id='word_1_552' title='bbox 1441 4797 1499 4859; x_wconf 93' lang='lat' dir='ltr'>pro</span> <span class='ocrx_word' id='word_1_553' title='bbox 1519 4777 1656 4839; x_wconf 81' lang='lat' dir='ltr'>maxima</span> <span class='ocrx_word' id='word_1_554' title='bbox 1677 4784 1766 4858; x_wconf 91' lang='lat' dir='ltr'>parte</span> <span class='ocrx_word' id='word_1_555' title='bbox 1787 4784 1835 4838; x_wconf 90' lang='lat' dir='ltr'>est</span> <span class='ocrx_word' id='word_1_556' title='bbox 1855 4773 1944 4837; x_wconf 92' lang='lat' dir='ltr'>babi-</span> 
     </span>
     <span class='ocr_line' id='line_1_85' title="bbox 398 4872 1941 4957; baseline 0 -24"><span class='ocrx_word' id='word_1_557' title='bbox 398 4877 1144 4954; x_wconf 79' lang='lat' dir='ltr'>qaamlocutuscstodeos,venercntccteum</span> <span class='ocrx_word' id='word_1_558' title='bbox 1199 4886 1260 4938; x_wconf 79' lang='lat' dir='ltr'>tus</span> <span class='ocrx_word' id='word_1_559' title='bbox 1294 4876 1479 4957; x_wconf 91' lang='lat' dir='ltr'>Specialiter</span> <span class='ocrx_word' id='word_1_560' title='bbox 1509 4894 1584 4938; x_wconf 85' lang='lat' dir='ltr'>vcro</span> <span class='ocrx_word' id='word_1_561' title='bbox 1613 4895 1651 4937; x_wconf 87' lang='lat' dir='ltr'>ex</span> <span class='ocrx_word' id='word_1_562' title='bbox 1686 4873 1777 4935; x_wconf 92' lang='lat' dir='ltr'>istius</span> <span class='ocrx_word' id='word_1_563' title='bbox 1811 4872 1941 4955; x_wconf 90' lang='lat' dir='ltr'>capituli</span> 
     </span>
     <span class='ocr_line' id='line_1_86' title="bbox 398 4972 1951 5055; baseline 0.001 -23"><span class='ocrx_word' id='word_1_564' title='bbox 398 4974 496 5033; x_wconf 83' lang='lat' dir='ltr'>etiam</span> <span class='ocrx_word' id='word_1_565' title='bbox 516 4992 621 5033; x_wconf 76' lang='lat' dir='ltr'>ornnes</span> <span class='ocrx_word' id='word_1_566' title='bbox 641 4975 709 5051; x_wconf 82' lang='lat' dir='ltr'>filit</span> <span class='ocrx_word' id='word_1_567' title='bbox 728 4975 839 5045; x_wconf 78' lang='lat' dir='ltr'>Israel,</span> <span class='ocrx_word' id='word_1_568' title='bbox 858 4976 973 5053; x_wconf 76' lang='lat' dir='ltr'>qulbus</span> <span class='ocrx_word' id='word_1_569' title='bbox 990 4979 1144 5053; x_wconf 70' lang='lat' dir='ltr'>pracepit</span> <span class='ocrx_word' id='word_1_570' title='bbox 1198 4976 1349 5037; x_wconf 85' lang='lat' dir='ltr'>docemur</span> <span class='ocrx_word' id='word_1_571' title='bbox 1364 4975 1503 5049; x_wconf 86' lang='lat' dir='ltr'>exordio,</span> <span class='ocrx_word' id='word_1_572' title='bbox 1514 4974 1598 5055; x_wconf 87' lang='lat' dir='ltr'>quod</span> <span class='ocrx_word' id='word_1_573' title='bbox 1616 4973 1758 5035; x_wconf 88' lang='lat' dir='ltr'>volentes</span> <span class='ocrx_word' id='word_1_574' title='bbox 1774 4972 1807 5034; x_wconf 88' lang='lat' dir='ltr'>in</span> <span class='ocrx_word' id='word_1_575' title='bbox 1823 4980 1951 5045; x_wconf 56' lang='lat' dir='ltr'>monte,</span> 
     </span>
     <span class='ocr_line' id='line_1_87' title="bbox 398 5070 1952 5153; baseline 0.001 -23"><span class='ocrx_word' id='word_1_576' title='bbox 398 5081 514 5131; x_wconf 82' lang='lat' dir='ltr'>cuncta</span> <span class='ocrx_word' id='word_1_577' title='bbox 528 5092 599 5150; x_wconf 73' lang='lat' dir='ltr'>quw</span> <span class='ocrx_word' id='word_1_578' title='bbox 614 5074 764 5131; x_wconf 78' lang='lat' dir='ltr'>arrdr&#39;erat</span> <span class='ocrx_word' id='word_1_579' title='bbox 785 5094 806 5132; x_wconf 84' lang='lat' dir='ltr'>a</span> <span class='ocrx_word' id='word_1_580' title='bbox 821 5075 958 5133; x_wconf 74' lang='lat' dir='ltr'>Domino</span> <span class='ocrx_word' id='word_1_581' title='bbox 980 5076 1016 5133; x_wconf 77' lang='lat' dir='ltr'>in</span> <span class='ocrx_word' id='word_1_582' title='bbox 1040 5086 1143 5135; x_wconf 78' lang='lat' dir='ltr'>monte</span> <span class='ocrx_word' id='word_1_583' title='bbox 1197 5073 1229 5136; x_wconf 95' lang='lat' dir='ltr'>id</span> <span class='ocrx_word' id='word_1_584' title='bbox 1252 5081 1300 5136; x_wconf 91' lang='lat' dir='ltr'>est</span> <span class='ocrx_word' id='word_1_585' title='bbox 1322 5074 1353 5135; x_wconf 89' lang='lat' dir='ltr'>in</span> <span class='ocrx_word' id='word_1_586' title='bbox 1380 5073 1549 5135; x_wconf 85' lang='lat' dir='ltr'>altitudine</span> <span class='ocrx_word' id='word_1_587' title='bbox 1573 5070 1861 5153; x_wconf 88' lang='lat' dir='ltr'>contemplationis,</span> <span class='ocrx_word' id='word_1_588' title='bbox 1878 5071 1952 5132; x_wconf 58' lang='lat' dir='ltr'>llro¹</span> 
     </span>
     <span class='ocr_line' id='line_1_88' title="bbox 399 5168 1939 5253; baseline -0.001 -24"><span class='ocrx_word' id='word_1_589' title='bbox 399 5169 723 5245; x_wconf 73' lang='lat' dir='ltr'>Stactlmptetisqur</span> <span class='ocrx_word' id='word_1_590' title='bbox 738 5172 947 5239; x_wconf 72' lang='lat' dir='ltr'>sarromalus,</span> <span class='ocrx_word' id='word_1_591' title='bbox 966 5170 996 5231; x_wconf 94' lang='lat' dir='ltr'>id</span> <span class='ocrx_word' id='word_1_592' title='bbox 1013 5180 1060 5233; x_wconf 92' lang='lat' dir='ltr'>est</span> <span class='ocrx_word' id='word_1_593' title='bbox 1076 5191 1142 5233; x_wconf 87' lang='lat' dir='ltr'>vcr—</span> <span class='ocrx_word' id='word_1_594' title='bbox 1196 5191 1319 5247; x_wconf 90' lang='lat' dir='ltr'>vacare,</span> <span class='ocrx_word' id='word_1_595' title='bbox 1348 5171 1446 5253; x_wconf 90' lang='lat' dir='ltr'>loqui,</span> <span class='ocrx_word' id='word_1_596' title='bbox 1475 5170 1572 5247; x_wconf 92' lang='lat' dir='ltr'>uniri,</span> <span class='ocrx_word' id='word_1_597' title='bbox 1597 5170 1734 5231; x_wconf 78' lang='lat' dir='ltr'>(labeant</span> <span class='ocrx_word' id='word_1_598' title='bbox 1758 5168 1896 5250; x_wconf 87' lang='lat' dir='ltr'>separari</span> <span class='ocrx_word' id='word_1_599' title='bbox 1921 5187 1939 5228; x_wconf 92' lang='lat' dir='ltr'>a</span> 
     </span>
     <span class='ocr_line' id='line_1_89' title="bbox 398 5263 1940 5350; baseline -0.001 -22"><span class='ocrx_word' id='word_1_600' title='bbox 398 5264 448 5328; x_wconf 90' lang='lat' dir='ltr'>bis</span> <span class='ocrx_word' id='word_1_601' title='bbox 466 5263 569 5329; x_wconf 86' lang='lat' dir='ltr'>linitis</span> <span class='ocrx_word' id='word_1_602' title='bbox 586 5265 810 5349; x_wconf 72' lang='lat' dir='ltr'>quadixufad</span> <span class='ocrx_word' id='word_1_603' title='bbox 833 5267 916 5345; x_wconf 90' lang='lat' dir='ltr'>illos,</span> <span class='ocrx_word' id='word_1_604' title='bbox 929 5272 1038 5345; x_wconf 79' lang='lat' dir='ltr'>posuit</span> <span class='ocrx_word' id='word_1_605' title='bbox 1060 5276 1142 5331; x_wconf 81' lang='lat' dir='ltr'>veta·</span> <span class='ocrx_word' id='word_1_606' title='bbox 1195 5271 1320 5347; x_wconf 87' lang='lat' dir='ltr'>ceteris,</span> <span class='ocrx_word' id='word_1_607' title='bbox 1344 5280 1376 5333; x_wconf 89' lang='lat' dir='ltr'>ct</span> <span class='ocrx_word' id='word_1_608' title='bbox 1401 5279 1516 5333; x_wconf 88' lang='lat' dir='ltr'>cuncta</span> <span class='ocrx_word' id='word_1_609' title='bbox 1542 5269 1722 5350; x_wconf 88' lang='lat' dir='ltr'>relinquere</span> <span class='ocrx_word' id='word_1_610' title='bbox 1744 5286 1802 5349; x_wconf 91' lang='lat' dir='ltr'>per</span> <span class='ocrx_word' id='word_1_611' title='bbox 1825 5265 1940 5329; x_wconf 91' lang='lat' dir='ltr'>mentis</span> 
     </span>
    </p>
   </div>
   <div class='ocr_carea' id='block_1_17' title="bbox 0 0 2160 6259">
    <p class='ocr_par' dir='ltr' id='par_1_18' title="bbox 0 0 2160 6259">
     <span class='ocr_line' id='line_1_90' title="bbox 0 0 2160 6259; baseline 0 1"><span class='ocrx_word' id='word_1_612' title='bbox 0 0 2160 6259; x_wconf 95' lang='lat' dir='ltr'> </span> 
     </span>
    </p>
   </div>
  </div>
 </body>
</html>
