4309 6259
385 490 444 553 ata
717 512 891 558 manuario
912 510 942 557 m
963 513 1031 559 cnr.
1054 513 1129 559 xnvr
1149 512 1345 559 unuanoaun.
1367 531 1407 540 —
1427 512 1499 558 nar.
1521 512 1595 558 xmu

425 680 531 757 Porro,
549 698 607 762 per
628 680 761 744 Pbinees
782 681 839 763 qui
862 680 953 743 illurn
976 680 1125 764 perfodit,
1142 681 1168 742 Α
1184 680 1295 757 rantis,
1317 700 1414 763 quam
1435 689 1584 763 aceeptus
1609 680 1651 742 sit
1675 680 1737 742 fleo
1762 698 1857 742 verns
1877 678 1932 759 jn-

385 778 526 859 expressi
542 788 616 840 sunt
628 779 688 841 viri
700 780 925 862 virtutumqui
940 781 1006 843 zelo
1016 780 1071 844 Dei
1082 800 1130 843 ac·
1184 780 1278 842 stitia
1304 780 1402 857 zelus,
1426 780 1482 861 qui
1507 779 1700 842 discretione
1723 778 1873 841 conditur
1897 786 1933 839 et

384 877 471 939 censi
492 885 577 953 sunt,
595 877 651 959 qui
672 880 731 941 etsi
748 879 920 961 propriam,
940 898 1003 941 non
1023 890 1127 943 tamen
1184 878 1345 942 aemulatio
1366 878 1432 953 llei,
1452 897 1508 940 scu
1530 878 1615 941 zelus
1640 878 1744 939 divini
1769 876 1930 939 honoris:

383 975 550 1053 Creatoris,
570 976 721 1057 injuriam
736 978 801 1059 pati
822 986 955 1059 queunt.
968 979 1130 1043 Verumta·
1184 995 1248 1059 quo
1269 976 1336 1039 zelo
1358 977 1506 1039 renititur
1522 976 1618 1039 homo
1638 994 1696 1058 pro
1716 974 1840 1037 viribus
1861 974 1932 1036 suis

384 1092 456 1136 men
484 1091 547 1136 non
570 1075 666 1137 debet
687 1076 760 1157 quis
783 1076 912 1158 proprio
934 1078 1048 1160 eapite,
1075 1090 1130 1142 aut
1184 1075 1273 1139 omni
1295 1084 1435 1157 peccato,
1458 1075 1572 1157 hisque
1593 1074 1758 1157 potissime
1775 1093 1846 1155 quae
1866 1072 1934 1136 evi-

384 1180 535 1255 usurpata
558 1173 755 1249 auctoritate,
772 1175 935 1256 privatave
961 1184 1127 1257 potestate,
1185 1175 1297 1237 denter
1326 1174 1561 1236 contrariantur
1592 1172 1776 1236 rectitudini
1802 1172 1934 1253 aquita-

385 1290 418 1333 se
435 1270 540 1352 ipsum
558 1271 702 1352 ingerere
718 1274 756 1335 ad
773 1273 989 1337 ulciscendum
1004 1274 1059 1337 Dei
1075 1284 1131 1337 aut
1187 1272 1238 1342 tis,
1256 1280 1287 1334 et
1303 1273 1401 1334 Deum
1417 1272 1457 1335 ab
1476 1271 1634 1335 universis
1653 1270 1742 1353 cupit
1761 1288 1799 1332 ac
1816 1269 1934 1349 satagit

385 1370 433 1431 sui
465 1369 567 1452 ipsius
595 1370 784 1434 offensam:
812 1372 888 1454 quia
914 1391 972 1435 nce
996 1373 1130 1436 PhInees
1185 1371 1346 1433 honorari.
1373 1370 1462 1433 Hune
1487 1370 1590 1433 zelum
1610 1368 1746 1451 adeisei
1772 1386 1836 1431 non
1860 1386 1934 1449 pos

386 1469 472 1531 ultus
498 1476 546 1531 est
571 1469 649 1531 illud
676 1470 849 1551 piaculum,
878 1468 939 1531 nisi
969 1470 1047 1552 legis
1073 1492 1130 1535 au·
1186 1489 1305 1546 sumus,
1329 1469 1390 1530 nisi
1418 1488 1437 1531 a
1466 1469 1589 1551 privato
1614 1486 1786 1550 purgemur
1809 1485 1929 1538 amore,

386 1567 542 1643 ctoritate,
560 1577 592 1631 et
606 1570 758 1651 quoniam
774 1568 893 1652 Moyses
915 1569 995 1631 dixit
1016 1569 1133 1651 judiei—
1185 1567 1339 1631 affectum
1360 1568 1482 1650 proprii
1506 1566 1663 1632 commodi
1681 1566 1810 1648 penitus
1827 1565 1933 1629 exclu-

386 1665 466 1728 bus:
484 1664 612 1729 Occidet
628 1665 848 1748 unusquisque
864 1666 1024 1747 proximos
1044 1687 1128 1731 suos.
1186 1668 1308 1744 dentes,
1336 1667 1380 1729 ita
1407 1675 1441 1728 ut
1469 1685 1533 1730 non
1560 1666 1659 1728 simus
1688 1666 1729 1728 ad
1756 1683 1816 1728 nos
1843 1664 1931 1745 ipsos

386 1763 558 1841 Postremo,
590 1764 740 1827 docemur
769 1782 807 1825 ex
837 1765 995 1827 sententia
1022 1764 1132 1827 Omni·
1187 1765 1367 1828 inordinate
1392 1764 1521 1841 reflexi,
1548 1765 1662 1827 sedin
1687 1765 1786 1827 Deum
1811 1763 1932 1826 directe

387 1861 538 1944 potentis
559 1860 678 1925 factum
702 1861 782 1923 illud
802 1861 935 1925 Phineas
959 1862 1133 1944 magnifiee
1150 1863 1410 1945 Blinealiterque
1425 1863 1559 1941 reducti,
1570 1862 1818 1939 constabiliti,et
1832 1870 1934 1923 trans·

386 1959 637 2023 commendantis
667 1980 703 2023 ac
734 1959 954 2042 multipliciter
984 1981 1132 2025 remune·
1187 1960 1328 2025 formati.

908 2391 1233 2479 ARTICULUS
1271 2391 1417 2476 XLIII

389 2662 565 2711 attuatnnulo
584 2663 756 2709 almannus
775 2662 912 2711 CAPITULI
933 2663 1063 2709 ulcastut
1084 2664 1171 2709 saxol
1189 2664 1196 2708 :
1214 2662 1373 2719 POSTQUAM
1393 2664 1547 2711 uoxloault
1567 2666 1695 2711 snuouls
1712 2666 1844 2712 affusus
1863 2668 1931 2713 EST.

457 2944 535 3007 UNC
547 2942 707 3019 recitatur,
718 2943 855 3025 qualitor
870 2943 1009 3006 secundo
1024 2961 1133 3004 nume·
1187 2940 1319 3024 capituli
1344 2943 1469 3023 legitur,
1487 2962 1623 3026 quorum
1645 2944 1826 3008 interfectio
1844 2946 1931 3011 infra
1958 2969 2112 3014 mmm.

467 3052 553 3107 ratus
578 3052 626 3107 est
651 3051 736 3106 totus
760 3042 950 3105 israeliticus
981 3040 1129 3124 populus
1148 3039 1170 3102 C
1188 3040 1501 3119 recitatur,dieentes
1516 3041 1598 3105 hanc
1613 3043 1723 3125 populi
1740 3048 1931 3112 numeratio
1949 3033 2009 3074 ²²¹
2025 3045 2082 3087 ἠ’

389 3160 451 3207 non
470 3152 504 3205 ut
519 3161 671 3205 numerus
687 3141 756 3221 ejus
773 3140 984 3204 innotesceret
995 3140 1132 3215 lleo,sed
1188 3160 1260 3203 nem
1288 3141 1402 3204 factam
1427 3150 1500 3224 post
1523 3141 1761 3204 madianitarum
1791 3147 1932 3209 necatio-

387 3243 426 3305 ad
445 3249 590 3304 nostram
602 3239 870 3315 informationem,
881 3246 915 3299 ut
930 3238 1133 3300 advertamus
1188 3260 1272 3318 nem,
1289 3242 1437 3323 quamvis
1461 3250 1534 3305 ante
1556 3241 1608 3304 bie
1630 3242 1838 3317 describatur,
1854 3264 1933 3325 quo

388 3348 508 3422 quanta
524 3339 565 3401 sit
580 3340 642 3403 lloo
659 3336 870 3419 omnIpotenti
891 3356 967 3400 cura
982 3345 1013 3398 et
1029 3336 1134 3419 provi·
1190 3340 1275 3403 niam
1292 3341 1325 3403 iu
1341 3340 1493 3404 historica
1508 3340 1660 3405 relatIone
1680 3342 1757 3405 ordo
1779 3343 1934 3425 temporis

388 3437 496 3501 dantia
517 3437 555 3499 de
575 3436 667 3517 plebe
688 3455 754 3498 sua.
773 3436 913 3517 [lantque
929 3434 1011 3498 sieut
1027 3443 1134 3517 pastor
1190 3457 1253 3502 non
1279 3458 1405 3521 semper
1429 3448 1584 3504 servatur.
1606 3443 1783 3502 Numerata
1806 3463 1933 3503 onrrwm

389 3535 544 3599 accelerat
559 3552 615 3597 sua
630 3542 813 3616 computare
828 3535 971 3615 jumenta
991 3542 1022 3596 et
1042 3551 1135 3615 peeo-
1187 3559 1349 3599 summam
1367 3541 1514 3616 fitiorum
1535 3543 1637 3601 Israel
1653 3561 1673 3599 a
1694 3542 1815 3616 et'pirrti
1833 3544 1935 3601 annis

391 3655 435 3711 ra,
453 3654 552 3716 quum
574 3634 721 3715 quaedam
736 3654 773 3695 eu
789 3633 836 3696 eis
853 3633 973 3695 fuerint
995 3652 1013 3695 a
1036 3631 1131 3713 lupis,
1188 3646 1218 3697 et
1242 3658 1354 3714 supra,
1370 3658 1429 3715 per
1442 3641 1550 3698 donnes
1570 3648 1600 3697 et
1622 3640 1825 3714 aegrotationes
1843 3661 1932 3710 aeas,

390 3743 422 3797 ct
438 3734 520 3798 forte
537 3732 549 3795 f
552 3732 646 3795 urtim
664 3732 827 3813 ingressis
845 3740 954 3795 vorata
974 3732 1042 3795 sive
1062 3731 1136 3793 sub
1190 3735 1285 3797 idest
1301 3755 1357 3816 per
1375 3734 1474 3797 tribus
1489 3744 1585 3816 atque
1600 3735 1935 3817 familias,omnesqut

392 3834 474 3908 lata3
493 3832 538 3895 sic
553 3831 705 3895 Dominus
727 3830 811 3893 faeta
832 3838 936 3910 strage
959 3832 991 3892 in
1017 3831 1135 3914 populo
1186 3846 1321 3913 possunt
1335 3839 1379 3895 ad
1394 3838 1475 3895 bella
1487 3836 1779 3911 procederemus
1798 3836 1851 3899 hie
1867 3836 1933 3901 dici

392 3951 449 3995 suo
465 3950 502 3995 en
517 3929 1136 4011 suggesti0ncdolosaevulpis,videlicet
1191 3941 1321 4015 possent
1342 3934 1382 3995 de
1403 3952 1499 3995 eausa
1520 3940 1552 3995 et
1573 3932 1809 4013 significatione
1825 3954 1936 3998 nume

391 4030 528 4106 Balaam,
542 4038 637 4112 atque
653 4048 690 4089 en
706 4027 912 4090 infernalium
929 4026 1135 4108 instIgatione
1192 4031 1324 4094 rollonis
1346 4030 1450 4106 istius,
1468 4038 1499 4092 et
1518 4030 1656 4112 qualiter
1675 4033 1832 4113 adjutorio
1848 4034 1938 4114 prin-

392 4130 551 4211 luporum,
571 4148 626 4211 par
643 4126 972 4190 subintroductionem
995 4126 1134 4189 filiarum
1191 4129 1299 4210 cipum
1323 4128 1406 4191 facta
1428 4128 1479 4205 sit,
1497 4137 1529 4192 et
1552 4148 1651 4211 usque
1670 4130 1710 4191 ad
1727 4139 1858 4211 quotum
1879 4152 1938 4195 an-

391 4227 481 4291 lloab
501 4246 537 4290 ac
555 4227 688 4303 Madian,
707 4226 853 4309 protInus
873 4225 969 4307 jussit
990 4244 1042 4289 aas
1064 4245 1137 4307 que
1154 4224 1177 4285 D
1192 4247 1269 4290 num
1294 4226 1554 4303 numerabantur,
1581 4236 1611 4290 et
1636 4246 1693 4289 cur
1717 4226 1844 4291 femine
1867 4248 1936 4293 non

392 4333 610 4389 remanserant
629 4343 703 4389 ovcs
724 4324 969 4404 dIIIgentissIme
991 4343 1137 4387 numera·
1191 4326 1458 4406 computabantur
1485 4342 1492 4387 :
1519 4326 1558 4388 de
1588 4326 1706 4408 quibus
1737 4336 1934 4408 pertranseo,

392 4426 430 4502 ri,
449 4432 484 4487 ut
499 4426 538 4487 de
555 4432 660 4487 cetero
681 4423 865 4503 vtgilantius
886 4424 1134 4487 custodirentur.
1191 4424 1344 4507 quoniam
1366 4424 1400 4485 in
1421 4423 1619 4506 expositione
1639 4425 1838 4507 superiorum
1859 4438 1938 4489 sunt

433 4524 540 4605 ltaque
556 4523 616 4585 ait:
627 4526 803 4602 Postquam
819 4524 991 4584 noxiorum
1003 4525 1137 4600 sanquis
1192 4525 1331 4586 inducta.

391 4626 511 4702 efflantes
526 4631 580 4697 est,
600 4620 630 4682 id
651 4629 709 4695 est,
727 4619 842 4683 occisis
865 4620 978 4699 viginti
1001 4630 1138 4703 quatuor
1231 4624 1340 4685 Filius
1364 4624 1501 4690 Phelloe,
1516 4624 1624 4682 Eliab.
1642 4623 1751 4699 Hujus
1772 4624 1849 4699 filil,
1866 4626 1939 4686 Na·

393 4720 537 4783 millibus
560 4740 597 4783 cx
620 4718 712 4801 plebe
733 4718 839 4795 lsrael,
858 4727 986 4801 propter
1006 4719 1139 4784 idolola-
1192 4726 1280 4783 rauel
1292 4731 1323 4781 et
1336 4723 1467 4781 Dotion
1483 4729 1513 4779 et
1528 4722 1661 4781 Abiron.
1679 4722 1740 4780 Isti
1752 4732 1830 4781 sunt
1841 4724 1939 4800 prin-

395 4820 487 4882 triam
504 4827 536 4882 et
552 4817 794 4881 fornicationem
812 4818 1003 4898 precedenti
1021 4820 1139 4883 deseri·
1192 4823 1276 4898 cipes
1286 4821 1415 4897 papati,
1432 4817 1528 4879 idest
1543 4818 1626 4880 inter
1640 4817 1817 4900 praecipuos
1832 4819 1865 4881 in
1881 4822 1939 4883 tri-

396 4926 466 4999 ptas
491 4916 643 4998 capitulo,
659 4919 748 4977 clieta
761 4918 921 4977 Dorulaus
943 4921 987 4979 ad
1007 4922 1139 4997 Moysen
1193 4920 1235 4982 bu
1263 4917 1385 4994 Ruben,
1413 4924 1443 4980 et
1471 4915 1578 4979 forsan
1605 4915 1637 4977 in
1661 4915 1821 4997 aliquibus
1844 4929 1940 4983 erant

395 5027 425 5079 et
435 5020 634 5078 Eleazarum
648 5020 757 5094 filium
769 5020 880 5077 Aaron
895 5019 1138 5089 sacerdotem,id
1193 5016 1315 5081 officiis
1331 5016 1507 5090 constituit,
1524 5017 1583 5094 qui
1598 5026 1810 5076 aurreoeerant
1823 5028 1939 5079 contra

396 5123 444 5179 est
469 5114 667 5196 pontificem.
686 5116 910 5177 Verumtamen
936 5115 1065 5196 quidam
1091 5137 1140 5180 cx·
1197 5121 1326 5195 Moysen
1348 5127 1377 5176 et
1393 5120 1505 5177 Aaron
1526 5117 1561 5175 tn
1576 5116 1731 5174 seditione
1747 5117 1832 5186 Cere,
1849 5124 1878 5177 et
1901 5116 1938 5179 ln
1980 5150 2117 5203 mm·

254 5269 315 5311 Num
332 5282 373 5311 m
396 5223 522 5298 ponunt
547 5213 632 5276 istud
653 5214 692 5277 de
714 5212 875 5277 effusione
898 5215 1063 5296 sanguinis
1083 5216 1140 5278 lda-
1195 5214 1380 5290 rebellione,
1390 5213 1483 5294 cujus
1496 5221 1605 5276 auctor
1620 5212 1799 5293 praecipuus
1811 5212 1940 5278 fuitCo
1956 5215 1968 5255 ¹
1984 5222 2011 5257 ‘¹
2024 5230 2079 5271 ⁵⁰1·-

250 5334 282 5375 n.
318 5300 323 5311 ¹
375 5301 833 5395 'dianitarumdequibusin
851 5312 918 5377 fine
934 5316 1141 5395 praecedentis
1197 5334 1231 5377 re
1255 5312 1390 5388 Levites,
1409 5312 1521 5392 lloysis
1545 5310 1766 5387 consobrinus,
1782 5312 1940 5392 quoniam
