4309 6259
546 485 721 530 6666666
743 486 774 530 m
795 486 863 530 aar.
887 485 941 531 xxx
962 484 1098 530 xnrxrxcr.
1123 503 1163 514 —
1183 485 1253 530 666.
1278 486 1383 532 xxxrn
1677 468 1737 532 aad

187 651 256 711 dari
283 650 411 732 injuriae
438 661 580 736 tempore
604 663 797 736 opportuno,
815 663 846 717 et
868 654 937 716 sine
954 653 978 715 Α
993 654 1107 730 616666,
1126 654 1188 716 6161
1211 655 1270 717 1166
1293 675 1349 736 666
1371 655 1518 718 homines
1539 658 1737 737 procuretur,

186 749 287 809 animi
299 749 546 830 perturbatione.
557 754 681 828 Ditt'pes
690 756 833 813 alateum
846 763 939 813 tatum

186 851 270 908 61661
293 859 321 907 te
338 851 457 925 ipsum,
474 850 506 910 id
532 859 579 912 est
604 850 638 911 16
666 852 727 912 1166
752 860 784 913 61
810 859 939 932 6666166

189 946 300 1019 licum,
319 955 353 1008 ut
370 947 466 1009 simul
483 967 555 1009 cum
571 967 609 1010 66
624 949 771 1029 acquiras
791 949 936 1010 salutem.

188 1043 255 1107 Non
273 1053 381 1106 tamen
398 1065 455 1128 per
471 1046 556 1108 istud
577 1047 670 1109 datur
688 1047 835 1126 intelligi,
854 1047 939 1128 quod

188 1141 314 1204 inimici
332 1143 397 1208 sint
413 1144 553 1220 odiendi,
573 1145 635 1206 nisi
653 1145 858 1226 inquantum
880 1144 940 1205 ini-

188 1240 256 1320 qui,
270 1241 303 1302 id
321 1251 370 1303 est
384 1244 489 1323 quoad
506 1243 537 1304 id
555 1245 640 1324 quod
657 1245 751 1326 culpa
767 1244 800 1304 in
816 1244 863 1306 eis
878 1251 937 1305 est.

189 1338 239 1401 Sic
261 1339 350 1401 enim
370 1340 523 1404 odiuntur
543 1362 561 1404 a
578 1343 652 1418 Deo,
670 1343 939 1423 quemadmodum

58 1456 173 1509 666166.
189 1437 346 1519 scriptum
373 1448 421 1500 est
444 1457 451 1500 :
474 1440 553 1503 Odio
579 1449 653 1502 sunt
678 1442 740 1503 1166
767 1441 885 1522 impius
909 1450 940 1502 ct

57 1554 176 1596 666166.
190 1535 340 1616 impietas
360 1537 441 1618 ejus.
459 1537 575 1600 Verum
590 1541 640 1618 (ut
659 1539 704 1600 ait
721 1539 889 1618 Salvator),
907 1539 939 1600 Si

190 1634 358 1715 diligimus
383 1655 448 1713 666,
470 1637 527 1718 qui
551 1656 609 1700 nos
631 1637 781 1718 diligunt,
804 1646 937 1713 tantum,

189 1751 287 1812 quam
319 1736 498 1818 mercedem
528 1735 719 1798 habebimus
740 1740 751 1796 1
773 1737 883 1799 Nonne
909 1745 940 1798 et

993 751 1073 813 etin
1089 753 1240 834 adspectu
1256 753 1441 832 hujusmodi
1457 753 1571 830 coitus,
1585 753 1740 816 excitatur

994 850 1117 912 homini
1144 851 1410 932 concupiscentiae
1435 860 1550 914 motus.
1577 852 1665 913 Unde
1689 855 1739 930 (ut

993 947 1094 1010 Rabbi
1110 949 1230 1030 11166666
1251 951 1372 1030 666661)
1393 949 1425 1010 16
1448 949 1672 1012 traditionibus
1688 952 1739 1012 Ju-

994 1047 1134 1109 oacrum
1153 1046 1214 1108 luit
1231 1056 1435 1129 preceptum,
1454 1057 1489 1109 ut
1505 1048 1651 1110 homines
1667 1067 1741 1112 ocu-

995 1144 1042 1207 los
1059 1163 1133 1206 snos
1150 1155 1330 1208 averterent
1341 1144 1381 1207 ab
1394 1145 1588 1208 animalibus
1599 1147 1741 1209 coeunti-

994 1241 1570 1306 1166-(16616661116666666616116666
1582 1245 1739 1307 seminum

996 1340 1029 1401 in
1045 1341 1249 1419 agricultura,
1261 1342 1300 1403 ad
1317 1342 1454 1404 litteram
1470 1342 1639 1423 prohibite
1654 1352 1739 1420 sunt,

995 1438 1070 1518 quia
1085 1439 1223 1520 AEgyptii
1248 1439 1280 1500 16
1304 1440 1541 1502 venerationem
1563 1441 1738 1517 stellarum,

995 1555 1073 1617 quas
1085 1538 1175 1617 quasi
1188 1537 1264 1599 deos
1276 1537 1580 1614 colebant,diversas
1595 1537 1740 1600 lecerunt

995 1636 1239 1698 commixtiones
1256 1635 1288 1697 in
1304 1636 1508 1712 animalibus,
1526 1637 1621 1716 agris,
1638 1657 1675 1699 66
1691 1657 1740 1700 re

995 1733 1109 1810 6111166,
1123 1743 1386 1815 66666666166166
1403 1735 1504 1797 666166
1522 1735 1685 1797 6161166661
1702 1755 1739 1799 66

188 1831 313 1893 ethnici
333 1831 394 1894 hoc
413 1832 557 1895 16616611
572 1834 729 1897 Debemus
745 1853 819 1914 ergo
835 1834 940 1895 inimi·
957 1835 980 1896 B
995 1832 1195 1913 planetarum
1213 1833 1467 1913 conjunctiones,
1486 1833 1542 1896 Vel
1563 1851 1672 1896 omnes
1695 1842 1739 1896 ta-

189 1948 244 1992 ces
265 1939 397 2012 propter
412 1931 510 2000 Deum
530 1932 676 2012 diligere,
695 1932 846 2014 quoniam
871 1932 939 2014 ipse

182 2028 252 2090 hoc
272 2028 380 2108 jussit,
398 2038 494 2111 atque
515 2031 554 2092 ad
579 2031 650 2111 ejus
670 2031 843 2112 imaginem
866 2039 940 2091 sunt

190 2126 393 2207 plasmati,et
410 2127 478 2209 ipse
489 2129 617 2192 Creator
626 2128 830 2210 omnipotens
840 2148 941 2209 quan-

190 2235 259 2287 tum
277 2226 311 2286 in
328 2245 362 2288 se
377 2235 436 2303 est,
447 2245 557 2289 eorum
573 2227 663 2309 cupit
680 2228 939 2303 salvationem,et

190 2325 230 2386 ad
253 2325 389 2386 salutem
413 2325 635 2407 multipliciter
656 2344 710 2388 eos
732 2326 863 2405 instigat
885 2345 941 2406 per

190 2442 236 2498 se,
256 2442 314 2504 per
335 2424 467 2504 angelos
487 2433 625 2499 sanctos,
644 2443 700 2506 per
721 2423 866 2487 homines
887 2422 940 2485 bo

192 2541 262 2597 nos,
280 2540 339 2603 per
355 2520 515 2584 beneficia
530 2532 626 2603 atque
643 2522 808 2597 miracula,
827 2522 891 2584 imo
911 2530 942 2584 61

190 2619 421 2683 comminando
436 2640 473 2682 ac
489 2623 708 2702 perterrendo.

232 2721 303 2796 Epo
313 2721 486 2780 Domitiam.
496 2724 592 2797 Jaepes
609 2741 695 2781 meas
710 2723 821 2780 custod
824 2721 876 2780 itc.
887 2723 943 2780 Jac-

190 2827 302 2877 mcnta
324 2827 381 2877 tua
402 2838 468 2877 666
488 2821 589 2898 sactes
610 2821 695 2878 coire
714 2839 787 2878 cum
807 2819 943 2877 atterius

187 2918 318 2991 pencris
343 2918 579 2977 animantibus.
605 2920 733 2993 Aprum
759 2927 850 2977 tatum
877 2936 941 2975 666

994 1929 1040 1992 166
1055 1929 1296 1993 commixtiones
1308 1931 1568 2012 prohibentur,in
1578 1931 1739 1994 abomina-

995 2027 1113 2090 tionem
1129 2027 1231 2090 coitus
1248 2037 1358 2092 contra
1374 2037 1527 2092 naturam.
1539 2067 1578 2076 -
1588 2031 1739 2093 Praeterea

995 2127 1077 2188 sicut
1095 2127 1127 2188 in
1143 2126 1364 2190 Ecclesiastico
1380 2128 1508 2206 dicitur,
1526 2129 1739 2192 1666166166-
1768 2151 1886 2200 66666,

995 2225 1093 2286 minis
1113 2225 1282 2287 annuntiat
1302 2225 1341 2287 de
1361 2245 1409 2302 eo,
1428 2227 1499 2290 ideo
1514 2228 1616 2290 voluit
1638 2227 1740 2291 Domi·
1754 2215 1787 2256 ²⁷·

997 2343 1056 2384 nus
1083 2323 1235 2405 populum
1261 2344 1353 2386 suum
1378 2325 1533 2407 distingui
1553 2345 1572 2388 a
1591 2326 1740 2404 gentibus

996 2422 1079 2499 aliis,
1098 2441 1162 2484 non
1180 2423 1282 2484 solum
1298 2423 1331 2484 in
1347 2442 1480 2506 corpore
1500 2443 1557 2506 per
1577 2424 1743 2488 circumci-

997 2521 1098 2584 sionis
1125 2521 1335 2601 signaculum,
1364 2523 1419 2584 sed
1447 2523 1542 2585 etiam
1574 2532 1659 2586 extra
1686 2543 1743 2606 per

997 2619 1139 2700 corporis
1155 2619 1311 2682 habitum.
1331 2621 1446 2702 Sicque
1461 2621 1626 2703 prohibuit
1644 2640 1743 2703 6666-

999 2718 1028 2780 16
1045 2736 1102 2780 666
1119 2726 1222 2780 666166
1238 2738 1275 2780 ex
1291 2719 1414 2781 duobus
1430 2728 1591 2782 contextas
1606 2737 1612 2782 :
1625 2720 1740 2797 Primo,

997 2817 1036 2877 ad
1051 2816 1236 2878 evitandum
1255 2816 1441 2880 idololatriae
1457 2818 1590 2880 cultum.
1607 2817 1683 2879 Nam
1701 2827 1743 2880 ta-

998 2915 1082 2976 lilms
1099 2915 1241 2977 vestibus
1259 2916 1429 2978 utebantur
1445 2916 1581 2996 gentiles
1603 2916 1635 2977 in
1656 2917 1743 2979 cultu

190 3034 274 3073 66666
288 3016 418 3074 diverse
433 3018 563 3076 semine.
582 3019 699 3077 Vestem
715 3037 787 3094 qtae
806 3036 847 3074 66
867 3017 943 3073 (166-
958 3019 979 3080 C
998 3015 1128 3076 deorum
1146 3032 1287 3076 suorum.
1298 3013 1503 3091 Secunde,ad
1518 3015 1742 3077 declinandum

192 3115 251 3172 bus
269 3123 356 3173 texta
371 3123 430 3182 est,
446 3134 510 3173 666
528 3116 688 3175 induaris.
707 3115 763 3177 llic
780 3121 944 3196 ponuntur

194 3210 254 3271 tria
280 3220 451 3292 praecepta,
470 3231 526 3292 per
549 3231 620 3292 quae
646 3222 709 3274 tres
735 3211 944 3292 prohibentur

192 3307 565 3371 commixtionesPrima
581 3319 629 3372 est
645 3309 883 3371 individuorum
900 3308 944 3369 di·

193 3425 360 3468 versarum
376 3406 573 3487 specierum;
587 3408 735 3483 secunda,
744 3407 943 3468 diversorum

193 3503 355 3566 seminum
380 3523 435 3566 seu
461 3523 634 3585 granorum
659 3505 691 3565 in
714 3522 789 3585 agro
810 3505 942 3580 eodem;

195 3601 300 3676 tertia,
314 3601 515 3664 diversorum
534 3621 712 3683 pannorum
730 3621 784 3664 seu
800 3602 943 3664 colorum

195 3701 226 3761 in
249 3719 316 3762 666
336 3709 434 3762 veste.
452 3699 590 3774 Quarum
609 3701 789 3782 jussionum
806 3701 845 3762 ad
862 3701 943 3762 litte

195 3818 262 3859 ram
279 3817 377 3859 causa
392 3807 451 3873 est,
462 3798 613 3878 quoniam
629 3800 710 3861 11666
727 3799 829 3861 661611
844 3817 945 3880 6666-

195 3896 262 3956 lum
279 3914 315 3957 se
331 3895 502 3972 colentem,
519 3895 560 3957 ab
578 3896 755 3959 idololatris
777 3896 941 3974 distingui.

194 3994 285 4056 Unde
296 3994 337 4055 de
353 3993 404 4054 his
415 3995 583 4075 praeceptis
599 3994 710 4055 scribit
721 3995 752 4055 S.
760 3995 895 4056 Thomas
911 3993 943 4054 in

195 4093 301 4174 prima
317 4092 475 4167 secundae,
486 4091 664 4172 quaestione
680 4092 738 4154 roa
751 4110 758 4153 ε
772 4092 861 4154 Circa
875 4110 946 4173 666

998 3111 1155 3174 luxuriam
1170 3129 1177 3173 :
1195 3112 1271 3193 qnia
1295 3131 1351 3194 per
1375 3113 1618 3175 commixtiones
1639 3111 1744 3174 varias

998 3210 1261 3273 vestimentorum
1285 3210 1475 3293 prohibitaS,
1493 3210 1673 3273 insinuatur
1695 3229 1745 3272 ex-

998 3308 1084 3370 cludi
1100 3308 1204 3371 omnis
1227 3308 1407 3371 inordinata
1426 3309 1608 3372 commixtio
1629 3309 1742 3372 coitus.

998 3407 1069 3468 1166
1085 3399 1231 3469 Thomas.

1038 3506 1083 3567 De
1108 3506 1217 3567 cadem
1243 3507 1371 3567 demum
1398 3507 1530 3568 materia
1556 3505 1667 3568 scribit
1691 3504 1746 3567 Pa-

999 3602 1143 3664 risiensis
1169 3601 1252 3665 libro
1278 3604 1317 3665 de
1343 3603 1418 3665 Fide
1444 3611 1475 3665 61
1501 3603 1651 3684 legibus:
1672 3603 1745 3665 Post

999 3701 1065 3763 haec
1078 3699 1220 3762 dicemus
1234 3720 1343 3763 causas
1357 3700 1584 3781 prohibitionis
1595 3700 1746 3763 commix—

999 3799 1096 3861 tionis
1121 3798 1309 3860 animalium
1334 3797 1452 3871 diversi
1479 3798 1615 3879 generis
1641 3797 1745 3859 Prima

1001 3896 1072 3973 luit,
1090 3905 1125 3957 61
1145 3895 1214 3976 1666
1234 3896 1311 3958 ordo
1334 3902 1455 3957 natura
1470 3896 1746 3958 commendaretur

1000 3995 1119 4077 666616
1141 3994 1208 4071 1161,
1230 3995 1436 4076 naturaleque
1457 3995 1509 4074 jus
1533 4002 1564 4056 et
1586 3993 1745 4056 institutio

1000 4093 1080 4172 ejus.
1099 4092 1252 4168 Secunda,
1270 4100 1305 4153 ut
1326 4109 1420 4154 omne
1442 4091 1672 4155 Sodomiticum
1694 4090 1744 4153 vi-

194 4189 389 4253 hibitionem
414 4189 653 4252 commixtionis
683 4189 870 4252 animalium
896 4190 945 4251 di·
960 4196 984 4256 11
1001 4191 1081 4253 tium
1107 4190 1272 4252 vitandum
1303 4198 1543 4253 monstraretur.
1567 4189 1682 4264 Tertia,
1709 4197 1745 4250 ut

194 4304 363 4350 versarum
380 4288 571 4369 specierum,
584 4289 664 4351 66116
680 4286 826 4351 1111666116
842 4288 946 4370 661611

194 4405 266 4449 esse
284 4386 409 4467 triplex.
418 4386 497 4462 Una,
507 4387 546 4448 ad
562 4386 804 4449 detestationem
821 4385 947 4448 idolola-

196 4484 266 4547 triae
280 4484 515 4565 AEgypticrum,
532 4483 589 4566 qui
606 4485 683 4547 tales
702 4481 946 4547 commixtiones

196 4581 271 4645 11661
295 4591 551 4664 6666666666661
574 4582 607 4643 16
629 4582 820 4663 obsequium
840 4581 947 4663 plane-

196 4692 315 4759 tarum,
325 4683 574 4762 qui'secundrun
591 4682 733 4745 diversas
748 4681 948 4762 conjunctio·

196 4800 266 4856 nes,
283 4789 419 4843 causant
439 4779 583 4843 diversos
606 4779 742 4842 61166166
758 4788 789 4842 61
804 4779 947 4842 (11666666

195 4880 323 4961 species
339 4878 537 4940 rerumhlia
556 4879 636 4941 ratio
652 4887 710 4954 est,
722 4880 762 4940 ad
778 4879 947 4941 excluden-

195 4979 274 5040 dum
289 4976 482 5039 concubitus
497 4985 607 5040 contra
622 4977 897 5051 naturamTertia,
907 4978 946 5038 ad

195 5076 373 5139 tollendum
387 5075 610 5138 universaliter
621 5075 948 5156 concupiscentiarum

195 5173 579 5238 occasionemhnimalia
596 5194 734 5255 namque
748 5174 946 5236 diversarum

195 5273 379 5358 specierum
400 5291 466 5336 non
487 5273 661 5335 miscentur
681 5274 721 5335 de
741 5271 827 5335 166111
843 5273 882 5334 ad
899 5272 948 5334 in-

1000 4288 1137 4370 populus
1153 4287 1208 4350 Dei
1224 4307 1242 4350 a
1258 4287 1473 4368 spurcissimis
1484 4287 1669 4349 Chananaeis
1684 4285 1745 4348 dil·

1001 4387 1109 4449 lerret.
1133 4385 1259 4462 Quarta,
1285 4393 1320 4446 ut
1347 4385 1502 4447 modestia
1529 4393 1560 4447 et
1587 4384 1744 4465 repressio

1000 4483 1356 4566 666666166661161166
1381 4483 1541 4564 acceptior
1566 4483 1746 4546 ostendere·

1002 4593 1072 4645 tur:
1091 4602 1187 4664 quam
1203 4581 1494 4662 concupiscentiam
1511 4581 1606 4643 etiam
1624 4581 1657 4641 in
1673 4580 1746 4643 bru-

1003 4683 1042 4743 tis
1057 4682 1098 4743 ad
1115 4699 1258 4742 normam
1276 4678 1457 4760 limitesque
1473 4687 1677 4741 6616666666
1694 4696 1747 4741 vo·

1002 4781 1061 4841 luit
1076 4779 1251 4858 religatam.
1261 4776 1387 4854 Quinta,
1402 4785 1435 4838 ut
1451 4776 1588 4839 nefanda
1602 4795 1699 4858 opera
1715 4785 1747 4839 ct

1002 4877 1174 4953 maleficia,
1191 4895 1262 4956 quaa
1286 4875 1408 4938 fiebant
1429 4877 1469 4938 de
1494 4874 1612 4938 letibus
1632 4894 1671 4937 ex
1692 4873 1747 4936 tali

1002 4975 1229 5039 commixtione
1254 4974 1438 5056 procreatis,
1462 4973 1659 5036 evitarentur
1679 4990 1686 5033 :
1708 4973 1747 5035 de

1004 5073 1122 5155 quibus
1144 5073 1178 5134 in
1203 5072 1293 5134 libris
1317 5071 1624 5134 neeromanticcrum
1647 5070 1749 5132 multa

1005 5173 1165 5254 leguntur.
1186 5171 1246 5232 llas
1268 5187 1396 5250 quoque
1417 5168 1659 5231 commixtiones
1681 5167 1749 5230 ani-

1005 5270 1137 5332 malium
1154 5267 1366 5350 procurabant
1381 5265 1555 5329 idololatrae
1569 5265 1749 5346 16616666-
