4309 6259
408 447 467 512 348
642 491 644 495 >
787 477 960 524 manuario
981 477 1012 524 in
1033 479 1102 524 aar.
1125 479 1144 523 r
1164 478 1360 524 unnenonun.
1383 498 1423 509 —
1443 480 1514 526 aar.
1538 479 1570 526 rx

408 655 457 716 na,
482 649 578 724 atque
602 653 637 707 ut
661 645 789 724 dicitur,
817 647 1002 710 membrana
1024 646 1154 730 proprie
1168 645 1194 708 h
1208 646 1269 709 sibi
1296 647 1457 729 imposito,
1474 652 1537 710 erit
1557 651 1708 719 incocto,
1727 649 1758 711 id
1780 657 1840 723 cst,
1859 646 1956 709 inno-

408 740 589 821 appcllatur
609 744 659 806 ala
682 746 938 827 vespertilionis3
957 747 1011 809 sed
1032 746 1085 809 hic
1101 764 1154 809 vo
1208 765 1284 836 cens
1299 747 1465 828 apparebit
1484 766 1541 829 pcr
1556 748 1626 824 hoc,
1649 749 1733 829 quod
1753 764 1897 827 exequat
1917 744 1954 805 il-

408 847 498 901 catur
514 841 577 904 vile
599 861 635 904 ac
653 851 747 906 tenue
769 862 1007 925 pergamenum,
1025 845 1108 906 sicut
1122 853 1154 907 et
1208 845 1270 907 lius
1283 846 1445 927 potatione
1457 846 1575 908 nullam
1588 847 1722 910 incurrit
1732 845 1911 917 laesionem,
1923 854 1954 902 et

408 937 459 1000 ala
476 938 530 1000 illa
546 939 619 1002 vilis
635 941 803 1024 tenuisque
818 943 974 1007 consistit.
985 944 1022 1006 Et
1037 943 1154 1006 dicitur
1207 946 1306 1023 faciet
1321 945 1540 1008 liberos.Circa
1555 947 1639 1027 quod
1656 945 1767 1009 scribit
1776 943 1868 1026 Lyra,
1878 943 1955 1024 quia

409 1055 635 1120 pergamenum
651 1041 830 1122 aPergamo
845 1042 1037 1125 oppido,ubi
1050 1043 1154 1125 primo
1208 1043 1235 1106 si
1252 1051 1325 1106 ante
1340 1044 1457 1106 sterilis
1474 1042 1546 1120 luit,
1566 1043 1666 1108 siebat
1680 1043 1827 1107 fecunda.
1837 1041 1955 1104 Dicunt

411 1136 512 1199 lertur
532 1137 709 1202 inventum,
732 1140 956 1204 Verumtamen
978 1143 1153 1205 secundum
1209 1141 1305 1204 etiam
1326 1142 1457 1223 quidam
1473 1142 1605 1220 Hebraei,
1624 1144 1708 1225 quod
1725 1143 1843 1205 virtute
1862 1159 1954 1221 aquae

408 1236 591 1317 Josepbum,
609 1256 673 1301 non
695 1239 823 1322 scripsit
843 1242 989 1304 sacerdos
1010 1241 1043 1302 in
1064 1240 1155 1304 libel·
1210 1241 1297 1303 illius
1320 1243 1477 1324 concepit,
1491 1243 1587 1304 etiam
1608 1242 1729 1323 absque
1749 1240 1835 1303 virili
1859 1240 1954 1302 semi-

410 1335 452 1410 lo,
480 1335 540 1396 nisi
567 1355 682 1401 nomen
708 1339 832 1401 Donrini
866 1348 1152 1420 tetragrammaton,
1210 1334 1319 1404 necet
1344 1341 1494 1403 hocerat
1520 1360 1618 1403 unum
1638 1341 1678 1402 dc
1700 1338 1863 1403 miraculis
1883 1357 1956 1420 pcr-

411 1433 502 1514 eujus
527 1434 645 1498 virtute
671 1436 900 1517 infligebantur
925 1439 1076 1502 adulterae
1102 1439 1154 1500 isti
1209 1439 1423 1516 manentibus,
1443 1439 1526 1501 sicut
1540 1439 1661 1502 dictum
1677 1447 1725 1502 cst
1739 1439 1779 1500 de
1797 1439 1954 1500 descensu

412 1532 571 1596 vindictae.
581 1538 621 1596 nt
636 1539 752 1597 delebit
766 1559 803 1597 eo
818 1540 912 1616 aquis
927 1539 1155 1608 amarissimis,
1210 1557 1345 1600 mannae.
1363 1538 1434 1602 llaec
1451 1538 1541 1621 Lyra.
1558 1538 1678 1612 Quibus
1695 1537 1809 1621 partim
1823 1554 1956 1599 concor-

413 1630 445 1693 id
466 1639 524 1707 est,
543 1632 711 1696 maledicta
737 1634 792 1696 illa
814 1655 870 1698 seu
893 1654 1008 1699 nomen
1029 1635 1155 1699 Domini
1210 1639 1274 1712 dat,
1291 1638 1377 1719 quod
1403 1637 1436 1698 in
1462 1636 1656 1700 Scholastica
1682 1636 1783 1699 fertur
1808 1632 1952 1706 historia,

413 1729 567 1811 scriptum
599 1730 631 1792 in
658 1731 713 1794 illa
742 1733 928 1796 membrana
957 1734 1098 1810 abradet,
1125 1743 1157 1797 et
1211 1756 1281 1818 quat
1297 1755 1392 1818 super
1412 1736 1504 1805 illud,
1521 1735 1652 1799 innoxia
1666 1736 1737 1810 erit,
1759 1734 1848 1796 addit
1865 1751 1872 1794 :
1889 1733 1955 1795 lmo

412 1828 576 1910 pulverem
598 1829 774 1895 abrasionis
790 1832 823 1894 in
844 1853 941 1914 aquas
957 1833 1029 1895 illas
1044 1834 1156 1897 cadere
1173 1833 1196 1894 B
1212 1854 1295 1917 saepe
1310 1835 1478 1917 concipiet,
1489 1843 1520 1899 ct
1535 1835 1710 1897 masculum
1728 1833 1830 1916 pariet
1844 1851 1955 1894 manse

413 1927 506 1989 sinet.
527 1931 683 2008 Dabitque
698 1932 729 1990 ei
743 1934 845 1991 didere
860 1951 958 2013 aquas
975 1932 1057 1994 illas.
1072 1937 1157 2002 eros
1211 1934 1388 1997 decimo.ln
1405 1935 1515 1996 eadem
1531 1951 1658 2014 quoque
1668 1931 1805 1995 Historia
1819 1930 1953 2009 legitur:

413 2047 514 2105 quem
537 2030 733 2090 cohaeserit.
760 2029 874 2094 Dicunt
903 2031 1044 2112 quidam,
1071 2033 1156 2112 quod
1213 2032 1243 2096 Si
1270 2031 1385 2097 mulier
1409 2050 1462 2094 rea
1483 2040 1551 2093 crat
1574 2030 1733 2105 adulterii,
1760 2029 1958 2110 computruit

414 2123 475 2186 ista
495 2125 615 2206 potatio
635 2136 706 2208 post
721 2126 874 2191 sacrificii
890 2129 1083 2193 oblationem
1101 2128 1158 2193 lie
1214 2131 1319 2194 lemur
1333 2131 1456 2212 ejus,et
1471 2137 1579 2192 uterus
1595 2128 1712 2190 tumuit
1727 2129 1760 2190 in
1777 2127 1954 2210 hydropisi,

414 2222 488 2285 bat:
505 2223 581 2304 quia
596 2234 684 2305 gesta
700 2243 763 2288 non
778 2245 903 2309 semper
917 2228 1092 2291 recitantur
1107 2248 1155 2306 co,
1214 2249 1278 2294 non
1295 2238 1400 2292 tamen
1415 2228 1533 2305 statim,
1552 2229 1604 2290 sed
1622 2227 1777 2308 usquead
1794 2225 1956 2288 decimum

414 2340 478 2403 quo
494 2320 577 2384 lacta
591 2324 815 2400 sunt,'ordine.
834 2325 893 2388 Sed
916 2327 975 2389 hoc
996 2346 1059 2390 non
1074 2327 1160 2390 vide
1214 2348 1368 2392 mensem.
1386 2328 1446 2391 Sed
1466 2335 1576 2390 contra
1597 2326 1688 2402 illud,
1706 2326 1791 2406 quod
1811 2323 1892 2406 Lyra
1912 2344 1959 2386 re

416 2428 476 2496 tur,
503 2421 579 2503 quia
605 2422 637 2482 in
663 2431 749 2484 textu
774 2424 834 2487 hoe
858 2426 1050 2502 continetur,
1077 2426 1158 2500 Quas
1214 2428 1277 2490 lert
1292 2427 1398 2490 dicere
1408 2426 1561 2508 quosdam
1577 2424 1825 2504 Hebraeos,quod
1841 2421 1959 2484 mulier

415 2537 514 2600 quum
536 2520 726 2596 exhauserit,
746 2527 830 2583 tollet
844 2527 989 2584 sacerdos
1002 2528 1042 2584 de
1058 2546 1159 2586 rocoa
1215 2526 1343 2590 innoxia
1359 2525 1428 2588 sinc
1442 2524 1529 2587 virili
1539 2523 1720 2605 conciperet
1736 2521 1869 2597 semine,
1880 2520 1959 2582 scri-

414 2619 484 2694 rjtts
498 2621 698 2697 sacrificium
718 2624 885 2699 zelotypi&
901 2644 912 2682 .·
927 2624 1013 2704 quod
1034 2641 1099 2685 non
1114 2623 1160 2686 vi·
1213 2626 1262 2689 bit
1277 2624 1376 2687 hebbi
1396 2623 1510 2686 Paulus
1528 2641 1535 2684 τ
1553 2622 1621 2685 Non
1643 2620 1748 2684 recolo
1770 2639 1821 2682 me
1843 2619 1960 2699 legisse

416 2717 508 2778 detur
523 2735 616 2798 posse
631 2718 803 2796 verificari,
824 2719 850 2781 si
866 2720 1069 2798 sacrificati0,
1089 2741 1160 2803 quat
1215 2725 1248 2787 in
1265 2723 1483 2788 voluminibus
1504 2721 1718 2796 Hebraeorum,
1736 2719 1821 2801 quod
1842 2717 1960 2780 mulier

417 2833 502 2877 nunc
514 2826 746 2899 consequenter
761 2818 1160 2888 describitur.cxhaustum
1216 2824 1287 2886 talis
1305 2821 1487 2903 conciperet
1501 2820 1571 2882 sinc
1586 2819 1672 2880 virili
1690 2818 1822 2880 semine.
1835 2817 1912 2879 Nam
1928 2824 1962 2878 et

417 2912 507 2975 illum
529 2915 701 2996 praecessit.
720 2919 762 2978 lt't
785 2919 922 2978 elevabit
946 2920 1030 2978 illud
1052 2939 1160 2979 coram
1216 2922 1284 3004 pari
1299 2921 1421 2984 ratione
1431 2919 1600 2995 diceretur,
1608 2918 1693 2999 quod
1709 2915 1736 2978 si
1751 2916 1858 2997 aliqua
1868 2915 1960 2994 virgo

416 3015 565 3086 Domino,
592 3014 643 3076 cui
658 3014 791 3092 ¹obtulit
820 3014 899 3078 illud
930 3035 987 3097 pro
1016 3012 1197 3079 veritatisC
1216 3020 1386 3101 conjugato
1407 3025 1608 3080 accusaretur
1629 3035 1648 3077 a
1670 3015 1740 3077 viro
1764 3015 1859 3077 modo
1881 3032 1962 3094 pre

416 3111 609 3189 ostensione,
623 3115 824 3193 imponetque
838 3134 933 3192 super
948 3120 1061 3188 altore,
1075 3115 1160 3196 quod
1215 3120 1312 3195 dicto,
1330 3126 1363 3180 ct
1376 3125 1460 3180 esset
1475 3115 1615 3189 innoxia,
1631 3113 1814 3195 conciperet
1829 3112 1899 3174 sine
1914 3131 1963 3173 se

417 3209 479 3272 luit
500 3209 534 3271 in
555 3210 656 3284 atrio;
680 3214 727 3272 ito
743 3216 927 3285 (temtaret,
945 3215 1089 3291 ueprius
1101 3235 1160 3292 pu·
1217 3218 1304 3281 mine
1319 3217 1380 3280 viri
1398 3234 1405 3278 :
1423 3215 1507 3297 quod
1530 3211 1819 3293 singularissimum
1842 3210 1903 3273 luit
1927 3211 1960 3271 in

413 3312 533 3384 pillum
549 3312 706 3388 sacrificii
722 3315 861 3371 toltotde
875 3332 909 3371 co
920 3317 1005 3391 qood
1015 3319 1160 3390 offertur,
1217 3316 1348 3396 Virgine
1367 3313 1515 3395 gloriosa.
1533 3312 1621 3374 Unde
1643 3310 1812 3373 ridiculum
1835 3308 1962 3372 videtur

417 3407 477 3470 hoc
498 3415 556 3483 cst,
569 3408 608 3470 de
624 3407 727 3470 larina
743 3409 916 3473 hordeacea
929 3411 995 3492 jam
1016 3410 1158 3494 praelata,
1218 3415 1335 3490 dicere,
1352 3414 1438 3495 quod
1459 3413 1540 3474 Deus
1563 3419 1685 3472 tanturn
1704 3408 1893 3471 miraculum
1915 3407 1963 3470 le-

417 3517 446 3566 ot
463 3507 614 3567 r'occnrlot
624 3507 833 3588 quantitatem
845 3508 933 3571 illam
945 3510 1056 3573 tarinae
1066 3531 1163 3588 saper
1218 3514 1298 3577 cerit
1320 3513 1353 3574 in
1377 3511 1460 3575 lacto
1482 3508 1645 3591 zelotypiae
1670 3525 1727 3589 pro
1753 3516 1816 3569 tam
1836 3506 1964 3568 modica

419 3608 522 3666 altore
536 3604 1012 3688 holocaustorum,projiciendo
1027 3616 1163 3671 tantum·
1220 3631 1264 3690 rc,
1291 3612 1345 3694 qui
1373 3610 1525 3692 probatur
1550 3608 1610 3670 hoc
1635 3606 1738 3668 solum
1764 3605 1878 3668 iecisse
1903 3622 1963 3686 pro

419 3703 491 3765 dem
514 3702 601 3765 illius
620 3703 730 3768 farinae
748 3705 780 3766 in
798 3705 902 3785 ignem
925 3706 1032 3769 altaris
1052 3726 1059 3771 :
1076 3709 1161 3789 quod
1219 3711 1408 3774 liberatione
1423 3708 1520 3771 totius
1535 3705 1661 3787 generis
1676 3704 1819 3767 humani.

421 3802 489 3885 ipse
504 3804 651 3866 sacerdos
668 3802 744 3867 lecit
760 3804 792 3866 in
810 3805 922 3886 primis
940 3807 978 3868 ad
994 3806 1048 3870 Dei
1066 3807 1164 3870 bono·
1259 3813 1299 3872 Si
1317 3808 1530 3869 dectimoertt
1550 3807 1681 3874 metior,
1698 3803 1729 3865 id
1751 3812 1809 3879 est,
1827 3802 1853 3864 si
1876 3803 1966 3864 adul-

349 3917 350 3920 ’
420 3919 498 3977 rem,
521 3919 538 3963 a
559 3920 622 3983 quo
639 3903 780 3966 veritatis
802 3903 1017 3967 manifestatio
1037 3904 1165 3986 peteba-
1221 3917 1286 3972 tera
1301 3911 1557 3989 praememoratas
1572 3901 1812 3965 maledictiones
1827 3900 1966 3963 incurro

422 4008 483 4062 tur.
501 4003 544 4062 Et
558 4003 604 4060 sic
614 4012 729 4079 potum
745 4006 797 4063 dot
813 4005 946 4063 rnuliert'
962 4025 1063 4082 equos
1078 4026 1165 4064 aina·
1220 4007 1272 4084 rit,
1281 4004 1417 4088 peractis
1433 4002 1588 4065 ribeeiree
1602 4020 1671 4063 earn
1686 4019 1758 4081 quae
1773 3999 1942 4062 dictasunt
1955 4027 1963 4078 ;

420 4099 629 4161 riasimos.Ex
639 4100 699 4163 hoe
711 4120 773 4164 non
786 4101 1033 4184 sequitur,qu0d
1045 4103 1165 4184 potatio
1221 4108 1360 4167 morirer
1370 4106 1485 4182 absque
1500 4105 1596 4177 culpo
1610 4101 1685 4168 erit,
1702 4098 1762 4160 hoe
1777 4107 1835 4174 est,
1852 4098 1881 4160 ei
1900 4118 1965 4162 non

422 4197 476 4258 illa
494 4196 633 4260 lactaest
649 4197 808 4262 sacrificio
820 4199 1068 4275 immolat03scd
1081 4201 1163 4282 quod
1181 4203 1205 4263 l)
1221 4201 1442 4285 imputabitur,
1466 4199 1550 4280 quod
1574 4196 1690 4259 mulier
1709 4216 1766 4258 sua
1787 4205 1849 4258 tam
1871 4197 1968 4259 vitio

423 4295 566 4358 incensio
582 4296 680 4378 partis
698 4297 796 4375 illius,
814 4299 1008 4380 potationem
1029 4307 1060 4360 et
1079 4298 1167 4361 obla·
1222 4321 1256 4363 sa
1287 4297 1427 4382 praelatis
1457 4296 1628 4377 subjicitur
1654 4295 1766 4376 plagis.
1788 4295 1877 4357 Circa
1905 4296 1967 4358 hoc

424 4393 543 4456 tionem
561 4395 720 4476 praecessit
738 4413 745 4457 :
763 4398 848 4476 quod
865 4396 970 4458 innuit
986 4396 1102 4472 littera,
1120 4397 1167 4458 di·
1222 4398 1334 4461 scribit
1355 4397 1458 4479 Lyra:
1477 4395 1520 4456 Ex
1543 4395 1603 4456 hoc
1624 4393 1777 4474 sequitur,
1802 4394 1888 4474 quod
1912 4393 1968 4457 illa

422 4511 508 4570 cens,
519 4493 563 4555 lta
578 4493 891 4576 dumtaxat-,utprius
903 4495 1060 4575 pugillum
1076 4493 1169 4558 sacri·
1223 4496 1368 4580 purgatio
1389 4513 1453 4558 non
1469 4501 1537 4556 erat
1557 4491 1670 4554 illicita
1690 4499 1832 4572 tempore
1848 4493 1968 4554 veteris

424 4591 491 4655 licii
504 4591 663 4655 tollat.Sic
678 4611 805 4674 quoquc
816 4593 959 4674 Magister
976 4592 1008 4653 in
1025 4592 1168 4655 historiis
1223 4592 1427 4669 Testamenti,
1455 4592 1529 4673 quia
1554 4600 1586 4653 et
1616 4589 1659 4652 ibi
1691 4587 1791 4652 fiebat
1820 4589 1967 4653 divinum

424 4690 535 4770 tangit,
553 4691 608 4772 qui
629 4691 773 4754 ordinem
795 4691 890 4771 hujus
914 4690 959 4754 rei
979 4699 1075 4772 gestae
1096 4691 1168 4753 dili·
1223 4692 1424 4755 miraculum.
1442 4690 1501 4753 Sed
1525 4688 1654 4752 obviare
1676 4688 1802 4750 videtur
1824 4690 1909 4769 quod
1933 4689 1968 4751 in
1993 4715 1996 4719 ·

424 4797 534 4871 genter
549 4789 771 4852 consideravit.
1224 4789 1418 4855 Scholastica
1442 4788 1624 4850 allirmatur
1649 4785 1806 4848 historia:
1824 4787 1896 4849 llac
1917 4787 1967 4849 lex
1989 4808 2094 4912 noregia

1982 4878 2002 4922 t,
2013 4877 2031 4914 8.
2053 4876 2094 4910 tert.

1983 4951 2033 4981 narr.
2044 4937 2059 4974 l.

466 4892 551 4958 Quos
566 4909 666 4968 quum
683 4891 809 4959 bz'bertt,
824 4891 854 4948 si
868 4891 1026 4950 odotem·
1041 4909 1096 4948 reo
1111 4899 1168 4960 est,
1225 4888 1405 4951 introducta
1420 4885 1482 4947 luit
1496 4885 1535 4946 ad
1553 4883 1702 4946 duritiam
1722 4882 1826 4944 cordis
1841 4901 1966 4960 eorum,

425 4990 541 5063 inflato
569 4997 676 5047 zrootro
697 4997 857 5064 putrescet
882 4991 989 5067 fhmur
1013 4989 1084 5064 rjus
1104 5009 1115 5047 .·
1138 4995 1169 5049 el
1225 4987 1308 5049 sicut
1329 4985 1503 5067 permissus
1523 4991 1571 5045 est
1593 4980 1721 5043 libellus
1741 4981 1876 5062 repudii,
1890 4982 1969 5062 quia

426 5083 1170 5168 hocluitspecialemiraculumquoniamaquae
1225 5084 1365 5168 prompti
1395 5091 1485 5146 erant
1514 5082 1553 5144 ed
1578 5079 1811 5144 cllundendum
1841 5081 1970 5160 sangui-

401 5205 403 5208 ·
426 5183 489 5248 illas
505 5183 538 5244 in
555 5203 588 5246 sc
605 5182 683 5264 ipsis
699 5201 762 5246 non
779 5193 869 5246 erant
884 5203 999 5247 amarae
1015 5203 1073 5247 nec
1089 5183 1170 5246 infe
1225 5204 1310 5260 nem,
1335 5182 1460 5264 supple,
1484 5199 1629 5243 uxorum.
1651 5177 1793 5259 Denique
1815 5178 1887 5241 lieri
1913 5199 1970 5261 po-

425 5281 528 5347 ctivae.
543 5285 677 5354 Quodsi
688 5288 816 5360 polluta
832 5304 896 5344 ooo
917 5285 1020 5363 fuerit
1035 5282 1170 5346 crimine
1225 5282 1298 5358 tuit,
1311 5282 1396 5363 quod
1412 5299 1450 5342 ex
1469 5278 1595 5342 levibus
1610 5276 1710 5358 signis
1727 5275 1776 5337 vir
1790 5276 1972 5358 suspicaba-
