4309 6259
491 528 666 575 annonario
687 529 718 574 nr
739 529 807 576 aar.
831 529 904 576 xxiv
925 530 1159 578 nauranononn.
1182 549 1222 560 -
1242 529 1313 576 aar.
1336 528 1421 575 narn
1667 510 1727 575 1117

177 695 292 760 ordine
308 715 372 778 quo
388 699 456 761 brec
472 698 606 776 fiebant,
624 699 769 778 Magister
784 701 817 762 in
834 700 969 763 histob
985 699 1040 762 itta
1066 699 1242 782 repudiata,
1259 721 1321 761 non
1343 701 1459 776 poterit
1470 702 1566 777 prior
1590 701 1728 759 maritus

178 794 235 856 riis
252 794 364 858 recitat
382 814 388 857 :
406 797 462 858 i'ir
477 798 562 879 apud
582 817 677 880 quern
698 818 777 862 uxor
792 818 850 861 sua
865 817 928 861 non
984 800 1123 875 recipere
1137 819 1209 858 eam
1224 801 1261 857 tn
1276 818 1421 867 oaorem,
1433 800 1518 877 'qar'a
1529 801 1657 874 polluta
1671 807 1729 866 est,

177 893 362 959 inveniebat
376 897 523 975 gratiam,
541 905 668 980 propter
683 898 822 979 aliquam
839 897 930 962 toedi-
984 907 1013 958 et
1029 899 1256 958 abominabilis
1278 901 1367 976 facto
1388 907 1434 957 est
1454 918 1563 957 coram
1578 898 1727 957 Domine.

178 1003 274 1057 tatem
301 1015 373 1076 quaa
397 997 586 1060 multimode
608 997 828 1080 proveniebat,
853 997 929 1062 scri·
985 993 1086 1068 Quum
1112 995 1197 1058 enim
1229 995 1270 1056 sit
1294 995 1343 1056 bis
1368 993 1544 1076 repudiata,
1562 1001 1594 1056 et
1617 1013 1636 1055 a
1657 994 1732 1056 duo·

177 1093 241 1176 psit
257 1095 343 1174 quod
358 1114 523 1177 nunquam
539 1096 725 1160 conveniret
744 1116 816 1159 enm
833 1116 880 1174 ea,
898 1105 929 1160 et
985 1093 1044 1156 bus
1060 1094 1195 1172 maritis,
1208 1093 1382 1158 verisimile
1398 1101 1446 1156 est
1460 1112 1529 1155 eam
1546 1111 1615 1154 esse
1630 1091 1732 1154 odibi-

176 1211 306 1254 causam
323 1193 365 1256 ob
387 1212 484 1274 quam
507 1194 672 1276 displicuit
692 1195 721 1258 ei
745 1195 870 1272 mulier,
889 1216 929 1258 ne
984 1195 1047 1256 lem
1063 1201 1159 1274 atque
1175 1193 1307 1274 repudio
1322 1193 1472 1271 dignam:
1492 1192 1562 1254 ideo
1577 1191 1731 1273 potuisset

176 1291 366 1354 conveniret
384 1318 391 1369 ;
415 1293 608 1375 tradiditque
630 1294 787 1373 libellum,
812 1295 844 1357 in
865 1314 929 1376 quo
983 1294 1072 1376 prior
1093 1292 1149 1355 ille
1171 1293 1304 1354 maritus
1327 1291 1413 1354 iacili
1436 1291 1602 1354 occasione
1621 1298 1731 1353 contra

178 1391 298 1472 scripta
323 1401 413 1454 erant
438 1393 517 1469 baec,
535 1392 674 1470 mulieri,
691 1401 726 1455 ut
750 1412 854 1457 coram
881 1413 930 1456 sa·
984 1413 1053 1457 earn
1069 1392 1200 1455 accendi
1221 1401 1251 1454 et
1277 1392 1379 1474 ipsam
1401 1391 1569 1472 perimere.
1587 1389 1644 1452 Vel
1670 1388 1731 1451 iuit

178 1490 363 1553 cordotibus
385 1493 578 1572 legerentur.
604 1491 769 1574 Quumque
793 1494 930 1573 jurasset
985 1493 1117 1574 polluta,
1146 1491 1223 1572 quia
1250 1491 1385 1553 alterum
1410 1490 1512 1551 virum
1538 1489 1639 1565 duxit,
1667 1507 1730 1550 non

180 1590 352 1654 rirrerum
364 1592 530 1673 essequod
543 1591 725 1674 scripserat,
737 1592 929 1656 licuitutris-
984 1591 1053 1653 sine
1069 1589 1364 1672 peccato,quamvis
1375 1596 1441 1651 erat
1457 1587 1659 1670 permissum.
1672 1587 1732 1648 Un-

178 1707 241 1770 que
256 1689 311 1751 alii
328 1689 483 1770 copulari.
496 1690 566 1752 llaec
583 1689 639 1766 ibi,
652 1709 723 1772 qna
739 1710 776 1753 cx
793 1691 929 1772 Josepho
983 1690 1033 1765 de,
1051 1698 1087 1751 ut
1111 1688 1223 1751 dicunt
1243 1688 1450 1769 expositores
1476 1687 1561 1749 cirea
1585 1686 1730 1748 libellum

177 1795 306 1869 sumpta
321 1795 504 1850 censentur.
522 1787 640 1870 Nempe
656 1790 832 1851 secundum
846 1789 929 1851 Jose-
985 1787 1109 1870 repudii
1125 1787 1188 1850 duo
1203 1795 1292 1849 erant
1309 1786 1474 1868 permissa,
1491 1784 1640 1848 videlicet
1656 1804 1731 1847 uxo

178 1885 278 1968 pbum
295 1885 356 1948 ista
371 1894 439 1948 crat
455 1885 558 1949 torma
575 1886 675 1948 librili
688 1887 813 1969 repudii
834 1905 840 1948 :
857 1886 929 1950 Pro-
945 1885 968 1946 B
984 1906 1051 1948 rem
1067 1885 1235 1962 dimittere,
1247 1893 1278 1948 ct
1294 1884 1455 1946 dimissam
1473 1883 1617 1965 accipcrc
1631 1882 1729 1945 alium

176 1983 269 2046 mitto
297 1985 354 2046 tibi
381 1986 465 2066 quod
492 2005 655 2068 nunquam
681 1994 785 2049 tecum
815 2004 929 2049 conve·
984 1985 1110 2060 virum3
1127 1992 1158 2047 et
1178 1985 1242 2046 duc
1266 1992 1434 2066 praeopta,
1454 1983 1602 2045 ridrlioct
1626 1981 1730 2064 ipsum

176 2083 275 2144 niam.
294 2083 521 2146 Verumtamen
537 2084 637 2165 aliqui
655 2084 776 2160 dicunt,
794 2086 878 2166 quod
896 2085 928 2146 in
985 2082 1129 2146 libellum
1156 2082 1305 2159 scribere,
1323 2090 1355 2142 ct
1380 2080 1599 2163 repudiantem
1627 2082 1730 2142 virum

176 2180 288 2244 libello
305 2200 369 2244 non
381 2181 581 2244 scribebatur
592 2201 687 2244 eausa
703 2183 838 2264 repudii.
852 2183 927 2245 Nam
985 2200 1048 2245 non
1069 2200 1163 2263 posse
1183 2181 1327 2263 accipere
1348 2200 1443 2262 quam
1466 2180 1573 2243 semel·
1586 2179 1733 2262 repudia-

176 2299 274 2342 causa
292 2279 348 2342 illa
365 2279 426 2342 init
448 2281 641 2362 quandoque
663 2281 798 2358 occulta,
817 2290 848 2343 et
869 2281 928 2344 soli
985 2280 1031 2343 vit
1045 2280 1140 2342 modo
1164 2287 1324 2362 praetacto.
1342 2280 1413 2342 Hae
1438 2278 1545 2360 itaque
1566 2277 1675 2360 imple,
1692 2299 1733 2338 ne

178 2378 294 2440 marito
308 2377 548 2454 notavidclicet
561 2379 730 2442 tornicatio
742 2380 929 2461 latensque
979 2399 1113 2456 paccare
1141 2380 1247 2457 sartos
1278 2388 1414 2449 terrum,
1445 2399 1544 2457 picam
1574 2379 1733 2439 Dominus

178 2494 242 2539 non
270 2477 396 2538 videtur
421 2476 616 2558 publicanda
643 2477 752 2555 fuisse,
771 2478 846 2559 quia
871 2497 929 2542 uec
984 2481 1068 2539 Deus
1086 2487 1160 2537 tuus
1176 2479 1351 2538 tradiderit
1369 2479 1427 2537 tibi
1442 2477 1682 2554 possidendam,
1701 2474 1732 2535 id

178 2575 308 2656 probari
325 2573 462 2637 valebat.
481 2575 512 2636 ln
529 2583 616 2637 textu
638 2594 766 2657 quoquc
782 2575 926 2650 babetur,
983 2584 1042 2652 est,
1061 2595 1102 2638 no
1128 2583 1160 2637 tu
1182 2575 1251 2657 ipsc
1277 2574 1310 2636 in
1335 2584 1419 2637 terra
1443 2573 1602 2649 babitans,
1621 2591 1732 2655 pecces

177 2673 264 2754 quod
291 2671 422 2736 libellus
449 2673 508 2735 istc
532 2673 656 2736 dandus
682 2682 750 2737 erat
775 2674 807 2735 in
833 2693 928 2734 mann
984 2682 1095 2738 contra
1106 2674 1166 2736 ista
1183 2675 1316 2753 agendo,
1326 2674 1376 2736 vel
1387 2674 1467 2736 alios
1484 2674 1522 2736 ad
1535 2672 1731 2755 peccandum

177 2771 323 2834 mulieris
336 2771 606 2853 repudiatae:ideo
618 2790 681 2835 non
693 2780 833 2855 apparet,
843 2773 928 2854 quod
985 2773 1128 2835 inducas.

176 2869 210 2932 in
226 2889 265 2932 eo
281 2869 404 2950 aliquid
421 2869 660 2933 diliamatirum
672 2871 816 2934 mulieris
831 2871 929 2933 conti·
1024 2872 1114 2934 Circa
1136 2873 1204 2934 baec
1225 2872 1390 2952 quaeritur,
1412 2891 1452 2934 an
1477 2880 1509 2933 ct
1530 2871 1666 2952 qualiter
1689 2889 1732 2932 rc-

176 2968 325 3044 ncbatur,
345 2968 459 3031 imoin
480 2967 622 3032 favorem
643 2969 789 3032 mulieris
804 2969 929 3032 videtur
984 2970 1127 3052 pudiatio
1159 2971 1265 3033 uxoris
1291 2969 1379 3032 licita
1405 2969 1467 3031 tuit
1492 2969 1525 3030 in
1556 2968 1635 3047 loge.
1661 2969 1731 3030 llaec

175 3067 237 3130 boc
253 3067 391 3148 jussum,
410 3074 445 3128 ut
461 3065 561 3148 possit
582 3067 674 3130 alteri
695 3067 824 3144 nubere,
842 3075 873 3130 et
889 3075 965 3136 not}
984 3069 1119 3152 quaestio
1135 3088 1230 3152 super
1246 3077 1394 3150 quartum
1417 3066 1651 3130 Sententiarum
1668 3074 1731 3128 tra-

176 3166 225 3229 vir
243 3173 353 3247 posset
368 3183 437 3228 eam
460 3183 610 3228 revocare
632 3165 766 3228 invitam
785 3184 791 3228 :
810 3165 886 3246 quia
901 3165 928 3226 si
983 3177 1094 3244 otetur,
1113 3178 1144 3231 et
1166 3187 1224 3251 pro
1246 3176 1381 3249 utraque
1401 3175 1491 3249 parte
1510 3165 1732 3247 multipliciter

176 3265 237 3326 riri
255 3264 316 3327 boc
333 3271 474 3345 possent,
493 3271 599 3326 essent
614 3283 632 3326 a
647 3265 806 3346 principio
822 3265 929 3345 eonju—
983 3275 1233 3348 argumentatur,
1248 3275 1280 3330 rt
1296 3266 1393 3328 nimis
1404 3266 1563 3347 prolixum
1580 3273 1663 3328 essct
1679 3265 1731 3327 bic

174 3363 219 3444 gii
243 3363 338 3426 valde
360 3363 453 3445 proni
478 3363 517 3424 ad
543 3363 776 3445 repudiandum
802 3381 925 3426 uxores.
984 3367 1060 3428 talia
1083 3367 1296 3442 introducere,
1314 3385 1350 3428 ac
1369 3384 1507 3440 morere.
1525 3365 1614 3428 Unde
1628 3365 1667 3426 ad
1685 3364 1732 3426 in-

176 3463 237 3526 Sed
261 3462 313 3524 bis
339 3460 454 3538 obstat,
476 3461 551 3542 quia
576 3463 787 3525 communiter
811 3463 928 3526 dieitur
984 3465 1189 3546 telligendum
1207 3465 1457 3547 plenariebujus
1473 3464 1733 3544 veritatemque

175 3563 262 3642 quod
280 3560 408 3623 libellus
432 3560 557 3642 repudii
578 3569 626 3623 est
649 3561 807 3643 scriptura
828 3562 928 3625 conti·
984 3564 1044 3640 siti,
1054 3572 1215 3646 oporteret
1230 3563 1312 3626 scira
1327 3563 1464 3644 qualiter
1476 3561 1732 3644 inseparabilitas

176 3679 256 3722 nens
271 3678 400 3721 cansam
412 3658 552 3722 divortii.
565 3660 623 3722 Pro
634 3661 747 3722 horum
758 3661 928 3724 concordia
984 3662 1179 3725 matrimonii
1203 3662 1245 3722 sit
1270 3661 1402 3741 delego
1428 3669 1558 3736 natura,
1583 3659 1732 3722 videlicet

174 3758 239 3822 dici
261 3766 378 3840 potest,
401 3758 486 3838 qnod
503 3758 639 3820 Thomas
661 3779 757 3840 super
779 3767 926 3841 quartum
983 3780 1023 3822 an
1040 3760 1198 3842 pertineat
1212 3761 1252 3822 ad
1268 3760 1371 3841 prima
1387 3759 1543 3821 naturalis
1559 3758 1638 3839 tegis
1654 3778 1733 3841 prae-

175 3852 414 3916 Sententiarum
437 3850 582 3914 ailirmat
601 3870 607 3913 :
625 3853 744 3930 Causae,
764 3853 925 3934 inquiens,
983 3867 1085 3940 cepta,
1102 3877 1142 3921 an
1157 3860 1196 3920 ad
1213 3859 1363 3921 secunda.
1381 3858 1521 3920 Breviter
1541 3865 1647 3919 antem
1665 3865 1733 3918 tan-

175 3949 302 4032 ropndii
318 3949 707 4014 scribebanturinlibollo
724 3951 924 4032 ingenerati,
982 3958 1097 4038 gendo,
1120 3958 1295 4018 secundum
1320 3957 1405 4036 quod
1429 3955 1527 4018 reicrt
1548 3955 1578 4018 S.
1595 3955 1732 4018 Thomas

174 4069 239 4113 non
258 4049 291 4111 in
313 4049 456 4131 speciali,
474 4050 550 4130 qnia
571 4069 634 4113 non
656 4051 877 4114 scribebantur
893 4059 927 4114 nt
983 4063 1243 4137 superquartam
1262 4053 1419 4128 :Quidam
1443 4055 1555 4117 dicunt
1568 4055 1654 4135 quod
1674 4055 1732 4135 qui

174 4149 382 4212 ostenderent
398 4148 566 4230 repudium
582 4167 651 4211 esse
668 4149 802 4226 licitum,
821 4151 875 4213 sed
892 4158 927 4212 ut
982 4153 1015 4216 in
1033 4154 1102 4234 lege
1117 4153 1231 4235 Moysis
1247 4154 1403 4216 dederunt
1425 4153 1571 4215 libellum
1593 4153 1729 4234 repudii,

175 4248 287 4310 liceret
310 4247 439 4310 mulieri
460 4247 558 4308 aliurn
582 4248 698 4310 ducere
723 4249 839 4326 virum,
858 4267 927 4331 pro·
942 4261 967 4321 D
982 4253 1213 4315 excusabantur
1228 4271 1246 4314 a
1263 4270 1359 4334 prena
1373 4253 1547 4314 secundum
1566 4251 1668 4330 legem
1684 4251 1732 4313 in-

175 4356 246 4429 pter
262 4347 349 4427 quod
365 4345 395 4408 ei
411 4345 539 4408 libellus
550 4345 740 4423 tradebatur,
751 4349 926 4410 secundum
983 4350 1135 4431 iligenda,
1147 4369 1210 4413 non
1226 4359 1331 4412 autem
1348 4370 1366 4412 a
1381 4350 1486 4432 culpa,
1498 4350 1542 4411 ita
1552 4350 1638 4430 quod
1653 4349 1733 4431 bloy-

172 4445 359 4527 Josepbum.
378 4444 495 4506 Tamen
519 4445 694 4508 secundum
714 4446 926 4526 augustinum
983 4469 1032 4513 ses
1044 4449 1189 4531 permisit
1201 4448 1346 4511 libellum
1359 4447 1495 4530 repudii,
1509 4449 1591 4511 sicut
1602 4467 1731 4510 usuram

174 4543 305 4606 libellus
321 4543 447 4624 repudii
472 4541 681 4618 scribebatur,
699 4554 856 4624 quatenns
877 4544 925 4607 in·
982 4549 1067 4612 eirea
1082 4556 1260 4624 extraneos,
1277 4548 1317 4609 ad
1337 4547 1502 4608 vitandum
1523 4546 1653 4628 gravius
1668 4565 1732 4609 ma-

175 4641 430 4706 tervenientibus
442 4659 530 4704 mora
541 4641 713 4718 scribendi,
727 4643 927 4725 consilioque
983 4648 1061 4721 lum,
1089 4645 1238 4708 videlicet
1268 4645 1492 4708 uxoricidium.
1520 4645 1582 4707 atti
1607 4644 1729 4722 dicunt,

173 4739 353 4804 scribarum
372 4748 426 4802 aut
443 4740 655 4818 sacerdotum,
673 4740 807 4803 maritus
823 4761 841 4804 a
858 4761 928 4824 pro
982 4745 1067 4826 quod
1084 4743 1213 4806 libellus
1224 4744 1362 4826 repudii,
1374 4752 1406 4806 et
1418 4745 1514 4806 aliam
1530 4745 1646 4806 ducere
1658 4761 1732 4806 con-

173 4839 279 4922 posito
296 4839 484 4922 repudiandi
502 4839 679 4902 desisteret.
981 4842 1101 4923 jugem,
1116 4842 1314 4924 repudiatam
1325 4861 1455 4923 quoque
1466 4841 1615 4904 maritum
1630 4841 1729 4903 alium

215 4941 386 5018 Quumque
398 4958 522 5015 eprcsso
532 4937 648 5000 mulier
663 4938 839 5020 repudiata,
851 4943 927 5000 otte·
982 4939 1137 5022 accipere,
1156 4939 1242 5002 licita
1259 4949 1361 5016 orant,
1379 4949 1410 5002 et
1425 4939 1494 5002 sine
1509 4939 1603 5021 culpa
1618 4959 1655 5001 ex
1670 4940 1732 5001 dis-

175 5061 250 5100 ram
267 5040 425 5098 maritam
441 5039 586 5107 decerit,
603 5048 632 5098 et
649 5041 705 5098 itta
720 5059 842 5118 quoquc
858 5043 926 5100 ode·
982 5037 1171 5120 pensatione
1187 5038 1296 5101 divina
1314 5057 1321 5101 :
1339 5038 1417 5100 alias
1433 5038 1617 5101 viderentur
1631 5038 1730 5102 Judaei

174 5140 219 5197 rit
249 5157 333 5206 earn,
359 5139 546 5216 dederitque
569 5139 601 5196 et
626 5139 770 5198 ttbettam
794 5142 927 5215 rependit
982 5139 1078 5200 aDcc
1094 5137 1209 5212 relicti,
1223 5138 1395 5200 ctasalute
1405 5137 1534 5213 exclusi,
1545 5145 1654 5219 utpote
1666 5156 1729 5200 non

175 5235 264 5314 juxta
290 5233 428 5297 iormam
458 5234 677 5316 praehabitam,
705 5245 734 5296 et
763 5239 926 5298 dtan'scrtt
983 5234 1185 5299 sufficienter
1202 5235 1349 5298 instructi
1368 5235 1408 5297 de
1424 5235 1612 5298 necessariis
1626 5235 1665 5298 ad
1682 5255 1730 5297 sa-

177 5351 246 5396 cam
262 5335 545 5402 dedomosaa,vet
560 5344 642 5394 certe
654 5345 799 5396 mortuos
809 5337 926 5414 fuerit,
982 5335 1092 5411 tutem,
1109 5333 1185 5415 quia
1203 5352 1261 5396 nec
1280 5334 1411 5414 Moyses,
1434 5353 1492 5397 nec
1518 5332 1634 5413 aliquis
1658 5333 1729 5397 Pro
