4309 6259
586 494 760 541 maurane
781 495 813 541 uu
834 496 902 543 cnr.
926 495 1000 543 xru
1020 495 1123 543 uxonr.
1147 514 1187 527 -
1207 496 1279 542 nur.
1302 497 1330 543 u
1689 479 1730 543 tc

181 671 362 728 nectentur.
375 670 419 729 Et
434 676 531 728 eruin
545 669 646 726 simul
662 668 778 729 tabula
792 676 858 728 octo
869 687 880 726 .·
897 665 928 729 id
943 664 969 729 A
984 666 1105 731 eisdem
1125 666 1268 731 materiis
1284 675 1358 729 sunt
1378 666 1469 730 lactae
1488 666 1629 744 cortine,
1647 664 1729 729 sicut

179 772 240 840 est,
265 762 299 825 in
325 765 447 847 pariete
471 763 661 828 occidentali
684 773 779 828 erunt
803 765 837 827 in
863 774 928 829 toto
984 765 1018 827 in
1034 765 1194 849 principio
1209 766 1307 847 hujus
1321 766 1465 848 capituli,
1475 765 1729 843 continetur,ubi

179 861 298 925 tabule
313 872 394 941 octo,
411 864 561 928 videlicet
576 882 630 927 sex
649 865 689 928 de
708 864 826 945 quibus
846 864 929 928 lacta
983 872 1015 927 et
1031 864 1091 926 ista
1107 864 1251 947 exposita
1265 873 1348 927 suut.
1364 868 1408 927 Et
1418 868 1559 943 pumera
1574 866 1730 925 uarietate

179 970 227 1023 est
243 962 377 1041 mentio,
394 972 426 1026 et
440 963 511 1027 duaa
526 962 667 1045 praelata
682 963 926 1028 semicubitales.
983 973 1177 1025 contentum.
1187 963 1277 1027 Unde
1291 962 1730 1044 secundumlosepbumom·

180 1063 277 1121 Bases
292 1082 406 1123 earum
422 1073 579 1140 arpentecc
590 1070 685 1125 erunt
699 1065 929 1133 sedecimque-
984 1081 1040 1125 nes
1061 1061 1160 1126 liores
1180 1081 1260 1144 quos
1279 1062 1383 1143 gignit
1402 1062 1530 1138 humuS,
1548 1060 1679 1125 luerunt
1694 1062 1727 1125 in

179 1160 237 1219 bus
253 1162 381 1221 basibus
394 1182 453 1240 per
463 1181 565 1223 unam
577 1164 926 1239 tabulamsupputatis.
983 1180 1021 1224 eo
1036 1161 1166 1244 depicti,
1178 1181 1252 1225 cum
1267 1161 1339 1225 aliis
1354 1179 1482 1243 quoque
1493 1161 1638 1243 picturis,
1647 1178 1728 1243 quos

178 1256 334 1331 Quaelibet
344 1259 431 1323 enim
442 1259 549 1323 tabula
559 1259 671 1323 habuit
679 1260 769 1341 juxta
779 1260 929 1342 predicta
984 1260 1126 1324 inserere
1145 1270 1292 1343 poterant
1312 1260 1454 1323 artifices
1475 1268 1590 1344 praeter
1608 1259 1730 1322 anima-

179 1356 258 1419 duas
279 1366 448 1439 argenteas
468 1358 571 1435 bases,
593 1358 711 1440 quibus
732 1357 929 1422 innitebatur
984 1358 1063 1421 lium
1080 1358 1210 1423 lormas.
1222 1363 1312 1429 &aad
1326 1365 1484 1438 appendes
1499 1370 1574 1420 ante
1587 1368 1729 1438 quatuor

178 1464 209 1517 et
225 1455 471 1534 immittebatur,
490 1457 545 1521 sed
561 1466 696 1538 utraque
711 1456 818 1520 tabula
835 1457 929 1521 semi·
983 1464 1149 1520 columnas
1163 1463 1202 1519 cte
1218 1461 1317 1538 tinnis
1331 1463 1424 1521 setim
1445 1459 1565 1535 iactas;
1586 1479 1658 1538 qua
1676 1461 1729 1517 de-

179 1554 330 1617 cubitalis
346 1554 459 1618 babuit
474 1556 566 1619 bases
581 1555 824 1638 duas.Deuique
839 1556 929 1618 tabu·
983 1569 1110 1620 auratoe
1131 1570 1237 1631 erunt,
1261 1568 1291 1619 et
1312 1560 1471 1619 habebunt
1494 1558 1604 1635 capita
1628 1577 1728 1617 aurea

180 1651 216 1715 1ae
228 1653 387 1734 parietum
400 1653 433 1716 in
446 1654 602 1737 superiori
613 1664 704 1736 parte
712 1654 929 1737 jungebantur
982 1667 1012 1718 et
1027 1659 1112 1717 bases
1127 1667 1304 1734 arpennas.
1322 1657 1382 1719 Has
1402 1655 1567 1721 columnas
1586 1654 1664 1718 dicit
1679 1655 1730 1717 lo

179 1750 319 1828 uncinis,
341 1771 536 1835 unoquoque
558 1753 677 1817 uncino
700 1753 824 1817 tabulas
848 1755 928 1816 duas
983 1755 1103 1837 scpbus
1118 1754 1219 1818 luisse
1239 1755 1363 1818 tabulas
1386 1755 1486 1817 instar
1508 1754 1643 1817 aliarum
1665 1752 1730 1816 lor-

177 1850 345 1931 jungcnte,
362 1870 399 1914 ac
421 1852 621 1916 summitates
638 1871 747 1916 earum
764 1852 924 1916 intrante:
945 1854 1095 1930 limatas,
1111 1854 1276 1936 aqualiter
1290 1874 1309 1917 a
1324 1873 1357 1917 se
1373 1853 1537 1929 distantes,
1552 1853 1634 1915 inter
1648 1871 1728 1934 quas

177 1950 262 2031 quod
279 1949 378 2013 etiarn
394 1950 597 2031 significatur
607 1970 664 2034 per
674 1950 770 2013 verba
781 1951 835 2014 illa
851 1969 928 2033 prm
984 1952 1114 2016 luerunt
1143 1962 1207 2016 tres
1231 1953 1359 2035 angusti
1385 1953 1558 2033 ingressus.
1584 1952 1727 2033 Denique

176 2047 298 2125 babila,
316 2048 481 2130 Eruntque
506 2049 567 2113 sibi
593 2050 772 2131 conjuncta
795 2069 815 2112 a
838 2051 928 2114 deor·
983 2052 1051 2115 istae
1066 2051 1224 2115 columna
1240 2050 1725 2125 lueruntintratubernaculum,

176 2166 247 2209 sum
264 2166 368 2229 usque
378 2157 554 2225 sursum,et
569 2168 633 2211 una
647 2167 758 2211 omnes
773 2166 927 2230 compago
983 2150 1066 2214 inter
1077 2150 1226 2214 Sanctum
1242 2159 1274 2213 et
1289 2150 1438 2213 Sanctum
1453 2158 1728 2227 sanctorum,ante

177 2245 330 2323 retinebit
349 2265 356 2309 :
381 2264 440 2329 pro
462 2266 526 2329 quo
549 2248 597 2327 (ut
613 2247 726 2328 fertur)
749 2247 782 2310 in
797 2248 927 2311 Hebraeo
982 2268 1061 2331 quas
1077 2249 1182 2313 velum
1200 2249 1359 2331 pendebat
1373 2250 1412 2312 ad
1428 2248 1662 2332 prohibendum
1678 2249 1728 2311 ad·

176 2343 325 2421 habetur,
342 2344 442 2407 Erunt
456 2345 636 2427 conjuncta
651 2364 746 2429 super
761 2354 857 2429 caput
872 2366 928 2408 un·
983 2356 1128 2429 spectum
1143 2365 1266 2425 eorum,
1278 2367 1350 2430 qum
1365 2347 1398 2410 in
1415 2347 1529 2411 Sancto
1545 2355 1725 2411 sanctorum

176 2442 261 2506 cino.
982 2446 1336 2521 continebantur.Qued
1351 2446 1447 2510 etiam
1458 2446 1565 2511 velum
1581 2444 1728 2527 luitque-

220 2544 335 2605 Facies
355 2553 385 2604 et
406 2552 505 2604 vectes
523 2547 562 2605 de
586 2545 686 2621 liquis
706 2546 812 2615 setim,
831 2548 929 2625 quin·
981 2545 1073 2607 drum
1091 2545 1366 2621 omnin0,babcns
1380 2545 1506 2608 cubitos
1522 2545 1728 2625 decemque

177 2644 302 2721 quand
320 2644 533 2703 continendas
554 2643 732 2704 tubulcain
749 2662 813 2703 uno
830 2648 927 2704 tatere
983 2642 1069 2705 niam
1083 2644 1219 2707 altitudo
1229 2643 1426 2707 tabernaculi
1442 2651 1510 2707 erat
1520 2644 1630 2706 decem
1641 2642 1727 2707 cubi-

178 2741 444 2810 internuntiat
472 2744 616 2821 quinqua
641 2744 723 2802 alios
749 2743 785 2802 in
812 2746 924 2814 altero,
984 2749 1098 2819 torum,
1115 2742 1264 2805 similiter
1279 2743 1413 2807 latitudo
1432 2743 1544 2825 ipsius.
1563 2747 1727 2805 Inseretur

175 2846 204 2897 et
226 2838 373 2916 ejusdem
395 2841 526 2900 numeri
544 2843 588 2900 ad
610 2842 837 2901 occidentalem
853 2845 928 2920 pla·
981 2851 1089 2901 autem
1104 2845 1211 2901 cetum
1221 2862 1282 2919 per
1295 2845 1432 2902 circulos
1446 2859 1570 2917 aureos,
1580 2860 1637 2923 per
1646 2860 1727 2922 quos

172 2956 250 3014 uam
265 2958 278 2997 :
295 2936 402 3015 idest,
421 2937 455 2999 in
477 2937 621 3019 quolibet
641 2938 762 3020 pariete
786 2938 927 3002 taberna·
982 2939 1063 3001 trahi
1079 2939 1182 3021 possit
1196 2959 1232 3002 ac
1247 2939 1365 3003 retrahi
1381 2948 1524 3021 tempore
1534 2948 1724 3022 opportuno.

175 3036 251 3113 culi,
276 3035 429 3099 videlicet
450 3036 593 3114 australi,
615 3037 794 3119 aquilonari
816 3057 853 3101 ac
875 3057 926 3102 oc·
943 3036 965 3101 C
980 3036 1076 3108 Erant
1092 3045 1198 3100 autem
1214 3057 1311 3120 super
1325 3038 1430 3120 capita
1449 3046 1586 3119 quatuor
1606 3038 1728 3101 colum-

175 3134 342 3211 cidentali,
369 3144 464 3197 erunt
488 3135 632 3218 quinque
657 3144 775 3213 vectes,
801 3137 852 3199 vel
876 3139 926 3217 (ut
981 3155 1094 3198 narum
1116 3136 1274 3218 suppositi
1296 3136 1359 3201 duo
1381 3146 1489 3200 vectes
1508 3136 1618 3200 decern
1638 3136 1728 3200 cubi-

176 3233 277 3316 aliqui
304 3233 432 3315 dicunt)
448 3234 580 3297 totidem
605 3234 745 3298 vectium
769 3235 923 3300 ordines:
980 3222 1096 3311 torum,
1122 3254 1141 3297 a
1171 3234 1292 3316 pariete
1318 3236 1358 3297 ad
1388 3235 1541 3317 parietem
1569 3235 1724 3317 protensi,

175 3332 229 3413 qui
246 3340 356 3396 vectes
372 3331 628 3396 immittebantur
644 3352 701 3415 per
717 3334 856 3397 medium
874 3354 926 3417 pa·
979 3332 1097 3415 quibus
1117 3332 1229 3396 annuli
1251 3333 1514 3399 immittebantur.
1532 3338 1628 3397 Intra
1642 3339 1727 3415 quaet

177 3431 304 3509 rictum,
333 3431 418 3495 inter
448 3432 646 3514 superiorem
675 3431 926 3517 interioremque
979 3432 1087 3495 velum
1112 3452 1212 3511 portes
1240 3454 1352 3495 aream
1382 3436 1572 3506 testimonii,
1605 3432 1727 3497 scilicet

176 3539 282 3611 partes
297 3547 421 3607 eorum,
439 3531 479 3592 ad
499 3530 728 3594 continendum
753 3530 925 3596 fortissime
980 3531 1063 3593 intra
1089 3531 1203 3595 Sancta
1225 3542 1419 3610 sanctorum,
1440 3554 1502 3613 quo
1524 3543 1554 3593 et
1577 3543 1727 3594 santua-

175 3629 212 3691 ad
229 3628 382 3703 invicem,
400 3628 551 3712 ipsasque
567 3629 722 3711 parietum
741 3630 875 3709 tabulas,
885 3650 925 3695 ne
978 3632 1082 3700 rium,
1107 3641 1137 3691 et
1156 3633 1341 3693 sanctuarii
1363 3633 1554 3692 sanctuaria
1578 3634 1727 3692 diuiden-

175 3727 206 3789 vi
222 3736 406 3805 ventorum,
422 3736 478 3791 aut
493 3727 556 3791 alia
576 3728 791 3793 commotione
810 3749 926 3794 concu-
980 3739 1060 3789 tur:
1084 3728 1190 3805 idest,
1208 3729 1319 3792 eodem
1342 3729 1414 3793 velo
1434 3729 1537 3793 divisa
1557 3738 1651 3792 erunt
1670 3749 1727 3793 seu

176 3835 319 3891 terantur
335 3826 484 3909 parietes.
502 3827 574 3891 ldeo
590 3827 736 3890 subditur
754 3847 761 3891 ε
781 3834 855 3902 Qui,
869 3830 926 3894 sci·
979 3826 1130 3890 distincta
1159 3827 1200 3889 ab
1231 3827 1382 3905 invicem,
1409 3828 1499 3891 locus
1529 3828 1725 3892 tabernaculi

176 3925 249 3989 licet
264 3934 385 4003 vectes,
400 3929 573 3988 mittentur
582 3947 644 4006 per
659 3930 782 3989 medias
799 3932 925 3991 cnutus
979 3926 1034 4006 qui
1057 3932 1190 3988 vocatur
1212 3925 1374 4002 Sanctum,
1391 3933 1423 3989 et
1444 3925 1534 3989 locus
1555 3928 1625 4008 ejus
1646 3928 1725 3991 cele·

175 4046 195 4085 a
207 4046 334 4086 sumnia
350 4046 450 4106 usque
464 4029 509 4087 ad
522 4046 698 4099 summum,
708 4026 858 4090 videlicet
868 4046 926 4109 per
980 4024 1067 4087 brior
1082 4033 1177 4106 atque
1193 4025 1343 4101 sanctior,
1351 4024 1407 4106 qui
1419 4025 1532 4089 Sancta
1544 4033 1724 4090 sanctorum

175 4130 276 4185 totum
293 4122 471 4186 tabulatum
483 4143 501 4186 a
512 4123 671 4207 principio
681 4124 811 4207 parietis
823 4145 925 4208 usque
979 4131 1027 4186 est
1047 4124 1162 4186 dictus.
1180 4127 1285 4186 Panes
1300 4133 1329 4184 et
1346 4126 1615 4203 propitiatorium
1629 4146 1726 4203 super

175 4223 212 4284 ad
233 4222 337 4285 linem
358 4222 430 4304 cjus
446 4242 502 4305 per
519 4232 736 4288 transversum
752 4224 921 4307 parietum.
939 4224 964 4289 D
979 4242 1091 4283 arcam
1122 4224 1299 4283 testimonii
1323 4224 1359 4283 in
1384 4224 1504 4283 Sancto
1527 4232 1723 4285 caucinum.

175 4324 265 4399 Ipsus
280 4342 407 4403 quaque
423 4325 552 4384 tabulas
565 4326 749 4394 deaurabis,
760 4322 792 4385 id
803 4331 861 4400 est,
872 4343 924 4387 au·
978 4318 1058 4393 Quid
1084 4320 1126 4382 sit
1151 4319 1420 4403 propitiatorium,
1447 4328 1479 4382 et
1502 4320 1640 4402 qualiter
1664 4321 1726 4383 fuit

175 4438 209 4483 ro
233 4420 372 4503 operieS‚
395 4430 425 4481 et
444 4422 565 4497 fundes
584 4423 620 4482 in
642 4424 687 4481 eis
707 4426 846 4483 annulos
866 4444 924 4483 au·
978 4419 1215 4501 superpositum
1236 4438 1328 4496 arcte,
1346 4418 1380 4481 iu
1395 4419 1594 4501 expositione
1609 4439 1725 4503 praece-

173 4540 251 4591 reos,
264 4539 327 4597 per
342 4540 420 4599 quas
440 4529 539 4580 vectes
560 4521 705 4581 tabulata
725 4523 920 4584 contineant.
977 4517 1084 4582 dentis
1099 4518 1231 4600 capituli
1248 4526 1297 4581 est
1310 4536 1506 4600 expressum.
1517 4522 1725 4599 Mensamqne

173 4617 312 4681 Cuilibet
338 4617 488 4700 equidem
520 4617 634 4682 tabulm
659 4627 750 4681 erant
773 4618 865 4682 allixi
891 4630 922 4683 et
976 4628 1070 4679 entra
1085 4621 1191 4678 uelum
1207 4635 1219 4677 .·
1235 4617 1267 4679 id
1290 4625 1348 4694 cst,
1366 4635 1511 4680 mensam
1533 4618 1724 4700 propositio-

174 4716 310 4779 immissi
326 4724 391 4780 tres
407 4716 531 4794 annuli,
542 4736 691 4799 perquos
702 4726 808 4781 vectes
824 4718 922 4801 impe
978 4716 1029 4778 nis
1053 4733 1154 4797 pones
1173 4715 1207 4777 in
1232 4714 1303 4778 loco
1330 4715 1538 4793 tabernaculi,
1565 4716 1622 4798 qui
1647 4716 1723 4779 San-

174 4814 333 4879 nebantur
355 4816 397 4877 ad
413 4815 643 4879 continendum
661 4815 802 4879 tabulata
819 4835 827 4879 ε
844 4839 922 4899 quas
977 4822 1062 4877 ctum
1086 4822 1217 4879 vocatus
1239 4823 1308 4890 est,
1330 4824 1360 4875 et
1379 4825 1491 4877 eontra
1506 4836 1660 4888 artemam,
1678 4817 1725 4881 vi-

173 4922 278 4978 vectes
294 4914 417 4992 operies
433 4916 569 4975 laminis
584 4918 704 4977 aureis.
976 4913 1092 4978 delicet
1107 4933 1145 4977 ex
1160 4913 1308 4996 opposito
1324 4916 1671 4996 ponec,cancleladrum
1686 4918 1723 4976 in

210 5013 369 5095 Deinceps
384 5012 609 5076 describuntur
623 5014 687 5077 duo
703 5013 782 5093 vela,
795 5033 866 5096 qum
880 5016 921 5079 ad
977 5018 1075 5075 latere
1087 5015 1289 5074 tabernaculi
1303 5014 1495 5075 meridiano.
1508 5016 1620 5074 Mensa
1635 5016 1723 5075 enim

174 5111 415 5175 tabernaculum
442 5111 655 5193 pertinebant.
683 5116 794 5175 Facies
818 5125 847 5176 et
871 5136 921 5174 ue-
975 5114 1073 5174 stabit
1089 5116 1232 5190 inparia
1246 5113 1421 5192 aquilonia.

172 5214 240 5272 lum
253 5214 294 5272 de
309 5210 488 5288 hyacintho
502 5220 532 5271 ct
542 5230 706 5289 purpura,
716 5232 863 5294 coccoque
873 5216 920 5274 bis
1015 5213 1127 5272 Facies
1153 5221 1182 5271 et
1206 5214 1392 5284 tentorium,
1415 5210 1448 5273 id
1470 5219 1519 5274 est
1542 5210 1660 5287 velum,
1684 5212 1722 5270 in

173 5310 280 5383 tincta,
291 5318 323 5370 et
338 5310 429 5387 bysso
445 5318 675 5387 manuopera
685 5314 864 5389 plumario.
874 5312 918 5376 De
975 5312 1114 5373 introitu
1130 5311 1343 5383 tabernaculi,
1355 5313 1395 5371 de
1410 5312 1585 5388 tyuiunu
1600 5320 1630 5372 et
1640 5329 1722 5387 pur-
