4309 6259
567 487 740 535 uunnnnrro
761 488 792 533 uv
813 487 881 534 aar.
904 485 957 534 xvv
977 486 1114 533 uuvrrrcr.
1134 505 1175 517 —
1194 488 1266 533 nur.
1287 486 1351 534 xxx
1671 461 1730 530 227

178 656 327 729 percttta,
344 677 383 717 ac
399 658 496 717 totius
511 659 653 734 corporis
664 660 761 735 pilos,
778 656 835 736 qui
856 664 929 738 post
946 654 971 715 Α
986 655 1106 718 vivacis
1121 655 1478 720 coloris.0llerebantur
1489 674 1563 736 ergo
1574 655 1642 719 haec
1653 674 1728 736 qua·

178 752 343 832 praelatam
358 753 562 819 abrasionem
580 764 759 820 creverunt.
776 755 835 816 Pili
851 773 930 836 quo
984 763 1065 830 tuor,
1078 755 1117 816 ad
1134 754 1332 817 innuendum
1347 755 1433 837 quod
1448 763 1585 837 quatuor
1601 753 1723 836 praelati

178 870 240 931 quc
265 869 304 914 cx
329 852 519 916 humoribus
544 854 688 936 corporis
711 862 926 934 generantur:
983 852 1127 916 delectus
1142 855 1207 934 jam
1224 874 1288 917 non
1304 863 1394 917 erant
1410 854 1442 916 in
1459 873 1507 929 e0‚
1525 854 1580 936 qui
1598 853 1659 915 luit
1673 859 1729 915 aut

179 948 250 1012 ideo
261 949 320 1030 qui
335 961 410 1015 ante
426 953 619 1034 completam
635 953 856 1035 purgationem
868 971 929 1016 ore·
983 954 1154 1034 putabatur
1165 953 1319 1034 leprosus.
1330 953 1474 1015 -Porro
1486 953 1536 1016 die
1552 961 1663 1015 octavo
1678 951 1729 1013 ad-

180 1057 303 1125 veruut,
313 1048 562 1128 abradehantur,
573 1070 673 1132 quum
690 1051 778 1132 lepra
794 1051 836 1112 sit
851 1049 930 1113 infe
983 1050 1170 1113 mittebatur
1181 1052 1221 1113 ad
1237 1050 1358 1113 cultum
1372 1051 1528 1127 divinum,
1539 1059 1570 1114 ct
1585 1051 1729 1114 restitue·

179 1145 263 1209 ctiva
275 1155 306 1209 et
319 1149 482 1211 corrosiva
492 1149 686 1231 pilorumht
696 1169 773 1213 vero
784 1150 929 1212 doctores
983 1147 1075 1210 hatur
1086 1149 1247 1213 consortio
1258 1150 1423 1212 hominum
1433 1169 1439 1212 :
1451 1150 1555 1231 primo
1567 1158 1672 1212 tamen
1683 1166 1729 1210 ra·

179 1245 343 1326 praecipui,
362 1246 418 1327 qui
440 1247 472 1308 in
496 1248 624 1330 scriptis
648 1248 715 1309 suis
738 1248 929 1327 redegerunt
984 1247 1027 1308 sis
1038 1247 1113 1329 pilis
1125 1247 1221 1310 totius
1232 1247 1373 1330 corporis
1384 1267 1420 1310 ac
1433 1248 1506 1311 lotis
1517 1246 1725 1322 vestimentis,

180 1350 211 1404 et
225 1353 442 1425 exposuerunt
460 1347 693 1427 praegnantiora
713 1353 743 1409 et
764 1344 930 1408 diffinitio
982 1345 1135 1426 quoniam
1151 1345 1239 1428 lepra
1255 1347 1338 1428 pilos
1354 1345 1502 1423 corrodit,
1513 1354 1545 1408 et
1560 1345 1729 1408 vestimen-

181 1460 215 1502 ra
230 1441 403 1524 Scripturas
423 1443 503 1519 loca,
521 1463 558 1506 ea
580 1463 708 1526 quoque
730 1463 801 1525 quae
825 1444 928 1525 prima
985 1453 1014 1505 ta
1028 1442 1595 1526 coinquinathdspergehaturetiam
1610 1443 1727 1524 septies

182 1537 424 1602 lacievidentur
438 1541 683 1618 irrationabilia,
696 1541 781 1604 circa
792 1541 859 1604 haec
874 1541 929 1604 ali·
983 1542 1139 1622 sanguine
1149 1544 1287 1624 passeris
1305 1542 1459 1606 immolati
1476 1541 1567 1623 aquis
1584 1541 1728 1618 intincto,

181 1655 244 1718 qua
269 1638 542 1720 conscripserunt,
568 1658 705 1721 quorum
731 1640 827 1703 verba
854 1648 929 1701 sunt
983 1641 1022 1702 ad
1037 1639 1270 1720 designandum
1286 1640 1319 1702 in
1335 1659 1373 1703 eo
1389 1639 1563 1721 perfectam
1580 1640 1728 1702 emunda·

181 1738 473 1799 commemoranda.
908 1802 914 1808 ,
986 1738 1101 1800 tionem
1116 1759 1134 1801 a
1149 1739 1243 1821 lepra.
1252 1739 1328 1801 Nam
1345 1738 1524 1820 septenario
1535 1737 1727 1801 universitas

225 1835 337 1915 ltaque
362 1835 393 1898 S.
417 1836 555 1899 Thomas
580 1836 614 1898 in
639 1837 743 1919 prima
768 1837 927 1912 secundat,
948 1834 1081 1918 Batque
1106 1837 1261 1919 perfectio
1283 1837 1502 1915 designantur.
1526 1835 1727 1900 Ollarebatur

180 1934 360 2013 quaestione
383 1934 466 1996 102:
488 1935 545 1997 Per
571 1935 679 2011 ritum,
701 1935 817 2016 inquit,
836 1933 928 2015 legis,
984 1954 1113 2016 quoque
1129 1955 1238 2018 passer
1253 1955 1336 1997 unus
1357 1936 1390 1997 in
1409 1934 1502 1998 lictili
1518 1954 1603 2012 vase,
1621 1935 1660 1997 ad
1676 1936 1729 1998 de-

180 2031 328 2112 leprosus
350 2051 415 2095 non
438 2033 662 2111 mundabatur,
680 2034 735 2096 sed
757 2034 929 2095 mundatus
985 2035 1176 2113 signandum
1195 2035 1327 2097 humani
1345 2035 1487 2116 corporis
1508 2034 1724 2114 fragilitatem.

179 2130 427 2193 ostendebatur:
446 2133 501 2194 sed
517 2131 684 2213 purificari
701 2131 877 2206 dicebatur,
896 2131 929 2192 in
984 2133 1056 2196 Post
1072 2134 1139 2196 hara
1154 2133 1350 2197 sacrificium
1362 2132 1560 2197 oflerebatur
1571 2152 1629 2216 pro
1640 2153 1730 2195 mun·

179 2238 339 2310 quantum
363 2230 486 2312 judicio
508 2231 682 2295 sacerdotis
703 2230 931 2292 restituebatur
984 2232 1068 2307 dato,
1087 2231 1237 2294 videlicet
1259 2249 1315 2312 pro
1337 2231 1455 2295 delicto
1476 2231 1558 2313 ejus,
1574 2231 1727 2313 quoniam

180 2327 343 2390 consortio
358 2328 712 2410 hominum,cultuique
727 2328 930 2392 divino.Con-
986 2329 1073 2411 lepra
1090 2329 1103 2391 l
1106 2339 1274 2411 requenter
1287 2349 1344 2411 pro
1356 2338 1486 2412 peccato
1502 2329 1679 2393 inducitur:
1690 2330 1729 2391 de

183 2425 325 2504 tingebat
350 2434 457 2489 mmcn
482 2428 686 2508 quandoque,
709 2428 793 2507 quod
819 2427 929 2490 divino
985 2429 1078 2508 cujus
1094 2427 1245 2490 sacrificii
1262 2429 1417 2508 sanguine
1433 2427 1614 2509 tingebatur
1629 2435 1729 2490 extre-

181 2523 338 2586 miraculo
352 2544 410 2607 per
427 2525 523 2587 ritum
540 2524 632 2606 legis,
650 2525 739 2607 lepra
755 2525 929 2607 corporalis
985 2546 1073 2588 mum
1096 2527 1246 2590 auriculae
1268 2526 1348 2607 ejuS,
1367 2527 1421 2608 qui
1443 2525 1504 2588 luit
1523 2526 1680 2608 leprosus,
1697 2533 1729 2589 et

182 2623 410 2701 mundabatur,
434 2625 610 2705 praesertim
632 2625 762 2704 quando
784 2625 930 2687 sacerdos
985 2625 1118 2707 pollices
1143 2644 1257 2688 manus
1278 2626 1395 2688 dextrae
1420 2644 1456 2687 ao
1481 2625 1582 2708 pedis,
1600 2625 1675 2706 quia
1696 2625 1728 2686 in

181 2721 930 2804 decipiebaturjudicandodclepra.Hujusmodi
985 2722 1036 2784 his
1062 2722 1205 2804 partibus
1230 2723 1318 2805 lepra
1342 2724 1447 2805 primo
1472 2723 1670 2802 dignoscitur
1693 2741 1729 2784 ac

181 2828 288 2882 autem
311 2820 430 2902 leprosi
456 2821 603 2902 purgatio
626 2820 725 2884 liebat
746 2821 927 2903 dupliciter.
986 2821 1133 2882 sentitur.
1150 2821 1282 2902 lnsuper·
1303 2820 1537 2883 adhibebantur
1558 2821 1632 2883 huic
1654 2819 1729 2882 ritui

181 2915 257 2979 Nam
277 2918 384 2998 primo
403 2917 606 3000 judicabatur
621 2939 691 2981 csse
707 2920 865 2993 mundus3
883 2937 931 2981 se·
987 2927 1049 2982 tres
1065 2919 1217 3001 liquores,
1229 2919 1377 2982 videlicet
1392 2920 1653 3000 sanguis,contra
1663 2938 1729 2982 cor-

181 3017 285 3079 cundo
302 3017 530 3079 restituebatur
540 3018 700 3080 consortio
717 3018 882 3081 hominum
899 3027 931 3079 et
947 3021 969 3084 C
986 3017 1166 3099 ruptionem
1184 3017 1349 3097 sanguinis
1365 3017 1398 3078 in
1415 3018 1551 3099 leproso,
1570 3017 1609 3078 ad
1630 3017 1728 3097 signi-

181 3115 282 3176 cultui
307 3116 375 3190 Dei,
400 3115 551 3179 videlicet
576 3125 648 3199 post
673 3124 795 3198 septem
821 3115 931 3179 diosa
986 3116 1147 3178 licandum
1167 3116 1252 3197 quod
1274 3115 1437 3196 corruptio
1459 3115 1514 3178 illa
1537 3115 1672 3178 cassavit
1694 3116 1727 3177 in

182 3213 286 3292 prima
301 3213 503 3294 purgatione.
521 3214 678 3295 -Atque
699 3214 732 3275 in
753 3214 857 3295 prima
876 3233 932 3296 pu·
985 3233 1043 3291 co,
1060 3213 1178 3289 oleum,
1196 3213 1234 3274 ad
1255 3213 1496 3294 exprimendum
1517 3212 1621 3277 morbi
1640 3232 1728 3277 cura-

183 3309 366 3373 rilicatione
382 3311 499 3375 obtulit
517 3313 596 3374 duos
617 3330 759 3393 passeres
775 3312 876 3387 vivos,
894 3313 932 3374 li-
986 3311 1278 3393 tionem,quoniam
1291 3311 1361 3374 oleo
1378 3311 1478 3394 pietas
1494 3320 1525 3374 et
1541 3312 1664 3374 sanatio
1680 3312 1729 3374 de

181 3427 280 3487 gnum
291 3409 468 3485 cedrinum,
476 3409 685 3473 vermiculum
702 3420 733 3472 et
744 3411 928 3492 hyssopum,
986 3419 1156 3485 notantur;
1174 3419 1205 3472 et
1220 3430 1301 3492 aqua
1316 3411 1400 3486 viva,
1417 3411 1456 3472 ad
1472 3411 1730 3474 emundationem

183 3509 225 3571 ita
239 3509 327 3590 quod
344 3507 403 3571 lilo
420 3509 476 3570 illo
490 3509 640 3571 coccineo
658 3508 777 3590 pariter
792 3509 932 3591 ligaban-
986 3509 1158 3591 spurcitiae.

183 3616 234 3669 tur
257 3625 371 3689 passer
392 3607 485 3669 vivus
507 3615 537 3669 et
563 3607 720 3688 hyssopus
744 3627 817 3670 cum
844 3608 932 3688 ligno
1026 3608 1080 3669 llis
1104 3607 1209 3672 vcrhis
1229 3608 1357 3671 Thomae
1377 3608 1582 3684 concordant,
1600 3627 1670 3689 quae
1692 3608 1732 3671 de'

182 3705 325 3781 cedrino,
352 3705 393 3767 ad
418 3703 602 3767 iaciendum
632 3705 869 3786 adspersovium
896 3724 933 3768 ex
987 3707 1048 3768 ista
1063 3706 1194 3768 materia
1215 3704 1325 3768 scribit
1340 3704 1528 3768 Guillclmus
1543 3705 1729 3770 Parisiansis

182 3803 413 3885 eisdcmcujus
426 3803 631 3865 manubrium
644 3803 705 3865 luit
722 3804 840 3883 lignum
855 3804 933 3866 illud
988 3806 1070 3868 libro
1092 3806 1131 3867 dc
1153 3805 1228 3867 Fide
1250 3812 1282 3867 ct
1304 3804 1438 3885 legibus,
1457 3813 1488 3868 et
1508 3805 1617 3885 aliqua
1640 3805 1729 3867 addit

182 3903 362 3967 cedrinum.
379 3902 542 3983 llyssopus
564 3910 670 3965 autem
693 3910 724 3965 et
749 3922 869 3985 passer,
887 3902 933 3965 in·
987 3904 1143 3967 dicendo:
1161 3902 1270 3966 Omnis
1292 3903 1379 3985 lepra
1399 3904 1599 3967 contrahitur
1615 3905 1656 3967 ah
1673 3904 1732 3966 ali-

182 4001 389 4082 tingohantur
405 4001 438 4061 in
454 4000 610 4080 sanguiue
622 4001 758 4082 passeris
776 4002 930 4065 immolati
987 4021 1051 4084 quo
1073 4009 1210 4083 quatuor
1232 4001 1473 4078 elementorum,
1492 4001 1566 4065 licet
1588 4021 1645 4085 per
1669 4022 1732 4066 me

180 4099 213 4161 in
232 4101 327 4181 aquis
346 4100 430 4161 vivis
450 4099 483 4161 in
505 4117 580 4162 vase
601 4098 695 4161 lictili
716 4100 840 4182 positis,
857 4100 929 4181 qui·
987 4100 1076 4163 dium
1091 4099 1220 4182 aliquod
1230 4107 1367 4182 quatuor
1379 4100 1646 4164 humorum:ideo
1657 4120 1731 4182 qua-

178 4197 238 4260 hus
263 4199 385 4259 mixtus
408 4205 477 4260 erat
499 4197 628 4276 sanguis
650 4198 748 4261 oblati
775 4199 926 4280 passeris
949 4203 1060 4264 Dtuor
1081 4199 1127 4262 ibi
1153 4197 1396 4275 adhibebantur,
1418 4217 1474 4279 per
1495 4218 1566 4280 quae
1590 4209 1727 4280 quatuor

176 4296 332 4360 Praedicta
346 4315 422 4359 vero
438 4304 576 4376 quatuor
591 4295 736 4377 leprosus
755 4297 926 4359 mundatus
987 4296 1145 4360 elementa
1160 4297 1337 4377 signantur,
1349 4295 1498 4360 videlicet
1512 4299 1636 4374 cedrus,
1650 4297 1731 4360 desi-

177 4395 309 4472 ohtulit,
336 4401 448 4457 contra
478 4403 615 4475 quatuor
645 4394 741 4476 lepras
770 4393 926 4458 delectus.
988 4413 1090 4475 gnans
1106 4394 1390 4476 terram,quoniam
1404 4396 1518 4458 cedrus
1533 4404 1580 4458 est
1597 4395 1734 4458 maxima

178 4492 260 4555 Sunt
280 4493 370 4556 cuim
391 4492 425 4554 in
446 4493 534 4574 lepra
556 4493 690 4573 putredo
711 4501 743 4555 et
763 4493 870 4569 foetor,
889 4493 935 4555 in·
989 4493 1182 4576 plantarum,
1199 4512 1278 4574 quas
1299 4501 1381 4555 terra
1400 4493 1521 4566 nutrit;
1538 4492 1733 4556 vermiculus

179 4591 379 4654 sensibilitas
399 4599 431 4654 ct
454 4591 627 4673 turpitudo.
645 4591 761 4654 Contra
781 4591 929 4655 loetorem
990 4611 1045 4655 seu
1066 4611 1179 4655 coccus
1195 4591 1245 4654 his
1261 4591 1390 4667 tinctus,
1408 4590 1515 4672 ignem
1532 4590 1732 4670 significans,

180 4689 382 4754 ollerobatur
407 4690 576 4772 hyssopus,
600 4709 671 4770 quar
696 4698 744 4752 est
768 4689 930 4754 odorilcra
991 4711 1091 4773 quum
1107 4689 1250 4754 sitruhci
1267 4689 1417 4771 igneique
1431 4689 1733 4772 coloris3hyssopus

183 4788 297 4866 herba,
316 4797 348 4851 et
371 4787 510 4851 laciliter
535 4797 640 4871 potest
664 4788 774 4852 haberi
794 4813 802 4863 3
823 4797 934 4852 contra
991 4809 1107 4870 aquam
1123 4789 1264 4869 signans,
1281 4807 1352 4871 quaa
1368 4788 1509 4850 abundat
1524 4788 1558 4850 in
1575 4789 1713 4870 hyssopo
1730 4815 1738 4866 ;

183 4886 393 4970 putredinem
423 4887 547 4967 lignum
576 4886 754 4964 cedrinum,
780 4887 933 4969 quoniam
992 4896 1024 4950 et
1039 4905 1158 4970 passer,
1175 4905 1281 4949 aerem
1302 4895 1426 4964 notans,
1443 4888 1482 4949 ad
1504 4887 1732 4949 insinuandum

183 4987 300 5049 cedrus
317 4985 527 5067 imputribilis
542 4992 590 5048 cst
607 4993 727 5048 naturae
740 5008 747 5058 ς
760 4993 870 5048 contra
887 4985 937 5047 in·
993 4985 1081 5066 juxta
1103 4985 1251 5062 litteram,
1269 4986 1354 5066 quod
1376 5004 1414 5048 ex
1436 5004 1638 5067 quocumque
1660 5004 1736 5066 qua-

184 5083 437 5147 seusihilitatem
463 5101 572 5164 passer
596 5083 699 5160 vivus,
721 5085 776 5165 qni
798 5091 846 5146 est
867 5084 936 5146 avis
995 5092 1066 5147 tuor
1091 5083 1320 5146 elementorum
1345 5083 1433 5165 lepra
1457 5092 1541 5147 esset
1563 5091 1735 5160 contracta,

183 5183 325 5246 multum
343 5183 438 5246 vivax
453 5191 486 5245 ct
501 5179 650 5256 mobilis;
667 5192 778 5246 contra
801 5183 938 5265 turpitu-
994 5183 1064 5264 ipse
1083 5182 1210 5245 Creator
1235 5181 1466 5245 elementorum
1492 5201 1547 5264 per
1572 5181 1737 5264 praelatam

182 5282 296 5346 dinem
311 5281 431 5345 coloris
446 5280 651 5358 vermiculus,
664 5281 720 5363 qui
736 5290 785 5343 est
801 5281 891 5343 rubei
906 5289 938 5343 ct
994 5281 1244 5363 adspersionem‚
1261 5288 1293 5342 ot
1307 5278 1370 5341 alia
1384 5299 1455 5361 quae
1471 5279 1555 5343 circa
1575 5281 1635 5343 hoc
1650 5280 1740 5342 adhi-
