4309 6259
469 485 529 548 520
1162 508 1321 555 omnmo

334 691 456 743 monuo.
472 683 533 754 tur,
550 677 637 757 quod
654 695 718 740 noo
734 677 776 739 sit
790 676 852 738 nisi
869 696 932 740 una
948 678 997 741 lex
1015 685 1115 756 votus,
1133 696 1204 760 quos
1219 679 1259 741 ah
1281 680 1425 763 apostolo
1439 679 1535 742 Paulo
1550 699 1588 743 ao
1602 679 1675 743 aliis
1697 680 1815 762 sopius
1835 680 1992 763 appellatur

242 832 245 838 .
323 764 456 816 H‘b'·¹’²⁸'
472 782 523 845 lox
537 782 661 866 Moysis,
680 802 776 863 quam
793 784 842 846 lex
857 784 923 847 Mei.
940 784 1061 849 Mobraei
1077 805 1206 867 quoquo
1216 795 1331 851 vocant
1346 786 1404 850 hos
1418 787 1563 869 quinque
1578 787 1676 851 libros
1690 787 1816 870 Moysis,
1828 804 1953 864 monio,
1966 787 1992 849 id

472 899 521 952 ost
536 889 662 971 Legem.
680 890 836 953 iterantur
858 900 964 955 autom
987 894 1047 956 tria
1069 894 1102 955 in
1117 893 1201 957 libro
1221 894 1294 972 isto,
1314 894 1416 957 tribus
1431 896 1471 958 do
1486 895 1601 957 causis.
1619 895 1723 959 Primo
1739 895 1838 973 enim,
1860 894 1992 957 iterantur

472 1005 630 1079 praeoopto
651 1006 683 1060 ot
702 999 903 1077 oaerimoniae,
925 1009 960 1063 ut
981 1003 1244 1065 commendentur
1264 1003 1437 1081 memorio,
1455 1012 1488 1066 et
1511 1012 1546 1066 ut
1568 1003 1714 1085 repetitio
1735 1002 1777 1065 sit
1799 1002 1990 1066 confirmatio.

472 1104 627 1182 Secundo,
641 1116 828 1188 repetuntur
843 1108 1002 1172 boneiioia
1019 1110 1084 1186 Mei,
1098 1118 1132 1172 ut
1147 1129 1204 1192 per
1219 1129 1255 1173 oa
1271 1113 1482 1173 accendamur
1498 1130 1605 1174 amoro
1621 1110 1734 1193 ipsius.
1747 1110 1865 1188 Tertio,
1887 1110 1993 1189 Magoiia

472 1213 686 1295 peccantium,
699 1224 734 1277 ut
751 1215 844 1280 timor
860 1216 914 1279 Moi
935 1218 1028 1281 nobis
1049 1217 1232 1281 incutiatur.
1251 1219 1322 1282 Maeo
1338 1219 1394 1281 ibi.

531 1321 674 1403 Denique
690 1332 817 1386 sanctus
832 1324 951 1406 Moyses
966 1326 1000 1387 in
1016 1325 1076 1389 hoo
1092 1325 1174 1389 libro
1190 1327 1233 1388 ita
1248 1327 1402 1409 procedit,
1419 1327 1506 1409 quod
1521 1327 1658 1391 obscuro
1673 1327 1823 1404 declarat,
1841 1325 1993 1410 prohibita

472 1429 612 1493 brevitor
628 1430 771 1512 replicat,
790 1432 919 1516 supplot
933 1433 1061 1513 omisso,
1074 1434 1252 1497 nooossoria
1267 1453 1396 1519 quoquo
1410 1435 1501 1498 addit
1515 1444 1546 1499 ot
1563 1435 1712 1519 applicat.
