4309 6259
456 475 516 540 tot

811 487 986 534 unnnnnrto
1006 487 1037 532 lu
1059 489 1128 534 CAP.
1151 487 1226 535 XXVI
1247 489 1384 536 tuvlrlcl.
1407 511 1447 522 -·
1467 493 1539 540 ART.
1561 493 1654 540 xuthi

456 664 606 746 operibus
617 660 886 725 etomissionibus
898 659 976 721 mihi
987 667 1019 721 et
1034 659 1114 721 meis
1125 678 1201 740 prae
1217 660 1242 722 Α
1256 663 1424 742 expressis,
1442 683 1479 727 ac
1497 664 1679 728 durioribus
1695 666 1820 742 ceteris,
1838 669 1885 726 ita
1900 679 1936 726 nt
1951 687 1996 726 co

456 763 557 844 ceptis
578 760 768 832 contrariis;
790 762 924 828 addara,
941 757 974 818 id
995 765 1044 819 est
1065 757 1198 836 augebo,

451 867 569 938 piapas
585 871 705 920 vestras
722 862 758 919 in
774 861 969 936 septuplum,
991 855 1023 917 id
1040 865 1089 918 est
1108 856 1200 936 plene

456 960 631 1022 secundum
646 958 805 1019 dictamen
820 955 952 1036 justitiae
967 973 1056 1031 mere,
1068 965 1200 1030 propter

450 1068 581 1135 peccata
600 1063 759 1125 castrant
774 1061 895 1135 quanto
911 1053 983 1134 plus
999 1051 1135 1115 creverit
1151 1070 1200 1113 ve

454 1165 519 1218 stra
540 1153 704 1236 iniqnitas,
721 1161 810 1215 tanto
832 1151 904 1233 plus
926 1159 1047 1214 crescat
1067 1148 1199 1230 justitia

453 1272 532 1316 mete
556 1252 692 1316 eftectus
718 1252 751 1313 in
776 1249 884 1324 vobis3
902 1252 1140 1328 immittamque
1162 1250 1197 1307 in

454 1374 507 1414 uos
531 1354 645 1413 bestias
668 1353 754 1427 apri,
778 1370 851 1428 qum
874 1358 1066 1408 consternant
1091 1367 1145 1406 oos
1169 1357 1198 1407 et

448 1472 566 1529 pecora
581 1460 699 1518 vestra,
708 1458 738 1508 ct
753 1451 797 1508 ad
807 1449 1006 1524 paucitatem
1021 1455 1136 1504 cuncta
1153 1466 1199 1504 rc-

452 1554 579 1627 dipant,
601 1547 750 1610 videlicet
775 1544 858 1608 ieras
883 1563 1033 1615 voraces;
1054 1547 1199 1603 desertu-

451 1671 513 1728 que
536 1654 615 1725 fient
639 1649 701 1707 oia’
725 1655 835 1706 vestra
850 1665 861 1703 .·
884 1643 959 1724 quia
982 1641 1071 1705 vobis
1096 1649 1128 1702 θῖ
1148 1641 1199 1720 ju-

453 1747 569 1810 mentis
594 1745 707 1808 restris
732 1741 857 1818 occisis,
881 1741 941 1805 via
965 1761 983 1802 a
1008 1739 1118 1821 paucis
1143 1747 1198 1800 aut

452 1845 550 1908 nullis
566 1851 719 1906 terantur.

494 1948 584 2013 Quod
605 1945 635 2003 si
657 1963 713 2002 nec
732 1944 779 2001 sic
801 1940 968 2000 uolueritis
986 1939 1125 2014 recipcre
1145 1938 1196 1996 m·-

450 2047 636 2122 sciplinam,
657 2044 711 2102 sed
733 2038 979 2100 ambulaveritis
999 2058 1040 2095 cu
1062 2039 1195 2095 aduerso

451 2145 534 2204 milti
544 2167 558 2214 ,¹
571 2162 626 2218 epo
641 2160 764 2220 quoque
778 2147 889 2197 contra
907 2156 959 2195 oos
974 2138 1129 2194 attonsus
1146 2136 1196 2192 in-

449 2246 573 2312 cedam,
592 2241 624 2301 id
643 2247 702 2314 θεῖ,
720 2255 811 2317 agam
831 2254 902 2316 quat
922 2233 1081 2297 contraria
1100 2239 1195 2294 erunt

449 2349 562 2403 vestrm
572 2336 739 2411 voluntati,
752 2333 843 2417 quasi
859 2331 1059 2396 adversarius
1075 2339 1191 2407 vester,

449 2447 604 2520 quantum
619 2437 659 2499 ad
674 2435 705 2496 id
721 2433 806 2515 quod
822 2432 898 2495 estis
914 2450 970 2512 per
985 2429 1124 2512 culpam.
1136 2429 1194 2492 Lo-

450 2539 559 2620 quitur
573 2545 679 2599 autem
694 2531 845 2595 Dominus
860 2531 899 2593 de
916 2549 949 2592 se
965 2528 1190 2610 metaphorice,

449 2637 541 2718 quasi
556 2636 596 2698 de
610 2633 739 2696 homine
758 2639 868 2694 contra
888 2648 963 2692 suos
983 2629 1090 2692 hostes
1113 2628 1192 2689 irato

448 2735 555 2798 animo
566 2733 732 2796 incedente
747 2731 788 2793 ad
804 2729 1045 2811 repugnandum
1061 2746 1099 2789 ac
1115 2724 1193 2787 ulci-

449 2833 613 2897 scendum.
621 2834 664 2892 Et
674 2831 858 2908 percutiam
869 2849 922 2888 ·oos
934 2827 1048 2906 septies
1059 2833 1192 2902 propter

443 2942 574 3011 peccata
590 2939 701 2989 cestra.
711 2930 932 3005 inducamque
946 2944 1042 3001 super
1058 2943 1111 2982 oos
1122 2926 1192 2998 pla-

1258 762 1392 819 metlatr's
1406 781 1517 820 carnes
1526 765 1672 838 filiorum
1689 774 1864 824 nestrorum
1875 775 1905 824 et
1914 769 1995 840 silia-

1257 877 1330 916 rum
1356 868 1556 920 vestrarum:
1577 862 1749 922 secundum
1776 863 1860 942 quod
1887 873 1994 943 quarto

1255 953 1373 1034 Regum
1399 965 1541 1039 tempore
1564 958 1659 1021 Elisei
1686 959 1801 1040 legitur
1824 961 1941 1022 lactum
1963 962 1992 1022 in
2020 980 2086 1035 itm
2100 997 2123 1026 a

1255 1051 1421 1117 obsidione
1446 1055 1604 1119 Samariae.
1630 1058 1782 1121 Jeremias
1807 1077 1936 1141 qnoque
1963 1060 1992 1122 in
2007 1047 2036 1086 ²⁹·

1254 1149 1407 1215 Threnis:
1425 1153 1544 1232 Manus,
1563 1155 1679 1236 inquit,
1692 1156 1859 1219 mulierum
1878 1159 1994 1220 miseri·
2021 1175 2121 1220 rimis.

1253 1250 1396 1311 cordium
1422 1262 1576 1316 coxerunt
1601 1253 1688 1316 lilios
1713 1273 1807 1330 suos;
1825 1254 1900 1317 iacti
1923 1265 1993 1318 sunt
2008 1241 2037 1279 ¹⁸¹·

1253 1347 1344 1410 cibus
1369 1369 1477 1413 earum
1505 1352 1536 1413 in
1563 1353 1755 1416 contritione
1781 1351 1857 1416 liliae
1886 1355 1992 1436 populi

1253 1446 1315 1507 mei
1330 1465 1336 1507 :
1354 1450 1440 1529 quod
1464 1449 1524 1512 luit
1547 1451 1579 1512 in
1602 1451 1768 1515 obsidione
1789 1452 1994 1516 Jerusalema

1252 1543 1418 1608 Chaldaeis.
1430 1548 1585 1630 losephus
1601 1550 1697 1612 etiam
1714 1551 1797 1614 libro
1812 1551 1852 1614 de
1866 1553 1993 1616 ludaico
2031 1570 2055 1612 n
2071 1571 2121 1610 crin

1252 1641 1337 1706 terro
1359 1645 1470 1707 ream
1492 1647 1575 1709 raim
1598 1648 1752 1712 astruisse
1773 1649 1804 1710 n
1827 1635 2117 1713 οεεᾱῐοῃο11·“····

1251 1741 1424 1806 Jerusalem
1444 1763 1463 1806 a
1482 1745 1641 1808 Romanis.
1660 1747 1748 1810 Unde
1770 1747 1802 1809 in
1817 1747 1926 1811 Glossa
1944 1768 1993 1810 ex-

1215 1840 1402 1920 Bprimitur
1427 1843 1521 1904 Maria
1548 1844 1686 1907 Eleazari
1715 1844 1794 1908 lilia.
1821 1850 1990 1906 Destrunm

1250 1944 1373 2000 encetsa
1391 1951 1504 2011 uestra,
1521 1941 1580 2005 hoc
1601 1951 1648 2006 est
1670 1942 1742 2005 lana
1757 1952 1853 2024 atque
1868 1944 1989 2016 altaria,

1251 2055 1321 2117 quc
1342 2039 1375 2099 in
1396 2039 1473 2102 locis
1497 2041 1687 2102 sublimibus
1710 2042 1930 2104 construxistis
1952 2042 1990 2103 ad

1251 2138 1462 2202 exercendum
1491 2139 1610 2202 ibidem
1637 2139 1833 2202 idololatrias
1860 2150 1989 2203 vestras.

1253 2238 1378 2296 Cadctis
1393 2239 1478 2298 inter
1489 2242 1603 2298 ruinas
1619 2240 1779 2299 idolorum
1795 2251 1968 2302 vestrorum
1979 2263 1990 2300 .·

1250 2334 1325 2415 quia
1354 2335 1399 2398 ihi
1428 2335 1617 2398 occidemini
1647 2337 1687 2398 ab
1717 2337 1908 2400 adversariis
1937 2359 1989 2402 re·

1249 2435 1323 2496 stris
1337 2459 1343 2508 ;
1359 2445 1389 2495 et
1403 2437 1644 2496 abominabitur
1660 2456 1712 2496 cos
1731 2438 1844 2497 anima
1865 2459 1934 2498 ritca
1955 2442 1988 2497 in

1250 2544 1387 2604 tantiam,
1403 2543 1438 2593 ut
1454 2536 1545 2594 urbes
1567 2545 1685 2595 uestras
1704 2538 1850 2610 rudiqam
1867 2539 1902 2596 in
1917 2540 1989 2598 soli·

1249 2633 1440 2694 tudinemln
1451 2633 1501 2694 his
1512 2632 1630 2715 Moyses
1643 2651 1706 2696 non
1719 2633 1821 2696 solum
1838 2642 1987 2716 tanquam

1247 2731 1408 2812 legislator
1423 2731 1567 2813 praecipit
1580 2731 1657 2813 quid
1673 2733 1843 2812 agendum,
1855 2734 1909 2796 sed
1928 2743 1989 2796 tan·

1245 2849 1341 2912 quam
1357 2829 1513 2912 propheta
1524 2828 1667 2910 praedicit
1679 2829 1793 2906 lutura,
1803 2850 1900 2912 seque
1913 2851 1990 2913 pra·

1246 2929 1344 2991 scisse
1359 2929 1555 2992 demonstrat
1570 2935 1702 2990 ventura
1716 2928 1896 2992 Judaorum
1912 2931 1989 2994 laci-

446 3029 614 3101 diumhoc
624 3035 673 3090 est
682 3025 856 3089 exercitum
866 3031 1023 3086 armatum
1037 3022 1077 3083 ad
1090 3019 1226 3088 vindi-G
1246 3045 1324 3090 nora
1339 3035 1371 3090 et
1387 3026 1525 3107 flagella,

446 3130 583 3194 candum
593 3146 666 3191 cum
676 3125 782 3207 gladio
792 3119 1189 3204 transgressiones‚quibus

387 3293 391 3297 ,
446 3225 643 3310 prevaricati
664 3223 740 3287 estis
763 3223 865 3304 legem
888 3239 1001 3282 meam.
1021 3223 1189 3298 Qunmae

444 3327 597 3407 superius
613 3326 649 3384 in
665 3324 756 3383 urbes
771 3329 859 3384 extra
878 3319 1039 3401 propriam
1057 3326 1186 3394 terram,

446 3427 574 3485 mittam
593 3422 815 3500 pestilentiam
838 3421 874 3478 in
900 3419 1004 3477 rnedio
1026 3418 1134 3490 uestri,
1158 3426 1189 3477 et

446 3522 624 3582 trademini
647 3522 684 3579 in
709 3537 826 3578 inactus
849 3519 1003 3585 bostium,
1014 3525 1187 3595 postquam

444 3623 629 3700 confrepero
645 3620 796 3680 baculum
805 3617 906 3694 panis
922 3615 1030 3686 vestri,
1047 3613 1108 3676 hoc
1128 3621 1185 3689 est,

444 3717 606 3782 abstulero
627 3715 719 3780 vohis
745 3721 1030 3776 sustentamentum
1052 3720 1084 3774 et
1105 3710 1188 3774 rele-

444 3817 582 3880 ctionem
597 3815 742 3878 cihorum
758 3821 934 3877 vestrorum
949 3814 1017 3888 3ita
1031 3821 1068 3870 ut
1082 3814 1188 3870 decem

445 3917 595 3976 rituiicres
610 3917 645 3974 in
663 3934 725 3974 strio
741 3915 867 3971 clibano
883 3920 1020 3989 coqrutnt
1031 3929 1144 3986 panes,
1156 3907 1187 3969 id

444 4023 503 4090 est,
521 4021 608 4075 tanta
626 4013 669 4074 sit
687 4017 792 4075 vostra
811 4007 949 4083 caristia,
967 4015 1002 4068 ut
1021 4026 1104 4069 unus
1125 4005 1189 4069 ior-

444 4132 505 4175 nax
520 4111 690 4175 mediocris
705 4128 763 4191 pro
779 4127 842 4170 una
857 4107 951 4169 domo
968 4105 1081 4183 lactuS,
1095 4105 1189 4168 sulli-

1284 3129 1328 3188 Et
1341 3129 1464 3186 deserta
1478 3127 1601 3202 faciam
1615 3127 1804 3186 sanctuaria
1820 3137 1936 3198 uestra,
1954 3128 1985 3190 id

1244 3231 1302 3302 est,
1320 3222 1486 3305 templum,
1502 3221 1624 3298 altaria,
1643 3239 1829 3304 synagogas,
1845 3233 1878 3286 et
1892 3227 1989 3288 sacri·

1244 3323 1319 3386 licia
1336 3341 1392 3405 per
1407 3340 1521 3384 manus
1539 3320 1679 3384 hostium
1700 3321 1881 3384 destruam:
1898 3325 1985 3405 quod

1245 3423 1363 3485 lactum
1378 3429 1426 3484 θεῖ
1441 3439 1497 3502 per
1511 3418 1666 3501 Assyrios,
1681 3418 1854 3497 chaldeos,
1875 3421 1988 3486 Roma-

1245 3539 1301 3584 nos
1320 3545 1327 3594 ;
1346 3540 1403 3580 nec
1417 3519 1571 3596 recipiam
1586 3521 1675 3578 ultra
1689 3521 1818 3578 odorem
1832 3523 1988 3581 suavissi-

1243 3641 1343 3690 mum,
1353 3617 1385 3680 id
1396 3625 1445 3680 est
1459 3615 1691 3679 sacrificiorum
1707 3615 1985 3701 oblationemque

1243 3717 1323 3780 mihi
1339 3716 1431 3779 valde
1447 3715 1508 3777 luit
1522 3724 1662 3796 accepta,
1680 3715 1808 3795 quando
1828 3716 1935 3780 devoti
1956 3729 1986 3780 et

1243 3815 1427 3878 obedientes
1452 3811 1569 3874 fuistis.
1586 3815 1841 3894 Dispcrdamquc
1866 3826 1986 3877 terram

1246 3925 1391 3984 cestram,
1409 3913 1468 3975 hoc
1490 3919 1537 3974 est
1560 3911 1755 3974 habitatores
1774 3922 1806 3975 et
1824 3913 1986 3977 habitacu-

1244 4014 1283 4089 la,
1302 4012 1396 4074 urbes
1412 4019 1444 4073 θῖ
1460 4009 1612 4073 fortalitia
1625 4033 1631 4082 ;
1644 4013 1876 4090 stupebantque
1890 4033 1986 4089 super·

1242 4133 1289 4182 en,
1318 4111 1349 4171 id
1376 4117 1434 4185 est,
1462 4109 1501 4171 de
1529 4117 1614 4170 tanta
1640 4127 1749 4170 eorum
1776 4108 1985 4190 dissipatione

443 4211 507 4273 ciat
517 4212 626 4273 decem
638 4207 784 4271 domibus
799 4206 837 4267 ad
854 4223 952 4286 panes
963 4205 1068 4267 calore
1078 4223 1187 4268 consu-
1203 4205 1227 4265 D
1243 4209 1454 4284 mirabuntur,
1472 4209 1602 4266 inimici
1619 4209 1726 4276 vestri,
1742 4229 1842 4286 quum
1862 4211 1985 4270 liabita-

444 4310 598 4385 lidandos
608 4318 644 4369 ut
659 4309 855 4367 reddantcos
865 4308 908 4364 acl
923 4303 1186 4376 rtiensuram,hoc

442 4417 491 4472 est
505 4407 637 4470 cuilibet
651 4403 844 4468 adstantium
860 4412 915 4465 aut
927 4403 1182 4478 domesticorum,

442 4507 591 4573 videlicet
604 4522 708 4587 parce.

482 4609 545 4669 Sin
559 4615 667 4666 autem
681 4625 738 4665 nec
747 4625 808 4681 per
817 4606 884 4664 baec
894 4602 1068 4661 audieritis
1084 4599 1182 4672 me,id

441 4713 500 4783 est,
518 4713 604 4767 tanta
618 4702 743 4767 vexatio
760 4701 849 4765 vohis
869 4718 932 4763 non
950 4698 1073 4761 dederit
1095 4698 1184 4760 intel-

441 4805 577 4876 lectum3
594 4823 649 4880 epo
671 4805 816 4863 incedam
836 4804 879 4860 ad
884 4818 989 4858 uersus
1010 4818 1061 4856 ctos
1078 4799 1115 4856 in
1129 4799 1184 4873 su-

440 4925 512 4964 rore
532 4904 705 4973 contrario,
723 4900 782 4962 hoc
807 4907 866 4975 est,
886 4916 942 4978 per
967 4895 1181 4959 inflictionem

438 5000 666 5064 acerrimarum
691 5016 869 5080 pennarum,
891 4994 1068 5075 exquibus
1091 4995 1182 5076 quasi

439 5118 498 5182 per
517 5098 646 5161 modum
668 5095 780 5158 furiosi
801 5113 851 5156 me
867 5102 977 5156 contra
993 5112 1049 5156 vos
1066 5092 1183 5155 hahere

288 5211 425 5267 ·urrtptan
440 5197 572 5260 videbor
584 5220 591 5271 3
608 5207 638 5256 et
648 5197 850 5272 percutiam·
864 5213 916 5254 uos
930 5203 1048 5269 septem
1059 5193 1182 5268 ptaqis,

439 5296 541 5360 idest
564 5293 723 5361 universis
746 5292 850 5375 poenis
876 5290 1011 5354 residuis
1036 5291 1182 5353 nondum

1243 4319 1321 4368 tores
1337 4310 1429 4366 itlius
1444 4307 1582 4382 sitierint,
1601 4305 1659 4368 hoe
1675 4313 1734 4381 est,
1751 4323 1850 4386 quum
1868 4315 1982 4369 terram

1240 4415 1378 4470 vestram
1394 4403 1602 4479 obtinuerint,
1621 4403 1861 4484 inhabitareqne
1880 4423 1985 4488 coepe-

1241 4505 1315 4567 rint.
1333 4503 1412 4565 Hinc
1432 4502 1583 4565 Jeremias
1610 4501 1791 4581 frequenter
1812 4504 1980 4583 predixit:

1239 4603 1348 4667 Omnis
1363 4602 1419 4682 qui
1440 4599 1601 4662 transierit
1622 4617 1774 4680 peream,
1793 4599 1936 4663 sibilabit
1951 4611 1983 4665 θῖ
2018 4629 2066 4672 1,»,
2074 4643 2115 4670 „n

1239 4699 1380 4782 stupebit
1396 4718 1490 4780 super
1506 4696 1664 4759 universis
1680 4696 1782 4778 plagis
1800 4697 1880 4778 ejus.
1893 4699 1983 4762 ltem-
1999 4694 2030 4733 ¹⁷·

1239 4817 1320 4882 que:
1339 4798 1423 4860 Dabo
1440 4816 1506 4872 vos,
1525 4795 1641 4876 inquit,
1660 4794 1692 4855 in
1713 4796 1932 4876 opprobrium,
1950 4805 1981 4861 et
2010 4835 2113 4875 mm

1239 4899 1271 4960 in
1289 4894 1556 4970 maledictionem,
1574 4892 1654 4954 etin
1671 4901 1832 4974 stuporem
1854 4893 1981 4956 unirer·
1998 4899 2031 4939 ¹⁸·

1238 4995 1281 5058 sis
1296 4992 1450 5072 gentibus
1465 4996 1551 5052 Tune
1562 4993 1735 5068 placebunt
1748 4999 1839 5050 tertre
1850 4995 1980 5052 sabbata

1237 5114 1318 5154 surr:
1334 5092 1366 5154 id
1386 5099 1444 5166 est,
1464 5099 1545 5152 terra
1566 5098 1671 5152 vestra
1692 5097 1754 5150 tam
1776 5087 1831 5150 diu
1850 5088 1910 5151 erit
1929 5089 1982 5151 de

1238 5199 1331 5268 serta,
1349 5198 1380 5252 et
1401 5189 1442 5250 ah
1463 5189 1613 5270 operibus
1634 5187 1837 5268 agriculturas
1859 5188 1979 5268 quieta,

1237 5289 1322 5371 quod
1340 5287 1471 5350 habebit
1487 5305 1521 5349 se
1539 5305 1594 5368 per
1615 5286 1744 5349 modum
1764 5285 1917 5367 placentis
1940 5287 1982 5350 de
