4309 6259
522 518 695 565 manuario
717 520 748 565 IN
770 519 837 565 CAP-
861 518 914 565 xxi
935 518 1132 565 mannhun.
1154 537 1195 548 -
1214 519 1285 564 aar.
1308 519 1404 566 xxxvl

1673 499 1732 565 lid

185 690 323 764 cundiae,
349 691 387 753 ad
414 689 573 754 servorem
597 690 751 773 peccandi
775 709 832 753 nos
855 690 935 752 inci·
951 692 975 751 Α
991 690 1171 773 concipere.
1188 690 1275 763 Quod
1292 690 1319 751 si
1336 691 1467 753 interior
1481 690 1598 772 aliquis
1615 687 1734 752 inordi-

185 797 266 865 tant,
288 791 345 870 qui
371 810 472 872 quum
497 790 637 853 viderint
662 808 720 852 nos
745 790 854 853 venire
879 808 936 872 per

183 889 270 951 viam
293 890 540 971 exploratorum,
558 889 618 952 hoc
634 898 682 951 est
698 907 755 970 per
771 898 889 969 rectam
906 896 937 949 et

183 997 307 1050 arctam
324 988 407 1050 viam
430 988 553 1063 salutis,
573 1006 667 1068 quam
691 986 846 1050 veraciter
866 1005 937 1048 cau-

185 1086 220 1159 ti,
240 1086 387 1163 virtuosi,
410 1106 446 1149 ae
466 1086 592 1168 providi
613 1086 761 1161 viatores,
784 1094 935 1167 tanquam

184 1184 497 1266 compendiosiorem
513 1186 684 1247 observant
694 1192 725 1247 et
736 1184 868 1264 eligunt,
880 1184 936 1245 im·

185 1292 334 1365 pugnant
364 1303 422 1346 nos
453 1284 579 1360 acriter,
607 1283 844 1365 prevalentque
871 1281 935 1344 frc-

183 1390 337 1464 qnenter‚
370 1392 401 1444 et
432 1381 678 1444 charismatibus
708 1381 847 1463 spoliant
878 1400 935 1443 nos

183 1481 318 1543 dirinis.
336 1480 396 1543 Sed
412 1481 679 1563 quemadmodum
697 1478 759 1542 lilii
775 1480 868 1542 lsrael
884 1480 935 1543 de

184 1580 416 1663 praedationem
433 1580 588 1661 perpessi,
606 1580 740 1643 Domino
755 1598 828 1642 mox
844 1597 935 1643 vove·

184 1687 271 1755 runt,
289 1679 376 1759 quod
396 1678 423 1739 si
445 1678 582 1741 traderet
601 1678 795 1741 Chananaeos
812 1676 884 1740 illos
900 1678 933 1739 in

183 1798 301 1841 manus
318 1778 624 1859 ipsorum,delerent
640 1777 734 1840 urbes
746 1778 934 1841 Chananaeo-

992 799 1086 851 natus
1100 790 1264 871 consurgit
1279 798 1393 865 motus,
1404 808 1467 852 non
1484 787 1733 869 acquiescamus,

992 908 1050 951 nec
1059 890 1099 951 ad
1110 889 1413 951 murmurationiset
1424 888 1630 971 impatientiae
1641 886 1735 950 robel-

992 988 1129 1050 lionisre
1153 988 1250 1051 verba
1265 1007 1510 1070 prorumpamus
1531 987 1651 1068 iniqua.
1668 987 1736 1048 Non

994 1086 1088 1149 nobis
1104 1095 1246 1148 vertatur
1261 1086 1294 1148 in
1310 1106 1460 1149 nauseam
1477 1087 1572 1168 panis
1584 1085 1734 1162 coelestiS,

993 1182 1126 1247 relectio
1152 1183 1339 1266 spiritualis,
1356 1184 1490 1247 verbum
1511 1186 1578 1261 Dei,
1596 1184 1735 1246 studium

992 1283 1168 1365 spirituale,
1192 1283 1397 1346 observantia
1420 1284 1588 1347 virtuosa:
1615 1282 1735 1363 alioqui

991 1382 1053 1443 Deo
1075 1381 1251 1462 justissime
1274 1382 1487 1463 permittente,
1508 1383 1669 1457 invadent,
1687 1382 1736 1443 in-

993 1479 1186 1556 toxioabunt,
1211 1480 1355 1543 occident
1382 1498 1440 1543 nos
1465 1489 1628 1563 serpentes
1653 1480 1734 1561 igni-

991 1578 1026 1655 ti,
1054 1578 1218 1661 passiones
1247 1577 1429 1656 mortiferae,
1458 1580 1520 1642 tela
1544 1578 1733 1660 nequissimi
1761 1593 1879 1650 raptae.

990 1678 1095 1757 ignea,
1113 1687 1145 1740 et
1169 1678 1301 1760 spiritus
1326 1678 1512 1741 infernales.
1529 1678 1671 1759 Denique
1692 1677 1731 1753 si,
1749 1661 1781 1753 ¹⁶1

990 1777 1075 1857 quod
1105 1776 1198 1852 absit,
1227 1778 1266 1838 ad
1295 1785 1416 1839 tantum
1442 1777 1663 1841 devenerimus
1688 1776 1733 1838 la-

184 1896 255 1939 rum
271 1901 278 1951 ;
298 1878 342 1938 ita
358 1895 416 1939 nos
432 1896 450 1937 a
466 1876 665 1939 demonibus
680 1876 863 1957 depraedati,
877 1875 934 1937 lir-
953 1878 975 1939 B
990 1893 1095 1956 psum,
1109 1893 1171 1938 non
1189 1875 1405 1957 desperemus
1419 1877 1473 1939 sed
1489 1875 1648 1939 Christum
1665 1894 1734 1957 pro

183 1976 280 2038 miter
308 1994 524 2058 proponamus
552 1984 583 2037 ot
613 1975 805 2057 incipiamus
835 1976 930 2037 Deum

183 2074 421 2138 incessabiliter
443 2074 604 2149 invocare,
624 2082 658 2136 ut
676 2073 809 2152 gratiam
826 2082 857 2135 et
872 2074 933 2135 vir-

184 2181 269 2235 tutes
286 2172 481 2255 praevalendi
497 2171 698 2234 demonibus
716 2171 808 2233 nobis
825 2172 932 2252 largiri

182 2273 357 2351 dignetur:
375 2291 471 2353 quam
498 2271 524 2333 si
551 2270 733 2347 contulerit,
758 2279 933 2333 statuamus

182 2389 249 2433 non
272 2370 375 2432 solum
400 2387 458 2431 nos
477 2370 564 2450 ipsos
580 2369 619 2431 de
636 2369 784 2431 manibus
805 2368 932 2431 illorum

184 2488 297 2531 cruere
317 2467 500 2550 impiorum,
520 2469 574 2531 sed
591 2476 621 2529 et
636 2468 732 2530 urbes
751 2487 861 2531 eorum
883 2469 935 2531 de-

186 2568 262 2643 lere,
292 2567 353 2629 hoc
379 2574 438 2642 est,
465 2566 627 2629 consortia
653 2566 835 2647 iniquorum
861 2584 936 2629 con-

185 2676 321 2739 vertere,
339 2665 602 2746 congregationes
618 2665 753 2746 injustas
768 2665 808 2726 ad
824 2665 935 2726 salutis

185 2764 339 2827 reducere
355 2762 673 2844 viam,vitiorumque
688 2762 788 2826 aciem
805 2763 936 2845 dissipa-

185 2882 230 2937 re,
249 2861 426 2925 laborando
443 2862 480 2923 ad
497 2862 564 2924 haee
581 2861 745 2944 implenda
766 2881 822 2944 pro
843 2880 936 2943 posse

185 2960 398 3037 orationibus,
417 2959 702 3037 exhortationibus,
726 2968 757 3023 ct
779 2960 937 3042 exempla-

186 3058 431 3121 &mmmm

225 3158 391 3235 Praeterea,
409 3177 466 3240 per
483 3174 588 3237 regem
604 3166 635 3220 et
652 3158 806 3239 populum
823 3158 933 3235 Edom,

185 3256 241 3338 qui
260 3256 340 3318 liliis
357 3256 449 3319 lsrael
467 3264 663 3337 negaverunt
679 3256 738 3318 iter
749 3276 806 3338 per
821 3266 935 3319 terram

186 3355 359 3431 suam,imo
371 3364 402 3417 et
413 3354 526 3417 armati
538 3364 743 3418 occurrerunt
754 3355 936 3431 eisdem,in-

186 3454 378 3535 telliguntur
393 3453 540 3517 homines
553 3455 707 3531 carnales
716 3454 844 3531 terreni,
853 3455 937 3538 prin-

186 3554 341 3635 cipesque
364 3553 479 3635 iniqui,
497 3554 554 3634 qui
573 3553 730 3634 justorum
751 3554 937 3617 abominan-

188 3660 238 3714 tur
261 3652 433 3729 consortia,
452 3660 482 3714 et
507 3651 590 3714 inter
613 3671 646 3715 se
667 3670 729 3714 non
749 3652 936 3734 permittunt

187 3751 262 3813 illos
293 3750 432 3831 pacifice
461 3750 656 3828 conversari,
683 3750 748 3813 imo
779 3750 934 3829 derident,

188 3858 490 3931 persequunturque
508 3848 606 3930 ipsos,
624 3856 654 3911 et
675 3848 771 3912 vitam
794 3849 935 3931 ipsorum

188 3956 303 4029 putant
319 3946 485 4009 insaniam.
497 3946 547 4009 Sic
565 3946 656 4029 impii
672 3956 880 4023 excaecantur,
891 3948 936 4010 sic

188 4046 351 4127 principes
377 4045 527 4109 dixerunt
548 4047 588 4107 ad
610 4045 689 4107 Jehu
714 4046 754 4108 de
777 4046 936 4127 discipulo

187 4144 284 4207 lilisei
299 4162 305 4205 :
323 4143 403 4217 Ouid
421 4144 510 4207 venit
530 4144 662 4206 insanus
679 4144 738 4207 iste
753 4145 792 4207 ad
808 4148 860 4207 tet
877 4144 935 4207 Sed

990 1982 1060 2055 pter
1083 1992 1140 2036 nos
1163 1974 1250 2037 cruci
1273 1993 1447 2056 appensum
1474 1975 1665 2050 intueamur,
1687 1973 1735 2034 in-

990 2091 1151 2149 vocemus,
1179 2082 1336 2137 sectemur
1358 2098 1364 2148 ;
1391 2075 1524 2156 ejusque
1554 2072 1734 2157 passionem

990 2172 1107 2235 nostris
1122 2173 1270 2235 cordibus
1285 2172 1497 2236 indelebiliter
1511 2171 1734 2247 inscribamus,

991 2280 1086 2352 atque
1112 2271 1145 2332 in
1170 2290 1207 2332 ca
1232 2280 1382 2352 tanquam
1413 2272 1622 2335 saluberrimo
1652 2269 1735 2333 libro

990 2388 1118 2434 omnem
1135 2369 1735 2451 consideremus,discamus,operemur

992 2468 1153 2530 virtutem.
1172 2468 1210 2529 Et
1226 2468 1309 2530 sicut
1325 2467 1387 2530 titii
1402 2469 1496 2531 lsrael
1513 2477 1735 2550 processerunt

992 2566 1156 2647 paulatim,
1167 2575 1198 2629 ct
1213 2568 1252 2629 de
1268 2586 1332 2628 una
1346 2568 1385 2628 ad
1400 2567 1495 2629 aliam
1511 2566 1644 2649 profecti
1661 2575 1735 2628 sunt

991 2664 1201 2740 mansionem,
1221 2664 1265 2727 ila
1287 2664 1446 2745 spirituali
1472 2664 1629 2746 profectui
1651 2666 1736 2728 ordi-

992 2770 1065 2825 nate
1090 2771 1121 2825 et
1145 2763 1264 2843 jugiter
1289 2764 1485 2838 insistamus,
1507 2772 1538 2824 ot
1563 2763 1736 2844 unicuique

992 2861 1103 2924 virtuti
1120 2880 1177 2923 suo
1193 2861 1262 2923 loco
1278 2870 1309 2924 et
1326 2870 1468 2943 tempore
1488 2862 1587 2924 simus
1607 2862 1734 2926 intenti.

991 2960 1111 3042 Nempe
1131 2960 1180 3038 (ut
1205 2968 1333 3022 sanctus
1358 2960 1403 3021 ait
1428 2959 1651 3041 Hieronymus)
1671 2980 1735 3023 uon

955 3063 976 3126 C
992 3077 1118 3140 semper
1134 3058 1190 3119 uni
1206 3058 1317 3120 virtuti
1334 3059 1525 3121 studendum
1546 3067 1604 3134 est,
1622 3060 1676 3122 sed
1697 3060 1736 3121 de

992 3157 1109 3219 virtute
1130 3157 1163 3218 in
1185 3156 1334 3220 virtulem
1350 3157 1502 3220 eundum.
1519 3157 1683 3220 Cohaercnt
1695 3167 1737 3220 et·

991 3255 1077 3319 enim
1095 3255 1156 3317 sibi
1172 3265 1204 3318 et
1218 3274 1369 3319 connexae
1385 3264 1460 3318 sunt
1474 3255 1619 3331 virtutes,
1630 3266 1665 3319 ut
1679 3256 1735 3338 qui

992 3375 1056 3418 una
1076 3355 1224 3431 caruerit,
1241 3355 1391 3418 omnibus
1413 3356 1608 3419 eareatfloc
1630 3364 1735 3418 autem

992 3473 1102 3517 eorum
1127 3463 1175 3517 est
1201 3455 1339 3537 proprie,
1357 3454 1412 3536 qui
1437 3456 1608 3518 observant
1631 3464 1735 3518 ortum

992 3553 1074 3617 Solis
1089 3553 1231 3634 justitiae.

1026 3658 1081 3716 aa
1094 3674 1129 3713 eo
1143 3657 1207 3714 loco
1221 3657 1375 3731 apparuit
1386 3665 1511 3731 puteus.
1520 3654 1553 3715 ln
1566 3653 1737 3736 Scripturis

992 3758 1107 3833 puteus
1129 3751 1287 3813 interdum
1309 3753 1341 3813 in
1362 3752 1446 3815 malo
1466 3750 1631 3833 accipitur,
1649 3761 1737 3833 utpo

994 3858 1023 3912 te
1043 3867 1101 3931 pro
1117 3850 1268 3912 vitiorum
1289 3847 1450 3930 profundo
1470 3857 1566 3931 atque
1586 3848 1736 3928 voragine

992 3948 1169 4029 pravitatiS,
1197 3947 1464 4028 quemadmodum
1491 3946 1646 4030 scripturn
1675 3956 1734 4022 est,

992 4048 1099 4128 Neque
1115 4055 1224 4125 urgeat
1244 4065 1339 4128 super
1359 4066 1410 4110 me
1430 4056 1546 4129 puteus
1566 4065 1601 4110 os
1620 4066 1734 4121 suum3
1764 4075 1803 4117 p„
1815 4088 1883 4126 mu,

992 4146 1152 4208 interdum
1184 4146 1216 4207 in
1247 4145 1344 4223 bono,
1371 4146 1521 4210 videlicet
1544 4165 1602 4229 pro
1627 4145 1736 4207 ilnmi-
1753 4142 1785 4181 ¹⁶·

81 4248 85 4256 ’
186 4244 270 4306 sicut
286 4242 383 4305 lsrael
400 4242 531 4305 divertit
547 4242 587 4304 ab
603 4243 712 4319 Edem,
731 4244 776 4305 sic
791 4244 870 4325 justi
886 4244 937 4306 de·
952 4243 977 4304 Ι)
993 4262 1032 4306 ne
1047 4243 1232 4324 gratiarum,
1251 4263 1308 4326 pro
1333 4244 1494 4326 profundo
1519 4244 1684 4328 sapientiae
1706 4254 1738 4307 et

187 4341 264 4404 bent
286 4342 400 4404 cedere
423 4341 542 4423 impiis,
562 4360 624 4404 non
648 4351 752 4404 tamen
778 4342 937 4423 relinque-

186 4458 220 4501 re
242 4440 398 4501 virtutum
422 4439 645 4516 constantiam,
664 4440 717 4501 sed
739 4440 834 4503 malle
855 4440 934 4503 mori

186 4557 284 4619 quam
302 4538 491 4617 transgredi.

232 4636 409 4699 Careamus
436 4644 598 4718 praeterea,
627 4658 667 4699 no
691 4657 763 4702 cum
790 4637 868 4700 liliis
895 4640 936 4701 ls-

179 4735 251 4797 rael
267 4736 380 4799 taedcat
393 4754 452 4798 nos
468 4734 592 4797 itineris
608 4745 778 4818 assumpta
793 4737 932 4818 justitiae,

187 4852 223 4896 ac
240 4833 359 4896 laboris
380 4834 437 4914 qui
459 4833 494 4896 in
519 4834 572 4895 Dei
596 4835 743 4897 consistit
768 4836 931 4916 obsequio.

60 4942 171 4999 sonata.
188 4932 345 4995 Bonorum
372 4951 511 5013 namque
537 4932 682 4995 laborum
706 4933 863 5013 gloriosus
888 4942 935 4996 est

190 5030 312 5093 fructus
324 5054 330 5104 ;
344 5038 375 5093 et
391 5049 449 5112 pro
465 5031 656 5094 brevissimo
668 5032 741 5093 vitea
756 5032 852 5114 hujus
868 5052 935 5095 eur-

188 5129 301 5206 riculo,
320 5129 353 5190 iu
370 5129 425 5191 [lei
443 5130 530 5191 cultu
546 5148 695 5210 expenso,
715 5130 844 5210 praemia
861 5150 936 5213 prae-

71 5247 173 5298 ramas
188 5227 344 5289 stolamur
360 5234 489 5303 aeterna,
506 5236 538 5289 et
554 5228 638 5290 bona
656 5246 725 5308 quac
747 5247 804 5291 nec
824 5230 935 5292 oculus

64 5308 174 5365 “mvl-
188 5324 280 5401 vidit,
304 5322 475 5386 ncc'auris
501 5324 634 5401 audivit,
654 5344 713 5387 nce
738 5345 828 5389 mens
853 5328 937 5390 valet

992 4342 1134 4404 scientiae
1147 4342 1213 4417 Dei,
1231 4361 1289 4424 pro
1305 4343 1510 4406 exuberantia
1526 4362 1737 4426 supernorum

984 4440 1229 4503 charismatum.
1247 4442 1355 4523 ltaque
1370 4442 1561 4523 evangelicae
1581 4442 1660 4523 legis
1682 4442 1738 4505 do-

991 4540 1103 4616 ctrina,
1112 4540 1288 4622 apostolica
1298 4542 1486 4604 documenta
1499 4551 1531 4604 et
1545 4551 1649 4604 cetera
1660 4541 1739 4604 Scri-

991 4647 1156 4721 pturarum
1173 4639 1338 4702 volumina
1352 4640 1440 4721 putei
1459 4648 1543 4715 sunt,
1561 4659 1598 4702 rx
1619 4639 1737 4720 quibus

992 4736 1051 4799 rivi
1069 4738 1240 4818 sapientie,
1251 4738 1441 4801 relectiones
1457 4738 1571 4800 animia
1587 4738 1734 4814 sitientis,

992 4835 1194 4914 irrigationes
1219 4837 1472 4899 consolationum
1495 4846 1689 4915 sanctarum,
1706 4845 1738 4900 et

991 4935 1165 5015 gratiarum
1181 4954 1314 4998 munera
1329 4936 1531 4997 hauriuntur.
1548 4936 1610 4998 llos
1626 4946 1737 5017 puteos

992 5032 1153 5109 foderunt,
1177 5043 1208 5097 et
1234 5034 1326 5096 nobis
1351 5033 1564 5097 exhibuerunt
1588 5034 1738 5118 Princeps

992 5139 1155 5213 pastorum
1172 5141 1203 5195 ct
1219 5134 1319 5194 sancti
1336 5132 1556 5214 hpostoli‚qui
1572 5133 1738 5195 constituti

992 5239 1065 5291 sunt
1077 5230 1239 5311 principes
1256 5248 1488 5311 superomnem
1505 5239 1631 5307 terram,
1640 5231 1738 5294 Evan-
1753 5247 1884 5295 reamur.

991 5327 1112 5408 gelista
1137 5336 1169 5390 et
1193 5327 1356 5409 Propheta
1380 5329 1528 5393 ductores
1554 5329 1666 5392 nostri.
1692 5329 1737 5389 En
