4309 6259
415 479 475 544 632
732 499 905 545 adsumto
926 499 956 544 lli
978 497 1045 544 GAP.
1069 495 1143 542 xxvi
1163 496 1398 543 ammonem.
1419 515 1459 526 -
1479 497 1551 542 ART-
1573 495 1649 542 xxix

414 669 519 732 solum
545 668 615 731 alia
640 670 710 732 duaa
730 691 736 734 :
762 669 880 733 idcirco
905 686 1004 752 quum
1030 666 1157 741 dicitur,
1174 665 1300 747 Aquod
1316 667 1349 728 in
1366 667 1528 750 Scriptura
1546 665 1685 730 ostendit
1699 663 1751 727 hie
1764 665 1879 727 Doctor
1894 671 1960 724 tres

414 767 506 830 Anno
522 767 718 830 decimarum
734 768 838 845 tertio,
856 767 1079 848 intelliguntur
1091 765 1160 827 duae
1215 765 1354 828 decimas
1367 766 1467 828 luisse
1477 765 1510 827 iu
1522 765 1695 845 legemodo
1705 761 1959 846 praelatolltquc

416 873 539 928 tantum
556 865 716 948 primitiae,
736 866 859 930 scilicet
881 866 1072 948 primaque
1094 871 1162 926 erat
1215 866 1254 927 de
1277 865 1370 926 tertia
1393 866 1517 927 decima
1541 865 1696 946 scriptum
1720 870 1768 925 est
1792 861 1826 923 in
1847 859 1957 934 Tobia,

415 963 607 1040 heritarum,
634 972 666 1026 et
690 965 828 1028 secunda
853 984 924 1047 qua
949 972 1016 1026 erat
1041 980 1160 1045 paupe·
1215 965 1301 1046 quod
1322 965 1355 1026 in
1377 965 1469 1028 tertio
1484 983 1569 1028 anno
1591 963 1759 1046 proselytis
1778 970 1811 1024 et
1825 960 1959 1023 advenis
1987 975 2096 1019 rosas.

416 1081 484 1123 rum
500 1086 506 1136 ;
529 1060 655 1126 duobus
670 1072 776 1125 autem
799 1062 1052 1145 praecedentibus
1066 1060 1161 1122 anuis
1216 1062 1409 1125 ministravit
1428 1080 1555 1126 omnem
1572 1062 1826 1126 decimationem.

416 1160 515 1223 fiebat
531 1163 750 1224 tantummodo
766 1162 880 1244 prima.
899 1162 968 1224 llaee
988 1161 1079 1243 Lyra.
1258 1165 1392 1224 obedivi
1417 1166 1487 1224 ooei
1509 1164 1643 1224 Domini
1665 1163 1726 1224 Dei
1750 1162 1826 1228 mei,
1841 1169 1871 1219 et
1895 1159 1960 1236 feci

456 1259 517 1321 Sed
538 1258 621 1321 sicut
641 1261 874 1342 supradictum
897 1269 955 1336 est,
974 1259 1091 1342 positio
1107 1256 1163 1320 illa
1217 1263 1329 1320 aracaio
1351 1281 1423 1340 qua
1442 1262 1626 1340 praecepisti
1650 1262 1743 1320 caiti.
1765 1260 1897 1334 Respice
1919 1260 1960 1316 de

416 1357 456 1419 do
468 1357 569 1420 tribus
585 1358 729 1435 decimiS,
746 1367 794 1422 est
809 1359 946 1439 Magistri
962 1358 995 1420 in
1006 1357 1161 1432 historiis,
1216 1363 1404 1420 sanctuario
1421 1370 1485 1429 tuo,
1499 1370 1529 1419 et
1549 1363 1589 1419 de
1607 1363 1726 1420 excelso
1740 1361 1892 1418 caelorum
1906 1359 1960 1415 lra-

417 1455 472 1537 qui
489 1456 584 1519 etiam
606 1456 753 1538 perhibet
768 1477 837 1520 eam
860 1457 900 1519 ab
915 1456 1054 1520 Hebraeis
1076 1473 1164 1517 accc
1218 1460 1367 1520 dituculo.
1384 1458 1470 1520 lstud
1495 1466 1599 1540 potest
1623 1475 1692 1519 csse
1714 1455 1814 1519 oratio
1833 1453 1959 1536 Moysis,

419 1562 517 1635 ptam.
539 1555 578 1616 Et
593 1556 666 1618 dato
682 1556 766 1636 quod
791 1574 854 1618 uon
871 1555 1025 1618 habeatur
1043 1555 1164 1616 directe
1218 1556 1268 1619 vel
1284 1555 1454 1636 oilercntis
1469 1554 1604 1638 praefati.
1615 1552 1963 1636 ltaque,Domiue,oeu

418 1671 457 1713 ex
473 1661 569 1729 textu,
588 1662 692 1716 tamen
708 1654 852 1735 sequitur
867 1673 904 1717 ex
924 1655 1044 1717 eodem.
1063 1651 1165 1733 Siqui-
1218 1654 1250 1718 lo
1266 1654 1393 1736 pietatis
1416 1655 1539 1736 respice
1553 1655 1593 1716 de
1615 1652 1795 1716 sanctuario
1817 1660 1884 1726 tuo,
1901 1651 1962 1714 boc

421 1751 493 1813 dem
518 1752 610 1815 aliter
639 1771 704 1815 non
728 1753 854 1815 videtur
884 1770 977 1834 posse
1002 1749 1164 1814 verificari
1219 1762 1267 1816 est
1291 1754 1331 1817 de
1357 1745 1562 1818 tabernaculo
1586 1770 1642 1815 scu
1663 1751 1808 1833 templo:
1831 1749 1961 1812 namin

421 1850 506 1930 quod
521 1869 617 1932 supra
633 1851 786 1933 scriptum
803 1859 851 1914 cst
868 1868 875 1910 t
893 1850 960 1914 Non
977 1849 1095 1932 poteris
1116 1866 1165 1912 co
1183 1851 1205 1911 B
1220 1852 1423 1915 tabernaculo
1444 1852 1557 1934 Moysis
1583 1851 1662 1914 Deus
1682 1860 1759 1913 tunc
1781 1848 1963 1931 specialiter

299 1963 304 1981 ·
341 1959 347 1971 ·
421 1949 547 2011 medere
563 1949 596 2011 iu
608 1950 735 2032 oppidis
753 1950 815 2011 tuis
826 1950 982 2012 decimam
999 1946 1163 2022 frumenti,
1220 1950 1362 2014 habitare
1377 1949 1863 2031 asserebatur,quemadmodum
1878 1966 1963 2010 nuuc

420 2045 487 2108 vini
510 2055 541 2109 ct
566 2047 640 2124 olei,
658 2047 869 2129 primogenita
893 2055 1111 2109 armentorum
1133 2053 1165 2107 et
1220 2050 1253 2112 in
1269 2049 1404 2113 ecclesia
1426 2057 1629 2122 cousecrata3
1647 2056 1678 2111 ct
1699 2048 1739 2109 de
1760 2045 1885 2110 excelso
1899 2063 1963 2109 coe-

420 2164 571 2227 pecorum
594 2155 625 2208 et
649 2145 808 2229 primitias
832 2165 984 2208 manuum
1011 2153 1136 2206 tuarum
1155 2169 1162 2219 ;
1219 2143 1321 2212 lorum
1339 2147 1531 2224 habitaculo,
1549 2155 1626 2230 puta
1641 2147 1680 2209 de
1699 2145 1782 2209 coelo
1797 2163 1961 2227 empyreo,

418 2244 473 2306 sed
490 2262 595 2306 eoram
613 2245 746 2307 Domino
762 2245 825 2308 Deo
842 2253 896 2307 too
913 2244 1058 2316 comedas
1076 2261 1115 2304 ea
1130 2242 1163 2303 io
1219 2248 1258 2310 do
1273 2266 1336 2327 quo
1348 2247 1380 2308 in
1391 2246 1514 2309 Psalmo
1525 2245 1570 2307 :a
1586 2263 1710 2307 summo
1725 2244 1807 2307 eoelo
1822 2242 1963 2324 egressio
1985 2263 2109 2308 amaa.

419 2343 488 2406 loco
510 2361 606 2425 quem
629 2342 760 2422 elegerit
783 2342 947 2419 Dominus,
966 2351 999 2404 tu
1024 2350 1055 2404 et
1074 2340 1163 2402 lilius
1218 2346 1298 2425 ejus.
1311 2347 1350 2407 Et
1365 2346 1397 2407 in
1413 2344 1491 2408 isaia
1503 2365 1510 2408 :
1523 2343 1641 2408 Coelum
1657 2341 1735 2406 milri
1748 2343 1839 2404 sedes
1852 2348 1912 2404 est.
1924 2344 1965 2403 Et
1989 2361 2108 2406 rauna

419 2448 491 2502 tuus
507 2448 539 2504 ct
550 2440 631 2518 iilia,
645 2460 755 2504 servus
771 2440 944 2518 allamma,
963 2447 1059 2520 atque
1074 2439 1164 2501 Levi·
1219 2446 1349 2504 bertedic
1362 2447 1481 2523 populo
1494 2453 1548 2503 tao
1563 2445 1679 2511 lsrael,
1689 2440 1794 2504 dando
1809 2447 1841 2502 et
1857 2437 1964 2500 multi-

419 2548 476 2602 tes
499 2539 576 2601 Nam
592 2539 675 2602 sicut
698 2539 816 2602 ibidem
841 2538 1007 2622 probatum
1028 2545 1087 2614 cst,
1104 2537 1164 2600 boc
1219 2541 1369 2624 plicando
1393 2541 1427 2602 in
1452 2540 1499 2603 eis
1519 2539 1706 2622 temporalia
1726 2557 1763 2601 ac
1784 2536 1966 2619 spiritualia

418 2636 533 2718 exponi
555 2654 619 2699 non
635 2645 739 2719 potest
758 2636 798 2699 de
819 2635 923 2719 prima
937 2634 1072 2712 decima,
1093 2653 1164 2715 qua
1219 2640 1314 2716 bona,
1326 2650 1356 2700 et
1368 2650 1461 2700 terra
1476 2659 1576 2717 qoam
1589 2639 1710 2698 dedisti
1723 2638 1903 2706 nobiseum
1921 2634 1965 2696 le

419 2743 484 2798 tola
499 2734 655 2816 pertinuit
674 2736 713 2797 ad
730 2734 872 2808 Levitas3
898 2753 1001 2814 neque
1017 2734 1055 2796 de
1071 2732 1164 2796 tertia
1219 2738 1399 2803 enodando.
1413 2737 1458 2798 Ex
1475 2737 1535 2800 hoe
1554 2743 1695 2818 apparet,
1712 2734 1799 2816 quod
1819 2733 1882 2795 ista
1902 2730 1965 2794 ruit

418 2853 489 2915 quae
510 2852 686 2915 pauperum
704 2841 781 2910 erat,
802 2852 860 2895 nec
877 2833 909 2895 iu
926 2851 1001 2894 usus
1017 2831 1164 2914 proprios
1219 2836 1345 2920 praelati
1361 2834 1529 2898 oilcrentis
1543 2834 1654 2898 oratio.
1665 2835 1759 2896 Sicut
1765 2834 1895 2910 jurasti
1904 2851 1964 2908 pa·

419 2932 603 3014 redigenda,
622 2931 704 2995 sicut
719 2933 784 3012 jam
796 2930 899 3013 patuit
917 2948 923 2992 :
942 2931 1110 2993 ideoreete
1125 2930 1165 2992 de
1221 2939 1323 2998 tribas
1340 2937 1468 2996 nostris.

419 3031 559 3094 secunda
580 3029 761 3112 exponitur,
780 3039 811 3092 ct
831 3028 987 3111 expositio
1006 3029 1095 3110 Lyrae
1119 3027 1164 3090 ibi
1181 3031 1203 3096 G
1260 3037 1366 3096 Hodie
1381 3035 1541 3095 Domiana
1559 3035 1645 3094 Deras
1666 3041 1740 3091 tam
1750 3032 1905 3108 praecepit
1926 3031 1966 3089 ri-

419 3147 484 3192 uon
500 3130 626 3192 videtur
642 3129 766 3205 idonea,
784 3128 936 3209 quoniam
952 3127 1029 3190 dicit
1044 3128 1105 3190 hoc
1120 3146 1166 3189 es·
1219 3135 1264 3204 bi,
1276 3143 1312 3194 ot
1327 3135 1433 3211 facias
1444 3134 1601 3192 arandela
1611 3134 1689 3199 hac,
1707 3129 1739 3191 id
1754 3136 1802 3190 est
1817 3127 1963 3203 moralia,

419 3247 453 3290 se
470 3227 712 3307 intelligendum
728 3228 768 3289 dc
783 3225 895 3289 hostiis
911 3224 1067 3308 pacificis,
1085 3244 1164 3305 quas
1218 3241 1247 3290 et
1255 3232 1401 3306 judicia,
1418 3229 1478 3291 hoc
1493 3237 1543 3291 est
1556 3226 1722 3309 judicialia
1740 3233 1909 3308 precepta.
1926 3224 1966 3286 Et

419 3334 496 3388 tunc
518 3324 700 3389 offerebant
719 3324 828 3400 iudai,
846 3343 980 3406 quarum
1002 3332 1165 3406 pectuscu-
1219 3328 1291 3390 ideo
1312 3327 1367 3403 ait,
1385 3326 1495 3403 llodie,
1513 3335 1548 3389 ut
1567 3325 1669 3406 magis
1688 3325 1853 3388 attendant
1872 3323 1965 3404 quasi

419 3424 487 3486 lum
509 3431 540 3485 ct
561 3441 668 3486 armus
690 3423 799 3485 dexter
820 3431 910 3486 erant
934 3421 1106 3486 sacerdotis
1126 3422 1165 3483 dc
1219 3443 1330 3488 recens
1355 3434 1559 3507 preceptum,
1586 3422 1855 3505 quemadmodum
1877 3421 1965 3484 Chri-

419 3523 501 3604 juro,
519 3529 632 3584 ceterae
651 3539 763 3584 carnes
786 3527 875 3583 erant
890 3519 1070 3584 offerentis.
1087 3520 1164 3582 Nam
1219 3532 1286 3586 stus
1311 3525 1344 3586 iu
1368 3523 1464 3586 Coena
1488 3522 1657 3604 discipulis
1675 3540 1681 3583 :
1699 3521 1890 3598 Mandatum,
1917 3521 1964 3582 in·
1983 3543 2108 3586 amia.

419 3619 531 3682 hostiae
549 3619 611 3682 illae
622 3617 766 3700 pacificae
782 3636 845 3681 non
856 3628 947 3682 eraut
962 3619 1095 3695 decima,
1106 3637 1165 3681 uec
1218 3621 1297 3702 quit,
1325 3639 1443 3685 novum
1468 3622 1509 3684 do
1535 3620 1636 3697 vobis,
1661 3628 1696 3680 ut
1719 3618 1861 3698 diligatis
1883 3609 2013 3683 invi-³⁸·

420 3729 532 3781 earnes
548 3717 635 3779 illius
651 3717 763 3780 hostie
782 3725 872 3779 erant
887 3717 1009 3780 decima
1026 3717 1166 3778 frumen·
1219 3739 1298 3784 cem.
1313 3725 1351 3783 Ut
1367 3723 1572 3781 custodierat
1588 3723 1721 3797 impleas
1736 3740 1776 3779 eo:
1792 3728 1854 3780 toto
1870 3723 1964 3780 corde

421 3813 456 3890 ti,
474 3812 540 3879 vini
562 3822 593 3876 el
607 3812 681 3890 olei,
700 3831 758 3876 neo
774 3821 864 3876 erant
883 3812 1097 3895 primogenita
1112 3831 1165 3894 pe
1220 3830 1285 3892 tuo,
1296 3830 1324 3880 et
1339 3841 1380 3879 ca
1392 3829 1456 3880 toto
1470 3821 1584 3879 anima
1601 3829 1668 3879 tuo.
1679 3820 1857 3879 Dominam
1869 3822 1964 3895 elapi-

421 3930 622 3993 eorumquae
647 3912 863 3975 sacerdotibus
888 3911 1111 3975 debebantur:
1133 3919 1165 3975 ct
1218 3921 1261 3978 sti
1276 3921 1383 3988 hodie,
1403 3917 1447 3980 itu
1470 3926 1574 3980 mmen
1596 3917 1682 3998 quod
1706 3915 1793 3997 prior
1807 3916 1904 3995 elegit
1918 3924 1961 3991 tc,

421 4019 526 4074 tamen
547 4018 649 4073 textus
673 4010 729 4072 ille
745 4009 944 4092 apertissime
968 4011 1110 4092 loquitur
1126 4011 1164 4072 de
1219 4034 1318 4097 quum
1334 4015 1418 4077 dicat
1433 4015 1587 4092 Salvator,
1595 4014 1662 4078 Nou
1673 4033 1729 4078 vos
1744 4033 1796 4078 me
1810 4014 1962 4094 elegistis,
1980 4036 2108 4080 reama

421 4108 545 4172 decima
565 4117 595 4170 et
613 4107 748 4170 decimis
769 4107 934 4184 frumenti,
952 4109 1019 4173 vini
1042 4118 1073 4171 et
1088 4108 1162 4184 olei,
1220 4115 1274 4176 sed
1301 4130 1359 4193 ego
1384 4113 1465 4194 elegi
1491 4132 1573 4188 vos;
1600 4125 1637 4176 ut
1660 4117 1703 4175 sit
1728 4115 1788 4174 tibi
1811 4117 1911 4184 Deus,
1934 4125 1966 4174 ot

421 4225 458 4269 ac
480 4205 700 4288 primogenitis
722 4224 884 4289 pecorum.
902 4207 1054 4270 Praeterea
1070 4207 1104 4268 iu
1120 4226 1165 4270 se-
1180 4208 1205 4271 D
1219 4215 1360 4273 ambules
1371 4215 1408 4271 ia
1419 4214 1483 4272 aiis
1498 4214 1578 4288 ejas.
1590 4215 1643 4274 Ea
1652 4215 1811 4272 maiam
1824 4214 1920 4289 clepit
1936 4221 1966 4272 te

422 4305 526 4368 cunda
536 4303 875 4385 secundac,quaesti0ne
885 4305 936 4381 87,
947 4305 992 4367 ait
1007 4306 1162 4370 Thomas:
1219 4314 1319 4380 leodio,
1328 4309 1359 4373 id
1370 4319 1429 4386 cst,
1437 4319 1588 4373 eternam
1599 4310 1788 4374 electionem
1800 4329 1891 4372 suam
1901 4329 1966 4392 qua

422 4404 454 4466 lu
470 4403 569 4465 veteri
588 4403 656 4481 lege
676 4411 739 4465 tres
761 4402 893 4466 decimae
913 4411 1013 4480 erant,
1030 4423 1165 4486 quarum
1220 4417 1251 4470 te
1265 4408 1372 4487 elegit,
1395 4428 1480 4471 nunc
1495 4408 1554 4470 tibi
1570 4417 1738 4486 monstrat,
1758 4418 1796 4471 ut
1810 4410 1856 4468 sic
1869 4412 1901 4468 ea·
1910 4429 1966 4486 po

421 4501 573 4583 quasdam
600 4499 767 4564 solvebant
792 4501 919 4565 Levitis.
942 4501 1030 4564 Unde
1055 4502 1088 4564 in
1108 4503 1167 4565 Nu·
1216 4512 1317 4585 potas
1333 4509 1524 4585 pecoliaris,
1541 4506 1602 4570 boc
1620 4515 1679 4584 est,
1698 4506 1858 4588 specialis,
1877 4509 1966 4571 berc-

306 4639 342 4670 ,Μ
422 4599 518 4661 meris
543 4599 677 4662 habetur
700 4617 706 4660 :
730 4599 846 4662 Levitae
866 4597 1060 4662 decimarum
1082 4601 1167 4664 obla·
1220 4604 1353 4666 ditarius
1367 4624 1404 4667 ac
1420 4605 1578 4686 proprius,
1591 4623 1663 4668 eum
1680 4624 1745 4687 pra
1764 4607 1967 4686 ceterisgeu·

303 4721 308 4732 ·
421 4696 508 4761 tione
530 4705 624 4760 erunt
648 4698 801 4761 contenti.
823 4699 920 4760 Erant
944 4718 1071 4781 quoque
1096 4700 1166 4763 aliae
1220 4701 1305 4764 tibus
1326 4701 1481 4765 veraciter
1496 4721 1606 4765 amans
1622 4712 1654 4766 et
1668 4702 1798 4778 colens;
1818 4713 1849 4764 et
1863 4706 1966 4782 sacz'at

422 4796 563 4874 decimae,
582 4797 753 4878 dequibus
776 4797 808 4858 in
825 4797 1067 4861 Deuteronomio
1090 4800 1166 4879 legi-
1222 4811 1249 4860 re
1267 4801 1471 4861 eoreelsiorem
1486 4804 1611 4861 attactis
1628 4804 1790 4879 pentibus,
1805 4802 1839 4864 id
1861 4812 1909 4864 est
1932 4803 1964 4863 iu

291 4918 407 4968 relaxo,
424 4903 490 4958 tur:
502 4895 660 4958 Decimam
673 4903 794 4978 partem
811 4894 973 4977 separabis
988 4897 1026 4958 de
1041 4898 1166 4960 cunctis
1221 4898 1442 4980 spiritualibus
1453 4899 1545 4962 donis
1555 4909 1588 4962 et
1602 4900 1712 4980 gratiis
1722 4900 1964 4964 eminentiorem

275 4981 354 5031 ”¹²³¹
424 4989 580 5054 fructibus
607 4991 679 5068 tuis,
707 5001 738 5055 et
764 4994 910 5056 comedes
935 4993 969 5056 in
994 5005 1165 5077 conspectu
1220 5017 1257 5060 ac
1279 4995 1493 5073 famosiorem,
1513 4997 1578 5061 imo
1600 5007 1632 5061 et
1653 4999 1887 5079 quodammodo
1911 5017 1963 5080 po

424 5087 559 5165 Domini,
582 5097 641 5151 etc.
659 5090 755 5151 Erant
770 5091 865 5152 ctiam
882 5091 953 5154 aliae
969 5093 1069 5156 tertia
1085 5094 1167 5156 dcci·
1222 5095 1388 5158 lentiorem
1413 5098 1523 5177 :quod
1546 5105 1687 5178 tempore
1709 5097 1806 5159 David
1828 5106 1860 5159 et
1882 5096 1963 5160 Salo-

298 5210 399 5254 uacss.
423 5205 493 5262 ma,
505 5187 546 5250 de
560 5187 678 5268 quibus
693 5187 739 5252 ibi
756 5189 981 5270 subjungitur:
1000 5191 1091 5254 Anno
1108 5200 1166 5255 ter·
1220 5192 1325 5256 monis
1341 5193 1402 5255 luit
1418 5194 1597 5276 impletum.
1614 5195 1693 5257 Mine
1709 5195 1830 5259 dictum
1848 5204 1897 5259 est
1915 5213 1962 5256 su·

423 5283 467 5347 tio
492 5284 654 5367 separabis
679 5286 773 5348 aliam
800 5286 973 5363 decimam,
998 5297 1058 5352 etc.
1086 5289 1165 5353 Ecce
1221 5311 1288 5374 pra,
1310 5291 1378 5354 Non
1393 5302 1442 5354 est
1456 5292 1520 5355 alia
1542 5293 1629 5357 natio
1645 5302 1709 5356 tam
1731 5294 1871 5374 grandis,
1887 5302 1957 5367 ete,
1973 5311 2105 5357 natam
