<?xml version="1.0" encoding="UTF-8"?>
<!DOCTYPE html PUBLIC "-//W3C//DTD XHTML 1.0 Transitional//EN"
    "http://www.w3.org/TR/xhtml1/DTD/xhtml1-transitional.dtd">
<html xmlns="http://www.w3.org/1999/xhtml" xml:lang="en" lang="en">
 <head>
  <title>
</title>
<meta http-equiv="Content-Type" content="text/html;charset=utf-8" />
  <meta name='ocr-system' content='tesseract 3.04.00' />
  <meta name='ocr-capabilities' content='ocr_page ocr_carea ocr_par ocr_line ocrx_word'/>
</head>
<body>
  <div class='ocr_page' id='page_1' title='image "./doctorisecstati00unkngoog_0419.png"; bbox 0 0 4309 6259; ppageno 0'>
   <div class='ocr_carea' id='block_1_1' title="bbox 553 527 1371 577">
    <p class='ocr_par' dir='ltr' id='par_1_1' title="bbox 553 527 1371 577">
     <span class='ocr_line' id='line_1_1' title="bbox 553 527 1371 577; baseline 0.001 -2"><span class='ocrx_word' id='word_1_1' title='bbox 553 527 727 576; x_wconf 70' lang='lat' dir='ltr'>bunnuaria</span> <span class='ocrx_word' id='word_1_2' title='bbox 749 531 779 575; x_wconf 82' lang='grc' dir='ltr'>ΙΝ</span> <span class='ocrx_word' id='word_1_3' title='bbox 801 531 869 576; x_wconf 77' lang='lat' dir='ltr'>CAP.</span> <span class='ocrx_word' id='word_1_4' title='bbox 894 531 923 576; x_wconf 91' lang='lat' dir='ltr'>lV</span> <span class='ocrx_word' id='word_1_5' title='bbox 945 531 1141 577; x_wconf 75' lang='lat' dir='ltr'>nunanoauu.</span> <span class='ocrx_word' id='word_1_6' title='bbox 1164 551 1204 562; x_wconf 92' lang='lat'>—</span> <span class='ocrx_word' id='word_1_7' title='bbox 1224 532 1295 577; x_wconf 77' lang='lat' dir='ltr'>aar.</span> <span class='ocrx_word' id='word_1_8' title='bbox 1319 532 1371 576; x_wconf 80' lang='lat' dir='ltr'>Vlll</span> 
     </span>
    </p>
   </div>
   <div class='ocr_carea' id='block_1_2' title="bbox 1671 512 1729 576">
    <p class='ocr_par' dir='ltr' id='par_1_2' title="bbox 1671 512 1729 576">
     <span class='ocr_line' id='line_1_2' title="bbox 1671 512 1729 576; baseline 0 0"><span class='ocrx_word' id='word_1_9' title='bbox 1671 512 1729 576; x_wconf 78' lang='lat' dir='ltr'>tta</span> 
     </span>
    </p>
   </div>
   <div class='ocr_carea' id='block_1_3' title="bbox 184 699 1731 786">
    <p class='ocr_par' dir='ltr' id='par_1_3' title="bbox 184 699 1731 786">
     <span class='ocr_line' id='line_1_3' title="bbox 184 699 1731 786; baseline 0.003 -25"><span class='ocrx_word' id='word_1_10' title='bbox 184 699 423 763; x_wconf 90' lang='lat' dir='ltr'>nientissimum</span> <span class='ocrx_word' id='word_1_11' title='bbox 443 701 599 778; x_wconf 87' lang='lat' dir='ltr'>videatur,</span> <span class='ocrx_word' id='word_1_12' title='bbox 627 710 662 764; x_wconf 90' lang='lat' dir='ltr'>ut</span> <span class='ocrx_word' id='word_1_13' title='bbox 681 721 718 765; x_wconf 89' lang='lat' dir='ltr'>ea</span> <span class='ocrx_word' id='word_1_14' title='bbox 738 721 809 783; x_wconf 83' lang='lat' dir='ltr'>quae</span> <span class='ocrx_word' id='word_1_15' title='bbox 829 721 932 765; x_wconf 89' lang='lat' dir='ltr'>sacro·</span> <span class='ocrx_word' id='word_1_16' title='bbox 946 703 971 764; x_wconf 86' lang='grc' dir='ltr'>Α</span> <span class='ocrx_word' id='word_1_17' title='bbox 987 710 1070 778; x_wconf 87' lang='lat' dir='ltr'>vote,</span> <span class='ocrx_word' id='word_1_18' title='bbox 1096 703 1228 784; x_wconf 84' lang='lat' dir='ltr'>indigne</span> <span class='ocrx_word' id='word_1_19' title='bbox 1256 703 1443 781; x_wconf 88' lang='lat' dir='ltr'>conficiunt,</span> <span class='ocrx_word' id='word_1_20' title='bbox 1471 703 1649 786; x_wconf 84' lang='lat' dir='ltr'>&#39;suscipiunt</span> <span class='ocrx_word' id='word_1_21' title='bbox 1677 712 1731 766; x_wconf 92' lang='lat' dir='ltr'>aut</span> 
     </span>
    </p>
   </div>
   <div class='ocr_carea' id='block_1_4' title="bbox 182 801 933 1869">
    <p class='ocr_par' dir='ltr' id='par_1_4' title="bbox 182 801 933 1869">
     <span class='ocr_line' id='line_1_4' title="bbox 183 801 727 866; baseline 0.004 -4"><span class='ocrx_word' id='word_1_22' title='bbox 183 809 294 864; x_wconf 88' lang='lat' dir='ltr'>sancta</span> <span class='ocrx_word' id='word_1_23' title='bbox 310 801 412 864; x_wconf 88' lang='lat' dir='ltr'>credit</span> <span class='ocrx_word' id='word_1_24' title='bbox 427 811 458 864; x_wconf 90' lang='lat' dir='ltr'>et</span> <span class='ocrx_word' id='word_1_25' title='bbox 475 809 561 865; x_wconf 86' lang='lat' dir='ltr'>tenet</span> <span class='ocrx_word' id='word_1_26' title='bbox 577 802 727 866; x_wconf 85' lang='lat' dir='ltr'>Ecclesia.</span> 
     </span>
     <span class='ocr_line' id='line_1_5' title="bbox 225 901 931 983; baseline 0.004 -22"><span class='ocrx_word' id='word_1_27' title='bbox 225 901 449 983; x_wconf 90' lang='lat' dir='ltr'>lnsuper,post</span> <span class='ocrx_word' id='word_1_28' title='bbox 465 901 523 964; x_wconf 92' lang='lat' dir='ltr'>hos</span> <span class='ocrx_word' id='word_1_29' title='bbox 538 901 689 964; x_wconf 81' lang='lat' dir='ltr'>Caathitae</span> <span class='ocrx_word' id='word_1_30' title='bbox 705 902 931 983; x_wconf 89' lang='lat' dir='ltr'>sequuntur,id</span> 
     </span>
     <span class='ocr_line' id='line_1_6' title="bbox 183 998 932 1082; baseline 0.007 -24"><span class='ocrx_word' id='word_1_31' title='bbox 183 1006 231 1060; x_wconf 83' lang='lat' dir='ltr'>est</span> <span class='ocrx_word' id='word_1_32' title='bbox 258 998 319 1062; x_wconf 89' lang='lat' dir='ltr'>viri</span> <span class='ocrx_word' id='word_1_33' title='bbox 344 999 496 1080; x_wconf 75' lang='lat' dir='ltr'>religiosi,</span> <span class='ocrx_word' id='word_1_34' title='bbox 523 999 730 1082; x_wconf 71' lang='lat' dir='ltr'>proficientes</span> <span class='ocrx_word' id='word_1_35' title='bbox 755 1008 787 1063; x_wconf 93' lang='lat' dir='ltr'>et</span> <span class='ocrx_word' id='word_1_36' title='bbox 813 1000 932 1063; x_wconf 91' lang='lat' dir='ltr'>virtuo-</span> 
     </span>
     <span class='ocr_line' id='line_1_7' title="bbox 184 1096 931 1176; baseline 0.005 -18"><span class='ocrx_word' id='word_1_37' title='bbox 184 1096 222 1172; x_wconf 89' lang='lat' dir='ltr'>si,</span> <span class='ocrx_word' id='word_1_38' title='bbox 242 1097 387 1160; x_wconf 91' lang='lat' dir='ltr'>noudum</span> <span class='ocrx_word' id='word_1_39' title='bbox 407 1106 511 1162; x_wconf 90' lang='lat' dir='ltr'>tamen</span> <span class='ocrx_word' id='word_1_40' title='bbox 530 1100 573 1161; x_wconf 90' lang='lat' dir='ltr'>ita</span> <span class='ocrx_word' id='word_1_41' title='bbox 591 1098 774 1176; x_wconf 88' lang='lat' dir='ltr'>illuminati,</span> <span class='ocrx_word' id='word_1_42' title='bbox 790 1101 931 1163; x_wconf 93' lang='lat' dir='ltr'>nondum</span> 
     </span>
     <span class='ocr_line' id='line_1_8' title="bbox 184 1194 932 1280; baseline 0.004 -23"><span class='ocrx_word' id='word_1_43' title='bbox 184 1205 248 1258; x_wconf 86' lang='lat' dir='ltr'>tam</span> <span class='ocrx_word' id='word_1_44' title='bbox 266 1194 431 1278; x_wconf 87' lang='lat' dir='ltr'>purificati</span> <span class='ocrx_word' id='word_1_45' title='bbox 447 1205 479 1260; x_wconf 90' lang='lat' dir='ltr'>et</span> <span class='ocrx_word' id='word_1_46' title='bbox 500 1197 676 1274; x_wconf 90' lang='lat' dir='ltr'>reformati,</span> <span class='ocrx_word' id='word_1_47' title='bbox 695 1207 729 1260; x_wconf 91' lang='lat' dir='ltr'>ut</span> <span class='ocrx_word' id='word_1_48' title='bbox 745 1198 839 1260; x_wconf 93' lang='lat' dir='ltr'>medo</span> <span class='ocrx_word' id='word_1_49' title='bbox 855 1217 932 1280; x_wconf 72' lang='lat' dir='ltr'>praa</span> 
     </span>
     <span class='ocr_line' id='line_1_9' title="bbox 182 1295 932 1376; baseline 0.005 -21"><span class='ocrx_word' id='word_1_50' title='bbox 182 1302 267 1357; x_wconf 90' lang='lat' dir='ltr'>tacto</span> <span class='ocrx_word' id='word_1_51' title='bbox 294 1304 379 1358; x_wconf 89' lang='lat' dir='ltr'>stent</span> <span class='ocrx_word' id='word_1_52' title='bbox 399 1295 491 1376; x_wconf 90' lang='lat' dir='ltr'>quasi</span> <span class='ocrx_word' id='word_1_53' title='bbox 513 1296 545 1358; x_wconf 93' lang='lat' dir='ltr'>in</span> <span class='ocrx_word' id='word_1_54' title='bbox 566 1296 695 1359; x_wconf 90' lang='lat' dir='ltr'>assiduo</span> <span class='ocrx_word' id='word_1_55' title='bbox 720 1296 801 1359; x_wconf 86' lang='lat' dir='ltr'>Solis</span> <span class='ocrx_word' id='word_1_56' title='bbox 822 1299 932 1360; x_wconf 67' lang='lat' dir='ltr'>aeterni</span> 
     </span>
     <span class='ocr_line' id='line_1_10' title="bbox 182 1393 933 1474; baseline 0.003 -20"><span class='ocrx_word' id='word_1_57' title='bbox 182 1401 345 1454; x_wconf 87' lang='lat' dir='ltr'>contactu.</span> <span class='ocrx_word' id='word_1_58' title='bbox 363 1393 590 1456; x_wconf 80' lang='lat' dir='ltr'>Verumtamen</span> <span class='ocrx_word' id='word_1_59' title='bbox 613 1393 883 1474; x_wconf 89' lang='lat' dir='ltr'>appropinquant,</span> <span class='ocrx_word' id='word_1_60' title='bbox 902 1403 933 1456; x_wconf 92' lang='lat' dir='ltr'>et</span> 
     </span>
     <span class='ocr_line' id='line_1_11' title="bbox 183 1490 932 1571; baseline 0.005 -20"><span class='ocrx_word' id='word_1_61' title='bbox 183 1490 337 1552; x_wconf 93' lang='lat' dir='ltr'>sublimia</span> <span class='ocrx_word' id='word_1_62' title='bbox 366 1500 462 1571; x_wconf 90' lang='lat' dir='ltr'>atque</span> <span class='ocrx_word' id='word_1_63' title='bbox 487 1510 603 1553; x_wconf 88' lang='lat' dir='ltr'>arcana</span> <span class='ocrx_word' id='word_1_64' title='bbox 627 1511 700 1554; x_wconf 93' lang='lat' dir='ltr'>cum</span> <span class='ocrx_word' id='word_1_65' title='bbox 731 1491 932 1555; x_wconf 88' lang='lat' dir='ltr'>sensibilium</span> 
     </span>
     <span class='ocr_line' id='line_1_12' title="bbox 184 1587 933 1672; baseline 0.004 -22"><span class='ocrx_word' id='word_1_66' title='bbox 184 1587 363 1651; x_wconf 88' lang='lat' dir='ltr'>formarum</span> <span class='ocrx_word' id='word_1_67' title='bbox 389 1589 547 1652; x_wconf 90' lang='lat' dir='ltr'>velamine</span> <span class='ocrx_word' id='word_1_68' title='bbox 574 1590 790 1671; x_wconf 90' lang='lat' dir='ltr'>speculantur.</span> <span class='ocrx_word' id='word_1_69' title='bbox 818 1590 933 1672; x_wconf 88' lang='lat' dir='ltr'>Sicque</span> 
     </span>
     <span class='ocr_line' id='line_1_13' title="bbox 184 1687 930 1770; baseline 0.003 -22"><span class='ocrx_word' id='word_1_70' title='bbox 184 1687 350 1750; x_wconf 85' lang='lat' dir='ltr'>infinitam</span> <span class='ocrx_word' id='word_1_71' title='bbox 367 1687 569 1769; x_wconf 89' lang='lat' dir='ltr'>sapientiam,</span> <span class='ocrx_word' id='word_1_72' title='bbox 583 1688 745 1769; x_wconf 92' lang='lat' dir='ltr'>pietatem,</span> <span class='ocrx_word' id='word_1_73' title='bbox 762 1688 930 1770; x_wconf 86' lang='lat' dir='ltr'>justitiam,</span> 
     </span>
     <span class='ocr_line' id='line_1_14' title="bbox 182 1785 933 1869; baseline 0 -21"><span class='ocrx_word' id='word_1_74' title='bbox 182 1785 464 1867; x_wconf 73' lang='lat' dir='ltr'>omnipotentiam,</span> <span class='ocrx_word' id='word_1_75' title='bbox 481 1785 657 1848; x_wconf 86' lang='lat' dir='ltr'>honitatem</span> <span class='ocrx_word' id='word_1_76' title='bbox 673 1787 841 1863; x_wconf 79' lang='lat' dir='ltr'>CreatoriS,</span> <span class='ocrx_word' id='word_1_77' title='bbox 853 1807 933 1869; x_wconf 86' lang='lat' dir='ltr'>quas</span> 
     </span>
    </p>
   </div>
   <div class='ocr_carea' id='block_1_5' title="bbox 987 807 1734 1872">
    <p class='ocr_par' dir='ltr' id='par_1_5' title="bbox 988 807 1211 866">
     <span class='ocr_line' id='line_1_15' title="bbox 988 807 1211 866; baseline 0 -2"><span class='ocrx_word' id='word_1_78' title='bbox 988 811 1184 866; x_wconf 90' lang='lat' dir='ltr'>contrectant</span> <span class='ocrx_word' id='word_1_79' title='bbox 1199 807 1211 864; x_wconf 78' lang='lat' dir='ltr'>l</span> 
     </span>
    </p>

    <p class='ocr_par' dir='ltr' id='par_1_6' title="bbox 987 901 1734 1872">
     <span class='ocr_line' id='line_1_16' title="bbox 1036 901 1732 984; baseline -0.003 -18"><span class='ocrx_word' id='word_1_80' title='bbox 1036 901 1193 983; x_wconf 77' lang='lat' dir='ltr'>Amplius,</span> <span class='ocrx_word' id='word_1_81' title='bbox 1217 912 1288 984; x_wconf 91' lang='lat' dir='ltr'>post</span> <span class='ocrx_word' id='word_1_82' title='bbox 1309 902 1467 966; x_wconf 88' lang='lat' dir='ltr'>Caathitas</span> <span class='ocrx_word' id='word_1_83' title='bbox 1489 901 1662 965; x_wconf 84' lang='lat' dir='ltr'>Gersonitaa</span> <span class='ocrx_word' id='word_1_84' title='bbox 1685 921 1732 964; x_wconf 88' lang='lat' dir='ltr'>se·</span> 
     </span>
     <span class='ocr_line' id='line_1_17' title="bbox 988 1001 1732 1083; baseline -0.001 -20"><span class='ocrx_word' id='word_1_85' title='bbox 988 1009 1141 1083; x_wconf 86' lang='lat' dir='ltr'>quantur,</span> <span class='ocrx_word' id='word_1_86' title='bbox 1160 1002 1216 1082; x_wconf 91' lang='lat' dir='ltr'>qui</span> <span class='ocrx_word' id='word_1_87' title='bbox 1232 1002 1341 1064; x_wconf 91' lang='lat' dir='ltr'>mollia</span> <span class='ocrx_word' id='word_1_88' title='bbox 1355 1001 1540 1081; x_wconf 87' lang='lat' dir='ltr'>bajulabant</span> <span class='ocrx_word' id='word_1_89' title='bbox 1555 1019 1562 1062; x_wconf 76' lang='grc' dir='ltr'>ε</span> <span class='ocrx_word' id='word_1_90' title='bbox 1580 1019 1637 1082; x_wconf 92' lang='lat' dir='ltr'>per</span> <span class='ocrx_word' id='word_1_91' title='bbox 1652 1019 1732 1083; x_wconf 88' lang='lat' dir='ltr'>quos</span> 
     </span>
     <span class='ocr_line' id='line_1_18' title="bbox 989 1099 1733 1183; baseline 0 -21"><span class='ocrx_word' id='word_1_92' title='bbox 989 1099 1207 1180; x_wconf 83' lang='lat' dir='ltr'>designantur,</span> <span class='ocrx_word' id='word_1_93' title='bbox 1219 1101 1276 1182; x_wconf 92' lang='lat' dir='ltr'>qui</span> <span class='ocrx_word' id='word_1_94' title='bbox 1287 1100 1425 1183; x_wconf 92' lang='lat' dir='ltr'>simplici</span> <span class='ocrx_word' id='word_1_95' title='bbox 1438 1108 1668 1182; x_wconf 74' lang='lat' dir='ltr'>praeceptorum</span> <span class='ocrx_word' id='word_1_96' title='bbox 1679 1100 1733 1162; x_wconf 82' lang='lat' dir='ltr'>ob</span> 
     </span>
     <span class='ocr_line' id='line_1_19' title="bbox 988 1197 1732 1276; baseline 0 -15"><span class='ocrx_word' id='word_1_97' title='bbox 988 1199 1147 1262; x_wconf 88' lang='lat' dir='ltr'>servantia</span> <span class='ocrx_word' id='word_1_98' title='bbox 1163 1207 1237 1260; x_wconf 91' lang='lat' dir='ltr'>sunt</span> <span class='ocrx_word' id='word_1_99' title='bbox 1251 1199 1404 1276; x_wconf 89' lang='lat' dir='ltr'>contenti,</span> <span class='ocrx_word' id='word_1_100' title='bbox 1426 1208 1458 1262; x_wconf 91' lang='lat' dir='ltr'>et</span> <span class='ocrx_word' id='word_1_101' title='bbox 1472 1199 1571 1261; x_wconf 92' lang='lat' dir='ltr'>ardua</span> <span class='ocrx_word' id='word_1_102' title='bbox 1586 1197 1732 1261; x_wconf 84' lang='lat' dir='ltr'>consilio</span> 
     </span>
     <span class='ocr_line' id='line_1_20' title="bbox 988 1297 1733 1380; baseline -0.001 -21"><span class='ocrx_word' id='word_1_103' title='bbox 988 1317 1058 1360; x_wconf 91' lang='lat' dir='ltr'>rum</span> <span class='ocrx_word' id='word_1_104' title='bbox 1075 1297 1238 1377; x_wconf 88' lang='lat' dir='ltr'>refugiunt</span> <span class='ocrx_word' id='word_1_105' title='bbox 1253 1316 1361 1380; x_wconf 89' lang='lat' dir='ltr'>opera,</span> <span class='ocrx_word' id='word_1_106' title='bbox 1379 1318 1437 1361; x_wconf 88' lang='lat' dir='ltr'>nec</span> <span class='ocrx_word' id='word_1_107' title='bbox 1453 1316 1568 1380; x_wconf 89' lang='lat' dir='ltr'>corpus</span> <span class='ocrx_word' id='word_1_108' title='bbox 1584 1316 1676 1358; x_wconf 91' lang='lat' dir='ltr'>suum</span> <span class='ocrx_word' id='word_1_109' title='bbox 1691 1297 1733 1359; x_wconf 92' lang='lat' dir='ltr'>ab</span> 
     </span>
     <span class='ocr_line' id='line_1_21' title="bbox 987 1395 1733 1478; baseline -0.003 -19"><span class='ocrx_word' id='word_1_110' title='bbox 987 1395 1074 1459; x_wconf 92' lang='lat' dir='ltr'>omni</span> <span class='ocrx_word' id='word_1_111' title='bbox 1091 1396 1254 1478; x_wconf 89' lang='lat' dir='ltr'>voluptate</span> <span class='ocrx_word' id='word_1_112' title='bbox 1269 1397 1461 1478; x_wconf 82' lang='lat' dir='ltr'>restringere</span> <span class='ocrx_word' id='word_1_113' title='bbox 1477 1396 1659 1470; x_wconf 73' lang='lat' dir='ltr'>enituntur,</span> <span class='ocrx_word' id='word_1_114' title='bbox 1677 1395 1733 1457; x_wconf 92' lang='lat' dir='ltr'>sed</span> 
     </span>
     <span class='ocr_line' id='line_1_22' title="bbox 987 1493 1734 1576; baseline 0.001 -20"><span class='ocrx_word' id='word_1_115' title='bbox 987 1502 1143 1576; x_wconf 89' lang='lat' dir='ltr'>quantum</span> <span class='ocrx_word' id='word_1_116' title='bbox 1168 1494 1230 1556; x_wconf 92' lang='lat' dir='ltr'>sibi</span> <span class='ocrx_word' id='word_1_117' title='bbox 1255 1495 1350 1558; x_wconf 89' lang='lat' dir='ltr'>licere</span> <span class='ocrx_word' id='word_1_118' title='bbox 1377 1503 1500 1576; x_wconf 85' lang='lat' dir='ltr'>putant,</span> <span class='ocrx_word' id='word_1_119' title='bbox 1524 1493 1650 1575; x_wconf 90' lang='lat' dir='ltr'>corpori</span> <span class='ocrx_word' id='word_1_120' title='bbox 1676 1512 1734 1557; x_wconf 89' lang='lat' dir='ltr'>sue</span> 
     </span>
     <span class='ocr_line' id='line_1_23' title="bbox 988 1592 1734 1676; baseline -0.003 -21"><span class='ocrx_word' id='word_1_121' title='bbox 988 1602 1134 1676; x_wconf 88' lang='lat' dir='ltr'>parcunt,</span> <span class='ocrx_word' id='word_1_122' title='bbox 1148 1612 1206 1657; x_wconf 89' lang='lat' dir='ltr'>nec</span> <span class='ocrx_word' id='word_1_123' title='bbox 1221 1593 1329 1656; x_wconf 86' lang='lat' dir='ltr'>arduis</span> <span class='ocrx_word' id='word_1_124' title='bbox 1344 1593 1557 1656; x_wconf 82' lang='lat' dir='ltr'>observantiis</span> <span class='ocrx_word' id='word_1_125' title='bbox 1573 1612 1607 1656; x_wconf 93' lang='lat' dir='ltr'>se</span> <span class='ocrx_word' id='word_1_126' title='bbox 1622 1592 1734 1656; x_wconf 89' lang='lat' dir='ltr'>volunt</span> 
     </span>
     <span class='ocr_line' id='line_1_24' title="bbox 987 1691 1734 1773; baseline 0 -21"><span class='ocrx_word' id='word_1_127' title='bbox 987 1709 1129 1771; x_wconf 86' lang='lat' dir='ltr'>gravare.</span> <span class='ocrx_word' id='word_1_128' title='bbox 1142 1693 1199 1754; x_wconf 88' lang='lat' dir='ltr'>Per</span> <span class='ocrx_word' id='word_1_129' title='bbox 1213 1691 1372 1755; x_wconf 84' lang='lat' dir='ltr'>hieracitas</span> <span class='ocrx_word' id='word_1_130' title='bbox 1391 1691 1447 1773; x_wconf 92' lang='lat' dir='ltr'>qui</span> <span class='ocrx_word' id='word_1_131' title='bbox 1464 1691 1610 1772; x_wconf 89' lang='lat' dir='ltr'>graviora</span> <span class='ocrx_word' id='word_1_132' title='bbox 1630 1698 1734 1772; x_wconf 88' lang='lat' dir='ltr'>porta-</span> 
     </span>
     <span class='ocr_line' id='line_1_25' title="bbox 987 1789 1734 1872; baseline 0 -21"><span class='ocrx_word' id='word_1_133' title='bbox 987 1789 1075 1866; x_wconf 92' lang='lat' dir='ltr'>bant,</span> <span class='ocrx_word' id='word_1_134' title='bbox 1094 1790 1318 1868; x_wconf 79' lang='lat' dir='ltr'>significantur</span> <span class='ocrx_word' id='word_1_135' title='bbox 1333 1791 1465 1872; x_wconf 90' lang='lat' dir='ltr'>quidam</span> <span class='ocrx_word' id='word_1_136' title='bbox 1484 1790 1588 1852; x_wconf 85' lang='lat' dir='ltr'>zelum</span> <span class='ocrx_word' id='word_1_137' title='bbox 1605 1789 1660 1852; x_wconf 82' lang='lat' dir='ltr'>bet</span> <span class='ocrx_word' id='word_1_138' title='bbox 1680 1789 1734 1851; x_wconf 93' lang='lat' dir='ltr'>ha-</span> 
     </span>
    </p>
   </div>
   <div class='ocr_carea' id='block_1_6' title="bbox 184 1883 1734 1970">
    <p class='ocr_par' dir='ltr' id='par_1_7' title="bbox 184 1883 1734 1970">
     <span class='ocr_line' id='line_1_26' title="bbox 184 1883 1734 1970; baseline 0.002 -24"><span class='ocrx_word' id='word_1_139' title='bbox 184 1886 216 1946; x_wconf 94' lang='lat' dir='ltr'>in</span> <span class='ocrx_word' id='word_1_140' title='bbox 233 1904 269 1947; x_wconf 89' lang='lat' dir='ltr'>se</span> <span class='ocrx_word' id='word_1_141' title='bbox 285 1884 366 1966; x_wconf 90' lang='lat' dir='ltr'>ipsis</span> <span class='ocrx_word' id='word_1_142' title='bbox 381 1885 552 1965; x_wconf 87' lang='lat' dir='ltr'>anagogice</span> <span class='ocrx_word' id='word_1_143' title='bbox 567 1905 603 1948; x_wconf 89' lang='lat' dir='ltr'>ae</span> <span class='ocrx_word' id='word_1_144' title='bbox 620 1887 754 1967; x_wconf 77' lang='lat' dir='ltr'>mystice</span> <span class='ocrx_word' id='word_1_145' title='bbox 771 1895 934 1968; x_wconf 90' lang='lat' dir='ltr'>nequeunt</span> <span class='ocrx_word' id='word_1_146' title='bbox 952 1883 1111 1962; x_wconf 89' lang='lat' dir='ltr'>Bbentes,</span> <span class='ocrx_word' id='word_1_147' title='bbox 1122 1888 1176 1951; x_wconf 86' lang='lat' dir='ltr'>sed</span> <span class='ocrx_word' id='word_1_148' title='bbox 1193 1888 1437 1970; x_wconf 85' lang='lat' dir='ltr'>indiscrete,qui</span> <span class='ocrx_word' id='word_1_149' title='bbox 1456 1906 1518 1952; x_wconf 93' lang='lat' dir='ltr'>non</span> <span class='ocrx_word' id='word_1_150' title='bbox 1535 1889 1734 1951; x_wconf 89' lang='lat' dir='ltr'>attendentes</span> 
     </span>
    </p>
   </div>
   <div class='ocr_carea' id='block_1_7' title="bbox 174 1983 936 3049">
    <p class='ocr_par' dir='ltr' id='par_1_8' title="bbox 174 1983 936 3049">
     <span class='ocr_line' id='line_1_27' title="bbox 183 1983 934 2068; baseline 0 -20"><span class='ocrx_word' id='word_1_151' title='bbox 183 1983 409 2066; x_wconf 87' lang='lat' dir='ltr'>contemplari,</span> <span class='ocrx_word' id='word_1_152' title='bbox 427 1984 458 2044; x_wconf 96' lang='lat' dir='ltr'>in</span> <span class='ocrx_word' id='word_1_153' title='bbox 478 1984 594 2047; x_wconf 88' lang='lat' dir='ltr'>Christi</span> <span class='ocrx_word' id='word_1_154' title='bbox 616 1985 848 2063; x_wconf 83' lang='lat' dir='ltr'>incarnatione,</span> <span class='ocrx_word' id='word_1_155' title='bbox 866 2006 934 2068; x_wconf 89' lang='lat' dir='ltr'>pas·</span> 
     </span>
     <span class='ocr_line' id='line_1_28' title="bbox 183 2081 933 2165; baseline 0.001 -21"><span class='ocrx_word' id='word_1_156' title='bbox 183 2083 274 2145; x_wconf 91' lang='lat' dir='ltr'>sione</span> <span class='ocrx_word' id='word_1_157' title='bbox 300 2101 338 2145; x_wconf 89' lang='lat' dir='ltr'>ae</span> <span class='ocrx_word' id='word_1_158' title='bbox 360 2081 474 2144; x_wconf 85' lang='lat' dir='ltr'>ceteris</span> <span class='ocrx_word' id='word_1_159' title='bbox 497 2083 565 2164; x_wconf 88' lang='lat' dir='ltr'>ejus</span> <span class='ocrx_word' id='word_1_160' title='bbox 591 2083 750 2164; x_wconf 77' lang='lat' dir='ltr'>mysteriis</span> <span class='ocrx_word' id='word_1_161' title='bbox 777 2083 933 2165; x_wconf 90' lang='lat' dir='ltr'>speculari</span> 
     </span>
     <span class='ocr_line' id='line_1_29' title="bbox 182 2179 935 2261; baseline -0.003 -17"><span class='ocrx_word' id='word_1_162' title='bbox 182 2188 354 2244; x_wconf 92' lang='lat' dir='ltr'>conantur.</span> <span class='ocrx_word' id='word_1_163' title='bbox 368 2179 483 2261; x_wconf 85' lang='lat' dir='ltr'>Sicque</span> <span class='ocrx_word' id='word_1_164' title='bbox 499 2180 533 2242; x_wconf 91' lang='lat' dir='ltr'>in</span> <span class='ocrx_word' id='word_1_165' title='bbox 552 2181 617 2242; x_wconf 91' lang='lat' dir='ltr'>suis</span> <span class='ocrx_word' id='word_1_166' title='bbox 633 2181 783 2244; x_wconf 90' lang='lat' dir='ltr'>cordibus</span> <span class='ocrx_word' id='word_1_167' title='bbox 800 2201 871 2244; x_wconf 91' lang='lat' dir='ltr'>eum</span> <span class='ocrx_word' id='word_1_168' title='bbox 889 2182 935 2242; x_wconf 94' lang='lat' dir='ltr'>in-</span> 
     </span>
     <span class='ocr_line' id='line_1_30' title="bbox 184 2278 933 2360; baseline 0.001 -19"><span class='ocrx_word' id='word_1_169' title='bbox 184 2279 351 2342; x_wconf 80' lang='lat' dir='ltr'>volutione</span> <span class='ocrx_word' id='word_1_170' title='bbox 371 2278 544 2360; x_wconf 84' lang='lat' dir='ltr'>multiplici</span> <span class='ocrx_word' id='word_1_171' title='bbox 561 2288 676 2360; x_wconf 91' lang='lat' dir='ltr'>gerunt</span> <span class='ocrx_word' id='word_1_172' title='bbox 691 2299 797 2342; x_wconf 91' lang='lat' dir='ltr'>arcam</span> <span class='ocrx_word' id='word_1_173' title='bbox 813 2280 879 2356; x_wconf 83' lang='lat' dir='ltr'>llei,</span> <span class='ocrx_word' id='word_1_174' title='bbox 902 2280 933 2342; x_wconf 93' lang='lat' dir='ltr'>id</span> 
     </span>
     <span class='ocr_line' id='line_1_31' title="bbox 184 2377 935 2460; baseline -0.001 -19"><span class='ocrx_word' id='word_1_175' title='bbox 184 2387 230 2441; x_wconf 85' lang='lat' dir='ltr'>est</span> <span class='ocrx_word' id='word_1_176' title='bbox 247 2377 480 2439; x_wconf 82' lang='lat' dir='ltr'>humanitatem</span> <span class='ocrx_word' id='word_1_177' title='bbox 491 2377 587 2440; x_wconf 88' lang='lat' dir='ltr'>Verbi</span> <span class='ocrx_word' id='word_1_178' title='bbox 604 2378 804 2458; x_wconf 66' lang='lat' dir='ltr'>aeternique</span> <span class='ocrx_word' id='word_1_179' title='bbox 819 2386 850 2439; x_wconf 88' lang='lat' dir='ltr'>et</span> <span class='ocrx_word' id='word_1_180' title='bbox 866 2378 935 2460; x_wconf 89' lang='lat' dir='ltr'>ipsa</span> 
     </span>
     <span class='ocr_line' id='line_1_32' title="bbox 184 2475 933 2558; baseline 0.003 -22"><span class='ocrx_word' id='word_1_181' title='bbox 184 2495 241 2558; x_wconf 88' lang='lat' dir='ltr'>per</span> <span class='ocrx_word' id='word_1_182' title='bbox 262 2475 536 2557; x_wconf 88' lang='lat' dir='ltr'>comparationem</span> <span class='ocrx_word' id='word_1_183' title='bbox 552 2475 592 2538; x_wconf 88' lang='lat' dir='ltr'>ad</span> <span class='ocrx_word' id='word_1_184' title='bbox 609 2476 747 2538; x_wconf 80' lang='lat' dir='ltr'>Verbum</span> <span class='ocrx_word' id='word_1_185' title='bbox 767 2485 933 2553; x_wconf 78' lang='lat' dir='ltr'>aternum,</span> 
     </span>
     <span class='ocr_line' id='line_1_33' title="bbox 184 2572 934 2657; baseline 0 -21"><span class='ocrx_word' id='word_1_186' title='bbox 184 2575 217 2637; x_wconf 94' lang='lat' dir='ltr'>in</span> <span class='ocrx_word' id='word_1_187' title='bbox 232 2583 392 2656; x_wconf 88' lang='lat' dir='ltr'>quantum</span> <span class='ocrx_word' id='word_1_188' title='bbox 406 2573 446 2635; x_wconf 92' lang='lat' dir='ltr'>ab</span> <span class='ocrx_word' id='word_1_189' title='bbox 467 2572 523 2636; x_wconf 92' lang='lat' dir='ltr'>illo</span> <span class='ocrx_word' id='word_1_190' title='bbox 537 2583 700 2656; x_wconf 87' lang='lat' dir='ltr'>assumpta</span> <span class='ocrx_word' id='word_1_191' title='bbox 716 2581 764 2636; x_wconf 92' lang='lat' dir='ltr'>est</span> <span class='ocrx_word' id='word_1_192' title='bbox 778 2575 816 2636; x_wconf 90' lang='lat' dir='ltr'>ad</span> <span class='ocrx_word' id='word_1_193' title='bbox 834 2574 934 2657; x_wconf 90' lang='lat' dir='ltr'>ipsius</span> 
     </span>
     <span class='ocr_line' id='line_1_34' title="bbox 182 2671 936 2754; baseline -0.001 -18"><span class='ocrx_word' id='word_1_194' title='bbox 182 2693 254 2736; x_wconf 90' lang='lat' dir='ltr'>esse</span> <span class='ocrx_word' id='word_1_195' title='bbox 270 2672 505 2754; x_wconf 77' lang='lat' dir='ltr'>hypostaticam</span> <span class='ocrx_word' id='word_1_196' title='bbox 519 2681 550 2734; x_wconf 91' lang='lat' dir='ltr'>et</span> <span class='ocrx_word' id='word_1_197' title='bbox 565 2671 848 2750; x_wconf 89' lang='lat' dir='ltr'>increatum,omni</span> <span class='ocrx_word' id='word_1_198' title='bbox 860 2691 936 2754; x_wconf 92' lang='lat' dir='ltr'>quo-</span> 
     </span>
     <span class='ocr_line' id='line_1_35' title="bbox 183 2769 935 2853; baseline 0 -19"><span class='ocrx_word' id='word_1_199' title='bbox 183 2791 247 2853; x_wconf 87' lang='lat' dir='ltr'>que</span> <span class='ocrx_word' id='word_1_200' title='bbox 278 2769 392 2833; x_wconf 93' lang='lat' dir='ltr'>divino</span> <span class='ocrx_word' id='word_1_201' title='bbox 422 2769 623 2846; x_wconf 82' lang='lat' dir='ltr'>charismate,</span> <span class='ocrx_word' id='word_1_202' title='bbox 652 2780 807 2851; x_wconf 91' lang='lat' dir='ltr'>quantum</span> <span class='ocrx_word' id='word_1_203' title='bbox 837 2790 935 2853; x_wconf 85' lang='lat' dir='ltr'>capax</span> 
     </span>
     <span class='ocr_line' id='line_1_36' title="bbox 185 2867 935 2951; baseline -0.001 -19"><span class='ocrx_word' id='word_1_204' title='bbox 185 2871 258 2947; x_wconf 90' lang='lat' dir='ltr'>fuit,</span> <span class='ocrx_word' id='word_1_205' title='bbox 275 2868 420 2951; x_wconf 86' lang='lat' dir='ltr'>impleta,</span> <span class='ocrx_word' id='word_1_206' title='bbox 435 2867 498 2932; x_wconf 93' lang='lat' dir='ltr'>imo</span> <span class='ocrx_word' id='word_1_207' title='bbox 515 2877 546 2931; x_wconf 91' lang='lat' dir='ltr'>et</span> <span class='ocrx_word' id='word_1_208' title='bbox 560 2869 711 2932; x_wconf 88' lang='lat' dir='ltr'>beatifica</span> <span class='ocrx_word' id='word_1_209' title='bbox 728 2868 880 2933; x_wconf 88' lang='lat' dir='ltr'>fruitione</span> <span class='ocrx_word' id='word_1_210' title='bbox 895 2869 935 2932; x_wconf 90' lang='lat' dir='ltr'>ab</span> 
     </span>
     <span class='ocr_line' id='line_1_37' title="bbox 174 2965 935 3049; baseline -0.003 -18"><span class='ocrx_word' id='word_1_211' title='bbox 174 2965 419 3031; x_wconf 83' lang='lat' dir='ltr'>incarnationis</span> <span class='ocrx_word' id='word_1_212' title='bbox 436 2967 586 3044; x_wconf 86' lang='lat' dir='ltr'>instante,</span> <span class='ocrx_word' id='word_1_213' title='bbox 602 2967 935 3049; x_wconf 90' lang='lat' dir='ltr'>incomprehensibilis</span> 
     </span>
    </p>
   </div>
   <div class='ocr_carea' id='block_1_8' title="bbox 988 1985 1880 3051">
    <p class='ocr_par' dir='ltr' id='par_1_9' title="bbox 988 1985 1880 3051">
     <span class='ocr_line' id='line_1_38' title="bbox 988 1985 1880 2067; baseline 0.002 -20"><span class='ocrx_word' id='word_1_214' title='bbox 988 1987 1074 2066; x_wconf 88' lang='lat' dir='ltr'>quod</span> <span class='ocrx_word' id='word_1_215' title='bbox 1090 1985 1135 2047; x_wconf 91' lang='lat' dir='ltr'>ait</span> <span class='ocrx_word' id='word_1_216' title='bbox 1150 1987 1330 2067; x_wconf 79' lang='lat' dir='ltr'>Apostolus,</span> <span class='ocrx_word' id='word_1_217' title='bbox 1348 1987 1450 2049; x_wconf 89' lang='lat' dir='ltr'>Pietas</span> <span class='ocrx_word' id='word_1_218' title='bbox 1465 1988 1505 2049; x_wconf 92' lang='lat' dir='ltr'>ad</span> <span class='ocrx_word' id='word_1_219' title='bbox 1520 1985 1629 2049; x_wconf 90' lang='lat' dir='ltr'>omnia</span> <span class='ocrx_word' id='word_1_220' title='bbox 1645 1985 1734 2046; x_wconf 91' lang='lat' dir='ltr'>utilis</span> <span class='ocrx_word' id='word_1_221' title='bbox 1749 2005 1880 2056; x_wconf 60' lang='lat' dir='ltr'>tramea.</span> 
     </span>
     <span class='ocr_line' id='line_1_39' title="bbox 989 2084 1735 2165; baseline -0.003 -18"><span class='ocrx_word' id='word_1_222' title='bbox 989 2093 1047 2161; x_wconf 89' lang='lat' dir='ltr'>est,</span> <span class='ocrx_word' id='word_1_223' title='bbox 1066 2084 1334 2165; x_wconf 89' lang='lat' dir='ltr'>incorporalibus</span> <span class='ocrx_word' id='word_1_224' title='bbox 1350 2084 1509 2147; x_wconf 86' lang='lat' dir='ltr'>exercitiis</span> <span class='ocrx_word' id='word_1_225' title='bbox 1528 2084 1735 2147; x_wconf 88' lang='lat' dir='ltr'>immoderate</span> 
     </span>
     <span class='ocr_line' id='line_1_40' title="bbox 989 2181 1735 2264; baseline -0.001 -19"><span class='ocrx_word' id='word_1_226' title='bbox 989 2202 1023 2246; x_wconf 93' lang='lat' dir='ltr'>se</span> <span class='ocrx_word' id='word_1_227' title='bbox 1041 2191 1198 2264; x_wconf 89' lang='lat' dir='ltr'>occupant</span> <span class='ocrx_word' id='word_1_228' title='bbox 1217 2191 1249 2245; x_wconf 91' lang='lat' dir='ltr'>et</span> <span class='ocrx_word' id='word_1_229' title='bbox 1265 2183 1411 2264; x_wconf 87' lang='lat' dir='ltr'>fatigant,</span> <span class='ocrx_word' id='word_1_230' title='bbox 1429 2191 1524 2264; x_wconf 88' lang='lat' dir='ltr'>atque</span> <span class='ocrx_word' id='word_1_231' title='bbox 1539 2183 1572 2244; x_wconf 95' lang='lat' dir='ltr'>in</span> <span class='ocrx_word' id='word_1_232' title='bbox 1590 2181 1654 2244; x_wconf 93' lang='lat' dir='ltr'>illis</span> <span class='ocrx_word' id='word_1_233' title='bbox 1669 2201 1735 2244; x_wconf 91' lang='lat' dir='ltr'>ma-</span> 
     </span>
     <span class='ocr_line' id='line_1_41' title="bbox 989 2279 1735 2363; baseline -0.001 -21"><span class='ocrx_word' id='word_1_234' title='bbox 989 2300 1084 2360; x_wconf 90' lang='lat' dir='ltr'>gnam</span> <span class='ocrx_word' id='word_1_235' title='bbox 1095 2281 1294 2343; x_wconf 88' lang='lat' dir='ltr'>constituunt</span> <span class='ocrx_word' id='word_1_236' title='bbox 1305 2279 1542 2363; x_wconf 86' lang='lat' dir='ltr'>perfectionem.</span> <span class='ocrx_word' id='word_1_237' title='bbox 1551 2281 1617 2343; x_wconf 90' lang='lat' dir='ltr'>Non</span> <span class='ocrx_word' id='word_1_238' title='bbox 1629 2288 1735 2342; x_wconf 90' lang='lat' dir='ltr'>autem</span> 
     </span>
     <span class='ocr_line' id='line_1_42' title="bbox 990 2379 1736 2459; baseline -0.004 -17"><span class='ocrx_word' id='word_1_239' title='bbox 990 2388 1138 2459; x_wconf 88' lang='lat' dir='ltr'>satagunt</span> <span class='ocrx_word' id='word_1_240' title='bbox 1160 2398 1193 2441; x_wconf 87' lang='lat' dir='ltr'>se</span> <span class='ocrx_word' id='word_1_241' title='bbox 1210 2379 1403 2442; x_wconf 86' lang='lat' dir='ltr'>intrinsecus</span> <span class='ocrx_word' id='word_1_242' title='bbox 1426 2379 1611 2455; x_wconf 90' lang='lat' dir='ltr'>reformare,</span> <span class='ocrx_word' id='word_1_243' title='bbox 1625 2379 1736 2441; x_wconf 94' lang='lat' dir='ltr'>volun-</span> 
     </span>
     <span class='ocr_line' id='line_1_43' title="bbox 991 2476 1737 2562; baseline -0.001 -22"><span class='ocrx_word' id='word_1_244' title='bbox 991 2487 1087 2540; x_wconf 90' lang='lat' dir='ltr'>tatem</span> <span class='ocrx_word' id='word_1_245' title='bbox 1108 2478 1269 2562; x_wconf 89' lang='lat' dir='ltr'>propriam</span> <span class='ocrx_word' id='word_1_246' title='bbox 1291 2477 1459 2558; x_wconf 88' lang='lat' dir='ltr'>abnegare,</span> <span class='ocrx_word' id='word_1_247' title='bbox 1478 2496 1551 2540; x_wconf 94' lang='lat' dir='ltr'>cum</span> <span class='ocrx_word' id='word_1_248' title='bbox 1566 2476 1737 2540; x_wconf 88' lang='lat' dir='ltr'>devotione</span> 
     </span>
     <span class='ocr_line' id='line_1_44' title="bbox 991 2575 1736 2659; baseline 0 -20"><span class='ocrx_word' id='word_1_249' title='bbox 991 2578 1116 2639; x_wconf 91' lang='lat' dir='ltr'>interna</span> <span class='ocrx_word' id='word_1_250' title='bbox 1133 2596 1244 2639; x_wconf 86' lang='lat' dir='ltr'>vacare</span> <span class='ocrx_word' id='word_1_251' title='bbox 1259 2576 1435 2654; x_wconf 75' lang='lat' dir='ltr'>ditissimo,</span> <span class='ocrx_word' id='word_1_252' title='bbox 1457 2585 1553 2659; x_wconf 87' lang='lat' dir='ltr'>atque</span> <span class='ocrx_word' id='word_1_253' title='bbox 1572 2594 1646 2638; x_wconf 91' lang='lat' dir='ltr'>cum</span> <span class='ocrx_word' id='word_1_254' title='bbox 1663 2575 1736 2657; x_wconf 91' lang='lat' dir='ltr'>ipso</span> 
     </span>
     <span class='ocr_line' id='line_1_45' title="bbox 991 2674 1737 2751; baseline -0.001 -14"><span class='ocrx_word' id='word_1_255' title='bbox 991 2677 1023 2737; x_wconf 96' lang='lat' dir='ltr'>in</span> <span class='ocrx_word' id='word_1_256' title='bbox 1041 2675 1210 2737; x_wconf 90' lang='lat' dir='ltr'>latitudine</span> <span class='ocrx_word' id='word_1_257' title='bbox 1226 2675 1331 2737; x_wconf 88' lang='lat' dir='ltr'>cordis</span> <span class='ocrx_word' id='word_1_258' title='bbox 1352 2674 1566 2751; x_wconf 91' lang='lat' dir='ltr'>deambulare,</span> <span class='ocrx_word' id='word_1_259' title='bbox 1584 2682 1616 2737; x_wconf 90' lang='lat' dir='ltr'>et</span> <span class='ocrx_word' id='word_1_260' title='bbox 1631 2674 1660 2737; x_wconf 91' lang='lat' dir='ltr'>ei</span> <span class='ocrx_word' id='word_1_261' title='bbox 1677 2682 1737 2736; x_wconf 88' lang='lat' dir='ltr'>sta·</span> 
     </span>
     <span class='ocr_line' id='line_1_46' title="bbox 990 2772 1738 2848; baseline -0.001 -12"><span class='ocrx_word' id='word_1_262' title='bbox 990 2773 1098 2836; x_wconf 91' lang='lat' dir='ltr'>biliter</span> <span class='ocrx_word' id='word_1_263' title='bbox 1124 2773 1288 2848; x_wconf 75' lang='lat' dir='ltr'>inhaerere,</span> <span class='ocrx_word' id='word_1_264' title='bbox 1316 2791 1389 2835; x_wconf 91' lang='lat' dir='ltr'>eum</span> <span class='ocrx_word' id='word_1_265' title='bbox 1415 2772 1531 2835; x_wconf 91' lang='lat' dir='ltr'>actuali</span> <span class='ocrx_word' id='word_1_266' title='bbox 1561 2772 1738 2835; x_wconf 89' lang='lat' dir='ltr'>attentione</span> 
     </span>
     <span class='ocr_line' id='line_1_47' title="bbox 992 2870 1734 2953; baseline 0 -19"><span class='ocrx_word' id='word_1_267' title='bbox 992 2873 1092 2953; x_wconf 91' lang='lat' dir='ltr'>ipsius</span> <span class='ocrx_word' id='word_1_268' title='bbox 1114 2872 1146 2933; x_wconf 92' lang='lat' dir='ltr'>in</span> <span class='ocrx_word' id='word_1_269' title='bbox 1169 2870 1363 2946; x_wconf 91' lang='lat' dir='ltr'>meditando,</span> <span class='ocrx_word' id='word_1_270' title='bbox 1387 2872 1518 2947; x_wconf 87' lang='lat' dir='ltr'>orando,</span> <span class='ocrx_word' id='word_1_271' title='bbox 1543 2870 1734 2952; x_wconf 89' lang='lat' dir='ltr'>psallendo:</span> 
     </span>
     <span class='ocr_line' id='line_1_48' title="bbox 991 2969 1736 3051; baseline -0.005 -17"><span class='ocrx_word' id='word_1_272' title='bbox 991 2972 1062 3034; x_wconf 90' lang='lat' dir='ltr'>ideo</span> <span class='ocrx_word' id='word_1_273' title='bbox 1084 2971 1142 3033; x_wconf 92' lang='lat' dir='ltr'>etsi</span> <span class='ocrx_word' id='word_1_274' title='bbox 1167 2969 1303 3031; x_wconf 90' lang='lat' dir='ltr'>multum</span> <span class='ocrx_word' id='word_1_275' title='bbox 1325 2969 1481 3045; x_wconf 91' lang='lat' dir='ltr'>laborent,</span> <span class='ocrx_word' id='word_1_276' title='bbox 1494 2987 1608 3051; x_wconf 92' lang='lat' dir='ltr'>parum</span> <span class='ocrx_word' id='word_1_277' title='bbox 1630 2977 1736 3031; x_wconf 91' lang='lat' dir='ltr'>tamen</span> 
     </span>
    </p>
   </div>
   <div class='ocr_carea' id='block_1_9' title="bbox 184 3065 1737 3152">
    <p class='ocr_par' dir='ltr' id='par_1_10' title="bbox 184 3065 1737 3152">
     <span class='ocr_line' id='line_1_49' title="bbox 184 3065 1737 3152; baseline -0.001 -21"><span class='ocrx_word' id='word_1_278' title='bbox 184 3068 281 3131; x_wconf 91' lang='lat' dir='ltr'>nobis</span> <span class='ocrx_word' id='word_1_279' title='bbox 304 3075 363 3129; x_wconf 91' lang='lat' dir='ltr'>est.</span> <span class='ocrx_word' id='word_1_280' title='bbox 384 3065 504 3128; x_wconf 78' lang='lat' dir='ltr'>(lerunt</span> <span class='ocrx_word' id='word_1_281' title='bbox 527 3074 557 3129; x_wconf 90' lang='lat' dir='ltr'>et</span> <span class='ocrx_word' id='word_1_282' title='bbox 579 3085 721 3129; x_wconf 92' lang='lat' dir='ltr'>mensam</span> <span class='ocrx_word' id='word_1_283' title='bbox 748 3067 936 3148; x_wconf 91' lang='lat' dir='ltr'>prepositio-</span> <span class='ocrx_word' id='word_1_284' title='bbox 951 3069 973 3130; x_wconf 83' lang='lat' dir='ltr'>C</span> <span class='ocrx_word' id='word_1_285' title='bbox 991 3071 1076 3132; x_wconf 92' lang='lat' dir='ltr'>intus</span> <span class='ocrx_word' id='word_1_286' title='bbox 1099 3066 1286 3152; x_wconf 86' lang='lat' dir='ltr'>proliciunt,</span> <span class='ocrx_word' id='word_1_287' title='bbox 1304 3066 1380 3148; x_wconf 88' lang='lat' dir='ltr'>quia</span> <span class='ocrx_word' id='word_1_288' title='bbox 1401 3085 1465 3132; x_wconf 92' lang='lat' dir='ltr'>non</span> <span class='ocrx_word' id='word_1_289' title='bbox 1486 3075 1673 3131; x_wconf 90' lang='lat' dir='ltr'>assuescunt</span> <span class='ocrx_word' id='word_1_290' title='bbox 1689 3087 1737 3130; x_wconf 90' lang='lat' dir='ltr'>re-</span> 
     </span>
    </p>
   </div>
   <div class='ocr_carea' id='block_1_10' title="bbox 183 3165 937 4231">
    <p class='ocr_par' dir='ltr' id='par_1_11' title="bbox 183 3165 937 4231">
     <span class='ocr_line' id='line_1_50' title="bbox 185 3165 935 3247; baseline -0.004 -18"><span class='ocrx_word' id='word_1_291' title='bbox 185 3168 249 3244; x_wconf 93' lang='lat' dir='ltr'>nis,</span> <span class='ocrx_word' id='word_1_292' title='bbox 267 3167 301 3228; x_wconf 94' lang='lat' dir='ltr'>id</span> <span class='ocrx_word' id='word_1_293' title='bbox 327 3172 375 3228; x_wconf 91' lang='lat' dir='ltr'>est</span> <span class='ocrx_word' id='word_1_294' title='bbox 400 3183 523 3228; x_wconf 89' lang='lat' dir='ltr'>sacram</span> <span class='ocrx_word' id='word_1_295' title='bbox 544 3165 740 3247; x_wconf 89' lang='lat' dir='ltr'>Scripturam</span> <span class='ocrx_word' id='word_1_296' title='bbox 765 3165 935 3247; x_wconf 89' lang='lat' dir='ltr'>multiplici</span> 
     </span>
     <span class='ocr_line' id='line_1_51' title="bbox 184 3263 935 3338; baseline -0.005 -10"><span class='ocrx_word' id='word_1_297' title='bbox 184 3283 284 3328; x_wconf 89' lang='lat' dir='ltr'>sensu</span> <span class='ocrx_word' id='word_1_298' title='bbox 315 3263 487 3338; x_wconf 83' lang='lat' dir='ltr'>refertam3</span> <span class='ocrx_word' id='word_1_299' title='bbox 514 3263 741 3326; x_wconf 90' lang='lat' dir='ltr'>candelabrum</span> <span class='ocrx_word' id='word_1_300' title='bbox 766 3283 839 3325; x_wconf 89' lang='lat' dir='ltr'>cum</span> <span class='ocrx_word' id='word_1_301' title='bbox 869 3264 935 3326; x_wconf 89' lang='lat' dir='ltr'>suis</span> 
     </span>
     <span class='ocr_line' id='line_1_52' title="bbox 185 3361 937 3443; baseline -0.004 -17"><span class='ocrx_word' id='word_1_302' title='bbox 185 3364 340 3438; x_wconf 88' lang='lat' dir='ltr'>lucernis,</span> <span class='ocrx_word' id='word_1_303' title='bbox 364 3361 461 3424; x_wconf 89' lang='lat' dir='ltr'>idest</span> <span class='ocrx_word' id='word_1_304' title='bbox 481 3362 579 3425; x_wconf 90' lang='lat' dir='ltr'>vitam</span> <span class='ocrx_word' id='word_1_305' title='bbox 599 3369 631 3424; x_wconf 91' lang='lat' dir='ltr'>et</span> <span class='ocrx_word' id='word_1_306' title='bbox 651 3363 840 3424; x_wconf 89' lang='lat' dir='ltr'>documenta</span> <span class='ocrx_word' id='word_1_307' title='bbox 855 3362 937 3443; x_wconf 80' lang='lat' dir='ltr'>Apo-</span> 
     </span>
     <span class='ocr_line' id='line_1_53' title="bbox 185 3459 935 3536; baseline -0.004 -11"><span class='ocrx_word' id='word_1_308' title='bbox 185 3462 366 3534; x_wconf 83' lang='lat' dir='ltr'>stolorum3</span> <span class='ocrx_word' id='word_1_309' title='bbox 394 3459 493 3523; x_wconf 89' lang='lat' dir='ltr'>altare</span> <span class='ocrx_word' id='word_1_310' title='bbox 516 3459 549 3522; x_wconf 90' lang='lat' dir='ltr'>in</span> <span class='ocrx_word' id='word_1_311' title='bbox 572 3459 725 3523; x_wconf 86' lang='lat' dir='ltr'>interiore</span> <span class='ocrx_word' id='word_1_312' title='bbox 744 3460 883 3536; x_wconf 88' lang='lat' dir='ltr'>homine,</span> <span class='ocrx_word' id='word_1_313' title='bbox 903 3461 935 3522; x_wconf 96' lang='lat' dir='ltr'>in</span> 
     </span>
     <span class='ocr_line' id='line_1_54' title="bbox 185 3558 934 3643; baseline -0.001 -21"><span class='ocrx_word' id='word_1_314' title='bbox 185 3579 252 3643; x_wconf 89' lang='lat' dir='ltr'>qno</span> <span class='ocrx_word' id='word_1_315' title='bbox 269 3559 467 3622; x_wconf 90' lang='lat' dir='ltr'>sacrificium</span> <span class='ocrx_word' id='word_1_316' title='bbox 489 3558 603 3636; x_wconf 87' lang='lat' dir='ltr'>laudis,</span> <span class='ocrx_word' id='word_1_317' title='bbox 622 3559 788 3622; x_wconf 90' lang='lat' dir='ltr'>incensum</span> <span class='ocrx_word' id='word_1_318' title='bbox 806 3559 934 3637; x_wconf 89' lang='lat' dir='ltr'>amoris,</span> 
     </span>
     <span class='ocr_line' id='line_1_55' title="bbox 186 3656 936 3743; baseline -0.003 -21"><span class='ocrx_word' id='word_1_319' title='bbox 186 3660 363 3743; x_wconf 77' lang='lat' dir='ltr'>thymiama</span> <span class='ocrx_word' id='word_1_320' title='bbox 392 3657 546 3720; x_wconf 90' lang='lat' dir='ltr'>orationis</span> <span class='ocrx_word' id='word_1_321' title='bbox 570 3659 634 3720; x_wconf 89' lang='lat' dir='ltr'>Deo</span> <span class='ocrx_word' id='word_1_322' title='bbox 664 3656 807 3720; x_wconf 91' lang='lat' dir='ltr'>offerunt</span> <span class='ocrx_word' id='word_1_323' title='bbox 838 3659 936 3721; x_wconf 91' lang='lat' dir='ltr'>inces-</span> 
     </span>
     <span class='ocr_line' id='line_1_56' title="bbox 184 3757 936 3838; baseline -0.001 -16"><span class='ocrx_word' id='word_1_324' title='bbox 184 3767 305 3822; x_wconf 87' lang='lat' dir='ltr'>santer.</span> <span class='ocrx_word' id='word_1_325' title='bbox 324 3759 477 3820; x_wconf 71' lang='lat' dir='ltr'>Praeterea</span> <span class='ocrx_word' id='word_1_326' title='bbox 497 3757 711 3833; x_wconf 87' lang='lat' dir='ltr'>advertamus,</span> <span class='ocrx_word' id='word_1_327' title='bbox 730 3776 802 3819; x_wconf 89' lang='lat' dir='ltr'>cum</span> <span class='ocrx_word' id='word_1_328' title='bbox 818 3765 936 3838; x_wconf 90' lang='lat' dir='ltr'>quanta</span> 
     </span>
     <span class='ocr_line' id='line_1_57' title="bbox 185 3852 935 3935; baseline -0.001 -16"><span class='ocrx_word' id='word_1_329' title='bbox 185 3854 366 3919; x_wconf 81' lang='lat' dir='ltr'>reverentia</span> <span class='ocrx_word' id='word_1_330' title='bbox 390 3852 468 3916; x_wconf 92' lang='lat' dir='ltr'>velit</span> <span class='ocrx_word' id='word_1_331' title='bbox 490 3853 694 3935; x_wconf 85' lang='lat' dir='ltr'>omnipotens</span> <span class='ocrx_word' id='word_1_332' title='bbox 711 3855 791 3916; x_wconf 87' lang='lat' dir='ltr'>Deus</span> <span class='ocrx_word' id='word_1_333' title='bbox 809 3873 865 3916; x_wconf 91' lang='lat' dir='ltr'>sua</span> <span class='ocrx_word' id='word_1_334' title='bbox 888 3875 935 3918; x_wconf 89' lang='lat' dir='ltr'>sa-</span> 
     </span>
     <span class='ocr_line' id='line_1_58' title="bbox 183 3953 931 4034; baseline -0.004 -15"><span class='ocrx_word' id='word_1_335' title='bbox 183 3963 349 4019; x_wconf 90' lang='lat' dir='ltr'>cramenta</span> <span class='ocrx_word' id='word_1_336' title='bbox 378 3973 414 4015; x_wconf 93' lang='lat' dir='ltr'>ac</span> <span class='ocrx_word' id='word_1_337' title='bbox 441 3972 530 4014; x_wconf 87' lang='lat' dir='ltr'>sacra</span> <span class='ocrx_word' id='word_1_338' title='bbox 560 3953 709 4034; x_wconf 85' lang='lat' dir='ltr'>mysteria</span> <span class='ocrx_word' id='word_1_339' title='bbox 733 3955 931 4016; x_wconf 89' lang='lat' dir='ltr'>contrectari.</span> 
     </span>
     <span class='ocr_line' id='line_1_59' title="bbox 183 4049 932 4133; baseline -0.003 -17"><span class='ocrx_word' id='word_1_340' title='bbox 183 4054 216 4116; x_wconf 81' lang='lat' dir='ltr'>Si</span> <span class='ocrx_word' id='word_1_341' title='bbox 233 4051 389 4114; x_wconf 87' lang='lat' dir='ltr'>Caathitis</span> <span class='ocrx_word' id='word_1_342' title='bbox 410 4049 469 4112; x_wconf 91' lang='lat' dir='ltr'>sub</span> <span class='ocrx_word' id='word_1_343' title='bbox 489 4069 585 4133; x_wconf 86' lang='lat' dir='ltr'>poena</span> <span class='ocrx_word' id='word_1_344' title='bbox 605 4050 716 4113; x_wconf 92' lang='lat' dir='ltr'>mortis</span> <span class='ocrx_word' id='word_1_345' title='bbox 738 4051 932 4133; x_wconf 90' lang='lat' dir='ltr'>prohibitum</span> 
     </span>
     <span class='ocr_line' id='line_1_60' title="bbox 184 4148 932 4231; baseline -0.003 -17"><span class='ocrx_word' id='word_1_346' title='bbox 184 4151 258 4226; x_wconf 90' lang='lat' dir='ltr'>fuit,</span> <span class='ocrx_word' id='word_1_347' title='bbox 277 4169 367 4213; x_wconf 89' lang='lat' dir='ltr'>sacra</span> <span class='ocrx_word' id='word_1_348' title='bbox 385 4149 441 4211; x_wconf 94' lang='lat' dir='ltr'>illa</span> <span class='ocrx_word' id='word_1_349' title='bbox 464 4150 549 4211; x_wconf 92' lang='lat' dir='ltr'>nuda</span> <span class='ocrx_word' id='word_1_350' title='bbox 571 4148 727 4230; x_wconf 88' lang='lat' dir='ltr'>attingere</span> <span class='ocrx_word' id='word_1_351' title='bbox 747 4168 754 4212; x_wconf 75' lang='grc' dir='ltr'>ε</span> <span class='ocrx_word' id='word_1_352' title='bbox 772 4169 865 4231; x_wconf 88' lang='lat' dir='ltr'>quam</span> <span class='ocrx_word' id='word_1_353' title='bbox 888 4151 932 4212; x_wconf 95' lang='lat' dir='ltr'>in-</span> 
     </span>
    </p>
   </div>
   <div class='ocr_carea' id='block_1_11' title="bbox 180 4243 1734 4332">
    <p class='ocr_par' dir='ltr' id='par_1_12' title="bbox 180 4243 1734 4332">
     <span class='ocr_line' id='line_1_61' title="bbox 180 4243 1734 4332; baseline -0.004 -20"><span class='ocrx_word' id='word_1_354' title='bbox 180 4250 272 4332; x_wconf 83' lang='lat' dir='ltr'>genti</span> <span class='ocrx_word' id='word_1_355' title='bbox 298 4247 503 4311; x_wconf 87' lang='lat' dir='ltr'>damnatione</span> <span class='ocrx_word' id='word_1_356' title='bbox 529 4257 603 4309; x_wconf 92' lang='lat' dir='ltr'>sunt</span> <span class='ocrx_word' id='word_1_357' title='bbox 628 4248 728 4326; x_wconf 90' lang='lat' dir='ltr'>digni,</span> <span class='ocrx_word' id='word_1_358' title='bbox 756 4249 809 4329; x_wconf 87' lang='lat' dir='ltr'>qui</span> <span class='ocrx_word' id='word_1_359' title='bbox 835 4249 934 4312; x_wconf 90' lang='lat' dir='ltr'>ecclc·</span> <span class='ocrx_word' id='word_1_360' title='bbox 951 4253 975 4315; x_wconf 90' lang='lat' dir='ltr'>D</span> <span class='ocrx_word' id='word_1_361' title='bbox 990 4251 1029 4312; x_wconf 92' lang='lat' dir='ltr'>de</span> <span class='ocrx_word' id='word_1_362' title='bbox 1045 4248 1096 4309; x_wconf 90' lang='lat' dir='ltr'>his</span> <span class='ocrx_word' id='word_1_363' title='bbox 1112 4246 1293 4309; x_wconf 90' lang='lat' dir='ltr'>introducta</span> <span class='ocrx_word' id='word_1_364' title='bbox 1312 4254 1387 4306; x_wconf 92' lang='lat' dir='ltr'>sunt</span> <span class='ocrx_word' id='word_1_365' title='bbox 1403 4244 1514 4320; x_wconf 92' lang='lat' dir='ltr'>multa,</span> <span class='ocrx_word' id='word_1_366' title='bbox 1531 4243 1680 4307; x_wconf 90' lang='lat' dir='ltr'>videlieet</span> <span class='ocrx_word' id='word_1_367' title='bbox 1695 4244 1734 4306; x_wconf 92' lang='lat' dir='ltr'>de</span> 
     </span>
    </p>
   </div>
   <div class='ocr_carea' id='block_1_12' title="bbox 183 4347 934 4528">
    <p class='ocr_par' dir='ltr' id='par_1_13' title="bbox 183 4347 934 4528">
     <span class='ocr_line' id='line_1_62' title="bbox 183 4347 934 4429; baseline 0 -19"><span class='ocrx_word' id='word_1_368' title='bbox 183 4349 314 4410; x_wconf 88' lang='lat' dir='ltr'>siastica</span> <span class='ocrx_word' id='word_1_369' title='bbox 339 4355 547 4420; x_wconf 89' lang='lat' dir='ltr'>sacramenta,</span> <span class='ocrx_word' id='word_1_370' title='bbox 568 4347 744 4428; x_wconf 73' lang='lat' dir='ltr'>praesertim</span> <span class='ocrx_word' id='word_1_371' title='bbox 767 4367 884 4429; x_wconf 89' lang='lat' dir='ltr'>corpus</span> <span class='ocrx_word' id='word_1_372' title='bbox 903 4357 934 4410; x_wconf 94' lang='lat' dir='ltr'>ct</span> 
     </span>
     <span class='ocr_line' id='line_1_63' title="bbox 183 4443 934 4528; baseline 0.001 -20"><span class='ocrx_word' id='word_1_373' title='bbox 183 4445 376 4528; x_wconf 92' lang='lat' dir='ltr'>sanguinem</span> <span class='ocrx_word' id='word_1_374' title='bbox 397 4443 582 4521; x_wconf 85' lang='lat' dir='ltr'>Salvatoris,</span> <span class='ocrx_word' id='word_1_375' title='bbox 600 4445 821 4523; x_wconf 86' lang='lat' dir='ltr'>irreverenter,</span> <span class='ocrx_word' id='word_1_376' title='bbox 846 4446 934 4509; x_wconf 91' lang='lat' dir='ltr'>indc-</span> 
     </span>
    </p>
   </div>
   <div class='ocr_carea' id='block_1_13' title="bbox 989 3166 1881 4508">
    <p class='ocr_par' dir='ltr' id='par_1_14' title="bbox 989 3166 1881 4015">
     <span class='ocr_line' id='line_1_64' title="bbox 991 3166 1735 3249; baseline -0.003 -19"><span class='ocrx_word' id='word_1_377' title='bbox 991 3169 1116 3231; x_wconf 86' lang='lat' dir='ltr'>frenare</span> <span class='ocrx_word' id='word_1_378' title='bbox 1131 3187 1165 3230; x_wconf 89' lang='lat' dir='ltr'>se</span> <span class='ocrx_word' id='word_1_379' title='bbox 1186 3166 1283 3249; x_wconf 90' lang='lat' dir='ltr'>ipsos,</span> <span class='ocrx_word' id='word_1_380' title='bbox 1301 3176 1333 3229; x_wconf 94' lang='lat' dir='ltr'>et</span> <span class='ocrx_word' id='word_1_381' title='bbox 1354 3185 1411 3230; x_wconf 92' lang='lat' dir='ltr'>sue</span> <span class='ocrx_word' id='word_1_382' title='bbox 1433 3166 1540 3229; x_wconf 91' lang='lat' dir='ltr'>animo</span> <span class='ocrx_word' id='word_1_383' title='bbox 1564 3166 1735 3230; x_wconf 90' lang='lat' dir='ltr'>dominari.</span> 
     </span>
     <span class='ocr_line' id='line_1_65' title="bbox 990 3263 1736 3348; baseline -0.004 -18"><span class='ocrx_word' id='word_1_384' title='bbox 990 3267 1068 3330; x_wconf 90' lang='lat' dir='ltr'>Hinc</span> <span class='ocrx_word' id='word_1_385' title='bbox 1085 3266 1177 3348; x_wconf 89' lang='lat' dir='ltr'>proni</span> <span class='ocrx_word' id='word_1_386' title='bbox 1192 3274 1268 3326; x_wconf 90' lang='lat' dir='ltr'>sunt</span> <span class='ocrx_word' id='word_1_387' title='bbox 1283 3264 1454 3344; x_wconf 82' lang='lat' dir='ltr'>indignari,</span> <span class='ocrx_word' id='word_1_388' title='bbox 1473 3273 1505 3328; x_wconf 93' lang='lat' dir='ltr'>et</span> <span class='ocrx_word' id='word_1_389' title='bbox 1523 3263 1604 3327; x_wconf 91' lang='lat' dir='ltr'>alios</span> <span class='ocrx_word' id='word_1_390' title='bbox 1624 3283 1736 3348; x_wconf 85' lang='lat' dir='ltr'>aspere</span> 
     </span>
     <span class='ocr_line' id='line_1_66' title="bbox 989 3364 1881 3448; baseline -0.004 -20"><span class='ocrx_word' id='word_1_391' title='bbox 989 3365 1184 3448; x_wconf 86' lang='lat' dir='ltr'>judicare,et</span> <span class='ocrx_word' id='word_1_392' title='bbox 1199 3370 1313 3446; x_wconf 90' lang='lat' dir='ltr'>putant</span> <span class='ocrx_word' id='word_1_393' title='bbox 1328 3383 1362 3426; x_wconf 91' lang='lat' dir='ltr'>se</span> <span class='ocrx_word' id='word_1_394' title='bbox 1376 3364 1498 3445; x_wconf 90' lang='lat' dir='ltr'>aliquid</span> <span class='ocrx_word' id='word_1_395' title='bbox 1509 3383 1590 3438; x_wconf 84' lang='lat' dir='ltr'>esse3</span> <span class='ocrx_word' id='word_1_396' title='bbox 1599 3370 1737 3446; x_wconf 87' lang='lat' dir='ltr'>portant·</span> <span class='ocrx_word' id='word_1_397' title='bbox 1751 3385 1881 3433; x_wconf 57' lang='lat' dir='ltr'>aetarnae.</span> 
     </span>
     <span class='ocr_line' id='line_1_67' title="bbox 990 3461 1737 3546; baseline -0.003 -20"><span class='ocrx_word' id='word_1_398' title='bbox 990 3485 1052 3546; x_wconf 90' lang='lat' dir='ltr'>que</span> <span class='ocrx_word' id='word_1_399' title='bbox 1069 3463 1191 3525; x_wconf 91' lang='lat' dir='ltr'>tabulas</span> <span class='ocrx_word' id='word_1_400' title='bbox 1208 3461 1403 3524; x_wconf 90' lang='lat' dir='ltr'>tabernaculi</span> <span class='ocrx_word' id='word_1_401' title='bbox 1420 3471 1452 3524; x_wconf 89' lang='lat' dir='ltr'>et</span> <span class='ocrx_word' id='word_1_402' title='bbox 1466 3462 1643 3538; x_wconf 89' lang='lat' dir='ltr'>columnas,</span> <span class='ocrx_word' id='word_1_403' title='bbox 1660 3480 1737 3542; x_wconf 82' lang='lat' dir='ltr'>quo</span> 
     </span>
     <span class='ocr_line' id='line_1_68' title="bbox 991 3559 1737 3642; baseline -0.004 -18"><span class='ocrx_word' id='word_1_404' title='bbox 991 3563 1077 3625; x_wconf 89' lang='lat' dir='ltr'>niam</span> <span class='ocrx_word' id='word_1_405' title='bbox 1094 3569 1220 3623; x_wconf 88' lang='lat' dir='ltr'>sanctos</span> <span class='ocrx_word' id='word_1_406' title='bbox 1235 3569 1340 3642; x_wconf 91' lang='lat' dir='ltr'>patres</span> <span class='ocrx_word' id='word_1_407' title='bbox 1362 3560 1394 3621; x_wconf 94' lang='lat' dir='ltr'>in</span> <span class='ocrx_word' id='word_1_408' title='bbox 1416 3559 1576 3641; x_wconf 85' lang='lat' dir='ltr'>praetactis</span> <span class='ocrx_word' id='word_1_409' title='bbox 1592 3577 1737 3640; x_wconf 91' lang='lat' dir='ltr'>corpora·</span> 
     </span>
     <span class='ocr_line' id='line_1_69' title="bbox 990 3657 1735 3733; baseline -0.007 -10"><span class='ocrx_word' id='word_1_410' title='bbox 990 3660 1076 3723; x_wconf 92' lang='lat' dir='ltr'>libus</span> <span class='ocrx_word' id='word_1_411' title='bbox 1098 3657 1377 3722; x_wconf 84' lang='lat' dir='ltr'>exercitationibus</span> <span class='ocrx_word' id='word_1_412' title='bbox 1401 3657 1576 3733; x_wconf 90' lang='lat' dir='ltr'>imitantur,</span> <span class='ocrx_word' id='word_1_413' title='bbox 1599 3657 1735 3720; x_wconf 92' lang='lat' dir='ltr'>sednon</span> 
     </span>
     <span class='ocr_line' id='line_1_70' title="bbox 991 3753 1736 3836; baseline -0.005 -17"><span class='ocrx_word' id='word_1_414' title='bbox 991 3756 1134 3820; x_wconf 89' lang='lat' dir='ltr'>referunt</span> <span class='ocrx_word' id='word_1_415' title='bbox 1154 3775 1206 3818; x_wconf 90' lang='lat' dir='ltr'>eas</span> <span class='ocrx_word' id='word_1_416' title='bbox 1228 3755 1266 3818; x_wconf 93' lang='lat' dir='ltr'>ad</span> <span class='ocrx_word' id='word_1_417' title='bbox 1292 3755 1435 3817; x_wconf 88' lang='lat' dir='ltr'>debitum</span> <span class='ocrx_word' id='word_1_418' title='bbox 1458 3753 1569 3830; x_wconf 90' lang='lat' dir='ltr'>finem,</span> <span class='ocrx_word' id='word_1_419' title='bbox 1586 3755 1736 3836; x_wconf 90' lang='lat' dir='ltr'>quemad·</span> 
     </span>
     <span class='ocr_line' id='line_1_71' title="bbox 990 3851 1736 3934; baseline -0.007 -17"><span class='ocrx_word' id='word_1_420' title='bbox 990 3855 1120 3917; x_wconf 88' lang='lat' dir='ltr'>modum</span> <span class='ocrx_word' id='word_1_421' title='bbox 1136 3860 1241 3934; x_wconf 88' lang='lat' dir='ltr'>patros</span> <span class='ocrx_word' id='word_1_422' title='bbox 1257 3851 1369 3929; x_wconf 90' lang='lat' dir='ltr'>sancti,</span> <span class='ocrx_word' id='word_1_423' title='bbox 1387 3871 1445 3915; x_wconf 91' lang='lat' dir='ltr'>nec</span> <span class='ocrx_word' id='word_1_424' title='bbox 1461 3871 1534 3914; x_wconf 91' lang='lat' dir='ltr'>cum</span> <span class='ocrx_word' id='word_1_425' title='bbox 1550 3851 1658 3914; x_wconf 90' lang='lat' dir='ltr'>debita</span> <span class='ocrx_word' id='word_1_426' title='bbox 1672 3851 1736 3914; x_wconf 91' lang='lat' dir='ltr'>dis·</span> 
     </span>
     <span class='ocr_line' id='line_1_72' title="bbox 990 3948 1691 4015; baseline -0.007 0"><span class='ocrx_word' id='word_1_427' title='bbox 990 3951 1131 4015; x_wconf 88' lang='lat' dir='ltr'>cretione</span> <span class='ocrx_word' id='word_1_428' title='bbox 1148 3959 1179 4013; x_wconf 92' lang='lat' dir='ltr'>et</span> <span class='ocrx_word' id='word_1_429' title='bbox 1196 3949 1377 4012; x_wconf 89' lang='lat' dir='ltr'>humilitate</span> <span class='ocrx_word' id='word_1_430' title='bbox 1394 3949 1545 4011; x_wconf 90' lang='lat' dir='ltr'>insistunt</span> <span class='ocrx_word' id='word_1_431' title='bbox 1560 3948 1691 4011; x_wconf 91' lang='lat' dir='ltr'>eisdem.</span> 
     </span>
    </p>

    <p class='ocr_par' dir='ltr' id='par_1_15' title="bbox 989 4046 1880 4508">
     <span class='ocr_line' id='line_1_73' title="bbox 1028 4046 1733 4128; baseline -0.007 -15"><span class='ocrx_word' id='word_1_432' title='bbox 1028 4052 1072 4113; x_wconf 90' lang='lat' dir='ltr'>De</span> <span class='ocrx_word' id='word_1_433' title='bbox 1089 4047 1266 4112; x_wconf 87' lang='lat' dir='ltr'>moralitate</span> <span class='ocrx_word' id='word_1_434' title='bbox 1277 4055 1382 4110; x_wconf 87' lang='lat' dir='ltr'>autem</span> <span class='ocrx_word' id='word_1_435' title='bbox 1394 4055 1425 4110; x_wconf 92' lang='lat' dir='ltr'>et</span> <span class='ocrx_word' id='word_1_436' title='bbox 1440 4046 1593 4127; x_wconf 90' lang='lat' dir='ltr'>allegoria</span> <span class='ocrx_word' id='word_1_437' title='bbox 1601 4046 1733 4128; x_wconf 91' lang='lat' dir='ltr'>capituli</span> 
     </span>
     <span class='ocr_line' id='line_1_74' title="bbox 990 4145 1880 4231; baseline -0.004 -18"><span class='ocrx_word' id='word_1_438' title='bbox 990 4151 1084 4231; x_wconf 91' lang='lat' dir='ltr'>hujus</span> <span class='ocrx_word' id='word_1_439' title='bbox 1101 4156 1294 4230; x_wconf 87' lang='lat' dir='ltr'>pertranseo,</span> <span class='ocrx_word' id='word_1_440' title='bbox 1314 4147 1465 4228; x_wconf 93' lang='lat' dir='ltr'>quoniam</span> <span class='ocrx_word' id='word_1_441' title='bbox 1481 4165 1576 4228; x_wconf 90' lang='lat' dir='ltr'>super</span> <span class='ocrx_word' id='word_1_442' title='bbox 1592 4145 1733 4208; x_wconf 79' lang='lat' dir='ltr'>Exodum</span> <span class='ocrx_word' id='word_1_443' title='bbox 1754 4168 1880 4218; x_wconf 58' lang='lat' dir='ltr'>azaram</span> 
     </span>
     <span class='ocr_line' id='line_1_75' title="bbox 1748 4244 1869 4279; baseline 0.008 -6"><span class='ocrx_word' id='word_1_444' title='bbox 1748 4245 1811 4279; x_wconf 78' lang='lat' dir='ltr'>xxvu,</span> <span class='ocrx_word' id='word_1_445' title='bbox 1820 4244 1869 4275; x_wconf 81' lang='lat' dir='ltr'>m.</span> 
     </span>
     <span class='ocr_line' id='line_1_76' title="bbox 990 4340 1735 4428; baseline -0.005 -21"><span class='ocrx_word' id='word_1_446' title='bbox 990 4345 1123 4428; x_wconf 72' lang='lat' dir='ltr'>mystica</span> <span class='ocrx_word' id='word_1_447' title='bbox 1143 4340 1380 4423; x_wconf 89' lang='lat' dir='ltr'>significatione</span> <span class='ocrx_word' id='word_1_448' title='bbox 1401 4341 1597 4405; x_wconf 89' lang='lat' dir='ltr'>tabernaculi</span> <span class='ocrx_word' id='word_1_449' title='bbox 1614 4350 1645 4404; x_wconf 88' lang='lat' dir='ltr'>ct</span> <span class='ocrx_word' id='word_1_450' title='bbox 1660 4360 1735 4404; x_wconf 92' lang='lat' dir='ltr'>con-</span> 
     </span>
     <span class='ocr_line' id='line_1_77' title="bbox 989 4443 1265 4508; baseline -0.014 -1"><span class='ocrx_word' id='word_1_451' title='bbox 989 4453 1149 4508; x_wconf 88' lang='lat' dir='ltr'>tentorum</span> <span class='ocrx_word' id='word_1_452' title='bbox 1168 4443 1201 4504; x_wconf 94' lang='lat' dir='ltr'>in</span> <span class='ocrx_word' id='word_1_453' title='bbox 1217 4461 1265 4506; x_wconf 89' lang='lat' dir='ltr'>eo.</span> 
     </span>
    </p>
   </div>
   <div class='ocr_carea' id='block_1_14' title="bbox 0 0 2164 6259">
    <p class='ocr_par' dir='ltr' id='par_1_16' title="bbox 0 0 2164 6259">
     <span class='ocr_line' id='line_1_78' title="bbox 0 0 2164 6259; baseline 0 0"><span class='ocrx_word' id='word_1_454' title='bbox 0 0 2164 6259; x_wconf 95' lang='lat' dir='ltr'> </span> 
     </span>
    </p>
   </div>
  </div>
 </body>
</html>
