4309 6259
409 481 468 555 388
763 506 937 553 unianimo
958 508 989 553 rn
1011 505 1079 551 aar.
1103 504 1147 550 nu
1168 503 1364 550 nunanonrnr.
1387 525 1428 534 —
1447 505 1519 549 aar.
1543 504 1596 550 xxi

409 678 554 754 habetur,
572 698 642 760 quaa
660 677 719 740 luit
741 677 860 741 femina
875 679 946 753 ista,
965 693 1029 738 non
1045 683 1151 737 autem
1167 673 1193 735 tt
1208 674 1281 736 tulit
1304 673 1408 750 Maria,
1421 684 1452 737 et
1471 675 1575 738 Aaron
1600 683 1648 737 θεῖ
1672 680 1846 753 conquesta
1864 688 1872 732 ε
1890 670 1949 751 qui

407 795 504 858 quam
521 775 562 838 ob
578 794 706 838 causam
722 776 825 839 Aaron
842 785 873 838 et
888 775 982 836 Maria
993 772 1070 836 moti
1088 772 1153 834 sint
1208 772 1376 852 indignati,
1393 773 1563 834 voluerunt
1585 791 1619 834 se
1635 771 1729 852 Moysi
1752 788 1950 851 comparare.

409 876 447 936 ad
464 874 659 956 loquendum
671 883 780 937 eontra
790 874 914 956 Moysen
932 881 1060 953 propter
1070 871 1153 932 hanc
1246 870 1399 931 Praeterea
1414 871 1452 931 ad
1468 869 1712 950 intelligendum
1727 869 1811 949 quod
1827 868 1951 930 dictum

408 975 478 1053 ejus
495 991 638 1035 uxorem.
650 973 788 1034 Isidorus
804 989 879 1034 vero
896 970 984 1046 dicit,
1002 970 1087 1050 quod
1103 970 1154 1031 dc·
1209 976 1257 1028 est
1288 968 1327 1030 de
1356 968 1467 1048 regina
1495 969 1693 1050 AEthiopum,
1720 966 1951 1029 advertendum

410 1079 574 1132 traxerunt
589 1069 696 1152 Moysi,
715 1089 752 1132 eo
768 1070 852 1151 quod
868 1068 1080 1146 alienigenam
1097 1086 1153 1128 seu
1209 1066 1294 1146 quod
1319 1065 1474 1147 Iosephus
1505 1064 1601 1128 refert
1629 1085 1636 1128 :
1663 1064 1874 1146 AEthiopibus‚
1903 1063 1955 1125 in-

409 1169 559 1247 gentilcm
577 1168 667 1230 duxit
683 1186 824 1230 uxorem.
842 1166 987 1246 Magister
1002 1166 1035 1227 iu
1056 1165 1155 1226 histo-
1209 1164 1334 1246 quiens,
1352 1165 1519 1246 AEgyptum
1535 1165 1743 1239 vastantibus
1751 1163 1885 1244 AEgyptii
1903 1181 1955 1224 ae-

410 1267 466 1328 riis
489 1265 601 1329 scribit
620 1283 626 1327 :
643 1265 763 1347 Jurgati
788 1273 862 1327 sunt
883 1265 986 1326 Aaron
1007 1271 1038 1326 et
1060 1263 1155 1324 Maria
1209 1272 1363 1344 ceperunt
1378 1263 1596 1340 oraculum,ut
1610 1272 1774 1325 uterentur
1787 1260 1954 1324 auxiliata

409 1372 519 1427 contra
530 1364 803 1445 Moysen,propter
818 1381 946 1426 uxorem
958 1361 1028 1442 ejus
1039 1361 1156 1422 AEthio
1209 1381 1244 1424 re
1259 1370 1291 1424 θῖ
1305 1363 1384 1425 ducc
1400 1361 1550 1436 Mehraeo3
1572 1362 1681 1443 sicque
1701 1362 1818 1442 Moyses
1838 1379 1951 1423 corum

410 1463 540 1543 pissam,
566 1461 821 1543 improperantes
846 1461 875 1523 ci
900 1461 985 1541 quod
1012 1459 1154 1538 reginam
1210 1459 1362 1522 exercitui
1388 1460 1588 1541 praepositus,
1615 1458 1808 1541 expugnavit
1830 1457 1952 1519 AEthio

410 1559 593 1642 AEthiopum
618 1560 758 1621 duxisset
783 1578 923 1635 uxorem,
950 1558 1000 1620 vel
1027 1558 1154 1618 ductam
1210 1577 1277 1640 pes,
1294 1567 1325 1620 et
1340 1576 1394 1620 eos
1409 1558 1466 1639 qui
1483 1557 1633 1637 lugerunt
1649 1558 1805 1620 conclusit
1820 1556 1852 1617 in
1869 1556 1953 1618 Saba

411 1658 578 1734 dimiserit,
601 1658 650 1720 vel
667 1657 772 1738 potius
793 1666 922 1738 propter
938 1675 1067 1718 uxorem
1084 1655 1154 1735 ejus
1210 1657 1297 1736 regia
1311 1657 1451 1720 civitate.
1464 1656 1602 1719 Tandem
1620 1656 1689 1718 lilia
1705 1656 1787 1736 regis
1803 1655 1883 1737 patri
1902 1675 1954 1716 su-

411 1756 595 1838 Sephcram,
619 1774 690 1836 quaa
715 1755 814 1818 rixata
840 1755 943 1816 fuerat
964 1761 1074 1816 contra
1095 1753 1154 1814 Ma·
1211 1765 1342 1838 perstes,
1354 1755 1830 1838 probitatem,pulchritudinem
1842 1763 1873 1816 et
1890 1754 1954 1816 lor-

410 1855 502 1916 riam.
520 1853 590 1916 Haec
607 1853 662 1916 ihi.
680 1855 788 1934 ltaque
808 1853 906 1934 aliqui
927 1851 1049 1923 dicunt,
1068 1852 1154 1932 quod
1173 1855 1379 1916 Btitudinem
1405 1854 1518 1936 Moysis
1542 1853 1706 1926 admirata,
1734 1853 1852 1934 optarit
1884 1852 1952 1913 lrui

410 1953 504 2015 Maria
529 1960 560 2015 et
579 1953 719 2034 Sephora
741 1951 824 2014 inter
849 1971 883 2013 se
907 1951 1152 2013 contenderunt.
1210 1952 1279 2032 ejus
1290 1952 1500 2034 amplexibus,
1511 1962 1606 2033 atque
1621 1970 1679 2032 por
1694 1952 1823 2014 nuntios
1832 1951 1953 2014 obtulit

409 2051 575 2132 Quumque
597 2051 717 2132 Moyses
740 2050 823 2112 inter
842 2069 894 2112 eas
916 2049 1083 2129 judicaret,
1105 2047 1155 2128 ju·
1209 2051 1238 2113 ei
1254 2051 1366 2112 urbem
1382 2070 1419 2112 ex
1440 2050 1597 2125 condicto,
1615 2050 1641 2112 si
1657 2068 1727 2112 eam
1745 2069 1869 2112 sumere
1883 2050 1953 2112 rel-

410 2148 528 2212 diearit
544 2166 602 2230 pro
618 2148 754 2228 conjuge
770 2167 836 2209 sua.
853 2148 985 2228 Propter
1001 2146 1087 2228 quod
1103 2145 1153 2207 in·
1210 2150 1251 2211 let
1278 2137 1311 2210 i'n
1337 2149 1506 2229 conjugem
1532 2165 1539 2208 :
1560 2148 1610 2211 cui
1636 2149 1755 2230 Moyses
1778 2148 1950 2229 acquievit.

409 2248 538 2329 dignata
556 2245 660 2322 Maria,
679 2255 853 2326 conquesta
873 2254 921 2308 est
936 2245 1040 2308 Aaron
1062 2243 1152 2305 fratri
1209 2248 1323 2310 Dicunt
1344 2257 1449 2309 autem
1473 2246 1631 2321 nonnulli,
1650 2247 1822 2328 Sephoram
1850 2246 1952 2308 luisse

410 2365 467 2408 suo
484 2365 491 2409 :
510 2345 618 2426 sieque
632 2343 727 2407 ambo
742 2343 882 2406 oblocuti
900 2353 973 2405 sunt
989 2343 1097 2424 Moysi.
1208 2365 1282 2408 rere
1296 2345 1521 2426 AEthiopissam
1537 2346 1653 2420 colore,
1670 2345 1820 2426 quoniam
1835 2345 1953 2407 Madia-

448 2443 581 2517 Quidam
596 2441 902 2522 veroMebraei,quos
918 2441 1060 2522 sequitur
1076 2439 1154 2501 hah
1209 2445 1283 2506 uitae
1309 2445 1341 2505 in
1369 2443 1513 2506 tentoriis
1538 2443 1718 2506 habitantes
1743 2443 1819 2506 solis
1843 2443 1951 2507 calore

409 2543 442 2605 hi
457 2540 756 2617 Paulus,allirmant
770 2541 855 2621 quod
867 2540 984 2622 Moyses
1000 2539 1040 2602 ah
1056 2556 1153 2601 uxore
1208 2543 1383 2622 nigrantur.
1411 2540 1472 2603 hlii
1503 2542 1629 2618 dicunt,
1656 2543 1743 2623 quod
1772 2551 1880 2604 vocata
1907 2542 1952 2604 sit

409 2661 466 2703 sua
486 2641 617 2704 omnino
637 2639 804 2714 continuit,
819 2648 853 2701 ut
867 2648 950 2702 esset
964 2638 1083 2719 jugiter
1099 2656 1153 2720 pa·
1207 2640 1399 2722 ,Mthiopissa
1414 2659 1471 2722 per
1490 2639 1696 2715 contrarium,
1714 2639 1864 2721 quoniam
1886 2639 1950 2702 luit

409 2749 497 2802 ratus
513 2739 600 2820 loqui
617 2757 690 2800 eum
705 2738 839 2800 Domino
855 2746 886 2800 et
906 2757 975 2800 esso
996 2738 1029 2799 in
1051 2736 1152 2799 taber-
1207 2738 1299 2802 valde
1318 2738 1462 2818 pulchra,
1481 2737 1686 2818 moribusque
1704 2747 1825 2800 ornata.

409 2838 523 2901 naeulo
542 2854 548 2898 :
566 2837 652 2919 quod
677 2836 844 2899 videbatur
866 2837 969 2898 Aaron
995 2843 1025 2898 et
1047 2835 1151 2896 Mariae
1246 2839 1487 2897 Emtae-ant.-
1503 2838 1728 2899 comatam
1739 2840 1947 2914 perMoysen
1980 2858 2129 2914 ‘saw

409 2955 473 2999 non
498 2954 567 2998 esse
590 2953 729 3009 necesse,
747 2934 822 3015 quia
846 2943 877 2996 et
900 2933 978 3015 ipsis
998 2933 1150 2995 Dominus
1206 2938 1329 2994 locutus
1352 2945 1397 2995 est
1417 2937 1587 2995 Dominus.
1605 2937 1721 2994 Notene
1741 2945 1771 2995 et
1796 2938 1883 3004 nobis
1904 2939 1950 2996 si·
1964 2922 2131 3027 :2²⁸7ng

409 3035 597 3116 loquebatur
626 3032 800 3109 multoties,
828 3041 859 3094 et
882 3040 988 3095 tamon
1014 3032 1054 3094 ab
1079 3038 1151 3093 actu
1166 3037 1188 3100 c
1207 3036 1329 3093 aniliter
1343 3044 1388 3094 est
1406 3032 1664 3115 locataslquasi
1681 3033 1798 3110 dicant,
1815 3035 1950 3098 Curuo
1964 3051 2009 3088 m
2031 3048 2129 3134 ⁹lamr-

409 3134 636 3197 matrimoniali
654 3152 716 3196 non
732 3133 860 3215 penitus
876 3132 1153 3195 abstinebantle
1206 3131 1255 3192 bis
1271 3131 1504 3213 praelerturtEt
1519 3133 1664 3214 quamvis
1682 3152 1790 3195 verum
1807 3133 1847 3195 sit
1863 3136 1951 3214 quod
1965 3120 2037 3150 ω’

409 3241 588 3297 rumtamen
604 3231 689 3293 istud
705 3250 768 3294 non
784 3231 920 3294 arbitror
935 3251 1057 3306 verum,
1074 3249 1154 3312 prae-
1208 3248 1272 3293 uon
1288 3230 1390 3293 solum
1412 3230 1454 3291 sit
1473 3230 1596 3292 locutus
1616 3249 1672 3312 per
1687 3231 1823 3312 Moysen,
1840 3233 1894 3294 sed
1918 3242 1951 3295 et

272 3348 396 3401 amun,
411 3331 520 3394 scrtim
540 3330 567 3392 si
585 3330 675 3410 juxta
694 3329 778 3391 dicta
800 3349 896 3411 super
914 3330 1066 3406 Exodum,
1089 3329 1153 3390 Mur
1208 3346 1266 3408 per
1279 3347 1354 3402 eos;
1379 3347 1441 3391 non
1465 3337 1570 3390 tamen
1593 3337 1654 3391 tam
1679 3328 1872 3411 frequenter,
1889 3349 1951 3393 ncc

266 3413 297 3462 ¹⁰·
310 3415 342 3456 ¹²·
411 3429 473 3492 luit
489 3429 622 3491 maritus
637 3427 749 3501 Maria,
767 3437 798 3490 et
813 3448 831 3490 a
845 3429 960 3490 ludaeis
977 3426 1153 3491 idololatris
1208 3435 1272 3488 tam
1293 3427 1484 3502 sublimiter,
1503 3445 1606 3507 neque
1629 3436 1692 3489 tam
1713 3428 1950 3504 universaliter,

411 3527 586 3591 exstinctus
606 3527 757 3608 quoniam
779 3525 892 3589 restitit
912 3526 958 3589 eis
979 3526 1063 3589 circa
1084 3544 1154 3607 pro
1209 3526 1264 3586 sed
1280 3544 1339 3588 nec
1357 3534 1419 3587 tam
1434 3525 1646 3588 amicabiliter
1665 3545 1702 3588 ac
1723 3524 1950 3591 familiariter:

410 3627 592 3690 ductionem
624 3623 798 3687 conflatilis
824 3625 927 3686 vituli.
954 3625 1041 3686 'lunc
1066 3623 1152 3686 euim
1209 3634 1238 3685 et
1260 3624 1406 3704 quamvis
1426 3623 1486 3686 ista
1505 3623 1600 3685 Maria
1621 3623 1716 3685 luerit
1739 3624 1951 3706 prophetissa,

410 3725 576 3787 Mariasutt
592 3723 762 3804 plusquam
781 3723 1004 3802 nonagenaria,
1018 3731 1052 3784 ut
1068 3731 1154 3804 patet
1210 3723 1371 3804 Scriptura
1386 3733 1491 3784 tamen
1508 3722 1542 3782 in
1558 3722 1688 3804 speciali
1707 3741 1769 3784 nou
1789 3723 1952 3804 exprimit,

411 3843 448 3887 ex
463 3823 556 3885 dictis
573 3823 606 3884 in
622 3822 728 3884 Exodo
742 3821 834 3883 :ideo
849 3840 913 3884 uon
928 3821 1054 3884 vidntur
1070 3822 1154 3901 quod
1210 3821 1265 3883 uhi
1281 3831 1335 3884 aut
1346 3822 1473 3903 quando
1485 3839 1540 3882 scu
1552 3821 1591 3883 ad
1602 3821 1736 3902 quid,ad
1747 3840 1815 3883 eam
1828 3821 1955 3886 locutus

411 3922 526 3984 mulier
542 3920 743 4002 prophetissa
764 3927 826 3982 tam
844 3918 960 3994 vetula,
978 3919 1076 3981 alium
1097 3919 1156 3981 du·
1210 3920 1251 3982 sit
1272 3921 1436 3983 Dominus.
1461 3923 1551 3989 Quod
1571 3941 1672 3999 quum
1689 3923 1830 3980 audisset
1844 3925 1956 3982 Domi-

411 4018 843 4098 xeritcontoralem‚quando
855 4025 1155 4098 necaptaeratcon·
1209 4039 1283 4090 nus,
1301 4023 1406 4079 tratas
1424 4028 1469 4078 est
1488 4021 1594 4090 valde,
1613 4036 1678 4080 non
1703 4037 1759 4100 per
1782 4021 1955 4084 conturba-

412 4117 529 4198 cipere.
542 4116 630 4177 Unde
645 4123 676 4177 et
692 4115 768 4177 Sara
789 4116 930 4177 nondum
946 4123 1010 4177 tam
1028 4116 1151 4178 vetula:
1209 4118 1329 4180 tionem
1358 4116 1507 4192 allectus,
1536 4116 1590 4179 sed
1620 4135 1677 4198 per
1706 4116 1952 4182 similitudinem

279 4225 395 4279 caan-111,
411 4216 591 4295 Postquam,
605 4213 720 4293 inquit,
730 4213 894 4290 consenui,
905 4212 1061 4293 voluptati
1082 4233 1154 4295 ope
1168 4215 1193 4276 ll
1208 4217 1324 4297 operis.
1341 4215 1442 4289 Quum
1459 4215 1545 4277 enim
1561 4215 1679 4296 Moyses
1694 4224 1776 4278 essct
1791 4224 1854 4277 tam
1871 4215 1954 4282 lide

265 4290 299 4332 ¹¹·
413 4333 479 4375 ram
496 4311 600 4374 dahel
616 4311 707 4391 quasi
729 4311 823 4388 dieat,
837 4311 904 4373 Non
920 4313 1020 4374 dccet.
1038 4312 1076 4374 Et
1093 4313 1153 4376 hoc
1208 4314 1248 4377 lis
1268 4323 1300 4377 et
1320 4333 1488 4396 supremus
1507 4312 1645 4376 vicarius
1666 4313 1731 4389 Dei,
1755 4317 1953 4381 contumelia

411 4410 628 4492 dixitquaudo
638 4408 787 4471 maritum
804 4409 916 4472 habuit
931 4409 1033 4472 adhuc
1045 4411 1154 4475 riven—
1208 4411 1237 4474 ei
1263 4411 1347 4474 lacta
1367 4410 1564 4474 redundabat
1589 4409 1621 4473 in
1647 4411 1770 4474 Deum:
1793 4409 1858 4475 imo
1882 4432 1951 4494 quo

410 4519 486 4573 tem.
499 4508 617 4571 idcireo
638 4507 802 4589 probabile
824 4516 882 4584 est,
899 4508 984 4588 quod
1006 4510 1153 4589 quamvis
1207 4511 1326 4592 Moyses
1352 4510 1383 4573 id
1408 4509 1617 4591 aequanimius
1642 4509 1726 4584 tulit,
1742 4515 1781 4572 'eo
1801 4510 1883 4573 Deus
1904 4513 1953 4576 di-

410 4609 543 4672 maritus
558 4607 660 4670 Mariae
681 4607 784 4669 adhue
800 4606 942 4682 vixisset,
960 4607 1030 4688 ipsa
1045 4614 1151 4670 tamen
1208 4607 1349 4671 strictius
1371 4608 1555 4670 vindicavit.
1579 4607 1651 4670 ldeo
1676 4607 1848 4671 subditur:
1865 4613 1953 4673 Erat

409 4707 620 4770 continuisset
628 4704 900 4787 deincepS‚saltom
912 4713 1068 4785 quantum
1081 4703 1153 4766 luis·
1206 4709 1294 4766 enim
1309 4711 1433 4784 Moyses
1448 4710 1501 4765 cir
1521 4708 1712 4766 mitissimus
1732 4727 1829 4784 super
1841 4729 1953 4771 conates

409 4814 456 4868 set
472 4805 503 4866 in
520 4803 690 4867 salerius
706 4821 781 4882 ergo
798 4803 934 4878 videtur,
957 4803 1041 4883 quod
1057 4803 1151 4865 Maria
1206 4807 1349 4865 homines
1373 4807 1432 4885 qui
1461 4807 1672 4865 morabantur
1697 4807 1734 4864 in
1761 4815 1857 4867 terra.
1885 4807 1953 4872 Hoc

407 4913 438 4964 et
453 4902 593 4984 Sephora
609 4901 751 4981 aliquam
773 4901 855 4962 inter
871 4919 904 4962 se
919 4901 1150 4963 dissensionem
1206 4903 1335 4984 scripsit
1350 4903 1468 4984 Moyses
1484 4903 1524 4964 de
1545 4921 1580 4964 εθ
1601 4902 1671 4984 ipso
1694 4922 1757 4966 non
1779 4904 1949 4984 jactanter,

285 5041 293 5054 ·
406 4999 586 5073 habuerint,
605 4999 674 5080 ipsa
694 4998 835 5080 Sephora
854 5000 893 5061 de
914 4999 1018 5060 mariti
1036 5001 1084 5061 sui
1102 5019 1151 5062 ex·
1206 5002 1260 5063 sed
1280 5001 1453 5082 instigante
1471 5000 1591 5082 Spiritu
1607 5000 1732 5078 Sancto,
1746 5002 1785 5064 ad
1806 5011 1951 5067 nostram

405 5097 554 5163 cellentia
568 5097 824 5176 gloriante,otob
840 5098 922 5160 hane
937 5097 1058 5178 aliquid
1075 5117 1150 5179 pra
1205 5100 1449 5163 instructionem
1468 5118 1474 5162 :
1494 5118 1551 5161 nec
1567 5099 1637 5162 sine
1652 5099 1845 5164 revelatione
1864 5103 1951 5167 scire

405 5195 556 5278 rogativaa
580 5194 698 5256 hahere
722 5195 848 5258 volente
876 5214 882 5256 :
908 5195 940 5256 in
966 5216 1029 5277 qua
1054 5217 1149 5260 eausa
1205 5199 1236 5259 id
1248 5199 1473 5279 poterat,quod
1489 5197 1647 5259 universis
1664 5206 1739 5261 tuuc
1750 5198 1782 5260 in
1798 5200 1874 5263 orbe
1890 5209 1952 5263 ter·

405 5297 508 5379 Moyse
523 5311 581 5377 pro
592 5311 648 5354 sua
663 5293 798 5373 conjuge
812 5294 1077 5376 judicantc,aegre
1089 5295 1148 5359 hcc
1204 5316 1310 5359 rarum
1325 5295 1524 5359 morantibus
1539 5296 1737 5360 mansuetior
1751 5307 1829 5375 erat,
1846 5318 1950 5380 quum

138 5541 270 5775 Χ
