4309 6259
432 462 492 527 ttae
745 483 919 530 manuario
940 485 971 531 m
992 485 1060 532 aar.
1083 485 1169 533 xxm
1189 485 1423 534 omrmououn.
1445 506 1486 517 -
1506 488 1577 534 aar.
1598 487 1663 535 xxx

431 655 470 717 ad
492 654 661 718 maledieta
678 671 800 727 eorum,
820 655 931 717 Amen.
949 655 1174 718 Verumtamen
1189 653 1216 716 A
1231 676 1298 718 uon
1307 669 1477 734 permanet
1493 661 1528 719 iu
1548 661 1747 721 sermonibus
1766 663 1844 737 legis
1860 661 1975 737 liujus,

432 753 517 816 istud
538 773 601 818 non
623 753 748 818 videtur
770 772 946 818 consonare
965 755 1176 837 preallegatis
1232 774 1290 838 per
1312 756 1411 820 fidem
1436 767 1468 820 et
1489 758 1714 835 obedientiam,
1735 781 1793 821 uec
1810 781 1861 820 eas
1881 781 1975 838 opere

430 853 536 916 verbis
552 873 590 917 ex
608 854 713 917 losue.
1227 859 1368 933 perficit,
1391 875 1449 938 per
1473 856 1604 921 finalem
1629 858 1910 941 perseverantiam.
1929 863 1975 921 Et

484 953 676 1014 Maledictus
705 954 763 1032 qui
792 972 857 1013 unu
887 953 1022 1014 honorat
1047 963 1176 1029 patrem
1231 956 1316 1015 dicet
1331 958 1435 1016 omnis
1446 962 1599 1034 populus,
1616 961 1731 1019 Amen.

430 1060 572 1112 suamet
591 1062 727 1112 matrem
742 1073 754 1111 :
771 1059 913 1132 tempore
928 1059 1109 1133 opportuno
1130 1051 1178 1132 ip
1270 1053 1442 1131 Postremo,
1464 1055 1503 1116 ad
1523 1055 1661 1118 litteram
1685 1056 1866 1135 edocemur,
1891 1058 1975 1138 quod

430 1149 474 1212 sis
494 1149 682 1225 obediendo,
705 1168 760 1212 seu
776 1149 995 1230 indigentibus
1011 1168 1068 1231 pro
1084 1168 1177 1232 posse
1231 1152 1412 1233 specialiter
1436 1153 1545 1234 gravia
1573 1162 1648 1215 sunt
1673 1162 1802 1235 peccata
1826 1154 1973 1235 prefata,

431 1247 663 1324 subveniendo,
689 1257 720 1310 et
744 1248 880 1310 maxime
905 1247 960 1330 qui
987 1267 1050 1310 non
1073 1249 1175 1312 solum
1231 1249 1350 1330 quibus
1364 1251 1447 1313 Deus
1462 1270 1519 1332 per
1533 1252 1657 1333 Moysen
1671 1251 1766 1332 jussit
1780 1252 1976 1315 maledictio

432 1366 496 1410 non
512 1348 660 1425 honorat,
677 1349 732 1410 sed
749 1347 795 1410 eis
817 1347 979 1410 maledicit
1001 1355 1055 1410 aut
1070 1347 1178 1411 convi-
1232 1365 1288 1410 nes
1303 1347 1360 1410 bas
1377 1347 1556 1430 imprecari.
1572 1350 1691 1426 Cetera,
1704 1357 1860 1431 quantum
1869 1351 1910 1413 ad
1925 1351 1976 1413 lit-

432 1445 535 1508 lialur.
546 1449 589 1508 Et
603 1449 688 1507 dicet
702 1449 807 1506 omnis
818 1451 967 1524 populus,
979 1451 1095 1508 Antea.
1108 1450 1178 1508 Ma·
1232 1453 1343 1524 leram,
1359 1455 1480 1528 patent.

434 1546 568 1606 ledictus
591 1547 650 1624 qui
675 1546 832 1621 transfert
857 1547 1008 1604 terminos
1029 1546 1178 1622 maximi
1272 1545 1452 1627 Spiritualis
1472 1565 1599 1628 quoque
1623 1547 1737 1610 horum
1761 1546 1973 1630 intelligentia
2007 1571 2085 1614 &ms

432 1646 497 1704 sui.
514 1642 603 1716 Quod
625 1642 762 1724 qualiter
784 1642 826 1704 sit
845 1642 1102 1723 intelligendum,
1125 1663 1178 1706 ex·
1232 1643 1307 1706 binc
1323 1643 1398 1706 inde
1412 1652 1461 1707 est
1475 1643 1665 1708 introducta.
1688 1645 1806 1728 Nempe
1825 1646 1974 1728 spiritua·
1986 1635 2100 1688 ΨΜ*

434 1743 572 1826 positum
590 1751 638 1806 est
658 1762 763 1824 supra.
787 1745 980 1805 Maledictus
995 1746 1053 1823 qui
1066 1765 1178 1804 errare
1232 1741 1305 1804 liter
1320 1751 1441 1824 patrem
1462 1750 1517 1805 aut
1532 1751 1665 1807 matrem
1682 1762 1746 1807 non
1761 1745 1906 1820 honorat,
1917 1745 1973 1826 qui

314 1845 320 1859 ⁶
432 1845 514 1920 facit
537 1863 656 1904 cacum
681 1845 717 1902 ia
741 1842 858 1902 itinere
872 1862 884 1902 .·
909 1841 1013 1923 ipsum
1040 1842 1177 1906 scienter
1195 1837 1296 1903 Bnon
1313 1841 1421 1904 obedit
1435 1841 1657 1918 Ecclesiae‚aut
1670 1852 1780 1906 contra
1795 1842 1974 1925 superiores

433 1941 686 2016 maledocendo,
708 1949 762 2002 aut
777 1947 933 2003 errantem
958 1958 1021 2003 non
1036 1940 1177 2021 dirigen·
1232 1957 1306 2002 suos
1322 1939 1421 2021 impie
1437 1939 1824 2020 indignatur,murmurat,
1838 1941 1906 2004 sive
1920 1941 1976 2004 ob-

432 2041 484 2116 de,
506 2038 677 2102 autetiam
701 2039 791 2100 illum
812 2039 867 2121 qui
889 2039 973 2102 viam
1000 2039 1125 2120 ignorat
1146 2047 1178 2102 ct
1232 2035 1384 2117 loquitur,
1404 2037 1579 2119 presertim
1594 2039 1671 2100 dum
1690 2038 1730 2100 ab
1751 2038 1829 2120 ipsis
1845 2058 1904 2121 pro
1919 2059 1977 2102 sua

432 2138 557 2221 querit,
574 2137 625 2202 vel
643 2138 771 2220 publice
787 2138 904 2214 deviat,
922 2157 985 2201 non
1002 2137 1178 2201 informan—
1231 2136 1326 2218 culpa
1339 2136 1521 2218 corripitur,
1530 2156 1565 2199 ae
1579 2137 1686 2201 debite
1700 2138 1882 2219 castigatur.
1891 2138 1977 2201 Scul-

431 2238 472 2300 do
488 2237 527 2299 de
543 2246 629 2300 recto
645 2236 759 2300 itinere
775 2235 837 2298 sibi
853 2244 938 2299 noto.
957 2239 999 2298 Et
1013 2238 1098 2297 dicet
1112 2257 1178 2297 om·
1232 2235 1311 2318 ptile
1325 2243 1357 2297 et
1372 2234 1538 2299 conflatile
1556 2235 1641 2312 facit,
1659 2235 1714 2316 qui
1735 2236 1912 2319 phantasiis
1927 2236 1975 2298 fa-

433 2339 486 2397 nis
506 2340 660 2414 populus,
676 2340 792 2396 Amen.
811 2337 1003 2397 Maledictus
1027 2338 1086 2416 qui
1106 2355 1178 2413 per·
1232 2332 1296 2396 tuis
1312 2332 1571 2410 immoratur,aut
1582 2333 1667 2396 foeda
1682 2333 1817 2398 revolvit
1827 2333 1860 2395 in
1872 2335 1977 2398 cordis

432 2437 528 2496 vertit
534 2436 705 2512 julleium
721 2437 864 2504 advena»,
872 2435 998 2510 pupilli
1010 2445 1040 2495 et
1056 2438 1175 2496 vidua.
1232 2431 1281 2493 sui
1297 2432 1464 2509 absconso,
1481 2431 1680 2514 phantastica
1689 2433 1740 2495 vel
1756 2432 1838 2496 falsa
1853 2432 1978 2495 confin-

432 2537 475 2596 ut
485 2536 568 2594 dicet
579 2536 683 2594 omnis
696 2537 847 2611 populus,
861 2535 976 2594 Amen.
986 2537 1178 2596 Maledictus
1233 2529 1289 2611 git,
1308 2538 1339 2592 et
1355 2528 1478 2610 aliquid
1493 2529 1657 2594 catholicae
1674 2530 1800 2594 veritali
1814 2531 1979 2594 machina-

431 2634 491 2713 qui
506 2633 627 2692 dormit
642 2652 714 2692 curu
731 2652 831 2691 temore
842 2635 949 2710 patris
964 2635 1026 2693 sui.
1038 2635 1081 2694 Et
1094 2635 1178 2693 dicet
1232 2637 1294 2689 tur.
1318 2627 1485 2691 Terminos
1510 2629 1646 2710 proximi
1671 2630 1832 2706 transfert,
1855 2629 1910 2711 qui
1937 2630 1980 2692 le

432 2733 537 2792 omnis
549 2733 823 2809 populusdmeu.
838 2733 1030 2792 Maledictus
1040 2733 1099 2810 qui
1107 2733 1178 2790 dor·
1231 2743 1303 2807 gcm
1320 2726 1382 2788 sibi
1401 2726 1567 2808 praefixam
1583 2728 1822 2808 transgreditur,
1839 2735 1872 2792 et
1885 2747 1924 2791 ea
1937 2729 1979 2790 ad

433 2832 493 2892 mit
519 2851 592 2890 cum
616 2832 707 2890 omui
723 2831 1049 2908 jucundaretur
1073 2830 1179 2889 amuis
1232 2843 1303 2905 quae
1325 2833 1462 2901 tenetur,
1479 2825 1640 2901 omittens,
1659 2825 1692 2886 in
1714 2825 1981 2908 supervacuisoc-

435 2933 584 3008 populus,
610 2931 726 2990 Amen.
755 2931 948 2991 Maledictus
973 2930 1032 3008 qui
1057 2930 1179 2988 dormit
1232 2931 1387 3002 cupatur;
1404 2922 1522 2985 etitem
1538 2923 1981 3006 quiverboautoperesean-

436 3049 509 3088 cum
524 3047 584 3088 sua
600 3047 718 3097 sorore,
728 3029 802 3105 filia
810 3028 918 3106 patris
931 3029 984 3086 sui
1000 3030 1049 3086 vel
1064 3029 1179 3086 taetris
1195 3016 1217 3080 C
1234 3021 1343 3084 daloso
1357 3021 1457 3084 alium
1479 3021 1518 3084 ad
1538 3021 1752 3103 spiritualium
1772 3022 1980 3086 amissionem

434 3147 510 3188 suae.
527 3127 571 3187 Et
585 3127 669 3186 dicet
688 3128 792 3186 amuis
808 3129 960 3203 populus,
978 3127 1093 3187 duwu.
1112 3128 1179 3186 Ma·
1233 3120 1462 3183 charismatum
1478 3121 1643 3203 pertrahit.
1651 3121 1773 3184 Cacum
1784 3139 1890 3184 errare
1901 3120 1981 3184 facit

438 3226 573 3286 ledictus
597 3226 656 3304 qui
679 3226 799 3284 dormit
824 3245 897 3285 cum
921 3244 1014 3284 socru
1038 3245 1110 3284 sua.
1137 3225 1179 3283 Et
1233 3218 1267 3281 in
1287 3217 1351 3294 via,
1369 3235 1433 3280 non
1457 3219 1561 3282 solum
1583 3219 1639 3302 qui
1661 3219 1760 3281 alium
1780 3219 1863 3282 male
1878 3218 1983 3282 infor-

435 3324 519 3384 dicet
544 3324 648 3384 omru's
668 3311 820 3400 populus,
846 3325 960 3384 Auca.
987 3323 1181 3385 Maledictus
1233 3325 1310 3392 mat,
1337 3317 1540 3394 scandalizat,
1567 3319 1700 3396 seducit,
1722 3319 1776 3381 sed
1801 3317 1896 3381 ctiam
1922 3320 1982 3399 qui

437 3423 496 3502 qui
506 3425 590 3482 ctum
603 3423 795 3499 percusserit
802 3424 992 3500 prodimum
1006 3419 1182 3482 suum-lea
1234 3415 1425 3497 simplicem,
1444 3415 1637 3498 imperitum,
1650 3416 1847 3496 ambiguum,
1861 3435 1925 3479 non
1942 3417 1983 3480 il-

438 3519 553 3596 dendo,
580 3518 768 3595 mutilando,
790 3527 844 3581 aut
868 3519 1041 3582 occidendo
1066 3517 1181 3580 callide
1235 3514 1372 3578 luminat
1396 3515 1466 3578 loco
1491 3524 1523 3578 et
1548 3524 1689 3598 ternpore
1708 3523 1900 3598 opportuno,
1922 3535 1984 3598 per

438 3637 473 3681 ac
490 3619 635 3694 latenter,
658 3615 740 3679 sicut
756 3626 902 3682 versutus
916 3617 993 3679 loab
1016 3615 1180 3680 fortiorem
1236 3632 1313 3676 sana
1334 3613 1480 3690 consilia,
1497 3613 1636 3677 salubria
1657 3614 1857 3691 documenta,
1875 3634 1984 3678 exem-

438 3736 472 3779 se
487 3735 524 3779 ac
540 3723 704 3778 strenuum
716 3716 873 3778 Amasam.
891 3715 975 3777 lstud
991 3715 1076 3778 onim
1089 3715 1182 3779 vitio
1236 3712 1337 3795 plaria
1363 3730 1459 3794 opera
1481 3729 1488 3774 :
1510 3720 1543 3774 et
1567 3713 1742 3794 presertim
1766 3713 1901 3794 prelati,
1922 3713 1982 3794 qui

438 3814 505 3877 sius
521 3821 675 3895 estquam
691 3821 800 3894 aperte
815 3813 975 3890 invadere,
988 3813 1134 3895 quamvis
1150 3823 1182 3877 et
1236 3810 1298 3874 sibi
1314 3810 1512 3886 commissos,
1536 3811 1576 3873 ab
1597 3810 1798 3891 ignorantiis,
1815 3811 1984 3874 ermribus

437 3921 545 3996 aperte
561 3912 627 3976 bec
651 3910 783 3988 faciens,
801 3911 1056 3976 maledictionem
1078 3911 1183 3976 incur·
1235 3919 1268 3975 et
1292 3909 1429 3993 peccatis
1455 3925 1519 3972 non
1544 3917 1704 3986 revocant,
1722 3928 1781 3972 nec
1803 3908 1850 3972 eis
1873 3910 1984 3972 invia

438 4020 496 4074 rat.
515 4015 557 4074 m
577 4013 661 4072 dicet
682 4013 788 4071 otuuis
805 4014 957 4088 populus,
974 4015 1090 4072 Amen.
1114 4015 1183 4076 Ma·
1236 4009 1348 4073 salutis
1369 4007 1512 4089 praebent
1535 4007 1694 4070 ducatum.
1716 4007 1793 4070 Cum
1809 4027 1908 4072 uxore
1927 4029 1985 4091 pa-

438 4113 573 4172 ledictus
594 4113 652 4190 qui
674 4112 795 4170 dormit
817 4129 890 4169 cum
914 4130 1014 4170 tiuare
1033 4114 1182 4187 praemi
1236 4110 1294 4172 tris
1314 4107 1362 4169 sui
1385 4106 1513 4182 dormit,
1529 4106 1585 4187 qui
1601 4105 1759 4186 virginem
1773 4116 1806 4169 et
1826 4106 1984 4170 feminam

437 4211 501 4270 sui.
520 4211 561 4270 ltt
576 4211 660 4269 dicet
670 4210 775 4269 omnis
785 4212 937 4285 populus,
955 4212 1070 4269 Arnen.
1083 4211 1181 4268 Male·
1200 4206 1399 4274 DAltissimo
1409 4213 1625 4267 consecratum
1640 4205 1906 4282 contaminat,vel
1917 4207 1986 4269 ani-

439 4309 545 4368 dietus
570 4309 628 4386 qui
654 4309 771 4384 accipit
797 4325 934 4367 raudera
960 4316 997 4367 ut
1017 4308 1181 4384 percutiat
1236 4323 1319 4366 mam
1343 4303 1466 4384 Sponso
1490 4302 1612 4365 coelesti
1636 4304 1841 4385 conjunctam
1867 4307 1986 4367 avertit

439 4407 587 4466 animum
611 4407 784 4482 sauguinis
806 4406 997 4474 innocentis,
1013 4403 1045 4466 id
1068 4412 1116 4466 est
1136 4403 1182 4466 vi·
1237 4411 1269 4466 et
1293 4402 1409 4479 inlicit,
1434 4422 1470 4465 ac
1495 4401 1666 4466 libidinose
1690 4401 1884 4466 inflammat.
1904 4404 1983 4467 Cum

441 4511 504 4565 tam
520 4503 691 4566 animalem
710 4511 741 4566 et
761 4503 956 4585 corporalem
980 4502 1121 4566 hominis
1135 4502 1183 4583 ju·
1236 4500 1325 4566 omni
1341 4500 1459 4564 dormit
1468 4501 1624 4582 jumento,
1639 4501 1694 4582 qui
1709 4501 1894 4564 carnalibus
1908 4521 1985 4565 con-

440 4602 490 4679 sti,
500 4610 554 4664 aut
564 4601 701 4687 ejusqui
712 4620 775 4665 non
787 4601 902 4664 meruit
913 4600 1130 4683 percuti;sive
1142 4601 1183 4663 sit
1238 4600 1333 4664 sentit
1343 4599 1632 4663 bominibus.Clam
1644 4599 1780 4681 percutit
1789 4600 1983 4681 proximum,

439 4701 612 4784 judex,qui
630 4701 690 4764 boo
709 4700 780 4763 fieri
798 4701 897 4764 dictet
912 4709 967 4762 aut
984 4699 1075 4776 sinat,
1085 4718 1183 4781 quum
1215 4731 1219 4738 ·
1238 4699 1349 4780 quide
1371 4697 1528 4760 industria
1550 4698 1732 4779 quempiam
1755 4697 1850 4773 fallit,
1871 4689 1904 4761 et
1922 4699 1985 4760 sub

440 4801 541 4882 possit
557 4820 593 4863 ac
608 4800 722 4862 debeat
744 4799 909 4881 impedire,
928 4799 995 4863 sive
1014 4799 1094 4862 alter
1110 4817 1185 4862 con·
1239 4796 1345 4879 specie
1362 4795 1450 4872 boni,
1469 4796 1619 4878 poculum
1634 4796 1753 4877 prebet
1768 4797 1983 4859 mortiferum.

441 4899 554 4961 ductus
575 4899 614 4962 ad
637 4896 762 4961 facinus
782 4905 843 4959 tam
867 4897 1076 4960 ineffabiliter
1099 4917 1186 4961 exsr-
1239 4895 1366 4958 Munera
1380 4893 1498 4975 accipit
1513 4901 1547 4956 ut
1562 4892 1718 4977 percutiat
1736 4894 1876 4956 animam
1892 4894 1987 4958 inno

441 4997 607 5061 erendum.
627 5000 667 5058 ltt
683 4999 766 5056 dicet
781 4999 884 5056 omnis
896 5001 1049 5074 populus,
1066 5001 1182 5058 Amen.
1240 4993 1353 5069 centis,
1369 4992 1424 5074 qui
1451 4992 1570 5054 intuitu
1595 4992 1713 5074 proprii
1739 4992 1912 5070 commodi,
1929 5001 1987 5055 aut

443 5097 480 5158 Et
494 5095 644 5178 quoniam
662 5095 791 5175 longum
812 5103 879 5158 erat
898 5094 1047 5158 universa
1068 5095 1101 5157 in
1117 5095 1186 5174 lego
1239 5091 1359 5156 carnali
1376 5091 1484 5155 favore
1504 5091 1645 5167 alterius,
1663 5090 1763 5154 allicit
1784 5091 1925 5172 aliquem
1942 5094 1986 5155 ad

443 5194 603 5276 prohibita
620 5192 801 5275 specialiter
820 5193 981 5274 prosequi,
998 5193 1038 5256 de
1054 5192 1186 5275 reliquis
1241 5191 1453 5274 peccandum,
1479 5198 1534 5252 aut
1558 5190 1678 5272 justum
1710 5190 1922 5271 persequitur.
1949 5191 1985 5252 ln

443 5292 624 5355 summatim
651 5291 855 5373 subjungitur
880 5310 887 5354 :
911 5294 1104 5354 Maledictus
1128 5296 1187 5373 qui
1241 5288 1442 5354 sermonibus
1468 5287 1546 5368 legis
1572 5287 1688 5351 divinae
1715 5305 1779 5350 non
1806 5298 1985 5370 permanet,
