4309 6259
440 473 500 538 tat

811 493 986 540 manuario
1007 495 1038 539 tlt
1059 495 1127 540 GAP.
1151 494 1192 540 XV
1213 494 1350 540 tuvntct.
1374 513 1413 525 -
1435 497 1506 542 ΛΒΤ.
1529 496 1616 542 mn

440 681 478 725 ac
500 662 659 746 spirituali
682 663 805 726 militie
826 663 998 742 insudavit,
1017 665 1126 746 sicque
1146 665 1184 727 ad
1200 664 1227 726 Α
1243 683 1372 748 ponere,
1392 676 1424 730 et
1448 667 1581 731 Domino
1605 666 1784 730 voluntarie
1806 665 1985 730 sacrificare

441 761 578 842 pectoris
593 781 703 843 pacem
720 761 889 844 pertinget.

480 864 523 922 Et
538 863 611 922 lotis
624 882 758 921 rursum
773 864 910 922 vestibus
928 873 958 923 ct
977 883 1116 941 corpore,
1133 865 1186 923 die

440 969 549 1019 octaoo
572 969 709 1020 assumet
730 963 811 1019 duos
830 981 928 1037 agnos
949 964 1184 1032 immaculatae,

439 1067 469 1116 et
483 1077 571 1117 eoem
585 1059 776 1118 anniculam
797 1060 912 1138 absque
931 1064 1071 1120 macula.
1089 1058 1186 1140 Opor-

439 1162 485 1216 tet
501 1154 598 1232 enim,
617 1164 748 1237 propter
769 1157 956 1235 quotidiana
976 1167 1115 1239 peecata,
1133 1177 1187 1221 ve-

440 1261 503 1315 stes
518 1253 634 1316 anime
648 1263 680 1316 et
696 1253 793 1317 totius
808 1256 1059 1318 conversationis
1069 1275 1186 1338 corpus

441 1349 508 1412 sive
523 1351 705 1431 congeriem
727 1352 826 1415 lavari
847 1352 974 1416 assidue
991 1373 1047 1435 per
1062 1353 1187 1418 conlos-

441 1447 574 1525 sionem,
593 1448 626 1510 in
642 1469 705 1531 qua
720 1459 835 1514 cuncta
853 1453 1058 1529 mundantur,
1076 1461 1109 1516 et
1125 1452 1187 1516 ire-

441 1546 684 1628 quentissimam
709 1550 1000 1631 compunctionem,
1024 1547 1210 1615 contritio?

441 1665 513 1708 nem
529 1665 566 1708 ac
582 1647 683 1709 veniae
694 1647 961 1729 implorationem,
974 1668 991 1710 a
1007 1649 1100 1712 malis
1115 1669 1186 1732 quae

440 1744 534 1806 bonis
553 1745 670 1807 nostris
690 1746 890 1809 miscentur:
908 1747 1017 1828 sicque
1034 1747 1185 1829 deinceps

1243 773 1304 826 tam
1332 765 1450 828 intuitu
1476 785 1540 829 sue
1570 765 1862 847 superdignissimae
1889 767 1985 846 maje-

1242 863 1343 940 statis,
1371 883 1465 945 quam
1492 865 1532 928 ob
1558 872 1738 926 nostrarum
1763 863 1982 926 remissionem

1241 962 1418 1045 culparum,
1436 971 1467 1024 ot
1488 971 1616 1044 propter
1638 961 1821 1025 divinorum
1837 961 1985 1044 impetra-

1242 1061 1361 1123 tionem
1384 1061 1622 1123 charismatum.
1645 1060 1752 1136 Porro,
1778 1078 1836 1141 per
1857 1060 1984 1142 positio

1242 1178 1315 1222 nem
1335 1158 1498 1238 sanguinis
1524 1157 1676 1221 sacrificii
1695 1177 1791 1240 super
1810 1168 1983 1221 extremum

1242 1257 1402 1332 auricula,
1415 1266 1446 1320 et
1462 1276 1557 1339 super
1572 1256 1704 1338 pollices
1715 1275 1828 1318 manus
1844 1276 1880 1318 ao
1897 1257 1984 1338 pedis

1242 1355 1436 1436 designatur,
1454 1355 1540 1437 quod
1556 1363 1702 1436 peccator
1717 1356 1756 1417 de
1771 1363 1876 1417 cetero
1892 1355 1985 1418 debet

1242 1473 1314 1516 cum
1335 1454 1421 1517 omni
1443 1454 1625 1516 obedientia
1641 1453 1772 1518 verbum
1788 1453 1843 1515 Dei
1862 1454 1982 1530 audire,

1242 1552 1395 1614 virtutum
1416 1571 1513 1634 opera
1532 1571 1689 1626 exercere,
1711 1560 1743 1613 et
1764 1552 1884 1614 sanctis
1904 1553 1984 1615 desi-

1241 1652 1339 1714 deriis
1354 1659 1498 1715 aestuare.
1518 1655 1608 1722 Quod
1621 1653 1652 1711 si
1664 1661 1855 1729 pauperent,
1866 1649 1983 1713 oiierrc

1241 1750 1424 1833 praecipitur
1449 1769 1520 1812 eum
1547 1767 1629 1830 agno
1655 1768 1711 1830 par
1738 1757 1907 1824 turturum,
1930 1758 1984 1811 aut

439 1843 503 1905 Deo
527 1841 647 1906 oiierre
667 1843 748 1907 duos
767 1863 865 1924 agnos
892 1845 1124 1922 immaculatos,
1152 1847 1184 1908 id
1201 1847 1223 1908 B
1239 1853 1320 1909 duos
1331 1852 1438 1925 prallos
1460 1851 1624 1918 columbe,
1643 1848 1682 1910 de
1701 1865 1836 1928 quorum
1860 1846 1984 1926 signifi-

437 1949 487 2003 est
507 1940 704 2004 intellectum
727 1951 759 2004 et
780 1943 976 2025 superiorem
997 1944 1113 2011 anime
1131 1964 1185 2026 ap-

438 2038 571 2121 petitum
599 2039 765 2103 sinceriter
790 2041 990 2118 reiormatos,
1019 2041 1084 2105 lide
1109 2062 1185 2124 qno

438 2156 511 2218 que,
524 2157 592 2219 spe,
610 2137 740 2201 caritate
756 2147 787 2200 et
802 2147 923 2221 septem
938 2141 1031 2202 donis
1047 2140 1184 2222 Spiritus

438 2235 545 2298 Sancti
557 2245 704 2311 ornatos3
721 2246 753 2300 et
768 2256 859 2301 ovem
871 2239 1053 2302 anniculam
1064 2239 1185 2320 absque

438 2334 574 2411 macula,
591 2335 650 2398 hoe
665 2344 714 2398 est
729 2336 978 2400 intellectualem
996 2339 1183 2401 memoriam

438 2431 524 2495 eirca
547 2431 656 2496 divina
680 2433 837 2497 stabiliter
860 2443 1056 2516 occupatam.
1078 2437 1110 2498 ln
1134 2437 1184 2498 his

439 2530 557 2594 etenim
573 2533 707 2611 viribus,
720 2542 846 2596 aeternae
861 2543 892 2598 et
908 2535 1056 2599 increatae
1075 2555 1185 2618 super-

439 2629 680 2713 benedictaeque
705 2632 869 2695 Trinitatis
896 2632 1001 2715 imago
1025 2635 1183 2712 consistit,

438 2737 471 2791 et
486 2729 668 2810 resplendet
684 2731 716 2793 in
734 2731 845 2794 nobis:
865 2731 983 2796 ideirco
998 2752 1055 2814 per
1070 2733 1183 2795 harum

439 2835 528 2889 actus
554 2829 780 2909 potentiarum,
807 2830 959 2893 debemus
984 2850 1185 2914 superessen-

438 2924 546 2987 tialem
569 2935 601 2989 et
620 2927 980 3009 supergloriosissimam
996 2930 1183 2992 Trinitatem

1239 1947 1365 2010 catione
1379 1947 1499 2008 dietum
1516 1955 1564 2009 est
1580 1965 1673 2028 sepe.

1278 2049 1318 2108 St
1341 2047 1444 2122 suerit
1465 2050 1566 2124 plage
1592 2049 1687 2124 legno¹
1711 2047 1747 2106 in
1772 2047 1905 2106 mulidus.
1927 2045 1983 2108 Per

1239 2143 1364 2227 plagam
1387 2144 1482 2225 leprae
1503 2145 1627 2220 domus,
1646 2142 1837 2222 intelligitur
1851 2142 1983 2206 iniectio

1240 2242 1336 2306 totius
1355 2241 1492 2324 alicujus
1512 2241 1765 2322 congregationis
1785 2259 1842 2322 per
1857 2242 1981 2324 culpam

1238 2341 1417 2417 mortalem,
1436 2339 1612 2422 praesertim
1633 2357 1689 2421 per
1711 2339 1893 2402 haereticam
1915 2359 1984 2422 pra-

1239 2440 1381 2516 vitatem,
1408 2447 1464 2502 aut
1493 2437 1673 2501 schismatis
1702 2437 1894 2502 divisionem
1916 2439 1984 2502 sive.

1238 2537 1444 2620 hypocrisim.
1470 2538 1501 2600 Si
1524 2555 1598 2618 ergo
1621 2537 1701 2600 hanc
1723 2537 1845 2619 lepram
1867 2537 1983 2618 aliquis

1238 2638 1278 2699 de
1299 2636 1388 2712 ovili,
1413 2655 1469 2698 seu
1491 2634 1624 2698 inferior
1648 2634 1832 2716 presidens,
1854 2635 1981 2712 viderit,

1239 2734 1345 2797 statim
1371 2753 1409 2796 ex
1434 2733 1565 2796 caritate
1589 2733 1710 2795 etzelo
1733 2733 1866 2813 justitiae
1889 2733 1983 2796 debet

1239 2832 1370 2915 praelato
1395 2831 1595 2908 denuntiare,
1622 2831 1677 2912 qui
1703 2850 1775 2893 mox
1800 2831 1895 2894 debet
1917 2849 1985 2912 gre-

1237 2949 1308 3011 gem
1334 2931 1496 3006 accedere,
1522 2929 1733 3006 considerare,
1756 2929 1926 3006 discutere,
1953 2939 1984 2993 et

439 3022 599 3105 precipue
620 3026 735 3102 colere,
753 3027 898 3089 eamdem
921 3029 1040 3091 mundo
1063 3025 1219 3091 intelle-C
1240 3029 1361 3111 lapides
1387 3028 1523 3092 iniectos
1553 3046 1674 3104 eruore,
1702 3026 1733 3088 id
1757 3036 1806 3090 est
1830 3047 1984 3110 personas

438 3129 490 3183 otu
507 3121 635 3185 assidue
649 3124 1061 3206 contemplando‚amorosa
1075 3127 1185 3189 volun-

438 3226 502 3281 tate
526 3220 672 3283 ardenter
696 3223 843 3299 amando,
866 3232 962 3303 atque
985 3223 1036 3285 his
1060 3224 1184 3287 actibus

438 3335 495 3398 per
516 3316 720 3381 relormatam
746 3320 933 3384 memoriam
956 3322 1114 3386 stabiliter
1136 3323 1185 3384 in-

437 3414 597 3480 herendo.
610 3417 729 3490 Quibus
746 3419 914 3482 sacriliciis
930 3420 1083 3484 debemus
1099 3423 1184 3486 simi-

438 3513 500 3575 lam
517 3513 704 3594 oleatam,id
715 3526 764 3579 est
774 3517 949 3580 virtuosam
966 3521 1183 3600 operationem

438 3611 638 3689 exteriorem,
671 3613 849 3678 devotionis
880 3615 1035 3680 suavitate
1068 3618 1184 3681 lorma-

439 3717 514 3785 tam,
538 3711 665 3793 oleique
689 3714 872 3791 sextarium,
898 3714 929 3777 id
950 3724 998 3777 est
1017 3735 1114 3798 opera
1129 3717 1184 3779 mi-

438 3807 617 3873 sericordiae
639 3810 724 3874 cirea
745 3811 918 3894 proximos,
944 3816 1108 3878 moderate
1131 3835 1184 3897 ap·

1239 3128 1285 3191 sic
1305 3127 1435 3191 vitiosas
1455 3126 1626 3206 corripere,
1643 3127 1822 3202 emendare,
1840 3135 1872 3189 et
1887 3127 1913 3188 si
1928 3127 1985 3189 ob

1239 3235 1415 3309 temperare
1430 3225 1604 3301 renuerint,
1622 3224 1756 3288 rebelles
1772 3235 1804 3288 et
1819 3224 1984 3289 induratos

1238 3341 1415 3406 segregare,
1447 3332 1543 3405 atque
1573 3324 1605 3384 in
1636 3323 1765 3404 publiea
1793 3323 1984 3404 poenitentia

1238 3423 1431 3487 constituere
1452 3423 1529 3485 tales
1548 3421 1691 3503 :alioqui
1713 3431 1862 3503 tanquam
1879 3422 1985 3484 ethni-

1238 3521 1267 3584 ci
1283 3529 1389 3584 essent
1405 3520 1554 3584 habendi.
1565 3519 1596 3582 Si
1612 3538 1687 3584 vero
1703 3521 1905 3600 congregatio
1917 3540 1985 3582 ror-

1239 3639 1291 3682 sus
1317 3619 1482 3681 inficiatur
1506 3638 1543 3681 ac
1567 3618 1744 3694 induretur,
1764 3628 1812 3681 est
1832 3627 1982 3700 tanquam

1239 3718 1363 3799 leprosa
1385 3717 1554 3791 censenda,
1572 3716 1767 3797 dissipanda,
1789 3726 1820 3780 et
1839 3716 1912 3798 igne
1933 3737 1985 3779 cx-

1238 3815 1536 3879 eommunicationis
1552 3815 1767 3897 percutienda.

1038 4243 1364 4330 XRTICULUS
1402 4243 1570 4327 XXXII

593 4511 752 4558 exeostrto
773 4516 909 4562 CAPlTULl
930 4519 1135 4572 outnrtnttctnt
1158 4520 1165 4564 :
1190 4518 1380 4572 LOCUTUSQUE
1402 4519 1457 4564 liST
1477 4518 1609 4564 boninus
1630 4519 1672 4563 AD
1694 4519 1823 4564 ttotsun.

506 4787 530 4848 E
551 4787 754 4852 immunditia
778 4790 884 4852 lluxus
906 4792 1038 4855 seminis
1060 4793 1092 4854 in
1115 4793 1182 4856 viro
1199 4796 1303 4857 [ierat
1327 4794 1421 4877 culpa
1446 4793 1478 4856 in
1505 4813 1549 4870 se,
1576 4812 1634 4856 nec
1659 4813 1784 4876 semper
1809 4795 1985 4876 conjuncta

515 4894 547 4949 et
561 4885 682 4949 lamina
698 4907 782 4950 nunc
804 4894 964 4951 tractatur.
981 4895 1183 4972 Locutuspue

436 4995 481 5044 est
496 4988 655 5047 Martinus
670 4990 714 5047 od
729 4989 861 5063 Moysen
875 4998 905 5048 et
915 4992 1180 5058 Aaron,dicens.·

448 5085 500 5144 Vir
520 5087 579 5162 qui
594 5087 724 5160 patitur
737 5086 867 5158 [lucem
881 5088 1023 5155 seminis,
1041 5090 1181 5148 immun·

434 5187 496 5242 dus
510 5185 583 5255 erit,
600 5184 734 5244 durante
750 5181 933 5262 hujusmodi
950 5183 1052 5262 fluxu,
1070 5185 1135 5248 imo
1150 5195 1181 5250 et

435 5288 507 5361 post
528 5281 568 5342 ad
592 5288 717 5360 tempus
739 5288 795 5343 :et
815 5279 1019 5346 immunditia
1040 5283 1101 5346 ista
1117 5302 1180 5347 non

1236 4891 1349 4972 eulpae,
1376 4901 1407 4954 et
1432 4893 1592 4954 interdum
1618 4892 1705 4955 venit
1729 4911 1767 4955 ex
1792 4891 1982 4972 inculpabili

1235 5009 1356 5064 oausa3
1385 4992 1439 5052 sed
1470 4990 1531 5052 tuit
1560 4989 1762 5052 immunditia
1792 4989 1982 5071 corporalis,

1235 5087 1311 5169 quia
1330 5097 1360 5150 et
1382 5087 1488 5150 fluxus
1509 5088 1564 5151 ille
1585 5089 1617 5151 in
1638 5107 1672 5150 se
1688 5087 1757 5169 ipso
1772 5088 1984 5170 corporaliter

1236 5185 1341 5248 ioedus
1365 5195 1423 5264 est,
1441 5195 1472 5248 ot
1494 5195 1563 5248 erat
1583 5187 1799 5266 irregularitas
1821 5187 1980 5268 quaedam,

1235 5283 1276 5346 ab
1288 5283 1433 5366 ingressu
1446 5284 1557 5366 templi
1572 5293 1604 5347 et
1619 5284 1691 5347 atrii
1703 5285 1773 5366 ejus
1784 5284 1980 5366 impediens:
