4309 6259
452 480 511 543 tat
793 492 966 540 nummum
988 494 1017 538 m
1039 494 1108 539 car.
1131 494 1175 539 xx
1194 495 1390 542 nuxaaonux.
1413 516 1454 527 —
1473 500 1544 545 aar.
1568 499 1662 545 xxxxv

451 666 528 729 serit
543 666 749 748 Augustinus,
766 664 853 739 Quod
870 664 959 745 virga
982 674 1072 746 petra
1087 683 1197 747 percu·
1210 666 1236 728 A
1251 678 1295 727 est
1310 670 1347 727 in
1361 672 1417 740 eis,
1435 670 1541 747 idest,
1559 670 1757 732 sanctitatem
1774 678 1806 732 et
1820 669 1994 731 bonitatem

452 764 539 840 titur,
552 784 629 827 crux
638 763 753 828 Christi
766 762 932 844 figuratur.
946 763 1046 843 Ligno
1058 782 1197 845 namque
1251 784 1340 827 suam
1356 769 1496 830 ostendit
1512 770 1592 831 Deus
1609 769 1642 830 iu
1661 768 1741 830 liliis
1756 768 1850 830 lsrael
1867 787 1924 849 per
1940 766 1995 827 mi-

451 864 621 927 aceedente
636 864 675 926 ad
698 872 830 945 petram,
847 862 949 942 gratia
965 862 1124 924 emanavit
1141 886 1148 935 ;
1165 870 1197 924 et
1252 864 1398 927 raculaet
1409 867 1568 930 beneficia
1579 868 1669 949 ipsis,
1682 866 1832 949 quamvis
1843 865 1991 943 indignis,

450 963 535 1043 quod
558 962 606 1023 bis
626 961 813 1043 percutitur,
830 957 1010 1025 evidentius
1034 960 1197 1040 significat
1251 962 1403 1026 exhibita.

449 1078 575 1124 crucem
589 1078 596 1122 :
610 1061 673 1124 duo
684 1060 802 1122 etenim
816 1059 900 1140 ligna
912 1066 985 1121 sunt
996 1079 1082 1122 crux.
1091 1063 1197 1136 lepres-
1291 1061 1380 1123 Circa
1403 1062 1491 1139 illud,
1508 1064 1576 1127 Non
1598 1063 1808 1127 introducetis
1825 1063 1885 1126 bos
1899 1081 1995 1145 popu-

448 1182 490 1222 ste
506 1171 583 1222 sant
600 1182 693 1240 apere
711 1160 902 1237 largissime
913 1180 924 1218 .·
940 1158 973 1220 in
989 1177 1053 1239 quo
1070 1166 1197 1221 ostensa
1252 1158 1310 1235 los,
1324 1161 1436 1223 scribit
1451 1161 1580 1242 quidam
1594 1180 1602 1223 τ
1614 1162 1702 1227 Licet
1710 1162 1831 1243 Moyses
1845 1170 1879 1224 et
1892 1162 1992 1223 Aaron

449 1266 497 1322 cst
519 1259 722 1341 omnipotens
744 1259 845 1322 virtus
859 1258 914 1321 Dei
937 1255 1121 1338 magnifice,
1139 1258 1195 1339 qui
1251 1258 1386 1319 multum
1409 1260 1627 1323 desiderarent
1648 1260 1771 1341 ingredi
1789 1269 1905 1322 terram
1926 1277 1994 1341 pro

449 1358 475 1419 si
493 1358 692 1440 produxisset
714 1377 829 1439 aquam
851 1356 937 1419 illam
955 1357 994 1419 de
1017 1364 1110 1433 terra,
1128 1376 1197 1418 sus·
1251 1355 1425 1434 missionis,
1437 1358 1513 1439 quia
1529 1367 1633 1421 tamen
1650 1359 1812 1422 sciverunt
1826 1358 1912 1439 quod
1927 1376 1993 1419 ver-

450 1456 548 1539 picari
564 1458 637 1538 quis
660 1457 827 1538 potuisset,
845 1456 930 1537 quod
947 1474 985 1517 ex
1008 1455 1194 1519 ventriculis
1251 1454 1326 1515 bum
1353 1456 1407 1517 lici
1430 1464 1498 1519 erat
1523 1456 1706 1534 delinitum,
1728 1457 1760 1520 id
1782 1466 1831 1520 est
1851 1455 1992 1519 deliniti—

448 1564 539 1619 terrae
554 1564 723 1636 manasset,
741 1555 812 1617 ldeo
828 1554 912 1616 istud
928 1553 1194 1636 omnipotentiam
1249 1571 1288 1614 ve
1313 1562 1345 1615 et
1372 1555 1524 1618 assertive
1549 1556 1718 1637 prolatum,
1736 1575 1799 1620 non
1822 1564 1989 1619 oraverunt

447 1653 502 1717 ttei
523 1654 693 1735 gloriosius
715 1652 955 1716 demonstravit.
973 1657 1026 1713 Ita
1043 1664 1077 1713 at
1090 1673 1194 1731 pepu-
1248 1671 1306 1734 pro
1328 1654 1552 1718 retractatione
1570 1655 1683 1737 ipsius
1701 1656 1760 1718 Sed
1775 1654 1873 1736 objici
1889 1664 1989 1737 potest

447 1758 497 1813 tas
520 1755 635 1813 biberet
657 1762 687 1813 et
701 1754 855 1830 jerarrnta
873 1773 885 1811 .·
901 1752 986 1831 qnod
1010 1750 1102 1813 valde
1125 1761 1193 1814 erat
1247 1752 1333 1832 quod
1358 1752 1391 1813 in
1417 1753 1661 1817 Deuteronomio
1683 1755 1802 1835 Moyses
1822 1754 1985 1835 loquitur:

447 1851 602 1926 mirabile,
616 1859 735 1913 tantam
746 1849 895 1913 videlieet
906 1848 1066 1931 profluere
1076 1869 1191 1931 aquam
1210 1849 1519 1931 BDeprecatussum
1529 1852 1987 1929 Dominum,dicens:llomine
2023 1874 2109 1922 nara,

447 1959 577 2033 repente
591 1950 630 2012 de
646 1968 720 2012 saxo
730 1948 913 2025 durissimo,
926 1948 1011 2029 quod
1027 1957 1073 2010 tot
1089 1948 1191 2011 millia
1245 1948 1338 2025 Deus,
1358 1957 1391 2010 tu
1406 1949 1531 2031 coepisti
1551 1950 1718 2014 ostendere
1737 1969 1830 2013 servo
1854 1959 1908 2014 tuo
1921 1970 1986 2012 ma·
2000 1940 2060 1978 Μ’·

446 2049 611 2113 hominum
627 2068 663 2111 ae
680 2065 829 2129 pecorum
851 2047 925 2109 inda
944 2045 1098 2109 biberint.
1244 2047 1445 2127 gnitudinem
1463 2057 1560 2111 tuam.
1572 2049 1726 2113 Transibo
1736 2069 1812 2131 ergo
1827 2058 1858 2113 et
1874 2035 1986 2113 videbo

484 2152 640 2229 Dicitque
651 2149 809 2210 Dentibus
820 2150 863 2207 ad
875 2150 1045 2223 Moyseaet
1055 2149 1167 2207 Aaron
1177 2168 1189 2206 .·
1245 2155 1361 2209 terram
1377 2147 1460 2209 bane
1481 2148 1633 2230 optimam
1656 2158 1743 2210 trans
1756 2149 1936 2211 Jordancm.
1953 2149 1985 2211 ln

446 2250 531 2317 Quia
553 2267 617 2307 noa
638 2248 821 2306 credidistis
844 2246 928 2305 aiibi
949 2244 1080 2321 dicenti,
1101 2246 1188 2326 quod
1244 2245 1362 2326 quibus
1377 2247 1484 2309 verbis
1493 2247 1612 2329 Moyses
1628 2247 1798 2310 manifeste
1812 2248 1916 2310 oravit
1931 2266 1987 2329 pro

443 2365 525 2427 aqua
541 2354 684 2408 manaret
698 2344 847 2425 depetra,
859 2344 947 2424 juxta
963 2362 1092 2406 sensum
1109 2362 1188 2424 prae-
1244 2344 1466 2408 retractatione
1486 2345 1582 2426 hujus
1604 2346 1770 2408 sententiae
1788 2364 1795 2407 :
1820 2347 1904 2427 quod
1923 2364 1986 2408 non

444 2443 903 2519 habitum,aitsanctificaretis
918 2462 966 2501 rrae
981 2462 1090 2501 coram
1106 2444 1188 2519 filiis
1245 2441 1383 2519 iecisset,
1406 2444 1433 2506 si
1458 2444 1603 2508 scivisset
1628 2463 1698 2507 eam
1720 2444 1890 2508 definitive
1916 2462 1988 2526 pro

443 2547 555 2614 Israel,
569 2543 601 2605 id
617 2550 675 2619 est,
688 2550 723 2603 ut
738 2542 771 2602 in
787 2540 931 2603 omnium
943 2540 1112 2623 praesentia
1127 2541 1185 2604 ho·
1244 2542 1350 2604 latam.

443 2641 598 2706 noraretis
621 2659 682 2717 me,
700 2640 897 2703 ostendendo
919 2657 969 2701 me
985 2658 1054 2703 esse
1077 2658 1187 2705 verum
1282 2642 1412 2717 Rursus,
1425 2641 1605 2705 circabunc
1621 2661 1749 2724 passum
1767 2643 1983 2723 recitatLyra:

442 2750 473 2804 et
498 2748 641 2803 sanctum
669 2739 701 2800 in
728 2737 943 2821 promittendo
964 2757 1001 2800 ac
1024 2738 1187 2820 implendo
1243 2740 1364 2803 Hebraei
1380 2740 1501 2816 dieunt,
1514 2742 1599 2821 quod
1616 2741 1734 2821 Moyses
1748 2749 1780 2803 et
1796 2741 1899 2804 Aaron
1914 2760 1986 2822 prc-

442 2840 608 2923 promissa.
636 2838 699 2901 Hoc
724 2836 809 2899 enim
837 2856 901 2899 non
927 2834 1083 2910 lecerunt,
1110 2855 1188 2918 quo
1242 2839 1642 2919 caverunt,quoniamnon
1659 2838 1985 2921 leceruntsicutprae·

442 2939 528 3003 niam
543 2939 661 3020 Moyses
682 2935 714 2997 in
732 2953 866 3018 persona
889 2934 938 2997 sui
960 2954 997 2998 ac
1013 2935 1116 2997 Aaron
1132 2937 1187 2997 du·
1242 2945 1369 3018 ceperat
1393 2936 1556 3013 Dominus,
1583 2938 1717 3001 dicens:
1739 2938 1920 3020 Loquimini
1945 2937 1984 2999 ad

441 3037 572 3100 bitando
596 3038 662 3118 jam
684 3036 817 3109 dixerat,
835 3032 994 3115 Numquid
1020 3034 1058 3096 de
1084 3043 1184 3116 petra,
1204 3031 1431 3116 Cpetram‚·et
1455 3036 1510 3098 illa
1533 3036 1622 3098 dabit
1646 3056 1755 3119 aquae,
1778 3046 1813 3099 ut
1838 3045 1922 3119 patet
1948 3055 1985 3099 ex

440 3146 500 3200 ete.
520 3139 593 3197 Non
618 3135 826 3195 introducetis
846 3136 900 3193 izos
918 3137 1067 3209 populos,
1083 3133 1115 3195 id
1139 3143 1187 3196 cst
1242 3142 1338 3210 textu,
1357 3134 1400 3197 ita
1415 3136 1500 3216 qnod
1516 3135 1584 3198 solo
1604 3136 1702 3198 verbo
1722 3135 1843 3216 absque
1859 3155 1985 3217 percus-

442 3235 542 3296 tribus
557 3232 662 3308 lsrael,
680 3250 751 3313 quae
772 3238 862 3293 erant
879 3250 961 3291 unus
977 3230 1115 3313 populus
1140 3240 1187 3295 to·
1241 3233 1331 3296 sione
1350 3242 1439 3315 petra
1459 3234 1599 3296 dedisset
1619 3251 1744 3315 aquas:
1765 3235 1850 3315 quod
1872 3234 1984 3296 luisset

441 3331 524 3409 talis,
542 3338 574 3392 ct
596 3330 703 3412 plures
725 3328 837 3411 populi
860 3327 1067 3410 particulares
1086 3346 1092 3390 :
1116 3329 1186 3393 ideo
1242 3350 1360 3397 novum
1376 3332 1493 3396 divinae
1509 3333 1658 3413 potentiae
1673 3332 1811 3413 signum,
1829 3341 1903 3395 ante
1918 3352 1981 3397 non

440 3430 485 3491 ait
507 3428 684 3512 pluraliter,
701 3427 762 3489 Hos
786 3426 932 3508 populos,
955 3426 1107 3507 quoniam
1130 3447 1186 3509 per
1242 3430 1374 3493 iactum.
1402 3430 1473 3494 ldeo
1498 3430 1651 3494 [lominus
1680 3432 1758 3494 dixit
1782 3450 1790 3494 ε
1815 3430 1895 3505 Quia
1919 3451 1983 3495 non

441 3528 656 3591 dissensiones
681 3535 712 3589 et
741 3525 914 3588 seditiones
943 3532 1033 3587 erant
1062 3526 1184 3600 divisi;
1240 3530 1421 3593 credidistis
1446 3530 1537 3606 mihi,
1564 3538 1638 3607 etc,
1655 3530 1746 3612 quasi
1773 3531 1894 3593 diceret
1917 3548 1925 3592 ε
1950 3531 1982 3592 Si

441 3631 484 3689 ad
500 3638 618 3687 terram
633 3646 732 3706 quam
748 3626 829 3685 dabo
844 3626 889 3713 eis
900 3644 911 3683 .·
927 3631 958 3686 et
974 3624 1018 3685 itu
1033 3625 1115 3686 [leus
1131 3644 1187 3707 pu·
1240 3646 1346 3691 coram
1364 3628 1443 3690 iiliis
1458 3628 1551 3693 lsrael
1573 3629 1744 3705 dixissetis,
1763 3630 1809 3690 En
1827 3630 1908 3711 lapis
1923 3630 1983 3692 iste

442 3725 523 3788 nivit
549 3725 721 3787 clementer
750 3722 783 3783 in
805 3722 870 3785 vita
895 3722 954 3785 hac
981 3731 1110 3804 peccata
1133 3724 1187 3787 ho·
1241 3728 1296 3807 qui
1314 3746 1376 3790 non
1392 3727 1479 3789 videt
1495 3745 1553 3790 nec
1567 3728 1664 3803 audit,
1682 3727 1790 3790 obedit
1805 3728 1902 3790 verbo
1917 3728 1981 3804 Mei,

441 3845 510 3887 rum
524 3833 587 3887 tam
599 3824 772 3887 electorum
788 3822 1023 3884 viroruerae
1039 3831 1083 3882 est
1100 3843 1187 3902 epira
1241 3844 1356 3906 aquam
1378 3826 1447 3888 sine
1462 3825 1668 3907 percussione
1691 3826 1865 3904 tundendo,
1883 3826 1983 3889 multo

442 3925 722 3986 Coatradr'ctioais.
741 3922 830 3984 Circa
848 3920 907 3983 hoo
922 3920 1065 4000 Magister
1088 3920 1122 3982 in
1143 3920 1187 3982 hi·
1241 3923 1314 4005 plus
1339 3943 1395 3988 vos
1418 3924 1588 3988 rationales
1609 3934 1761 3988 creatura
1779 3926 1909 3988 obedire
1930 3926 1984 3987 de

440 4022 547 4087 storiis
562 4020 617 4099 ait,
630 4020 708 4095 Quia
723 4020 818 4083 etiam
834 4018 927 4081 electi
944 4018 986 4079 ita
1002 4019 1187 4101 desperave—
1239 4023 1332 4100 betis‚
1344 4032 1405 4085 etc.
1418 4023 1501 4085 istud
1519 4041 1582 4086 non
1598 4024 1724 4086 videtur
1739 4024 1772 4085 in
1789 4033 1855 4087 toto
1870 4024 1983 4089 idonee

441 4129 515 4184 runt
530 4120 576 4182 ibi
587 4120 626 4183 de
637 4118 803 4202 promissis
819 4126 850 4179 et
860 4116 1002 4199 potentia
1013 4116 1184 4199 Dei,quasi
1240 4123 1372 4184 dictum.
1397 4122 1549 4185 llominus
1576 4122 1662 4184 enim
1690 4140 1753 4185 non
1775 4123 1878 4185 solum
1903 4125 1984 4186 dixit

440 4219 691 4283 contradicentes
707 4216 905 4299 promittenti
919 4234 926 4277 ε
939 4235 1010 4296 quaa
1025 4216 1124 4279 verba
1139 4216 1185 4278 in·
1199 4216 1225 4277 l)
1239 4220 1279 4282 ad
1295 4220 1430 4302 Moysen,
1443 4220 1625 4301 Loquimini
1640 4221 1681 4282 ad
1696 4228 1828 4302 petram,
1840 4230 1915 4299 etc,
1927 4224 1981 4285 scd

440 4318 606 4400 terpretari
632 4324 776 4399 possunt,
802 4324 834 4377 et
858 4333 915 4377 suo
945 4316 1039 4377 modo
1066 4315 1182 4377 salvari
1240 4319 1405 4401 praemisit,
1432 4319 1519 4382 Tolle
1543 4319 1694 4400 virgam:
1719 4338 1774 4402 per
1798 4322 1881 4401 qnod
1906 4323 1982 4385 satis

437 4419 526 4500 juxta
548 4408 707 4499 praetacta.
726 4415 782 4477 Vel
806 4414 924 4476 dicitur
948 4432 1030 4494 aqua
1054 4414 1184 4478 Contra·
1239 4416 1395 4495 innuitur,
1413 4418 1581 4481 Dominum
1607 4417 1782 4481 intendisse
1807 4428 1842 4480 ut
1863 4420 1982 4502 Moyses

439 4516 596 4592 dictionis,
609 4523 739 4597 proptor
755 4512 922 4575 dissidium
938 4520 969 4574 et
983 4513 1184 4576 contrarieta-
1239 4516 1328 4597 virga
1339 4523 1516 4598 percuteret
1526 4524 1660 4597 petram.
1673 4516 1734 4579 Nec
1745 4526 1873 4599 propter
1887 4519 1983 4581 omis-

441 4624 515 4693 tem,
539 4634 609 4697 quaa
634 4613 678 4675 ibi
708 4612 791 4674 inter
816 4612 940 4693 Moysen
966 4611 1183 4693 populumque
1239 4615 1362 4677 sionem
1379 4613 1454 4676 lacti
1470 4612 1558 4675 illius
1577 4612 1714 4676 luissent
1734 4614 1901 4693 inereduli,
1919 4636 1979 4679 nec

440 4716 579 4779 luerunt.
603 4716 661 4777 Ubi
669 4714 803 4791 jurgati
816 4720 893 4772 sunt
912 4713 979 4787 filii
994 4715 1097 4771 Israel
1111 4733 1184 4772 coa·
1238 4713 1402 4775 audissent
1423 4712 1601 4790 allomino,
1618 4712 1695 4786 Quia
1715 4730 1778 4776 non
1801 4715 1981 4777 credidistis

440 4825 490 4877 tra
519 4816 706 4875 Dorainem.
738 4811 897 4891 Jurgando
925 4810 1043 4872 etenim
1073 4819 1183 4873 contra
1238 4811 1329 4873 mihi.
1347 4810 1489 4892 Denique
1504 4810 1603 4874 Rabbi
1618 4812 1732 4873 Paulus
1746 4810 1981 4895 ailirmat,opi-

437 4913 562 4995 Moysen
579 4921 610 4974 et
620 4912 722 4974 Aaron
739 4908 874 4974 vicarios
885 4908 950 4985 Dei,
963 4917 1073 4971 contra
1084 4909 1181 4971 Deum
1239 4910 1366 4973 nionem
1391 4910 1490 4986 illam,
1514 4929 1610 4990 quam
1634 4909 1714 4991 Lyra
1736 4910 1813 4972 dicit
1835 4929 1904 4974 esse
1925 4912 1981 4974 lle

436 5011 554 5094 jurgati
571 5018 655 5086 sunt,
673 5008 849 5090 praesertim
864 5007 941 5088 quia
955 5006 1116 5069 beneficia
1126 5009 1181 5071 llei
1238 5007 1405 5085 braeorum,
1423 5026 1493 5070 esse
1508 5007 1607 5070 solius
1621 5007 1721 5069 Rabbi
1737 5008 1915 5072 Salomonis
1928 5034 1935 5084 ;
1948 5020 1979 5072 et

437 5109 597 5194 praeterita
612 5107 896 5190 parvipenderunt,
909 5114 987 5168 elea
1003 5125 1073 5188 quaa
1084 5106 1180 5189 Moysi
1237 5106 1336 5183 addit,
1358 5106 1443 5187 quod
1468 5105 1523 5167 alii
1545 5105 1748 5168 Hebraeorum
1771 5107 1918 5171 doctores
1941 5110 1980 5171 de

437 5228 494 5293 per
522 5208 651 5271 modum
677 5206 780 5287 culpae
804 5204 1035 5287 imposuerunt,
1063 5204 1180 5268 iecerat
1238 5204 1296 5267 hac
1312 5204 1444 5267 materia
1459 5204 1546 5266 varie
1565 5204 1717 5281 sentiunt,
1734 5205 1886 5286 quoniam
1902 5206 1978 5269 itata

435 5308 554 5392 Moyses
574 5326 612 5371 ex
633 5305 688 5368 Dei
709 5311 873 5387 praecepto.
893 5306 934 5366 tir
952 5306 1173 5381 sanctificatus
1237 5303 1270 5365 bi
1285 5303 1405 5385 Moyses
1414 5300 1577 5384 AEgyptius
1593 5302 1671 5365 dicit
1684 5311 1849 5384 peecatum
1865 5303 1978 5387 Moysis
