4309 6259
434 461 494 525 cat
745 477 919 526 manuario
941 478 971 524 ru
993 479 1060 524 car.
1085 477 1157 524 xxiv
1178 477 1412 524 naurmonouu.
1434 497 1475 508 —
1495 480 1566 525 aur.
1590 481 1675 526 xxru

434 671 543 714 manas
574 651 660 716 licite
690 653 879 735 puniuntur,
910 652 1098 715 exsulantur
1125 649 1299 734 autdque
1323 672 1381 737 pro
1405 674 1463 718 sua
1486 655 1581 737 culpa
1605 653 1880 717 interimendum:
1901 651 1980 734 quid

434 750 528 812 etiam
545 751 732 814 occiduntur
753 751 815 813 iilii
836 769 894 833 pro
913 769 1042 813 excessu
1066 768 1180 832 paren·
1235 769 1310 832 ergo
1331 761 1390 830 est,
1406 754 1492 834 quod
1515 752 1591 816 alibi
1614 751 1732 816 dicitur
1749 753 1832 814 lleus
1848 751 1982 813 reddere

436 857 513 924 tum,
531 858 563 912 ct
580 849 698 911 subditi
716 867 773 930 pro
789 849 922 912 crimine
939 849 1132 930 principum.
1236 858 1365 932 peccata
1389 859 1557 932 parentum
1582 851 1615 914 in
1639 851 1725 914 lilios
1748 851 1781 913 in
1804 849 1932 913 tertiam
1950 857 1983 910 et

474 948 591 1010 Verum
607 949 645 1010 ad
663 948 730 1010 baec
747 947 779 1009 in
796 947 1042 1029 precedentium
1058 945 1181 1028 exposi-
1236 958 1381 1031 quartem
1403 951 1663 1031 generationeml
1679 951 1727 1012 bn
1742 951 1781 1013 de
1802 948 1883 1011 liliis
1905 966 1984 1011 non-

436 1046 521 1110 tione
544 1045 697 1108 librorum
722 1047 886 1128 responsio
902 1046 975 1107 data
990 1054 1049 1121 est,
1067 1045 1179 1107 saltem
1236 1048 1311 1109 dnm
1336 1048 1419 1111 natis
1439 1048 1683 1128 intelligendum
1702 1058 1751 1112 cst
1769 1048 1831 1111 hoe
1853 1054 1982 1129 propter

435 1163 493 1226 pro
514 1152 603 1226 parte
625 1144 738 1226 maJori
753 1162 759 1204 :
777 1151 809 1206 et
829 1143 968 1207 breviter
984 1143 1046 1205 diei
1063 1150 1177 1224 potest,
1235 1145 1391 1226 originale
1413 1156 1589 1228 peecatum,
1606 1147 1659 1211 bic
1675 1166 1750 1210 vere
1765 1147 1805 1209 de
1820 1145 1902 1207 liliis
1916 1145 1980 1226 iam

434 1242 519 1323 qnod
534 1242 657 1323 judices
675 1243 707 1303 in
729 1242 848 1325 populo
870 1260 934 1304 non
955 1241 1072 1303 debent
1093 1241 1181 1303 inno·
1236 1245 1318 1306 natis
1332 1245 1472 1326 jubetur,
1482 1253 1517 1308 ut
1532 1247 1754 1328 unusquisque
1769 1263 1827 1327 pro
1842 1262 1903 1307 suo
1917 1260 1983 1304 mo

434 1348 559 1403 centem
576 1341 731 1418 occidere,
748 1359 807 1403 nec
830 1348 952 1422 patrem
975 1339 1178 1401 innocentem
1236 1343 1335 1404 riatur
1349 1347 1501 1426 peccatot
1517 1344 1600 1407 Nihil
1617 1344 1703 1408 enim
1724 1343 1819 1406 trabit
1833 1362 1874 1406 ex
1891 1349 1981 1424 patre

434 1458 492 1522 pro
509 1438 579 1504 lilio
596 1440 758 1516 scelerato,
777 1458 881 1519 neque
898 1445 1038 1514 econtra,
1056 1437 1179 1518 regula·
1236 1449 1388 1522 peccante
1402 1442 1459 1522 qui
1474 1443 1539 1524 jam
1556 1450 1649 1505 natus
1669 1450 1727 1504 est.
1744 1441 1804 1504 Sed
1827 1440 1980 1522 quoniam

434 1539 521 1618 riter,
530 1539 721 1621 generaliter
736 1557 864 1620 qnoque
881 1537 1057 1618 loquend03
1072 1544 1178 1598 tamen
1234 1537 1312 1600 alibi
1335 1538 1472 1617 additur,
1490 1540 1544 1602 His
1559 1540 1614 1623 qui
1634 1541 1770 1603 oderunt
1789 1557 1864 1602 me:
1882 1536 1982 1601 mani-

434 1659 471 1702 ex
492 1639 602 1702 divino
622 1637 757 1720 imperio
773 1645 805 1698 et
820 1636 974 1698 instinctu
994 1635 1087 1698 aliter
1105 1634 1178 1697 lieri
1236 1636 1352 1699 testum
1368 1648 1417 1700 est
1432 1638 1519 1701 illam
1540 1639 1737 1702 sanctionem
1760 1656 1855 1720 posse
1877 1646 1981 1700 muta-

434 1747 547 1820 potest,
560 1737 636 1818 quia
651 1737 737 1817 quod
748 1735 829 1798 [leus
844 1733 942 1815 gratis
958 1753 994 1796 ac
1011 1733 1111 1796 libere
1126 1734 1180 1795 de-
1236 1734 1273 1812 ri,
1283 1735 1310 1797 si
1322 1735 1384 1799 lilii
1396 1745 1524 1819 peecata
1536 1745 1703 1819 parentum
1721 1756 1783 1800 non
1800 1737 1978 1800 imitentur.

433 1836 480 1898 dit
494 1835 691 1912 hominibus,
709 1842 818 1916 utpote
840 1852 908 1895 esse
930 1851 965 1894 ac
990 1831 1108 1908 vivere,
1126 1850 1179 1913 po·
1194 1836 1216 1896 B
1234 1833 1294 1896 Sed
1310 1836 1424 1898 merito
1439 1836 1603 1917 queritur,
1616 1836 1643 1897 si
1660 1837 1834 1899 redduntur
1850 1844 1981 1918 peecata

435 1942 494 1996 test
504 1935 550 1996 cis
562 1931 886 2015 irreprehensibiliter
896 1932 935 1993 ad
946 1931 1072 1993 libitum
1084 1950 1177 1992 suum
1233 1942 1400 2015 parentum
1416 1934 1449 1996 in
1467 1934 1554 1997 lilios
1574 1934 1624 1996 bis
1641 1934 1698 2016 qui
1713 1935 1849 1997 oderunt
1865 1936 1976 2010 Deum,

431 2031 568 2096 auterre.
586 2033 702 2096 Omnes
717 2049 845 2112 quoque
861 2049 919 2112 pro
936 2029 1085 2111 originali
1105 2049 1177 2112 pec-
1232 2051 1289 2094 cnr
1304 2033 1365 2096 boc
1377 2032 1451 2095 lieri
1461 2033 1579 2096 dicitur
1594 2033 1628 2095 in
1643 2035 1769 2096 tertiam
1784 2042 1815 2096 et
1829 2043 1977 2115 quartam

429 2141 500 2194 cato
516 2139 689 2194 naseuntur
710 2129 772 2191 lilii
795 2130 860 2205 ira,
878 2138 909 2192 et
924 2128 1085 2192 debitores
1102 2135 1176 2190 sunt
1231 2129 1480 2210 generationem,
1499 2149 1563 2194 non
1584 2149 1732 2212 expressa
1755 2129 1860 2212 prima
1882 2138 1915 2192 et
1930 2149 1980 2192 se·

430 2231 558 2294 mortis:
577 2231 640 2294 imo
655 2249 693 2292 ex
708 2228 815 2291 debito
831 2235 962 2304 naturae,
973 2227 1175 2308 naturalique
1231 2230 1346 2304 cunda,
1354 2236 1386 2292 et
1398 2247 1461 2292 non
1477 2229 1573 2292 etiam
1586 2229 1620 2291 in
1630 2237 1978 2310 ceteras,permanente

429 2330 638 2412 dispositione
653 2327 796 2391 adstricti
813 2335 886 2388 sunt
904 2326 996 2390 morti
1011 2350 1018 2399 ;
1036 2335 1067 2388 et
1083 2326 1176 2406 quid·
1231 2325 1394 2408 impietate
1417 2326 1572 2403 liliorum,
1590 2336 1621 2390 at
1644 2327 1821 2390 imitatione
1844 2345 1976 2389 suorum

429 2430 507 2512 quid
530 2447 631 2511 poenae
653 2427 775 2508 inlligit
797 2427 878 2488 Dens
901 2425 1095 2507 quibusdam
1122 2425 1175 2488 ho
1232 2432 1400 2504 parentum
1415 2425 1582 2487 malornm.
1600 2425 1648 2486 bn
1669 2444 1726 2507 per
1745 2425 1976 2507 septenarium,

430 2527 570 2590 minibus
586 2525 740 2588 demerito
756 2524 805 2587 vel
824 2523 990 2586 occasione
1007 2523 1175 2585 bominum
1231 2522 1471 2585 universitatem
1496 2523 1633 2602 intelligi
1658 2523 1771 2598 voluit,
1789 2543 1847 2586 nee
1870 2523 1978 2605 posuit

429 2627 576 2702 aliorum,
593 2625 747 2689 convertit
769 2623 833 2684 illis
859 2623 892 2684 in
918 2621 1042 2699 melius,
1061 2620 1176 2702 magis·
1232 2621 1335 2703 ipsum
1368 2621 1597 2703 septenarium,
1629 2621 1779 2696 dicendo,
1810 2621 1844 2684 ln
1874 2623 1974 2703 septi-

430 2744 492 2806 que
515 2724 608 2787 babet
632 2723 786 2785 rationem
812 2720 943 2784 remedii
969 2739 1005 2782 ac
1029 2720 1173 2795 medelae,
1231 2740 1315 2782 mam
1331 2721 1580 2800 generationem,
1594 2721 1649 2783 sed
1665 2740 1792 2783 causam
1809 2721 1978 2803 perfectio

429 2843 524 2904 quam
541 2821 887 2904 poenae.ldeircc,qu0d
905 2818 967 2880 lilii
979 2818 1072 2881 lsrael
1085 2837 1178 2899 quos
1231 2819 1280 2881 nis
1296 2820 1387 2901 ejust
1403 2818 1474 2882 ldcc
1488 2819 1574 2882 enim
1592 2819 1790 2901 septenarius
1812 2819 1976 2901 perlectus

429 2923 501 2985 dam
518 2921 693 2984 infantulos
710 2928 840 3002 propter
853 2925 1020 3000 parentum
1034 2917 1176 2980 iacinora
1230 2919 1392 2994 asseritur,
1405 2917 1557 3000 quoniam
1573 2926 1697 2981 constat
1711 2938 1749 2980 ex
1766 2919 1914 2995 ternario,
1927 2929 1978 2980 ut-

428 3021 623 3098 ooeiderunt,
642 3039 680 3082 ex
702 3018 813 3081 divina
834 3016 978 3098 jussione
1000 3024 1053 3078 aut
1074 3016 1174 3098 inspi-
1193 3017 1215 3080 C
1232 3026 1305 3098 pote
1334 3017 1438 3098 primo
1468 3016 1581 3098 impari
1612 3024 1688 3094 toto,
1714 3025 1746 3080 et
1774 3019 1977 3098 quaternario

429 3120 551 3183 ratione
566 3118 705 3181 creditur
723 3118 840 3180 iactum
855 3139 862 3190 3
880 3124 911 3178 et
931 3115 957 3176 si
974 3115 1108 3196 quidam
1123 3133 1175 3178 eo
1232 3115 1336 3196 primo
1352 3115 1420 3197 pari
1438 3123 1514 3178 toto.

429 3239 499 3280 rum
515 3217 607 3280 aliter
618 3217 649 3278 id
660 3223 803 3297 egerunt,
814 3232 877 3277 uon
889 3221 1126 3276 excusarentur.
1136 3213 1174 3274 At
1273 3217 1347 3276 Non
1364 3224 1526 3291 pervertes
1537 3214 1708 3291 judicium
1728 3217 1860 3277 aduente
1873 3227 1903 3277 et
1913 3236 1977 3292 par·

429 3334 504 3380 vero
520 3316 605 3396 leges
621 3314 768 3376 humanae
784 3321 857 3374 sunt
878 3311 1100 3391 multipliciter
1116 3311 1175 3372 im·
1228 3314 1371 3391 pillinc
1386 3312 1513 3375 nemine
1528 3321 1576 3375 est
1590 3312 1798 3394 judicandum
1815 3332 1975 3395 perverse,

430 3413 627 3496 periectae‚et
638 3413 782 3494 quaedam
798 3410 978 3485 instituunt,
987 3409 1175 3492 permittunt
1233 3412 1288 3474 scd
1304 3410 1534 3474 miserabilium
1547 3429 1753 3492 personarum
1771 3411 1933 3493 iniuriatic
1943 3422 1977 3474 et

431 3533 467 3576 ac
481 3514 605 3595 jubent,
615 3531 685 3593 qum
695 3509 806 3574 divino
821 3509 1023 3588 corriguntur
1037 3508 1173 3588 judiei03
1233 3510 1353 3590 injusta
1367 3507 1566 3589 dijudicatio,
1586 3517 1671 3571 tanto
1686 3509 1824 3590 amplius
1841 3519 1917 3572 sunt
1931 3512 1978 3574 ri-

431 3622 462 3676 ct
480 3613 586 3676 lorsan
607 3612 814 3693 imperatores
830 3627 865 3671 ac
882 3626 970 3688 roges
986 3608 1019 3670 in
1036 3609 1176 3691 propriis
1233 3609 1345 3684 tandae,
1363 3615 1483 3688 quanto
1505 3607 1612 3669 minus
1633 3607 1779 3671 resistere
1794 3618 1926 3690 queunt,
1943 3620 1978 3674 et

298 3732 407 3775 morum
431 3712 535 3775 causis
561 3711 643 3773 ultra
666 3709 837 3772 medium*
859 3706 1076 3770 favorabiliter
1102 3716 1176 3769 sunt
1232 3715 1351 3788 quanto
1374 3706 1447 3787 plus
1467 3706 1526 3768 hoc
1541 3705 1786 3768 contrariarctur
1801 3709 1889 3770 omni
1906 3711 1974 3791 pie-

433 3811 529 3875 lccuti
545 3819 640 3891 atque
654 3809 827 3891 jusserunt.
841 3807 896 3869 Vel
913 3805 939 3867 si
955 3814 1112 3888 praetactae
1127 3825 1177 3870 eo
1234 3804 1289 3866 tati
1308 3823 1345 3866 ac
1365 3803 1602 3879 misericordiae,
1621 3803 1822 3886 naturalique
1840 3806 1913 3886 legi.
1931 3809 1976 3870 De

433 3930 501 3974 rum
526 3909 611 3988 leges
632 3909 724 3990 justae
745 3906 912 3969 censendae
933 3913 1018 3981 sunt,
1036 3905 1098 3968 dici
1122 3925 1177 3988 po·
1233 3903 1292 3966 boo
1308 3903 1428 3964 dictum
1444 3911 1492 3964 est
1506 3900 1632 3984 plenius
1645 3901 1678 3964 in
1694 3902 1811 3966 Exodo.
1829 3907 1896 3966 Nec
1916 3929 1977 3967 aar·
1997 3933 2126 3980 3204„st

286 4028 417 4078 tuorna.
433 4017 492 4072 test
510 4009 601 4091 juxta
615 4005 812 4089 Apostolum,
830 4004 914 4086 quod
940 4003 1080 4065 ministri
1102 4012 1176 4064 sunt
1231 4004 1314 4079 seres
1339 4006 1405 4061 loco
1425 4003 1575 4078 pignoris
1604 4003 1712 4062 vidue
1738 4005 1974 4067 vestimentum,
1991 3999 2066 4042 Μ·

285 4092 416 4142 ¹¹⁰⁰'·”l⁴·
434 4107 486 4171 llci
503 4115 534 4170 et
549 4103 776 4186 omnipotentis
793 4101 884 4182 ltegis
901 4100 1022 4178 vicarii,
1033 4108 1065 4162 et
1080 4101 1177 4183 parti·
1232 4101 1295 4164 lloc
1321 4099 1563 4180 intelligendum
1585 4107 1634 4160 est
1652 4100 1692 4162 de
1713 4100 1909 4182 pauperibus
1930 4105 1978 4166 ri-

432 4207 574 4289 cipantcs
596 4203 717 4285 aliquid
738 4199 934 4264 auctoritatis
955 4219 991 4262 ac
1011 4200 1176 4281 potestatis
1191 4205 1216 4266 b
1231 4199 1315 4276 duis,
1338 4217 1410 4281 qnae
1435 4217 1509 4261 vere
1534 4207 1608 4260 sunt
1632 4197 1747 4275 viduae,
1772 4219 1810 4262 ac
1834 4200 1978 4266 humano

431 4305 560 4381 divina,
577 4300 807 4386 propterquod
824 4299 856 4359 in
873 4297 1045 4379 Scripturis
1060 4298 1106 4362 dii
1123 4318 1177 4363 vo
1231 4298 1344 4360 solatio
1361 4297 1538 4360 destitute:
1557 4296 1673 4377 quibus
1695 4316 1898 4380 nequaquam
1922 4320 1977 4363 au-

431 4411 554 4468 cantur.
572 4402 688 4481 Sicquc
708 4397 891 4479 hujusmodi
911 4396 994 4476 leges
1010 4416 1121 4460 corum
1138 4417 1177 4460 ex
1232 4396 1397 4460 terendum
1428 4405 1476 4459 est
1503 4415 1560 4477 pro
1585 4395 1718 4477 pignore
1746 4396 1974 4462 indumentum

430 4502 540 4565 divina
560 4498 793 4581 quodammodo
814 4494 1000 4559 anctoritate
1023 4495 1175 4560 institutae
1230 4514 1294 4577 quo
1310 4494 1467 4576 indigent,
1476 4494 1540 4556 imo
1556 4513 1614 4557 nec
1628 4493 1790 4576 aliudque
1805 4496 1975 4561 commode

430 4608 593 4684 putantur,
611 4597 655 4660 ita
671 4596 755 4678 quod
772 4595 805 4656 in
821 4593 947 4658 casibus
967 4595 1062 4657 certis
1085 4595 1176 4659 inno·
1230 4615 1293 4658 non
1310 4602 1444 4676 possunt
1460 4611 1585 4668 carere3
1604 4593 1658 4655 scd
1674 4592 1849 4675 spiritualis
1871 4597 1974 4678 pietas

430 4707 538 4762 centes
561 4716 618 4780 pro
640 4703 808 4778 parentum
831 4702 885 4754 ant
905 4693 1089 4775 principum
1113 4713 1176 4757 sce·
1230 4693 1444 4776 impendenda
1458 4701 1506 4755 cst
1521 4691 1777 4764 cisQuaeautem
1793 4705 1975 4775 sequnntur

431 4798 551 4861 leribns
569 4796 758 4878 puniuntur,
775 4793 948 4854 secundum
972 4793 1058 4873 quod
1081 4813 1176 4875 pmna
1231 4794 1263 4855 in
1286 4802 1383 4869 textu,
1401 4799 1476 4854 sunt
1498 4789 1603 4872 plana,
1620 4799 1652 4851 et
1669 4791 1702 4852 in
1719 4792 1858 4857 Levitico
1882 4795 1972 4857 alias·
2011 4822 2066 4863 Μ,
2080 4836 2120 4863 m,

429 4897 526 4960 habet
541 4896 696 4957 rationem
713 4891 890 4968 medicine,
907 4899 938 4953 et
953 4891 1120 4953 ordinatur
1135 4893 1174 4954 ad
1230 4911 1292 4973 quc
1308 4891 1491 4972 frequenter
1505 4889 1657 4970 exposita.
1989 4889 2010 4936 ⁹,
2022 4889 2056 4926 ¹⁰·

429 4995 549 5058 bonum
564 5010 744 5067 commune,
761 4997 856 5072 atque
871 4991 910 5052 ad
926 4989 1106 5052 animarum
1129 5011 1175 5052 sa·
1270 4990 1422 5052 Praetcrea
1443 4988 1594 5070 mysticus
1614 4988 1710 5070 hujus
1729 4989 1860 5071 capituli
1881 4992 1975 5055 intel·
2011 5027 2091 5070 Μ

430 5096 530 5158 lutem
545 5101 576 5156 et
591 5091 646 5154 Dei
663 5091 827 5153 bonorem.
1231 5089 1342 5165 lectus,
1360 5107 1418 5170 pro
1442 5087 1557 5169 majori
1582 5097 1671 5169 parte
1696 5089 1889 5170 praebabitus
1911 5100 1972 5154 est.
1988 5089 2112 5145 *tifilwb

463 5195 635 5266 Postremo,
642 5189 727 5252 eirca
738 5189 798 5251 boc
809 5187 1175 5266 scribitdugustinnS,et
1229 5186 1354 5251 Etenim
1370 5186 1468 5248 Filius
1484 5187 1538 5249 llei
1558 5195 1688 5269 propter
1703 5205 1761 5251 nos
1777 5187 1973 5269 incarnatus,

429 5292 563 5355 babetur
578 5289 612 5350 in
627 5287 756 5350 Glossa:
774 5287 835 5349 Lex
851 5284 938 5362 dicit,
957 5304 1171 5366 utrumquem·
1230 5285 1334 5368 primo
1348 5283 1470 5365 accepit
1481 5283 1650 5366 coniugem
1661 5283 1976 5368 synagogamquam
