4309 6259
596 526 771 573 arnnnxrro
792 527 823 572 nr
845 527 912 574 cnr.
936 526 957 572 6
979 527 1115 574 nsrrrrcr.
1138 549 1178 558 —
1199 530 1270 577 xnr.
1293 530 1334 575 vn
1679 516 1736 579 117

189 695 337 773 ascellas,
351 706 386 760 ut
401 697 506 762 omnis
517 696 710 780 reprimatur
725 697 833 775 elatio,
843 705 875 760 et
885 697 938 762 ho
952 695 978 759 A
992 696 1025 759 in
1042 697 1158 761 coelum
1173 718 1179 761 :
1193 719 1263 782 qum
1280 699 1536 781 confringuntur,
1550 704 1676 783 quando
1693 703 1737 765 in-

190 815 244 860 mo
257 797 298 859 ad
314 796 454 879 propriae
468 795 721 860 defectuositatis
736 794 938 879 frequentem
994 798 1118 859 terdum
1135 808 1265 881 propter
1276 799 1438 863 caritatem
1455 799 1583 876 Christi,
1596 809 1627 863 et
1642 821 1737 884 opera

189 895 345 958 intuitum
361 895 558 959 reflectatur.
575 895 614 956 Et
628 906 723 973 rupto
740 897 939 956 666166νὶ616-
993 896 1067 959 vifae
1089 897 1200 959 aetivae
1226 917 1262 960 ac
1289 899 1465 960 necessaria
1487 899 1623 980 corpori,
1642 899 1738 962 inter-

188 1015 232 1070 ro,
251 994 360 1071 idest,
379 994 524 1058 interiori
540 994 670 1058 lesione
692 1013 749 1077 per
764 993 939 1057 confessio
994 995 1177 1057 mittuntur.
1194 996 1281 1070 Quod
1306 1005 1409 1059 tamen
1434 1017 1495 1061 non
1521 1007 1568 1060 est
1592 997 1687 1074 ferro,
1704 999 1737 1060 id

189 1111 262 1156 nem
289 1092 446 1157 humilem
471 1092 642 1176 patefacta,
669 1094 837 1156 decurrere
863 1091 938 1157 facit
993 1101 1042 1155 est
1062 1113 1135 1157 eum
1155 1095 1273 1157 duritia
1291 1104 1322 1158 et
1346 1095 1575 1176 indignatione,
1594 1097 1648 1159 scd
1664 1116 1737 1159 cum

188 1191 389 1271 sanguinem,
400 1191 520 1254 calidas
531 1191 677 1254 lacrimas
693 1210 730 1253 ex
746 1190 938 1254 contritione
993 1193 1112 1274 pietate
1142 1203 1174 1256 et
1203 1194 1394 1257 discretione
1424 1196 1592 1274 agendum.
1616 1196 1654 1256 lit
1681 1196 1738 1258 itc-

187 1287 367 1354 fundendo.
387 1293 567 1352 l'esicclam
583 1311 654 1352 vcro
671 1293 828 1369 gutturis,
842 1291 874 1352 id
890 1298 938 1352 est
993 1311 1063 1354 rum
1073 1293 1271 1355 resumendas
1287 1303 1360 1355 sunt
1375 1294 1432 1356 alae
1448 1293 1631 1374 hujusmodi
1643 1295 1737 1357 citius

187 1406 316 1451 omnem
331 1390 415 1468 gulae
430 1397 462 1453 et
472 1388 669 1452 carnalitatis
685 1389 881 1470 voluptatem
896 1397 939 1450 at·
993 1409 1057 1471 quo
1079 1409 1218 1471 congrue
1245 1391 1316 1453 fieri
1342 1400 1456 1473 potest.
1480 1393 1559 1455 Ecce
1582 1392 1737 1455 istasunt

187 1505 251 1567 que
265 1487 448 1564 mollitiem,
465 1498 494 1549 et
505 1492 649 1565 pluuias,
667 1487 700 1550 id
715 1496 764 1550 est
785 1488 939 1567 evagatio
994 1489 1179 1552 holocausta
1208 1498 1240 1552 61
1265 1490 1377 1552 hostiae
1406 1491 1514 1573 populi
1547 1492 1737 1570 evangelice

188 1604 245 1649 nes
261 1593 293 1649 61
304 1587 489 1668 phantasias
502 1586 634 1648 inutiles
648 1606 780 1669 prorsus
795 1586 934 1667 abjiciat.
993 1587 1084 1669 legis,
1094 1608 1166 1670 quae
1182 1607 1255 1651 vere
1270 1598 1344 1650 sunt
1360 1589 1541 1651 suavissimi
1558 1609 1663 1652 coram
1673 1591 1736 1652 Deo

187 1687 437 1766 Confrinqetpee
447 1690 587 1747 ascellas.
598 1685 729 1749 Aseellae
740 1705 796 1748 seu
806 1685 864 1748 alae
874 1686 938 1748 ani·
993 1687 1111 1764 odoris,
1129 1696 1161 1751 et
1176 1689 1397 1770 acceptissima
1413 1688 1571 1771 majestati
1587 1689 1737 1773 Omnipo-

185 1802 257 1861 maa,
275 1793 352 1847 sunt
366 1785 468 1849 oratio
483 1793 515 1847 et
530 1784 707 1861 meditatie,
719 1785 837 1866 quibus
851 1784 937 1848 volat
991 1787 1099 1850 tentis.
1187 1811 1190 1817 ·

747 2219 1070 2307 ARTICULUS
1108 2221 1190 2306 VII

285 2492 466 2539 electuario
488 2494 664 2538 tirrannus
686 2493 823 2538 enchon!
844 2495 969 2540 sacello}
992 2497 999 2542 ζ
1024 2497 1121 2541 antlia
1144 2497 1225 2551 QUUll
1247 2497 1409 2544 obturbata
1431 2499 1628 2547 octratlon'ntt.

184 2770 541 2973 OUEllADllODUll
559 2776 590 2838 in
608 2777 798 2859 praecedenti
814 2779 931 2860 capitu·
949 2778 1094 2856 Bridua,
1112 2798 1182 2860 quae
1198 2781 1313 2843 obtulit
1333 2781 1396 2845 duo
1418 2783 1550 2861 minuta,
1568 2784 1648 2846 dixit
1663 2783 1728 2847 Sal·
1741 2806 1876 2859 666666.

265 2871 306 2949 16,
326 2871 370 2934 ita
391 2872 423 2933 in
440 2872 501 2935 isto
519 2872 558 2935 fit
572 2874 692 2936 mentio
708 2875 747 2936 de
763 2875 930 2937 sacrificiis
985 2887 1086 2954 rator,
1104 2880 1188 2959 quod
1210 2880 1281 2961 plus
1302 2880 1450 2942 omnibus
1472 2882 1570 2958 misit,
1587 2883 1663 2964 quio
1685 2894 1729 2947 to·

180 2980 298 3054 sponte
319 2979 417 3053 atque
442 2991 480 3034 ex
500 2991 587 3035 mera
609 2974 780 3036 devotione
801 2974 927 3036 oblatis.
988 2985 1054 3038 tum
1069 2977 1189 3038 victum
1206 2978 1543 3059 suum.ltaqucanima
1558 3000 1656 3061 quum
1673 2983 1728 3044 ob-

180 3071 214 3132 ln
237 3070 433 3154 praecedenti
455 3079 562 3134 aute-m
579 3072 719 3153 capitulo
738 3074 930 3136 tractabatur
987 3074 1095 3136 tulerit
1110 3077 1300 3136 oblationem
1314 3078 1471 3154 sacrificii
1485 3079 1728 3153 DominoQuod

180 3168 221 3231 de
235 3168 443 3246 holocaustis,
463 3188 535 3250 quaa
550 3170 589 3231 dc
604 3169 798 3232 animalibus
813 3169 931 3233 offere·
985 3173 1040 3248 ait,
1058 3172 1256 3236 Oblationcm
1277 3173 1440 3250 sacrificii,
1459 3175 1659 3238 intransitive
1681 3185 1729 3239 est

181 3266 325 3343 bantur;
347 3285 433 3329 nunc
457 3261 533 3330 xero
558 3267 598 3330 (16
618 3267 787 3330 sacrificiis
812 3267 926 3347 agitur,
986 3271 1219 3353 accipiendum,
1241 3271 1390 3335 videlicet
1410 3292 1467 3354 pro
1483 3273 1642 3337 oblatione
1658 3293 1728 3355 quaa

179 3383 252 3446 quaa
268 3383 307 3427 ex
330 3363 527 3440 inanimatis,
544 3372 577 3426 et
592 3383 630 3428 ex
650 3364 745 3427 rebus
768 3365 860 3447 pauci
877 3385 930 3429 va·
985 3369 1180 3432 sacrificium
1208 3368 1281 3432 fuit.
1306 3371 1413 3435 Hostia
1438 3379 1543 3434 tamen
1566 3373 1605 3435 de
1627 3373 1729 3435 inani-

180 3461 258 3525 loris
275 3460 411 3524 fiebant.
427 3461 582 3536 Quocirca
598 3472 723 3545 oportet
743 3464 836 3540 scire,
853 3463 929 3544 quia
985 3467 1079 3529 matis
1100 3468 1194 3530 rebus
1210 3468 1327 3546 oblata,
1345 3469 1445 3550 magis
1467 3471 1669 3553 appropriate
1684 3470 1729 3532 di-

179 3569 215 3622 61
229 3561 277 3623 ait
292 3561 429 3623 Thomas
444 3560 478 3623 in
493 3561 597 3643 prima
614 3561 771 3638 secundm,
782 3561 929 3643 quaestio
985 3566 1115 3629 cchatur
1131 3567 1389 3630 oblatio.·Simr'lc
1400 3571 1462 3629 erit
1472 3571 1540 3646 ejus
1556 3572 1685 3639 oblatio,
1696 3569 1729 3631 id

180 3678 220 3722 ne
236 3659 307 3736 loa,
318 3659 384 3722 Lex
399 3659 433 3721 in
448 3659 618 3723 sacrificiis
634 3659 774 3742 providit
789 3659 929 3724 efferen-
985 3673 1043 3741 est,
1071 3665 1210 3728 similam
1235 3665 1352 3729 offeret
1376 3667 1439 3729 Dee
1458 3685 1465 3727 :
1487 3676 1598 3748 estque
1624 3667 1729 3729 simila

180 3758 261 3820 tium
277 3759 521 3840 paupertati:ut
536 3759 592 3841 qui
609 3759 726 3822 habere
742 3778 806 3823 non
822 3768 929 3843 posset
986 3764 1174 3827 tenuissima
1198 3785 1234 3827 ac
1257 3765 1469 3827 mundissima
1492 3766 1588 3831 tritici
1611 3765 1726 3828 farina.

178 3857 300 3920 animal
324 3857 519 3939 quadrupes,
540 3857 676 3921 offerret
697 3877 808 3933 arem3
833 3878 928 3940 quam
985 3862 1112 3926 Meliora
1130 3882 1266 3944 namque
1283 3871 1314 3926 ct
1334 3863 1464 3946 puriora
1478 3865 1541 3926 Deo
1557 3873 1631 3925 sunt
1650 3863 1730 3926 offe-

178 3957 234 4038 qui
250 3956 370 4019 babere
386 3975 450 4020 non
467 3966 585 4039 posset,
597 3955 732 4020 offerret
747 3957 859 4020 saltem
875 3962 965 4039 pa-C
985 3963 1094 4023 reuda.
1112 3966 1302 4042 lv'undetqcc
1323 3983 1419 4040 super
1438 3985 1508 4024 eam
1530 3967 1645 4024 oleum.
1662 3962 1729 4036 Quo

179 4075 275 4131 uem;
298 4073 395 4137 quem
415 4055 471 4137 qui
494 4074 559 4119 non
581 4055 702 4121 valeret
724 4056 852 4133 babere,
872 4057 930 4118 im·
986 4058 1081 4137 facto,
1107 4060 1271 4122 dicebatur
1296 4061 1403 4123 simila
1427 4062 1657 4143 oleata1quod
1682 4063 1727 4124 sie

178 4155 315 4218 molaret
330 4153 444 4217 saltem
459 4153 595 4217 farinam
611 4162 666 4217 aut
681 4154 813 4236 spicam.
985 4156 1057 4220 fieri
1079 4157 1175 4238 jussit
1195 4158 1377 4220 altissimus
1403 4161 1440 4222 ad
1466 4159 1727 4239 distinguendum

225 4256 350 4314 Anima
375 4274 478 4333 quum
502 4256 663 4316 obtulerit.
690 4252 747 4316 Per
774 4255 926 4331 animam,
984 4257 1110 4338 plebem
1126 4277 1214 4319 suam
1230 4259 1269 4320 ab
1287 4257 1727 4341 idololatris‚quiofferebant

178 4360 333 4434 tauquam
358 4371 416 4434 per
440 4362 563 4435 partem
588 4351 860 4434 principaliorem,
882 4354 929 4415 in·
985 4356 1079 4419 idolis
1105 4357 1172 4418 suis
1198 4357 1336 4418 similam
1362 4359 1433 4421 olro
1458 4378 1521 4421 non
1552 4358 1724 4439 perfusam.

176 4450 336 4531 telligitur
360 4449 456 4514 bomo
476 4459 533 4514 :et
557 4451 633 4532 quia
656 4470 741 4514 nune
763 4452 867 4533 agitur
889 4452 928 4515 de
984 4453 1164 4536 Spiritualis
1186 4463 1292 4518 autern
1308 4457 1388 4520 ratio
1404 4455 1490 4518 infra
1511 4464 1665 4537 tangetur.
1684 4458 1726 4516 Et

177 4549 351 4613 sacrificiis
376 4559 500 4633 sponte,
528 4559 560 4613 ct
584 4570 622 4613 ex
647 4571 735 4614 mera
758 4551 928 4614 devotione
982 4563 1075 4629 ponet
1092 4556 1174 4624 tirus,
1193 4553 1298 4630 idest,
1316 4574 1388 4617 cum
1410 4554 1515 4617 simila
1530 4554 1632 4618 oleata
1654 4555 1726 4615 thus

176 4648 308 4727 oblatis,
335 4657 422 4712 recte
447 4649 636 4732 exprimitur
660 4649 777 4727 anima,
805 4651 838 4711 in
866 4669 929 4732 qua
983 4649 1110 4713 offeret.
1128 4650 1397 4724 Quemadmodum
1420 4673 1496 4717 rero
1519 4662 1646 4716 sanctus
1668 4654 1727 4715 Do-

177 4747 327 4811 rolontas
347 4757 380 4811 61
402 4748 472 4830 ejus
493 4748 548 4830 pia
569 4748 700 4812 affectio
722 4769 778 4812 seu
801 4749 928 4812 devotio
983 4756 1051 4811 ctor
1073 4749 1185 4811 scribit
1208 4750 1276 4814 loco
1293 4751 1506 4834 praeallegato,
1524 4759 1638 4834 praeter
1659 4753 1727 4814 ani-

177 4847 396 4910 eontiuentur.
414 4846 510 4910 Porro
525 4847 607 4930 Lyra
627 4846 744 4929 allegat
758 4847 859 4910 llabbi
876 4847 929 4909 Sa·
983 4847 1079 4909 malia
1109 4848 1210 4910 solum
1237 4847 1458 4912 offerebantur
1482 4851 1545 4913 Deo
1571 4851 1610 4912 de
1636 4857 1725 4912 ferrar

177 4945 353 5024 lomonem,
371 4946 531 5010 dicentem
547 4948 633 5029 quod
653 4948 729 5028 quia
750 4945 803 5009 bic
824 4947 928 5026 agitur
983 4945 1199 5023 nascentibus,
1218 4947 1321 5029 panis,
1334 4947 1456 5026 vinum,
1476 4950 1560 5027 thus,
1573 4950 1679 5012 oleum
1696 4957 1727 5010 ct

177 5047 218 5109 de
245 5065 424 5129 pauperum
450 5045 624 5124 oblatione,
651 5045 840 5128 exprimitur
864 5045 929 5107 ani·
983 5045 1047 5107 sal:
1060 5045 1211 5125 quoniam
1226 5065 1262 5108 ea
1277 5064 1347 5127 quaa
1361 5046 1400 5109 de
1414 5055 1506 5110 terrae
1522 5047 1726 5110 nascentibus

177 5163 241 5220 ma,
259 5145 338 5226 quia
357 5143 478 5208 oblatio
499 5163 676 5227 pauperum
696 5151 878 5226 acceptatur
897 5152 928 5206 et
944 5154 968 5215 Ι)
985 5142 1117 5206 veniunt
1134 5143 1166 5204 in
1187 5144 1326 5206 hominis
1349 5165 1452 5223 usum,
1471 5145 1520 5208 vel
1542 5155 1616 5207 sunt
1638 5146 1670 5206 in
1686 5146 1728 5208 ci-

178 5250 347 5325 reputatur
361 5262 380 5304 a
395 5242 469 5319 heo,
487 5242 580 5324 quasi
599 5241 774 5306 obtulerint
789 5241 928 5304 animam
984 5242 1071 5319 bum,
1090 5250 1120 5304 ct
1136 5242 1175 5304 de
1196 5242 1246 5303 his
1262 5242 1459 5306 offerebatur
1474 5244 1566 5326 panis
1587 5264 1642 5307 seu
1658 5245 1727 5326 ejus

178 5360 269 5404 suam
291 5359 349 5404 seu
370 5340 482 5404 vitam.
507 5341 597 5405 Unde
618 5350 651 5405 et
672 5343 711 5404 (16
734 5341 928 5423 paupercula
983 5340 1136 5416 materia3
1162 5340 1727 5424 (616661166616666116161661·
