4309 6259
552 525 727 572 annnnnmo
748 525 778 570 tlt
799 525 869 571 GAP.
892 525 944 571 xri
965 526 1102 572 aavrrlct.
1126 546 1166 556 -
1186 528 1256 574 ΛΒΤ.
1280 526 1379 576 xxxin

1676 515 1735 578 243

182 695 294 777 culpas
319 696 353 758 in
378 698 532 775 generali,
549 707 706 778 quantum
730 697 771 760 ad
796 716 851 761 eos
872 696 928 777 qui
946 697 971 758 Α
986 698 1202 764 oblationibus
1231 702 1420 784 actibusque
1450 701 1626 784 predictis,
1659 702 1735 784 quia

181 803 406 874 peccaverunt,
419 797 522 858 multa
536 806 643 860 lamen
660 804 788 878 peccata
804 794 932 878 specifi-

181 911 269 961 cans,
289 893 372 955 sicut
393 893 432 954 fit
447 895 608 958 confessio
630 896 663 956 in
684 895 844 977 principio
861 895 931 956 llis-

181 1011 234 1068 saa,
258 1001 291 1054 et
316 1002 388 1074 post
413 1012 587 1056 sermones.
614 994 793 1075 Dicuntque
816 994 929 1074 aliqui,

182 1090 267 1170 quod
285 1100 415 1172 peccata
434 1092 490 1154 illa
511 1093 641 1174 scripsit
656 1093 689 1153 in
706 1093 815 1154 charta
835 1111 931 1174 quarn

182 1189 337 1270 imposuit
352 1191 449 1272 capiti
466 1191 557 1266 hirei,
576 1200 611 1252 ut
626 1210 695 1253 eam
712 1210 821 1253 seeum
837 1191 869 1251 in
886 1209 933 1252 so-

184 1287 353 1351 litudinem
376 1289 482 1352 ferret.
503 1293 636 1351 Erar'ttet
657 1292 765 1358 ittam,
784 1289 933 1351 videlicet

184 1386 321 1463 hircum,
349 1408 409 1464 per
437 1389 601 1449 faeminam
622 1398 792 1464 paratum,
822 1387 855 1448 id
885 1395 934 1449 est

186 1485 392 1565 pmcincrum
408 1487 633 1568 etexpeditum
644 1487 682 1548 ad
695 1484 932 1567 perducendum

46 1600 170 1641 eaerum
186 1584 312 1646 hircum
325 1584 474 1659 illumin
487 1589 660 1646 meinata&
670 1585 811 1646 Tradunt
827 1591 932 1645 autem

185 1683 321 1759 llebrtai,
338 1685 423 1764 quod
438 1687 652 1764 quorumdam
668 1683 794 1766 parvuli
818 1682 934 1743 tribua-

187 1780 268 1857 liter,
288 1782 320 1845 id
336 1793 384 1844 est
399 1785 575 1846 secundum
592 1783 732 1864 aliquam
752 1782 880 1857 tribum,
893 1779 932 1842 ad

987 799 1047 862 hoo
1069 799 1139 881 ipso
1155 800 1207 862 die
1222 799 1268 862 eis
1284 801 1420 882 peractis
1437 800 1571 864 introire
1593 810 1735 865 sanctua-

989 898 1071 960 rium
1093 899 1279 974 tencbatur3
1298 899 1352 960 scd
1375 909 1504 980 propter
1525 900 1734 962 reverentiam

987 995 1170 1058 divinorum
1203 1015 1236 1058 sc
1261 996 1347 1074 lavit,
1376 1005 1470 1078 atquo
1501 998 1542 1060 ob
1568 998 1734 1079 mysticam

988 1093 1270 1174 significationem,
1288 1103 1320 1158 ot
1340 1104 1375 1157 ut
1398 1115 1454 1177 per
1476 1096 1664 1158 exteriorem
1692 1095 1736 1158 lo-

989 1191 1169 1268 tionem,ad
1181 1193 1313 1272 gratiam
1325 1173 1522 1273 contingeret
1533 1193 1732 1274 ampliorem.

989 1293 1211 1369 laetareturque
1229 1293 1363 1350 aestibus
1377 1294 1456 1362 sais
1475 1291 1535 1353 hoe
1555 1298 1614 1368 est,
1632 1292 1735 1372 ponti·

990 1386 1097 1449 liealia
1113 1387 1260 1468 pontifici
1278 1387 1406 1469 propria
1423 1387 1543 1450 induet.

1029 1489 1071 1547 Et
1085 1497 1253 1566 postquam
1269 1505 1409 1562 eprasstrs
1426 1487 1465 1549 de
1480 1487 1672 1563 sanctuario,
1688 1489 1736 1546 ob-

990 1587 1101 1645 tulerit
1116 1587 1336 1645 holocaustum
1350 1606 1446 1646 stram
1462 1607 1499 1646 ac
1511 1588 1625 1662 plebis,
1639 1585 1670 1647 id
1686 1593 1735 1647 est

990 1701 1087 1744 unum
1111 1682 1241 1745 arietem
1266 1683 1298 1744 in
1323 1682 1543 1745 holocaustum
1565 1701 1623 1764 pro
1649 1691 1737 1746 sect

989 1782 1084 1844 domo
1107 1801 1173 1856 sua,
1195 1780 1358 1862 aliumque
1377 1781 1509 1844 arietem
1533 1781 1566 1843 in
1588 1781 1737 1844 holocau-

185 1881 245 1943 boo
260 1889 352 1944 erant
375 1881 488 1963 parati,
507 1880 740 1944 medicinaliter
755 1880 801 1943 eis
823 1879 934 1961 splene
951 1879 973 1939 B
990 1889 1073 1942 stum
1096 1898 1152 1962 pro
1173 1879 1301 1962 populo,
1322 1889 1357 1942 ut
1378 1880 1512 1943 babetur
1530 1899 1568 1943 ex
1588 1878 1682 1942 dictis
1703 1879 1736 1942 in

185 1980 359 2043 subtracto.
377 1980 414 2041 Et
436 1979 512 2060 quia
527 1980 580 2042 hie
600 1980 709 2041 hircus
728 1979 933 2041 emittebatur
991 1980 1050 2041 islo
1066 1978 1223 2059 eapitu103
1236 1981 1359 2055 rapadit
1371 1989 1434 2040 tam
1445 2000 1505 2058 pra
1516 1999 1558 2050 se,
1568 1999 1666 2058 quam
1674 1997 1735 2055 pro

185 2097 248 2140 non
269 2078 444 2154 rediturus,
466 2078 573 2140 Graeae
594 2078 802 2159 ἁποπομπιίος,
820 2077 932 2138 Latine
985 2083 1118 2155 populo,
1136 2097 1200 2141 non
1216 2077 1320 2140 solum
1336 2097 1393 2158 pro
1417 2077 1606 2140 remissione
1629 2095 1736 2158 pecca·

183 2177 370 2240 emissarius
392 2177 558 2239 dicebatur
576 2201 583 2250 3
606 2186 701 2257 atque
723 2185 757 2238 ut
777 2175 887 2250 fertur,
906 2174 932 2235 si

185 2277 332 2350 redisset,
356 2276 494 2357 populus
521 2294 584 2338 non
611 2275 725 2338 luisset
749 2295 768 2337 a
793 2272 931 2356 peccatis

185 2375 250 2436 illis
266 2375 403 2438 solutus.

225 2479 397 2554 earumque
413 2478 594 2552 portaverit
613 2477 724 2536 birrus
740 2495 847 2533 ornnes
871 2475 935 2532 r'rrr'·

185 2577 325 2653 qur'tates
348 2595 460 2634 eoram
485 2575 522 2632 r'n
549 2584 667 2634 terram
691 2575 888 2640 solitariam,
903 2581 933 2632 et

184 2675 341 2732 dimissus
360 2673 521 2749 fueritin
546 2674 678 2741 deserte,
697 2669 860 2750 expositus
883 2686 935 2749 pe-

186 2769 288 2832 riculo
310 2769 536 2843 devorationis,
561 2778 738 2828 revertatur
759 2770 872 2828 Aaron
899 2769 933 2826 r‘rr

186 2871 432 2928 tabernaculum
454 2869 641 2928 testimonii.
661 2866 729 2928 Non
746 2875 794 2928 est
818 2864 935 2928 inlelli-

184 2967 338 3047 gendum‚
365 2966 450 3045 quod
476 2965 621 3046 pontifex
646 2964 771 3025 distulit
797 2963 934 3026 reditum

991 2176 1025 2253 ti,
1042 2177 1099 2238 sed
1121 2185 1153 2238 et
1177 2195 1233 2258 pro
1256 2176 1367 2252 salute,
1383 2195 1460 2257 paee
1483 2183 1514 2238 et
1537 2174 1638 2255 gratia
1658 2173 1737 2237 obti-

991 2275 1115 2351 nendis,
1127 2283 1182 2336 aut
1197 2273 1435 2351 conservandis,
1447 2291 1502 2336 seu
1514 2272 1733 2355 perficiendis.

989 2378 1032 2436 Et
1056 2377 1188 2452 arlipcm
1213 2376 1271 2454 qui
1290 2377 1413 2434 oblatas
1432 2383 1477 2434 est
1496 2393 1555 2450 pro
1579 2373 1728 2449 peccatis,

989 2474 1128 2532 adolebit
1147 2492 1243 2548 saper
1264 2475 1375 2542 attare,
1395 2471 1426 2532 id
1447 2480 1495 2534 est
1515 2469 1626 2551 adipes
1643 2469 1734 2530 vituli

989 2590 1025 2633 ac
1042 2569 1143 2633 hirci:
1163 2569 1266 2646 vituli,
1285 2569 1427 2650 inquam,
1447 2588 1503 2650 pro
1520 2569 1614 2650 culpa
1630 2567 1736 2650 ponti-

991 2668 1067 2731 ficis·
1083 2668 1249 2744 immolati,
1268 2677 1299 2730 ct
1314 2668 1394 2732 hirci
1412 2686 1469 2749 pro
1481 2675 1609 2750 peceato
1632 2666 1735 2748 plebis

990 2767 1101 2843 oblati,
1123 2767 1278 2830 cremabit
1302 2785 1397 2848 super
1417 2766 1515 2829 altare
1536 2765 1733 2841 holocausti;

992 2885 1049 2928 neo
1060 2865 1163 2928 solum
1175 2865 1293 2946 adipes,
1308 2864 1361 2926 sed
1373 2873 1404 2927 rt
1416 2883 1506 2926 renes
1517 2872 1612 2945 atquc
1624 2882 1738 2926 renun-

991 2965 1081 3027 culos
1096 2963 1241 3026 adolebat
1258 2963 1389 3026 ibidem.
1404 2966 1463 3024 llla
1479 2983 1551 3022 aare
1566 2965 1625 3042 qui
1639 2964 1738 3022 atmi-

185 3083 281 3126 suum
304 3064 338 3126 in
367 3062 619 3138 tabernaculum,
646 3081 815 3142 quousque
841 3063 972 3126 homoC
990 3065 1068 3124 scr-tt
1084 3085 1219 3140 capram
1234 3063 1440 3122 emissarium
1452 3059 1484 3122 in
1500 3061 1636 3136 deserto,
1651 3064 1738 3120 laua-

185 3162 242 3225 ille
256 3181 331 3225 eum
347 3162 437 3225 hirco
455 3161 660 3224 solitudinem
678 3160 858 3234 introisset;
879 3161 935 3223 sed

184 3280 285 3342 quum
307 3280 360 3322 eas
377 3260 486 3322 hircus
508 3267 675 3341 portasset,
694 3258 725 3319 id
748 3267 796 3320 est
811 3267 936 3340 portare

184 3359 348 3440 eoepisset,
376 3366 506 3440 peecata
531 3356 634 3438 plebis
663 3356 697 3418 in
720 3375 873 3431 eremum,
903 3356 935 3418 id

185 3466 245 3530 est,
272 3476 373 3538 quum
399 3455 544 3537 pontifex
574 3456 746 3518 deduxerat
771 3455 934 3516 hominem

185 3556 280 3618 illum
305 3574 380 3618 eum
402 3554 493 3616 hirco
508 3562 596 3617 extra
615 3561 729 3626 castra,
750 3554 853 3616 redire
878 3571 936 3616 coe-

186 3654 235 3736 pit
249 3655 289 3716 ad
308 3652 561 3716 tabernaculum.
575 3654 618 3712 Et
632 3653 784 3728 repostas
801 3654 935 3712 mstttms

76 3779 83 3792 ·
185 3755 304 3832 quibas
311 3754 408 3829 prices
420 3753 556 3811 indatus
565 3750 676 3826 sereret
686 3751 708 3820 ',
722 3750 753 3811 id
765 3749 937 3821 ostentatis

188 3850 283 3912 lineis
293 3848 504 3925 ornamentis,
518 3847 579 3909 sibi
590 3856 622 3910 et
632 3846 705 3909 aliis
716 3848 935 3910 sacerdotibus

186 3947 426 4022 communibus,
445 3947 477 4008 in
493 3945 612 4027 quibus
627 3945 770 4008 vestibus
787 3946 937 4027 praedicta

184 4045 340 4108 excreuit.
357 4045 429 4106 ldeo
445 4042 591 4105 subditur
609 4060 616 4103 :
638 4041 758 4115 Quibus
784 4042 871 4123 prius
888 4043 937 4103 in-

184 4143 282 4204 dutus
294 4141 409 4217 luerat,
421 4163 523 4222 qaam
536 4143 674 4200 intraret
683 4143 907 4201 sanctuarium
925 4162 936 4201 :

991 3164 1036 3222 bit
1059 3163 1247 3221 msrtmmra
1266 3170 1370 3220 straet
1394 3180 1509 3239 corpas
1533 3158 1737 3239 aquatario

991 3261 1058 3322 haec
1076 3259 1174 3322 fiebat
1190 3278 1246 3341 per
1261 3258 1500 3340 adspersionem
1521 3277 1611 3340 aquae
1632 3256 1738 3340 expia-

993 3359 1099 3421 tionis.
1117 3361 1160 3420 Et
1174 3361 1220 3418 sir
1239 3360 1439 3434 taprcrlr'ctar
1454 3359 1490 3417 in
1505 3368 1620 3427 castra,
1638 3356 1670 3418 id
1690 3363 1738 3418 est

992 3459 1024 3519 in
1041 3456 1280 3520 tabernaculum
1292 3456 1346 3518 llei
1358 3475 1413 3520 seu
1429 3455 1556 3532 atrium,
1570 3473 1625 3517 seu
1641 3454 1736 3516 etiam

992 3554 1255 3618 inhabitaculum
1273 3573 1377 3616 suum.
1396 3554 1500 3631 Porro,
1514 3553 1599 3616 eirea
1622 3553 1683 3614 ista
1706 3561 1738 3614 ct

992 3653 1203 3737 praecedentia
1217 3673 1254 3716 ac
1265 3652 1504 3734 consequentia,
1517 3661 1647 3733 possent
1658 3651 1737 3713 mul-

994 3763 1024 3815 ta
1041 3753 1172 3834 inquiri,
1189 3773 1261 3834 quaa
1276 3751 1361 3814 infra
1378 3753 1535 3831 tangenda
1551 3759 1636 3813 sunt.

1042 3854 1185 3913 l'r'talrrm
1206 3860 1314 3910 razatem
1335 3860 1364 3910 et
1380 3851 1509 3910 bircam
1525 3850 1583 3928 qar'
1595 3869 1654 3925 pro
1669 3868 1738 3925 pre-

992 3960 1074 4018 cato,
1087 3949 1146 4011 hoc
1162 3957 1210 4011 est
1226 3947 1362 4029 peccatis
1379 3945 1544 4028 pontilicis
1559 3966 1595 4008 ac
1612 3946 1733 4028 populi,

991 4048 1126 4123 sacrant
1142 4047 1315 4115 immolati,
1325 4055 1354 4106 rt
1369 4066 1507 4124 qaorum
1522 4047 1656 4122 sanquis
1667 4047 1706 4104 ill
1728 4079 1738 4090 -

993 4155 1043 4205 tas
1053 4156 1108 4216 est,
1122 4145 1152 4206 id
1169 4153 1228 4220 est,
1241 4144 1280 4206 dc
1290 4161 1425 4223 quorum
1442 4143 1598 4222 sanguine
1613 4142 1736 4223 aliquid

183 4260 259 4304 nam
283 4241 427 4302 restibus
443 4239 508 4301 illis
530 4239 640 4320 aliqua
662 4237 740 4301 fecit
761 4238 794 4300 in
812 4238 936 4301 Sanctis
952 4245 976 4306 D
993 4241 1101 4304 intulit
1117 4240 1261 4324 pontifex
1276 4242 1309 4303 in
1328 4240 1440 4304 Sancta
1456 4249 1638 4303 sanctorum
1653 4247 1686 4303 et
1704 4239 1737 4302 in

183 4348 380 4413 sanctorum,
402 4345 435 4400 et
455 4338 600 4418 quaedam
622 4337 654 4397 in
676 4335 801 4411 Sancte,
823 4346 934 4418 utpote
992 4341 1117 4416 Sancta,
1136 4342 1172 4400 r'a
1187 4341 1427 4408 sanctuarium,
1443 4348 1479 4399 at
1498 4339 1641 4415 capitatio
1661 4359 1740 4398 com·

185 4438 218 4499 in
243 4445 382 4518 utraque
408 4435 604 4498 tabernaculi
630 4445 730 4516 parte,
758 4443 794 4496 ut
819 4436 933 4516 patuit.
989 4445 1144 4518 ploratur,
1161 4439 1294 4514 hocest,
1312 4447 1542 4519 quatenusper
1561 4438 1739 4519 adspersio

184 4537 383 4614 Relictisqae
398 4536 455 4604 ibt,
472 4534 505 4595 id
520 4542 568 4596 est
584 4533 618 4594 in
632 4534 824 4608 sanctuario,
838 4534 935 4597 lineis

185 4633 331 4696 vestibus
353 4631 430 4707 illis,
446 4634 568 4692 latrabit
582 4653 712 4692 caraem
728 4653 822 4693 suam
841 4635 877 4693 r'n
893 4637 936 4694 to-

183 4753 219 4792 ro
242 4741 365 4799 sancta,
384 4729 480 4791 idest
502 4729 535 4791 in
558 4729 651 4804 atrio,
669 4730 701 4790 in
723 4748 787 4810 quo
802 4739 870 4793 erat
893 4731 937 4793 la-

184 4831 276 4892 bium
297 4847 434 4904 aeneum,
451 4828 485 4889 in
507 4828 599 4908 cujus
617 4847 701 4908 aqua
726 4827 876 4890 lavabant
900 4849 934 4893 se

184 4927 334 5009 pontifex
347 4935 379 4990 et
395 4927 584 5002 sacerdotes,
596 4927 636 4988 ad
652 4926 774 4988 cultum
791 4927 936 4991 taberna-

184 5027 249 5090 culi
271 5025 445 5088 accessuri.
462 5025 624 5087 Lavabant
642 5035 750 5088 autem
777 5046 889 5089 manus
906 5037 938 5090 et

185 5127 295 5208 pedes.
317 5125 544 5188 Verumtamen
574 5124 635 5187 ista
665 5125 830 5207 pontificis
856 5126 934 5189 lotio

185 5245 252 5288 non
279 5225 343 5286 fuit
362 5223 494 5298 ideireo,
516 5224 602 5304 quod
622 5224 764 5305 aliquam
785 5224 934 5306 inquina-

183 5324 309 5386 tionem
332 5331 387 5384 aut
407 5322 645 5384 immunditiam
663 5323 877 5385 contraxisset
900 5343 939 5387 ex

993 4557 1077 4612 nem,
1100 4536 1292 4612 linitionem,
1311 4555 1366 4598 seu
1389 4535 1547 4598 lusionem
1568 4534 1736 4615 sanguinis

993 4635 1092 4711 illius,
1105 4633 1237 4717 praefata
1246 4632 1417 4696 sanctuarii
1435 4632 1609 4714 looaatque
1624 4631 1740 4694 altaria

993 4734 1234 4808 mundarentur,
1247 4733 1456 4809 asportabant
1471 4732 1562 4807 foras
1577 4739 1695 4800 castro,
1711 4739 1741 4790 et

993 4835 1177 4892 comburent
1201 4832 1283 4906 iqui,
1302 4829 1333 4890 id
1356 4838 1414 4906 est,
1432 4829 1588 4892 exstincta
1609 4827 1738 4891 illorum

994 4929 1180 4992 animalium
1205 4947 1337 5010 corpora
1364 4927 1531 4990 inferiores
1555 4928 1736 4989 sacerdotes

994 5037 1195 5092 extraoastra
1206 5027 1258 5090 llei
1274 5035 1306 5089 et
1322 5027 1464 5090 filiorum
1475 5025 1567 5089 lsrael
1580 5025 1740 5102 deferent,

995 5128 1084 5191 etin
1109 5128 1216 5206 ignem
1237 5126 1415 5209 projicient,
1430 5136 1495 5187 tam
1516 5130 1614 5202 pelles
1639 5146 1738 5203 quam

995 5247 1107 5286 earnes
1121 5245 1231 5286 coram
1246 5235 1276 5286 et
1294 5229 1410 5301 fimum
1428 5224 1494 5286 :ad
1511 5223 1743 5303 designandum

997 5324 1212 5388 omnimodam
1235 5323 1511 5403 consumptionem
1531 5341 1587 5384 seu
1612 5321 1745 5386 deletio·
