4309 6259
577 485 753 533 annonario
775 486 804 531 ut
826 484 894 531 car.
917 484 1116 531 xx111axom.
1137 490 1268 535 -ann
1292 490 1362 537 nari
1700 478 1740 541 33

192 662 356 721 comeciam
377 662 481 723 destioe
501 662 587 738 apti.
604 660 657 721 Ita
672 658 773 735 saties
789 658 825 716 in
846 657 942 715 vinea
956 652 983 716 A
1036 661 1103 719 Sec·
1116 661 1228 719 diebus
1242 665 1429 737 operaberis,
1436 665 1569 742 septimo
1578 667 1632 725 die
1646 686 1743 727 cessa·

191 765 221 817 et
236 759 274 817 in
290 760 405 819 oliveto
427 769 491 820 tuo.
509 758 621 821 Beatus
641 754 839 837 Augustinus
858 752 943 815 eirea
997 757 1053 817 bis.
1070 756 1155 818 Istud
1172 767 1365 840 praeceptum
1381 779 1446 842 praa
1465 762 1580 824 ceteris
1596 761 1742 844 frequen-

191 854 258 917 baec
274 856 402 936 quaerit,
420 856 497 938 quid
519 874 675 939 pauperes
689 852 812 916 Judaiei
830 850 941 934 populi
994 862 1043 916 ter
1059 854 1228 937 repetitur:
1241 857 1332 937 cujus
1344 877 1467 937 sensus,
1478 860 1741 943 repetitionisque

190 953 404 1017 comedebant
433 972 472 1017 ex
498 954 642 1035 frugibus
670 961 760 1015 terra
789 949 941 1014 ditiorum
996 952 1088 1030 ratio,
1099 953 1131 1015 in
1142 954 1341 1036 expositione
1350 956 1483 1038 capituli
1497 958 1740 1037 vicesimi,alibi

190 1052 329 1133 septimo
352 1071 449 1131 anno,
467 1052 494 1116 si
515 1060 598 1114 terra
614 1051 683 1133 ipsa
698 1069 782 1113 anno
804 1048 941 1131 septimo
995 1070 1123 1133 quoque
1145 1052 1222 1116 hinc
1245 1053 1320 1117 inde
1336 1054 1503 1136 praehabiti
1519 1066 1605 1118 sunt.
1622 1058 1740 1121 Tamen

190 1168 254 1213 non
271 1151 503 1229 seminabatur,
520 1150 597 1232 quia
613 1150 651 1213 de
667 1157 751 1213 terra
766 1166 830 1213 non
847 1148 941 1211 semi·
995 1151 1081 1231 quod
1096 1150 1215 1214 dicitur
1234 1151 1298 1229 hie,
1316 1163 1353 1213 ut
1373 1158 1548 1234 requiescat
1567 1159 1619 1217 bos
1633 1167 1664 1217 et
1679 1158 1741 1217 asi-

190 1256 265 1311 nata
279 1248 327 1311 nil
342 1258 467 1331 poterat
477 1248 633 1332 accipi,in
644 1266 708 1329 qua
719 1256 840 1329 segetes
851 1246 939 1309 nasci
995 1268 1056 1309 trus
1083 1260 1168 1323 tuus,
1195 1261 1231 1312 ut
1254 1255 1467 1332 resriperetatr
1490 1257 1583 1333 fitius
1610 1257 1740 1317 anciltae

190 1366 254 1410 non
271 1348 519 1429 poterant.Hino
530 1346 725 1427 Augustinus
736 1346 939 1427 sensit,quod
995 1357 1058 1409 tuae
1072 1359 1102 1409 et
1117 1352 1243 1412 advena
1258 1369 1270 1411 .·
1286 1368 1351 1413 uon
1371 1360 1419 1414 est
1439 1352 1627 1435 principalis
1644 1371 1740 1416 causa

189 1454 274 1509 terra
289 1446 388 1509 etiam
405 1447 542 1529 septimo
552 1464 637 1509 auno
647 1443 873 1519 seminabatur,
883 1445 937 1507 sed
994 1445 1090 1527 liuJus
1110 1448 1272 1530 pracepit,
1294 1449 1583 1532 celebrationisque
1602 1450 1737 1532 sabbati,

187 1564 260 1627 quaa
276 1546 502 1623 nascebantur,
520 1562 585 1608 non
604 1543 838 1624 colligebantur
853 1562 871 1603 a
886 1543 939 1604 do
993 1545 1048 1607 sed
1064 1546 1261 1624 secundaria,
1278 1549 1454 1612 accessoria
1469 1558 1502 1612 et
1516 1570 1650 1614 annexa.

187 1644 286 1707 minis
308 1645 452 1727 ipsorum
480 1660 640 1723 agrorum,
659 1641 724 1705 imo
744 1640 938 1722 pauperibus
1035 1645 1153 1704 Omnia
1168 1666 1240 1724 quoe
1254 1648 1330 1705 disi
1344 1650 1442 1720 vobis,
1457 1652 1612 1710 custodite
1624 1649 1658 1711 in
1674 1669 1740 1713 me-

187 1744 373 1825 colligenda
393 1751 425 1807 at
450 1743 574 1807 edenda
594 1740 848 1805 dimittebantur.
865 1738 938 1801 ldeo
993 1740 1095 1803 moria
1116 1749 1148 1805 et
1168 1741 1302 1821 effectu,
1319 1745 1395 1825 quia
1415 1764 1479 1810 non
1497 1747 1623 1811 sufficit
1637 1768 1738 1812 unum

187 1840 310 1905 dictum
333 1851 392 1919 est,
410 1841 552 1923 Septimo
576 1857 660 1902 anno
686 1838 828 1900 dimittes
853 1854 934 1913 eam,
954 1840 977 1900 B
993 1839 1061 1902 sine
1076 1840 1140 1904 alio
1155 1843 1316 1905 custodire
1332 1851 1473 1926 tempore
1488 1856 1682 1929 opportuno.
1693 1852 1738 1910 m

186 1939 219 2003 id
235 1948 284 2003 est
299 1959 372 2022 quae
387 1948 562 2003 naseuntur
578 1938 612 2000 in
628 1957 675 2013 ea,
688 1945 720 1999 et
736 1935 936 2017 requiescere
988 1958 1048 2015 per
1058 1942 1409 2003 nominaexterrtorum
1418 1947 1562 2017 deorum,
1576 1947 1608 2009 id
1619 1956 1667 2010 est
1680 1966 1738 2030 per

187 2039 286 2103 facies
308 2047 466 2121 quantum
486 2039 526 2101 ad
546 2039 618 2115 hoo,
636 2037 722 2119 quod
738 2034 820 2098 nihil
841 2035 937 2117 depo-
992 2036 1091 2102 falsos
1106 2039 1183 2103 deos
1199 2058 1255 2102 seu
1270 2039 1367 2118 idola,
1379 2062 1443 2103 non
1451 2044 1623 2120 jurabitis,
1638 2067 1738 2128 neque

188 2158 244 2202 nas
263 2146 320 2202 aut
338 2139 432 2202 tollas
451 2139 491 2201 de
510 2156 558 2201 ea.
575 2138 665 2199 Hunc
685 2154 814 2199 sensum
831 2134 937 2217 sequi·
992 2140 1147 2199 audietur
1170 2160 1210 2199 ea·
1234 2160 1288 2199 ore
1312 2150 1412 2201 vestro
1438 2142 1501 2205 tale
1521 2144 1737 2225 juramentum

185 2248 238 2301 tur
251 2238 375 2314 Glossa‚
392 2257 463 2319 quae
477 2237 556 2300 dicit
571 2255 668 2318 super
684 2235 775 2311 illud,
794 2233 936 2316 Septimo
992 2255 1048 2299 seu
1072 2236 1218 2315 verbum,
1241 2256 1298 2319 per
1323 2239 1409 2319 quod
1434 2240 1553 2304 directe
1577 2242 1737 2306 inducatis

184 2357 270 2401 anno
287 2338 430 2401 dimittes
444 2355 526 2414 eam,
544 2334 651 2411 idest,
675 2333 860 2409 seminabis,
879 2333 934 2395 sed
991 2335 1070 2399 alios
1083 2336 1122 2398 ad
1136 2336 1308 2417 jurandum
1325 2356 1382 2419 per
1396 2346 1520 2403 exteros
1535 2342 1737 2406 deos.Jurare

185 2455 249 2500 non
274 2436 420 2517 colliges.
445 2435 540 2498 Porro
564 2433 687 2497 Hebraei
717 2451 754 2495 ae
777 2431 934 2513 losephus
992 2452 1130 2516 namque
1146 2444 1195 2498 est
1214 2434 1419 2499 infallibilem
1440 2439 1607 2503 veritatem
1629 2442 1737 2505 omnia

184 2537 309 2613 dicunt,
322 2536 409 2616 quod
425 2533 562 2615 septimo
577 2531 740 2613 anno,qui
756 2530 817 2593 fuit
832 2549 936 2592 annus
991 2532 1180 2611 intuentem,
1197 2532 1348 2597 videlicet
1369 2534 1480 2613 Deum,
1499 2537 1532 2600 in
1555 2547 1666 2601 testem
1688 2560 1737 2603 as-

184 2635 410 2718 requietioniS,
427 2651 492 2697 non
508 2630 599 2695 licuit
615 2630 784 2705 seminare,
803 2638 834 2693 et
849 2629 935 2710 quod
991 2650 1128 2694 sumere.
1151 2634 1223 2696 ldeo
1247 2651 1305 2714 per
1328 2631 1426 2697 falsos
1451 2635 1528 2699 deos
1546 2637 1666 2718 jurare,
1688 2648 1736 2701 est

182 2754 309 2818 eaquae
324 2740 438 2816 sponte
455 2726 934 2805 nascebantur,dimittebantur
991 2729 1036 2791 eis
1066 2729 1246 2794 adscribere
1275 2739 1308 2794 et
1331 2734 1541 2797 reverentiam
1571 2736 1733 2812 exhibere,

182 2832 394 2917 pauperibus,
406 2838 503 2912 atque
517 2829 603 2911 quod
619 2827 685 2889 illis
702 2825 872 2908 superfuit,
886 2824 934 2887 di·
990 2846 1062 2909 quae
1082 2829 1146 2892 [tao
1167 2849 1243 2893 vero
1262 2830 1428 2894 debentur.
1450 2834 1516 2896 fmo
1532 2835 1616 2897 sicut
1627 2836 1735 2917 jurare

182 2932 374 2996 mittebatur
403 2928 515 2992 bestiis
544 2926 660 3009 campi.
687 2926 743 2988 llis
773 2924 934 2989 consentit
991 2927 1129 2991 inaniter
1150 2936 1200 2991 est
1222 2938 1333 2993 contra
1356 2940 1551 3014 praeceptum
1573 2934 1731 3012 divinum,

182 3032 333 3113 Magister
353 3030 387 3091 in
408 3026 562 3103 historiis,
584 3028 719 3091 dicens:
743 3025 775 3089 Si
800 3026 877 3107 quid
900 3025 970 3093 inG
991 3026 1034 3089 ita
1057 3026 1204 3089 ordinate
1226 3028 1333 3108 jurare
1361 3030 1446 3091 cadit
1475 3031 1535 3094 sub
1560 3042 1730 3115 praeopto,

183 3131 325 3214 septimo
340 3146 425 3191 anno
446 3146 484 3189 ex
507 3125 676 3208 praeteritis
697 3123 843 3205 frugibus
863 3144 934 3188 suc·
990 3134 1021 3188 et
1044 3133 1134 3188 actus
1159 3133 1207 3188 est
1231 3126 1331 3189 latria
1357 3128 1457 3193 :ideo
1482 3130 1542 3193 soli
1567 3131 1631 3195 lieo
1657 3150 1732 3195 vero

184 3228 335 3306 ereverit,
359 3226 528 3290 comedent
552 3242 707 3307 pauperes
731 3222 853 3306 populi,
871 3232 933 3287 etc.
990 3232 1038 3286 est
1059 3224 1303 3306 impendendus,
1327 3224 1370 3287 ita
1385 3235 1421 3288 ut
1436 3246 1493 3309 per
1509 3248 1582 3292 eum
1601 3231 1641 3293 ad
1662 3232 1732 3313 ejus

100 3362 167 3399 .ω,
183 3330 240 3392 llis
256 3328 367 3391 favere
382 3324 509 3387 videtur
529 3323 609 3386 illud
625 3322 758 3387 Levitici
777 3340 784 3384 ε
802 3322 933 3397 Quando
990 3322 1200 3385 reverentiam
1217 3322 1285 3386 fiat.
1302 3322 1442 3396 Qualiter
1457 3335 1563 3390 autem
1582 3328 1676 3393 liceat
1691 3330 1732 3394 ab

68 3442 73 3451 ’
185 3428 324 3511 ingressi
350 3424 477 3489 fueritis
503 3432 619 3487 terram
648 3441 745 3503 quam
769 3440 827 3503 ego
851 3422 935 3486 dabo
990 3420 1166 3486 idololatris
1186 3440 1313 3485 sumere
1326 3421 1541 3504 juramentum
1561 3446 1619 3510 per
1634 3428 1733 3493 falsos

182 3528 289 3605 robis,
307 3524 523 3589 sabbatizatur
538 3524 704 3588 sabbatum
720 3522 934 3587 Domino.Sex
988 3522 1065 3585 deos
1083 3529 1114 3584 et
1133 3521 1229 3598 idola,
1247 3522 1339 3585 docet
1356 3521 1551 3604 Augustinus
1571 3528 1611 3588 ad
1626 3526 1733 3590 Publi-

180 3626 278 3691 annis
294 3642 382 3689 seres
396 3640 509 3703 agrum
525 3629 626 3697 tuum,
644 3627 675 3682 et
691 3639 745 3683 sex
764 3619 858 3682 annis
876 3639 933 3702 pu·
989 3620 1091 3685 oolam
1106 3620 1262 3699 scribens,
1278 3629 1310 3684 et
1326 3620 1462 3684 Thomas
1479 3623 1513 3685 in
1530 3626 1669 3688 secunda
1685 3646 1733 3690 se-

182 3726 268 3789 tabis
284 3724 412 3787 vineam
433 3730 540 3795 tuamr,
558 3719 694 3801 septimo
715 3738 799 3783 anno
824 3719 934 3783 sabba·
989 3720 1298 3801 cundae‚quaestione
1312 3720 1361 3799 98,
1372 3720 1499 3802 plenius
1514 3722 1574 3785 hoc
1589 3726 1730 3807 exponit.

182 3834 252 3887 tum
268 3822 332 3887 erit
347 3830 439 3885 terra
454 3819 599 3883 Domino.
617 3817 736 3899 Agrum
752 3836 816 3881 non
833 3838 929 3897 seres,
989 3817 1040 3880 Sic
1055 3817 1204 3899 equidem
1219 3818 1295 3881 licet
1312 3818 1384 3895 hoc,
1400 3819 1484 3883 sieut
1503 3820 1579 3885 lieet
1597 3822 1638 3886 ab
1657 3844 1733 3887 usu-

179 3932 215 3987 et
230 3923 360 3986 vineam
376 3938 441 3984 non
457 3917 600 4001 putabis3
613 3935 685 3999 quaa
700 3925 813 3999 sponte
828 3916 932 3996 gignit
989 3915 1082 3977 rariis
1097 3916 1266 3997 pecuniam
1287 3916 1347 3980 sub
1366 3938 1463 3983 usura
1481 3920 1636 4003 accipere.
1654 3922 1731 3986 Nam

180 4023 316 4097 liumus,
344 4037 408 4082 non
433 4025 543 4081 metes.
562 4015 640 4078 lluio
665 4033 794 4096 quoque
821 4015 929 4077 sensui
988 4033 1071 4076 unus
1091 4022 1196 4096 potest
1213 4016 1298 4080 malo
1320 4018 1451 4081 alterius
1473 4020 1519 4082 uti
1542 4020 1576 4082 in
1597 4022 1729 4099 bonum,

180 4114 712 4195 eonsentitAndreasAugustinus
728 4132 803 4177 vero
819 4122 932 4176 eteum
988 4114 1258 4196 quemadmodum
1279 4116 1375 4179 etiam
1398 4117 1478 4180 Deus
1500 4137 1539 4182 ex
1560 4120 1654 4184 malis
1676 4121 1732 4184 ho-

181 4226 368 4302 sequentes‚
396 4221 560 4297 exponunt
583 4212 629 4275 sio
651 4229 659 4274 :
682 4212 824 4294 Septimo
849 4231 934 4276 anuo
952 4220 974 4281 Ι)
989 4212 1112 4275 minum
1131 4212 1219 4277 elicit
1243 4215 1344 4278 multa
1363 4214 1467 4291 bona;
1494 4218 1550 4281 sed
1571 4220 1732 4284 nonlicet

181 4339 251 4383 non
277 4335 375 4393 seres,
393 4314 542 4378 videlicet
567 4312 638 4376 tibi.
655 4311 810 4375 Similiter
836 4310 934 4375 facies
989 4309 1173 4375 idololatras
1190 4314 1230 4375 ad
1250 4313 1313 4376 tale
1334 4314 1485 4380 inducere
1499 4317 1727 4398 juramentum.

181 4419 218 4481 in
236 4417 332 4481 vinea
349 4422 381 4477 et
394 4413 524 4491 oliveto,
543 4419 577 4474 ut
593 4410 716 4474 scilicet
731 4410 870 4492 septimo
880 4430 934 4473 an·
1032 4413 1146 4472 Tribus
1162 4414 1285 4473 vicibus
1295 4416 1514 4492 persingulas
1528 4438 1630 4479 annos
1646 4421 1732 4481 milti

180 4537 227 4581 no
242 4533 309 4580 non
325 4521 477 4595 putentur
493 4528 597 4593 neque
616 4511 772 4586 colantur,
791 4529 850 4573 nec
866 4508 933 4572 fru-
987 4512 1070 4589 festa
1084 4513 1290 4585 aetetratitts,
1307 4511 1340 4574 id
1356 4520 1414 4590 est,
1427 4514 1572 4595 quolibet
1585 4536 1670 4581 anno
1685 4538 1733 4582 ee·

178 4626 256 4681 etus
280 4631 394 4678 eorum
418 4610 548 4675 domino
568 4610 670 4673 vinosa
690 4619 722 4673 et
747 4608 856 4673 oliveti
881 4629 934 4692 ap
988 4606 1119 4671 lebriter
1133 4608 1234 4690 agetis
1254 4617 1317 4673 tres
1337 4610 1543 4677 solennitates
1561 4616 1729 4696 notabiles,

179 4712 405 4798 propriantur‚
429 4710 483 4772 sed
508 4708 703 4791 pauperibus
728 4706 934 4771 dimittantur
988 4725 1246 4789 unamquamque
1262 4715 1404 4791 tempore
1419 4729 1487 4788 suo,
1500 4712 1540 4775 ad
1555 4715 1731 4796 maJestatis

178 4822 240 4877 aut
254 4808 545 4875 communicentur.
558 4806 615 4869 Per
628 4804 748 4869 bestias
764 4823 839 4868 vero
850 4806 931 4887 agri,
988 4824 1067 4870 meae
1085 4806 1220 4886 gloriam
1235 4815 1268 4868 et
1282 4806 1446 4872 bonorem.
1463 4810 1506 4873 lle
1525 4830 1661 4893 quarum
1682 4834 1731 4880 so-

178 4922 251 4977 tam
277 4907 453 4973 domestica
477 4923 573 4986 quam
593 4904 753 4967 silvestria
772 4903 866 4966 bruta
886 4905 935 4967 in-
988 4904 1179 4968 lennitatum
1199 4905 1303 4988 prima
1322 4907 1527 4989 subjungitur
1551 4928 1558 4972 :
1581 4916 1733 4977 Solen-ni-

181 5010 388 5089 telliguntur.
406 5002 790 5085 llefertlosepbus,quod
806 5004 935 5083 quando
990 5014 1088 5067 tatem
1109 5008 1311 5083 Azymorum
1331 5010 1504 5080 custodias,
1524 5009 1557 5073 id
1580 5023 1639 5091 est,
1655 5034 1735 5098 pra-

177 5108 287 5173 Judaei
314 5105 399 5169 istud
420 5101 598 5179 servabant,
617 5100 725 5183 fruges
751 5101 831 5164 sexti
857 5103 935 5165 anni
989 5103 1074 5186 cipio
1096 5102 1154 5165 tibi
1175 5112 1211 5165 ut
1234 5105 1322 5166 omni
1346 5125 1432 5169 anno
1456 5109 1589 5173 servetis
1615 5112 1732 5178 festum

178 5206 397 5273 abundabant
410 5210 473 5265 tam
483 5200 714 5283 copiosequod
725 5199 933 5265 sufficiebant
990 5203 1150 5286 paschale,
1176 5203 1210 5265 in
1238 5221 1303 5284 quo
1331 5205 1449 5285 azymis
1477 5210 1615 5289 panibus
1644 5216 1729 5278 vesci

179 5328 245 5395 pro
261 5302 495 5371 sustentatione
509 5300 585 5363 anni
602 5299 731 5381 septimi
746 5308 779 5363 at
793 5301 910 5367 octavi.
990 5301 1125 5367 debetis.
1136 5302 1225 5365 Unde
1240 5301 1445 5383 subjungitur
1462 5308 1610 5385 :Septem
1623 5314 1734 5374 diebus

313 5440 348 5492 Τ.
365 5438 390 5489 2.
1595 5445 1611 5494 3
