4309 6259
562 498 735 545 arenauno
757 500 787 544 m·
809 500 877 545 cnr.
902 498 940 545 xv
963 499 1198 546 oaursnououu.
1221 518 1262 528 -
1281 498 1352 544 aar.
1377 498 1429 545 mn
1703 480 1762 544 577

209 667 451 729 emendandum
468 674 500 729 et
515 666 777 731 satisfaciendum
799 678 963 751 exponunt
978 670 1003 731 A
1052 669 1249 751 Amplius,ex
1260 670 1320 732 isto
1331 669 1472 751 capitulo
1482 671 1762 750 edocemur,quam

210 782 248 826 sc
273 764 363 846 juxta
387 763 506 829 Christi
525 766 714 843 doctrinam,
741 767 907 830 dicentis:
931 768 962 830 Si

210 861 316 925 offers
337 883 456 926 munus
478 874 566 927 tuum
591 866 631 927 ad
653 866 854 943 altare,vade
874 868 962 949 prius

211 961 415 1026 reconciliari
433 962 523 1026 fratri
548 972 613 1041 tuo,
636 973 695 1027 etc.
713 964 833 1039 Quibus
858 967 964 1029 dimit-

210 1068 283 1125 tere
298 1061 463 1141 debemus,
481 1071 637 1145 quantum
659 1064 692 1125 in
713 1064 804 1127 nobis
821 1073 879 1141 θεῖ,
898 1085 961 1129 non

211 1162 319 1224 solum
342 1162 482 1245 culpam,
500 1164 554 1225 sed
576 1171 607 1226 et
627 1162 887 1241 satisfactionem,
907 1184 962 1227 seu

210 1277 344 1341 poenam
359 1280 508 1324 excessus
518 1280 627 1325 eorum
643 1261 676 1323 in
691 1281 755 1336 nos
766 1265 962 1341 quicanuus

210 1362 414 1421 remissionis
438 1370 483 1421 eat
507 1362 652 1437 Domini,
679 1360 739 1424 hoc
764 1370 812 1423 est
836 1369 961 1444 tempus

210 1458 293 1539 legis
304 1459 611 1541 evangelicta‚quam
623 1460 730 1523 docuit
745 1459 961 1543 Christus,qui

206 1554 310 1639 jussit
335 1558 483 1622 inimicos
505 1560 616 1635 amari,
642 1560 834 1642 talionisque
859 1561 960 1643 legem

50 1674 189 1727 ratenus.
206 1658 390 1735 evacuavit,
409 1666 440 1722 ct
455 1658 554 1722 dixit:
572 1658 684 1722 Sinon
700 1659 885 1722 remiseritis
902 1660 962 1723 fra-

206 1757 318 1819 tribus
343 1758 469 1834 vestriS,
497 1776 554 1820 nec
579 1758 669 1820 Pater
694 1768 797 1821 vester
822 1760 961 1823 coelestis

1019 768 1111 850 proni
1128 778 1160 831 et
1176 768 1334 831 caritativi
1350 768 1485 830 debeant
1501 787 1571 831 esse
1588 767 1760 829 Christiani

1018 868 1057 928 ad
1074 874 1216 929 mutuam
1229 867 1472 930 subventionem
1489 867 1521 929 in
1532 868 1637 930 dando
1649 887 1684 930 ac
1695 888 1763 930 mu·

1019 965 1148 1043 tuando,
1166 986 1265 1047 quum
1286 966 1335 1028 len
1351 965 1466 1029 Christi
1487 965 1528 1028 sit
1543 966 1644 1030 multo
1659 967 1763 1049 perfe-

1017 1064 1098 1127 ctior
1115 1064 1182 1143 lege
1193 1064 1316 1147 Moysis.
1334 1065 1463 1147 Propter
1477 1066 1563 1147 quod
1579 1067 1763 1130 aitsanctus

1017 1163 1389 1242 evangelistaloannes:
1412 1163 1444 1226 Si
1466 1164 1539 1245 quis
1561 1164 1676 1227 viderit
1701 1164 1763 1228 fra·
1787 1192 1906 1247 timp,

1017 1269 1098 1323 trem
1125 1281 1218 1323 suum
1244 1281 1373 1324 necesse
1399 1262 1529 1338 habere,
1557 1271 1589 1325 et
1612 1264 1762 1327 clauserit
1777 1259 1810 1300 ¹⁷·

1017 1358 1141 1421 viscera
1166 1379 1223 1422 sua
1247 1360 1288 1422 ab
1313 1379 1361 1438 eo,
1383 1362 1544 1441 quomodo
1567 1361 1681 1424 caritas
1706 1362 1760 1426 Dei

1017 1466 1124 1520 manet
1146 1458 1179 1519 in
1200 1459 1284 1521 tuot
1306 1458 1385 1522 llinc
1411 1459 1454 1521 ait
1479 1458 1646 1523 Salvator:
1668 1461 1761 1524 Omni
1782 1487 1906 1539 manao.

1016 1558 1137 1637 petenti
1155 1566 1185 1621 te
1203 1558 1512 1635 tribue,etmutuum
1529 1560 1612 1635 date,
1625 1560 1669 1622 nil
1686 1561 1761 1624 indo
1775 1552 1809 1592 ³⁵·

1016 1664 1191 1738 sperantes.
1209 1656 1296 1729 Quod
1313 1657 1415 1720 nihilo
1431 1657 1538 1719 minus
1558 1678 1630 1720 cum
1646 1660 1761 1723 discre-

1017 1755 1103 1817 tione
1125 1757 1282 1836 agendum
1299 1764 1357 1832 est,
1379 1765 1623 1839 opportunoque
1643 1758 1713 1823 loco
1729 1769 1761 1823 ct

205 1857 354 1919 dimittet
364 1854 455 1920 vobis
471 1865 601 1939 peccata
615 1865 730 1919 vestra.
747 1860 776 1919 A
788 1862 960 1936 peregrino
978 1862 1001 1923 Β
1016 1861 1174 1935 tempore,
1202 1856 1277 1917 dum
1303 1854 1502 1917 rationabilis
1526 1856 1625 1919 dictat
1649 1876 1757 1934 causa,

203 1966 239 2017 ct
267 1960 393 2017 advena
418 1958 525 2033 abiges
536 1978 547 2015 .·
559 1955 591 2018 id
616 1964 675 2032 est,
700 1956 739 2017 ab
765 1956 817 2018 llis
839 1958 895 2039 qui
921 1958 960 2020 ab

204 2054 416 2119 observantia
431 2062 664 2137 praeceptorum
680 2054 797 2117 Christi
818 2056 960 2119 extranei

204 2161 298 2231 sunt,
312 2154 368 2235 qui
394 2173 452 2217 nec
475 2154 602 2217 veniam
628 2162 751 2236 petunt,
773 2173 830 2217 nec
855 2174 960 2218 ernen-

204 2254 334 2317 dationi
356 2263 521 2335 exponunt
542 2272 586 2329 se,
605 2252 745 2316 debitam
767 2252 958 2317 satisfactio-

205 2372 285 2415 nem
308 2371 365 2434 pro
385 2352 504 2434 inJ'nria
528 2352 583 2413 tibi
608 2352 696 2414 illata
719 2353 894 2415 secundum
914 2372 960 2416 or-

206 2452 321 2513 dinem
347 2450 429 2532 juris
449 2450 574 2531 exigere
593 2458 694 2532 potes,
715 2449 779 2512 imo
799 2460 830 2512 ct
850 2450 956 2528 debes,

206 2550 288 2611 dum
300 2550 416 2611 caritas
427 2558 458 2613 et
474 2548 594 2612 bonum
608 2568 777 2612 commune
794 2549 960 2631 requirunt

207 2649 272 2711 hoc
291 2666 298 2709 :
320 2649 407 2729 quod
429 2666 467 2711 ex
486 2646 657 2710 dilectione
677 2654 709 2709 et
728 2647 795 2710 zelo
814 2648 957 2728 justitiae,

209 2765 277 2809 non
303 2766 341 2809 ex
367 2765 514 2822 rancore,
541 2745 704 2827 passione,
731 2755 785 2808 aut
809 2746 888 2809 vitio
912 2754 959 2809 est

206 2846 382 2926 agendum,
399 2852 559 2925 quatenus
576 2843 694 2926 impius
716 2844 748 2906 in
769 2845 884 2908 saculo
899 2844 959 2907 hoc

207 2952 366 3026 purgetur
387 2951 419 3005 et
439 2942 633 3024 reprimatur
658 2942 791 3018 avitiis,
813 2952 843 3005 et
865 2943 960 3005 decor

1014 1972 1114 2034 quum
1131 1954 1164 2015 in
1180 1954 1403 2017 Ecclesiastico
1418 1954 1572 2036 scriptum
1589 1956 1630 2017 sit
1647 1975 1654 2019 :
1672 1956 1758 2019 llulti
1805 1981 1879 2026 raaia.

1016 2071 1079 2115 non
1096 2072 1192 2116 causa
1207 2053 1358 2134 nequitiae
1373 2072 1437 2117 non
1448 2052 1595 2117 foenerati
1612 2064 1695 2133 sunt,
1705 2059 1758 2120 sed
1774 2058 1830 2094 “¹¹²
1844 2048 1876 2087 ¹⁰·

1014 2152 1092 2232 quia
1112 2152 1254 2215 fraudari
1278 2152 1377 2232 gratis
1402 2153 1588 2215 timuerunt.
1611 2154 1758 2219 Salomon

1014 2269 1144 2332 quoquc
1160 2250 1278 2314 fatetur
1292 2269 1299 2312 :
1312 2252 1410 2314 Homo
1426 2252 1542 2313 stultus
1558 2253 1682 2334 plaudit
1697 2274 1760 2316 ma·
1786 2276 1905 2327 oratam,

1015 2349 1122 2426 nibus,
1149 2369 1248 2431 quum
1274 2350 1481 2432 spoponderit
1500 2370 1559 2432 pro
1582 2352 1695 2415 amico.
1722 2353 1760 2415 Et
1775 2347 1808 2386 ¹⁸·

1016 2467 1127 2510 rursus
1146 2469 1152 2512 :
1171 2448 1203 2511 Si
1219 2449 1428 2531 spoponderis
1445 2467 1504 2532 pro
1523 2450 1636 2528 amico,
1654 2470 1758 2529 curre,
1776 2473 1904 2523 roratum.

1016 2544 1145 2621 festina,
1165 2546 1283 2609 suscita
1298 2546 1436 2609 amicum
1452 2555 1553 2609 tuum.

1054 2645 1231 2721 Postremo,
1258 2664 1353 2709 omne
1381 2645 1629 2727 primogenitum
1653 2666 1762 2711 conse

1014 2744 1167 2806 orandum
1190 2752 1238 2807 est
1253 2743 1397 2820 llomino,
1416 2743 1448 2805 id
1468 2753 1526 2820 est,
1543 2745 1700 2827 quidquid
1727 2748 1759 2808 in

1014 2842 1102 2903 omni
1121 2842 1363 2907 conversatione
1377 2850 1485 2904 nostra
1501 2843 1673 2906 virtuosius
1697 2844 1761 2907 lau-

1013 2939 1217 3021 dabiliusque
1246 2939 1407 3016 consistit,
1438 2939 1681 3003 adscribendum
1713 2951 1761 3004 est

207 3049 357 3105 servetur
376 3042 519 3124 justitiae,
538 3060 596 3104 nec
615 3060 676 3123 pax
696 3041 875 3104 communis
896 3050 960 3103 tur·
976 3044 998 3107 C
1016 3036 1126 3117 pietati
1142 3037 1269 3099 divinae.
1285 3041 1326 3098 Iu.
1337 3038 1554 3115 primogenito
1570 3056 1698 3119 quoque
1713 3042 1760 3099 bc

208 3144 317 3206 betur.

252 3243 393 3303 Ouenino
409 3242 561 3317 teutpert
579 3250 609 3300 ct
631 3241 797 3300 melodicus
814 3260 879 3301 uon
898 3242 960 3300 erit

208 3342 300 3400 inter
316 3359 370 3399 cos
385 3360 396 3399 .·
412 3338 473 3401 hoc
488 3345 546 3415 est,
560 3338 587 3399 si
608 3337 799 3418 evangelicae
815 3338 877 3419 legi
893 3357 961 3420 pcr-

211 3438 296 3501 fecte
321 3437 508 3500 obedientes
534 3435 672 3511 fueritis,
700 3436 858 3517 spirituali
884 3456 963 3518 opu-

211 3536 314 3600 lentia
335 3543 449 3599 vestrae
474 3534 589 3597 anima
615 3534 834 3616 replebuntur,
860 3534 903 3597 ita
929 3543 962 3597 ut

211 3634 296 3698 nihil
308 3633 400 3698 vobis
416 3634 499 3697 desit
515 3633 548 3696 in
565 3632 631 3695 ulla
645 3632 756 3712 gratia.
775 3632 889 3714 Sicquc
905 3632 963 3697 foe-

212 3733 340 3796 iterabit
365 3734 421 3814 qui
451 3731 523 3794 talis
549 3738 611 3809 est,
635 3733 786 3808 gentihus
814 3734 926 3793 adultis
951 3754 962 3793 .·

212 3832 368 3913 quoniam
394 3830 586 3893 charismata
609 3829 719 3909 gratia
749 3848 785 3892 ac
811 3830 963 3893 doctrinae

212 3930 276 3993 sibi
292 3930 421 4005 collata,
440 3928 512 3991 aliis
528 3927 790 4004 communicabit,
813 3948 831 3989 a
847 3928 962 4009 quibns

211 4028 572 4093 talicommunicatione
588 4026 693 4108 juvari
712 4046 773 4091 non
791 4027 959 4107 indigebit.

210 4130 292 4192 Hinc
318 4126 602 4210 praestantissimus
627 4126 886 4207 Archiapostolus
911 4146 963 4189 ex-

1016 3140 1064 3197 uis
1086 3154 1149 3200 non
1170 3145 1218 3199 est
1237 3136 1445 3218 operandum,
1463 3155 1522 3199 nec
1541 3139 1760 3214 primogenita

1015 3238 1126 3296 ocium
1151 3243 1225 3296 sunt
1246 3234 1416 3297 tondenda.
1437 3234 1495 3296 Per
1519 3233 1616 3298 boves
1640 3234 1761 3318 quippe

1016 3334 1153 3416 praelati,
1181 3350 1305 3396 necnon
1330 3332 1553 3414 predicatores
1573 3332 1762 3414 intelligun-

1018 3440 1079 3507 tur,
1096 3431 1151 3512 qui
1168 3430 1266 3494 verbo
1281 3430 1336 3493 llei
1352 3438 1384 3492 ct
1398 3429 1585 3493 auctoritate
1599 3449 1760 3510 concessa,

1016 3530 1216 3593 audientium
1236 3530 1332 3593 corda
1356 3529 1506 3610 aperiunt
1524 3528 1634 3609 gratiae
1649 3530 1715 3607 Dei,
1732 3538 1764 3593 ct

1017 3649 1054 3691 ea
1070 3627 1243 3692 fecundant
1261 3645 1267 3689 :
1285 3646 1421 3710 qnorum
1444 3626 1656 3707 primogenita
1678 3636 1761 3707 sunt,

1017 3727 1189 3809 quistatim
1200 3746 1256 3789 seu
1267 3726 1371 3808 primo
1382 3724 1423 3786 ab
1434 3724 1512 3807 ipsis
1524 3726 1669 3789 conversi
1680 3735 1764 3799 sunt,

1017 3825 1135 3906 quibus
1160 3844 1224 3888 non
1245 3832 1293 3887 est
1307 3822 1414 3885 statim
1436 3822 1588 3884 utendum
1604 3824 1645 3885 ad
1665 3823 1765 3887 infor-

1017 3924 1191 3986 mationem
1215 3930 1270 3984 aut
1290 3920 1524 4003 praesidentiam
1545 3920 1691 4000 aliorum,
1710 3924 1764 3986 sed

1016 4022 1265 4104 prestolandum
1276 4038 1442 4100 quousque
1452 4017 1573 4081 fuerint
1583 4019 1642 4082 rite
1658 4020 1690 4082 in
1701 4040 1765 4084 om-

1018 4121 1050 4182 ni
1067 4120 1184 4182 virtute
1199 4118 1373 4193 exercitati,
1392 4136 1427 4179 ae
1448 4117 1584 4199 desuper
1599 4117 1760 4198 illustrati,

212 4230 360 4291 bortatur
377 4246 384 4290 :
402 4225 630 4306 Unusquisque
646 4224 728 4287 sicut
749 4225 872 4307 accepit
892 4225 1001 4305 gra-l]
1017 4228 1051 4281 ut
1067 4219 1143 4293 vita,
1160 4216 1305 4293 scientia,
1322 4235 1358 4278 ac
1374 4223 1464 4277 aetate
1479 4215 1585 4278 idonci
1602 4216 1677 4278 sint.
1693 4218 1764 4282 Pro-

214 4327 303 4403 tiam,
331 4325 366 4385 in
381 4323 570 4385 alterutrum
581 4310 674 4384 ¹illam
690 4322 959 4399 administrantes,

211 4426 294 4488 sicut
305 4423 382 4486 boni
393 4422 626 4503 dispensatores
636 4419 843 4484 multiformis
854 4421 962 4501 gratia

212 4523 279 4587 [tei.
303 4522 448 4603 Insuper,
475 4527 536 4581 tam
561 4518 722 4582 virtuosus
745 4518 962 4581 dominabitur

212 4622 402 4683 nationibus
414 4619 585 4696 plurimis,
601 4617 660 4679 hoc
681 4624 729 4679 est
744 4616 831 4678 vitiis
849 4626 964 4680 morta-

213 4722 311 4795 libus,
325 4734 502 4799 eorumque
518 4714 650 4778 filiabus
665 4724 762 4797 atque
777 4714 960 4793 effectibus,

214 4828 245 4882 et
260 4816 352 4881 omni
368 4814 488 4879 carnali
505 4813 634 4877 homine
645 4812 772 4893 dignior
787 4812 857 4890 erit,
867 4822 964 4895 atque

215 4920 350 4981 idoneus
375 4914 533 4997 plurimos
557 4912 745 4991 gubernare,
764 4912 853 4992 juxta
877 4911 964 4993 quod

65 5038 139 5081 rrae.
150 5034 201 5085 ιε.
217 5018 367 5081 Salomon
395 5020 527 5076 testatur
545 5028 552 5073 :
570 5010 753 5089 Intelligcns
768 5008 965 5091 gubernacu-

218 5116 248 5179 la
264 5112 450 5198 possidebit.
465 5110 619 5190 Denique,
638 5108 664 5170 si
680 5108 822 5172 Ecclesia
839 5109 964 5172 Christo

216 5216 313 5297 digne
328 5212 473 5287 serviret,
492 5207 626 5292 perfidis
648 5208 759 5288 utique
780 5206 964 5271 nationibus

216 5313 415 5397 prevaleret.

341 5444 374 5495 T.
393 5443 417 5493 2.

1017 4326 1087 4399 pter
1111 4317 1196 4398 quod
1225 4316 1265 4377 de
1289 4313 1436 4395 eligendo
1461 4313 1495 4375 in
1519 4314 1688 4396 praesulem
1718 4317 1763 4379 ait

1017 4415 1185 4498 Apostolus
1204 4414 1295 4477 :Non
1317 4412 1523 4495 neophytum,
1541 4431 1581 4475 ne
1602 4413 1635 4475 in
1655 4434 1762 4497 super·
1776 4442 1905 4493 mma,

1015 4514 1102 4576 biam
1125 4514 1237 4589 elatus,
1256 4512 1289 4572 in
1311 4509 1467 4592 judicium
1489 4509 1608 4573 incidat
1627 4512 1757 4577 diaboli.

1016 4611 1229 4692 Primogenita
1239 4609 1347 4674 ovium
1359 4606 1506 4688 sunt,qui
1518 4608 1600 4671 inter
1615 4611 1760 4676 subditos

1017 4709 1209 4795 praefulgent
1230 4706 1414 4779 virtutibus,
1441 4707 1490 4768 vel
1513 4706 1569 4786 qui
1594 4710 1760 4791 exemplis,

1017 4809 1135 4886 verbis,
1152 4816 1207 4871 aut
1221 4805 1369 4889 precibus
1385 4803 1585 4866 subditorum
1605 4805 1763 4871 bonorum

1018 4907 1165 4972 conversi
1195 4913 1294 4968 sunt:
1317 4902 1372 4984 qui
1404 4920 1468 4964 non
1493 4910 1568 4963 sunt
1591 4906 1762 4985 tondendi,

1019 5008 1079 5070 hoc
1089 5014 1137 5070 est
1149 5005 1255 5067 fructu
1266 5022 1330 5065 suae
1341 4999 1511 5063 laudabilis
1521 5001 1594 5065 vita
1604 5004 1763 5085 privandi,

1018 5106 1069 5170 vel
1086 5124 1143 5187 per
1158 5101 1306 5165 scandala
1317 5108 1372 5162 aut
1387 5117 1444 5180 per
1458 5097 1584 5162 incauta
1594 5106 1764 5183 praeconia,

1020 5204 1070 5267 vel
1083 5221 1138 5284 per
1150 5200 1266 5263 dehita
1280 5195 1492 5277 correptionis
1506 5216 1543 5259 ac
1558 5202 1764 5265 correctionis

1020 5298 1275 5365 subtractionem.
1283 5294 1373 5356 Tales
1385 5312 1522 5374 namque
1534 5297 1666 5361 novellae
1677 5300 1764 5381 plan·

1607 5428 1639 5480 37
