4309 6259
562 515 738 561 unianimo
760 514 790 560 m
811 514 880 560 aar.
903 513 958 559 vrri
977 511 1115 558 summor.
1138 530 1179 542 —·
1198 512 1269 558 aar.
1292 511 1347 560 xlx
1666 488 1723 554 let

176 687 311 764 strictis,
323 688 363 751 de
378 687 497 770 quibus
513 686 700 769 pradictum
713 693 771 763 ost,
781 688 926 748 eteinoa't
940 685 965 746 Α
981 688 1253 768 quemadmodum
1269 694 1353 764 ante,
1366 683 1541 768 pracsertim
1557 683 1662 766 primo
1675 702 1726 746 ca-

174 789 290 848 batteis
311 805 409 869 super
426 786 562 862 tunicas,
582 788 796 865 imposuitque
810 787 927 846 mitras
981 785 1095 868 pitulo,
1113 785 1267 868 seriptum
1288 793 1336 848 est
1355 801 1424 848 esse
1441 785 1598 864 agendum
1616 783 1655 845 de
1670 781 1726 846 bo

172 885 324 967 byssinas
340 903 450 949 eorum
473 883 644 966 capitibus,
661 894 697 944 ut
704 886 850 962 jusserat
866 887 926 946 Do
980 884 1133 948 locausto.
1158 885 1229 948 ldeo
1251 884 1356 947 littera
1379 883 1474 966 plana
1495 891 1544 945 est
1568 900 1605 944 ex
1630 880 1725 943 dictis

174 987 299 1045 minus.
979 983 1110 1048 ibidem.
1129 983 1270 1066 Denique
1285 1000 1426 1064 congruo
1446 981 1558 1045 ordine
1575 980 1658 1043 iacta
1677 987 1725 1042 est

217 1085 342 1145 Obtulit
366 1093 396 1144 et
421 1085 564 1144 vitulum
584 1103 646 1161 pro
666 1093 795 1160 peceato
823 1079 925 1163 ipsius
980 1083 1041 1146 ista
1061 1083 1192 1146 oblatio.
1210 1083 1314 1146 Primo
1336 1082 1421 1146 enim
1445 1099 1572 1144 necesse
1594 1088 1642 1142 est
1662 1080 1724 1143 Deo

173 1182 292 1255 Aaron,
310 1190 342 1245 et
364 1181 473 1246 forsan
496 1181 593 1245 etiam
613 1200 671 1264 pro
692 1189 821 1263 peccato
841 1179 925 1242 lilio-
980 1180 1179 1245 reconciliari
1197 1200 1253 1263 per
1268 1180 1488 1244 dimissionem
1505 1177 1626 1261 peccati
1639 1196 1646 1239 :
1659 1196 1724 1258 quo

173 1300 247 1343 rum
265 1280 378 1363 ipsius.
388 1280 466 1343 Nam
478 1280 640 1343 subditur:
651 1284 925 1360 Quumquesuper
980 1279 1076 1357 lacto,
1093 1289 1185 1363 aptus
1202 1289 1249 1344 est
1266 1280 1360 1343 bomo
1376 1280 1474 1342 Deum
1491 1277 1656 1341 sinceriter
1672 1276 1724 1340 ho

171 1389 273 1456 eaput
294 1380 366 1457 ejus
383 1382 565 1459 posuissent
585 1383 699 1442 Aaron
717 1389 748 1440 et
766 1380 833 1456 mit
854 1379 924 1454 ejus
979 1398 1101 1442 narare.

173 1499 294 1538 arianus
317 1499 405 1539 suas.
427 1477 508 1552 Quid
533 1486 639 1541 autem
663 1477 736 1540 talis
760 1475 923 1559 impositio
1019 1481 1141 1541 Obtulit
1166 1479 1285 1560 Moyses
1310 1489 1339 1540 et
1364 1480 1495 1538 arietem
1520 1478 1695 1536 secundum
1711 1496 1722 1534 .·

172 1594 330 1638 manuum
346 1575 545 1655 designabat,
563 1575 595 1637 in
612 1575 708 1657 primi
724 1574 856 1657 capituli
872 1594 924 1636 ex·
978 1577 1057 1639 duos
1079 1578 1198 1640 etenim
1221 1576 1335 1640 arietes
1356 1577 1463 1658 jussus
1480 1575 1541 1636 luit
1556 1573 1720 1654 acciporc3

172 1674 336 1756 positione
358 1683 406 1737 est
431 1673 587 1736 habitum.
613 1677 799 1736 [inmolavit
821 1694 896 1734 eum
911 1695 923 1734 .·
978 1677 1299 1737 inconsecrationem
1319 1679 1518 1736 sacerdotum
1539 1693 1550 1732 .·
1570 1671 1721 1754 quoniam

172 1773 229 1854 qui
247 1772 356 1836 adbuc
374 1773 564 1837 sacerdotali
586 1773 777 1852 fungebatur
797 1770 920 1849 officio,
977 1774 1060 1838 aries
1077 1774 1136 1837 iste
1152 1773 1333 1856 specialiter
1348 1772 1722 1851 ollcrebal‚ur,quatenus

170 1871 328 1951 quoniam
343 1872 448 1934 Aaron
463 1881 495 1934 et
510 1869 574 1934 lilii
589 1871 659 1953 ojus
675 1873 817 1935 nondum
832 1880 923 1934 crant
940 1871 962 1932 B
979 1892 1035 1956 per
1060 1873 1225 1953 sanguinis
1247 1872 1317 1953 ejus
1339 1870 1578 1953 adspersionem
1601 1877 1631 1932 et
1653 1868 1722 1931 lini-

171 1970 269 2051 plenc
291 1970 468 2034 consecrati
491 1979 522 2032 et
544 1970 727 2033 conlirmati
749 1969 782 2032 in
804 1969 859 2033 illo
875 1969 923 2032 ol·
978 1972 1098 2036 tionem
1114 1972 1218 2034 llaron
1238 1979 1270 2034 et
1290 1969 1351 2032 lilii
1371 1972 1441 2052 ojus
1461 1975 1723 2032 consecrarentur

171 2067 262 2132 licio.
279 2069 482 2132 Consecratio
504 2087 643 2149 namque
664 2087 773 2132 eorum
796 2069 923 2131 durarit
978 2071 1010 2133 in
1027 2070 1297 2134 sacerdotesldoo
1313 2068 1468 2151 sequitur,
1483 2077 1723 2146 posueruntque

41 2173 70 2266 ’ᾖ
97 2189 155 2226 ³¹¹1·
169 2175 295 2249 septem
318 2167 444 2243 diebus,
461 2175 496 2229 ut
518 2167 551 2229 in
574 2167 680 2230 Exodo
703 2167 857 2242 habetur3
878 2175 922 2230 at·
976 2191 1073 2250 super
1093 2180 1190 2247 caput
1209 2171 1278 2247 ty'us
1294 2173 1406 2232 Aaron
1428 2178 1457 2228 et
1478 2169 1545 2245 filii
1565 2168 1634 2244 ejus
1656 2187 1722 2227 ma-

55 2268 68 2276 ''
169 2285 234 2346 que
251 2265 458 2348 uttosepbus
477 2264 601 2342 scribit,
618 2265 827 2328 reiterabatur
844 2285 922 2347 quo
977 2291 1039 2332 nus
1052 2291 1138 2330 suos.
1153 2273 1252 2338 Quem
1267 2289 1368 2348 quum
1384 2270 1577 2328 immolasset
1591 2265 1719 2346 Moyses,

169 2364 249 2427 tidie
266 2364 353 2427 inira
371 2373 419 2427 tot
437 2365 517 2428 dies.
536 2367 701 2426 Haruiens
715 2366 919 2442 sanquinem,
976 2389 1103 2429 sumens
1126 2372 1167 2428 de
1189 2369 1349 2444 sanpuine
1373 2367 1454 2443 ejus,
1480 2366 1596 2442 tetipit,
1617 2363 1648 2424 id
1674 2369 1722 2426 est

168 2463 231 2526 boc
252 2472 314 2539 est,
331 2463 425 2525 rituli
448 2463 535 2525 illius
556 2462 712 2526 immolati
732 2463 920 2542 sanguinem
977 2466 1095 2544 linivit,
1108 2476 1286 2527 entremum
1297 2467 1455 2526 auricula
1465 2467 1587 2524 deutra
1596 2465 1721 2531 Aaron,

168 2561 288 2643 partim
303 2561 470 2642 colligens,
489 2561 557 2624 sive
580 2562 613 2623 in
634 2581 709 2624 vase
729 2561 918 2645 suscipiens,
975 2576 1005 2627 et
1022 2567 1170 2643 pollicem
1191 2585 1307 2626 maneos
1326 2565 1548 2642 ejusdemne,
1569 2562 1722 2622 similiter

167 2673 197 2721 et
213 2664 315 2722 tincto
329 2662 503 2738 dipitosuo
520 2661 552 2722 in
569 2661 724 2740 sanguine
739 2660 921 2739 illo,tetipit
976 2676 1005 2726 et
1021 2668 1126 2743 pedis.
1150 2667 1271 2728 Obtulit
1292 2674 1321 2724 et
1340 2665 1426 2741 filios
1442 2665 1553 2724 Aaron
1574 2658 1719 2736 Domiu0,

166 2780 294 2820 cornua
316 2762 435 2822 altaris
456 2759 646 2836 holocausti,
662 2761 753 2841 J'uxta
774 2760 859 2840 quod
878 2759 921 2822 vi·
978 2782 1041 2827 non
1064 2763 1109 2826 ita
1131 2763 1212 2826 sicut
1233 2762 1350 2826 vitulos
1375 2770 1470 2842 atquc
1494 2759 1619 2822 arictes
1644 2758 1720 2820 Nam

167 2858 274 2920 tulum
300 2857 452 2922 mactavit
475 2867 508 2922 ct
532 2857 660 2934 obtulit,
682 2879 741 2935 per
762 2879 886 2937 pyrum
908 2880 920 2918 :
978 2861 1064 2926 lilios
1079 2863 1183 2925 Aaron
1200 2861 1316 2924 dicitur
1332 2859 1497 2934 obtulisse,
1516 2858 1549 2920 in
1566 2865 1720 2939 quantum

168 2956 234 3020 imo
250 2976 352 3037 quum
373 2956 495 3019 dictum
517 2956 559 3019 sit
579 2958 619 3019 de
639 2956 740 3019 vitulo
762 2955 819 3037 qui
839 2956 920 3020 olie-
975 2961 1093 3024 divinae
1116 2960 1290 3041 majestatis
1314 2957 1416 3022 oculis
1437 2976 1492 3021 eos
1517 2955 1721 3039 presentavit

168 3055 299 3118 rebatur
324 3073 382 3138 pro
408 3055 581 3118 sacerdotis
606 3063 747 3137 peccato,
770 3055 855 3136 quod
880 3058 919 3119 de
935 3056 958 3122 C
975 3069 1071 3142 atque
1081 3059 1263 3135 adduxit,ut
1273 3057 1450 3121 Dominoin
1462 3057 1639 3119 sacerdotes
1649 3072 1721 3117 oon·

55 3170 153 3210 eursu.
167 3153 326 3233 sanguine
341 3155 413 3235 ejus
424 3153 623 3218 inferebatur
633 3153 666 3216 in
678 3153 918 3216 tabernaculum
976 3167 1186 3222 secrarentur.
1197 3161 1367 3238 Quurnque
1380 3160 1421 3218 de
1433 3157 1592 3233 sanquine
1608 3155 1720 3216 arietis

168 3252 358 3328 testimonii,
380 3261 412 3316 ct
427 3253 467 3316 de
482 3253 594 3316 eodem
609 3252 765 3331 sanguine
781 3253 920 3334 poneba-
975 3259 1138 3318 immolati
1168 3258 1318 3333 tetipisset
1348 3266 1528 3316 extremum
1560 3255 1719 3316 auricula

168 3359 218 3412 tur
234 3369 333 3433 super
353 3370 474 3414 cornua
493 3351 603 3414 altaris
625 3350 853 3433 thymiamatis
875 3351 920 3413 ila
974 3360 1179 3433 sinpulorum
1194 3359 1326 3426 demine,
1343 3365 1373 3415 et
1390 3356 1523 3431 pollices
1546 3373 1660 3414 manus
1681 3373 1719 3412 ao

166 3458 197 3512 et
221 3451 264 3513 de
289 3449 447 3530 sanguine
472 3446 564 3512 vituli
591 3449 687 3530 hujus
713 3448 823 3513 tiebat.
851 3455 919 3520 Quo
969 3457 1063 3533 pectis
1077 3457 1201 3524 deutri,
1215 3455 1380 3534 reliquum
1394 3454 1596 3530 suditsuper
1616 3455 1719 3511 altare

168 3549 430 3613 holocaustorum
452 3548 545 3611 altari
560 3551 702 3626 eupioto,
720 3548 781 3612 hoc
801 3557 849 3612 est
869 3569 919 3612 ac·
968 3576 1030 3632 per
1044 3552 1320 3626 circuituuouid
1336 3560 1442 3614 autem
1459 3550 1564 3614 linitio
1580 3548 1718 3631 partium

168 3647 323 3728 ceptabili
340 3645 434 3724 lacto,
451 3659 480 3708 et
499 3649 700 3725 sanctificato
722 3667 778 3729 pcr
798 3648 919 3710 unctio
974 3652 1084 3714 barum
1102 3651 1309 3732 significavit,
1328 3669 1413 3712 nunc
1433 3649 1467 3710 in
1490 3650 1551 3712 istc
1572 3646 1717 3724 articula,

168 3765 241 3809 nem
266 3755 299 3809 ct
319 3745 487 3827 sanguinis
506 3746 700 3822 linitionem,
717 3747 803 3827 quod
820 3744 918 3808 liebat
972 3758 1004 3812 ct
1028 3769 1124 3832 super
1148 3750 1289 3813 Exodum
1313 3749 1478 3814 inductum
1502 3755 1561 3810 est.
1579 3747 1719 3826 Adipem
1733 3763 1865 3814 amma,

48 3881 61 3928 ¹.
96 3871 151 3907 m.
166 3854 291 3926 septem
316 3844 442 3923 diebus,
470 3854 505 3907 ut
530 3844 564 3907 in
590 3845 698 3908 Exodo
721 3844 915 3922 continetur,
973 3870 1046 3909 vero
1070 3860 1100 3910 el
1120 3853 1260 3910 caudam
1282 3849 1378 3929 hujus
1396 3846 1516 3924 arietis,
1532 3865 1720 3925 omnemque
1733 3829 1766 3868 ²⁰·

54 3936 68 3956 ''
165 3947 259 4022 fudit
280 3945 448 4024 reliquum
468 3946 664 4022 sanquinem
689 3942 781 4006 vituli
809 3942 917 4008 immo
969 3949 1204 4024 pinpuedinem
1220 3969 1291 4026 pure
1305 3949 1407 4026 operit
1423 3947 1590 4016 intestina,
1603 3946 1719 4006 reticu-

166 4043 222 4106 lati
254 4048 300 4105 ad
326 4047 547 4125 fundamenta
571 4045 652 4121 ejus.
679 4046 818 4122 Adipem
844 4064 916 4104 uero
972 4049 1105 4126 tumque
1111 4048 1232 4124 jecoris
1243 4056 1271 4106 et
1280 4050 1361 4108 duos
1372 4066 1462 4106 renes
1477 4065 1551 4106 curn
1567 4045 1718 4121 adipibus

164 4146 224 4222 qni
243 4153 316 4204 eren
334 4161 433 4220 super
447 4144 578 4214 vitalia,
594 4153 624 4203 et
644 4144 817 4204 reticulum
832 4144 917 4221 jeco-
971 4147 1091 4218 suiset
1103 4166 1193 4206 armo
1205 4148 1318 4206 dentre
1332 4146 1507 4222 separauit,
1520 4142 1552 4204 id
1567 4150 1626 4218 est,
1636 4159 1718 4204 seor-

166 4246 226 4312 ris,
250 4246 397 4322 duosque
424 4245 620 4302 renunculos
647 4262 723 4302 curn
750 4243 916 4303 arvinulis
932 4245 957 4308 b
971 4261 1042 4304 sum
1059 4243 1165 4325 posuit
1180 4245 1310 4326 Moyses

164 4342 517 4417 commotionum
530 4344 657 4411 altare,·
677 4341 819 4401 uitulum
841 4361 916 4402 curn
1015 4343 1138 4402 Totiens
1161 4353 1269 4404 autern
1290 4346 1329 4404 de
1351 4344 1491 4403 canistro
1513 4359 1715 4419 azymorum,

160 4443 244 4515 pelte
269 4450 301 4499 et
325 4439 480 4500 carnibus
500 4449 530 4500 et
550 4443 627 4516 fimo
652 4459 798 4500 uernans
821 4449 915 4500 entra
970 4438 1003 4500 id
1019 4448 1067 4502 cst
1082 4458 1120 4502 ex
1136 4447 1243 4523 sporta
1257 4439 1290 4502 in
1306 4460 1368 4522 qua
1384 4449 1474 4503 crant
1489 4439 1590 4522 azymi
1605 4458 1714 4521 panes,

162 4549 283 4610 castra,
304 4539 390 4598 sieut
411 4547 609 4616 praeeperat
630 4540 800 4599 Donainus.
828 4538 913 4600 lstud
969 4543 1055 4620 quod
1075 4551 1145 4601 erat
1167 4561 1275 4600 coram
1296 4543 1448 4610 Domino,
1461 4561 1581 4618 panem
1601 4541 1716 4618 absque

162 4645 267 4700 totum
289 4655 364 4700 cum
381 4634 564 4698 rationibus
584 4636 652 4698 suis
672 4636 850 4718 expositum
866 4644 915 4700 est
968 4641 1126 4717 fomento
1148 4649 1176 4700 et
1196 4641 1391 4716 collyridam
1411 4661 1612 4716 conspersam
1636 4642 1714 4708 olco,

162 4744 279 4818 quarto
296 4734 449 4817 capitulo,
466 4733 544 4814 quia
564 4734 605 4798 de
624 4734 769 4816 partibus
784 4743 816 4797 et
831 4735 912 4798 inte·
969 4741 1188 4817 lopanumque
1211 4759 1221 4797 :
1244 4756 1314 4818 quae
1340 4737 1494 4800 vocabula
1517 4736 1602 4800 circa
1626 4753 1715 4799 exor-

162 4836 257 4897 stinis
273 4833 368 4898 vituli
384 4833 481 4914 bujus
498 4831 608 4910 liebat,
626 4841 720 4916 prout
736 4833 780 4896 ibi
796 4833 913 4898 debere
960 4836 1056 4898 dium
1072 4834 1281 4918 expositionis
1296 4834 1424 4917 septimi
1441 4835 1573 4917 capituli
1585 4835 1714 4898 luerunt
1729 4849 1861 4902 cesoma

164 4934 235 4997 lieri
252 4934 409 5016 scriptum
426 4941 485 4994 est.
967 4934 1130 5017 exposita3
1148 4937 1259 5013 posuit
1283 4955 1379 5014 super
1401 4937 1512 5013 adipes
1532 4945 1561 4994 et
1581 4955 1713 4996 armum

201 5033 367 5096 Obtulitet
377 5033 512 5092 arietem
523 5033 559 5092 in
569 5035 801 5094 holocaustum.
814 5033 911 5094 lstum
966 5037 1118 5096 dostram
1134 5053 1204 5115 qum
1227 5034 1266 5096 de
1288 5033 1386 5097 ariete
1408 5032 1468 5096 isto
1492 5051 1633 5096 seorsum
1657 5053 1712 5116 po

161 5133 293 5196 arietem
310 5129 492 5193 immolavit
507 5130 627 5212 bloyses
647 5130 679 5192 in
701 5132 910 5194 reverentiam
967 5141 1088 5206 suerat3
1103 5137 1233 5194 tradens
1253 5137 1354 5194 sirnul
1363 5134 1473 5194 ornnio
1486 5135 1670 5194 istodoron
1682 5144 1711 5194 et

161 5229 339 5311 majestatis
356 5226 548 5309 divinae'pro
564 5228 668 5292 Aaron
685 5237 716 5291 et
732 5228 813 5291 liliis
828 5230 909 5311 ejus.
965 5232 1047 5308 filiis
1061 5232 1142 5308 ejus.
1152 5231 1209 5294 Per
1225 5231 1310 5311 quod
1325 5231 1513 5294 auctoritate
1528 5238 1560 5292 ct
1575 5229 1644 5293 vice
1655 5231 1711 5292 llei

162 5325 422 5409 Fiebat'flquoque
441 5325 481 5387 dc
503 5324 565 5390 isto
584 5326 693 5389 arietis
713 5327 909 5406 holocausto,
966 5329 1113 5406 contulit,
1131 5348 1186 5392 seu
1203 5327 1343 5394 conlerri
1358 5327 1547 5392 monstravit
1561 5326 1608 5390 cis
1624 5335 1711 5409 pote-
