4309 6259
414 488 473 551 tlt
752 497 925 545 manuario
947 498 978 541 ru
998 496 1068 542 aar.
1093 494 1157 541 ιιιιι
1178 495 1374 542 uunanonuu.
1398 516 1438 525 -
1459 497 1530 544 aar.
1552 498 1627 544 ιιιιιιι

414 675 590 750 ostendam,
608 673 693 755 quod
716 671 839 733 nullum
865 688 975 733 eorum
997 669 1037 731 ad
1059 666 1200 731 sacer-A
1217 672 1414 750 Qericumque
1432 673 1554 732 aceedit
1574 674 1618 731 cut
1638 674 1882 731 tubernaculum
1900 674 1965 731 Du

414 773 536 835 dotium
553 771 633 852 elegi
652 789 659 833 :
678 770 787 850 sicque
803 767 965 842 refrenati,
983 786 1001 828 a
1018 786 1159 828 murmu-
1215 772 1313 839 mini,
1335 772 1485 830 moritur.
1509 769 1593 831 lstud
1618 768 1679 830 luit
1702 770 1808 851 potius
1828 769 1965 832 verbum

416 870 537 932 ratione
553 870 613 932 ista
628 867 809 931 cessabunt.
827 867 979 929 Praeterea
994 865 1158 946 quaritur,
1214 867 1421 931 desolationis
1446 886 1541 949 quam
1567 868 1829 930 murmurationis
1854 886 1861 927 :
1891 868 1965 931 ideo

384 956 388 963 ’
414 968 440 1031 si
457 969 510 1030 isti
531 969 635 1031 adbuc
652 972 931 1029 murmuraverunt
949 972 1059 1026 contra
1079 964 1161 1044 bloy-
1216 974 1345 1047 propter
1362 966 1428 1027 baec
1444 966 1543 1029 verba
1562 984 1625 1029 non
1644 974 1717 1028 sunt
1733 966 1849 1049 puniti.
1866 966 1965 1040 Quasi

413 1087 469 1131 sen
485 1067 627 1131 citeron
644 1074 773 1148 propter
785 1063 1009 1139 sacerdotium,
1022 1080 1079 1124 cur
1095 1080 1158 1124 nou
1215 1061 1343 1125 dicant:
1362 1065 1436 1126 Tam
1453 1063 1544 1126 multi
1560 1073 1591 1127 et
1607 1065 1713 1145 magni
1729 1082 1766 1127 cx
1784 1065 1879 1128 uobis
1895 1084 1967 1146 pro

414 1175 488 1228 sunt
513 1164 655 1248 percussi
681 1172 715 1226 ut
739 1162 794 1225 alii
818 1166 829 1224 t
854 1162 901 1223 nd
926 1161 1011 1242 quod
1043 1160 1160 1241 poterit
1217 1170 1287 1243 pter
1310 1163 1391 1226 banc
1413 1163 1581 1226 sacerdotii
1603 1182 1730 1225 causam
1755 1164 1853 1226 occisi
1876 1171 1963 1239 snut,

414 1263 609 1347 responderi,
632 1263 718 1344 quod
743 1260 886 1325 cordium
911 1258 1056 1337 cognitor
1079 1259 1160 1321 Deus
1215 1261 1299 1341 quod
1325 1279 1405 1342 pene
1427 1280 1538 1325 omncs
1560 1262 1706 1323 videmur
1726 1262 1888 1338 exstincti,
1912 1262 1963 1326 rel

412 1362 508 1444 judex
522 1361 727 1444 justissimus,
739 1359 818 1422 vidit
835 1377 898 1421 non
915 1376 984 1421 esse
995 1357 1038 1419 ita
1055 1356 1161 1419 incen-
1216 1359 1361 1439 protinus
1376 1360 1611 1439 exstinguendi.
1629 1359 1825 1442 Quicumque
1840 1362 1965 1423 accedit

413 1481 480 1524 sam
501 1462 568 1523 siro
588 1460 759 1540 malignam
780 1456 1065 1520 murmurationem
1087 1455 1161 1518 isto
1214 1458 1254 1519 ad
1270 1457 1509 1521 tabernaculum
1525 1459 1662 1536 Domini,
1680 1459 1837 1522 moritur:
1854 1468 1886 1522 et
1903 1459 1963 1523 boc

413 1579 483 1622 rum
500 1567 535 1622 ut
549 1559 696 1633 aliorum,
710 1576 768 1620 nec
785 1557 827 1619 ita
843 1575 877 1619 se
891 1557 931 1619 ad
947 1553 1160 1618 sacerdotium
1215 1554 1323 1637 aliquo
1344 1558 1438 1620 modo
1459 1558 1581 1619 exstitit
1596 1576 1718 1630 rerum,
1736 1558 1890 1638 quoniam
1906 1558 1962 1639 qni

414 1659 615 1741 ingesserunt
634 1665 689 1719 aut
709 1656 904 1719 rebellarunt
922 1664 956 1716 ut
977 1653 1087 1729 ceteri,
1105 1653 1159 1715 scd
1216 1672 1250 1716 sc
1266 1653 1446 1717 inordinate
1461 1655 1702 1718 intromiserunt
1718 1656 1758 1718 de
1773 1656 1961 1719 sacerdolali

413 1758 503 1840 quasi
521 1756 697 1821 dubitando
713 1756 796 1818 iuter
811 1774 845 1817 se
861 1752 1084 1817 mussitabant.
1216 1749 1525 1833 allicio,perierunt;
1538 1753 1681 1834 quivero
1695 1754 1809 1817 devote
1823 1774 1963 1818 accessa

455 1860 663 1936 Puerumque
679 1858 779 1929 virque
793 1855 976 1921 duodecim,
991 1852 1079 1932 juxta
1103 1870 1161 1912 uu·
1180 1852 1202 1912 B
1217 1858 1291 1912 runt
1306 1869 1362 1913 seu
1378 1850 1570 1914 introierunt
1586 1851 1618 1913 iu
1633 1852 1748 1913 atrium
1762 1871 1859 1914 causa
1873 1869 1963 1915 oran-

415 1974 538 2019 mcrum
560 1953 727 2018 duodecim
751 1952 904 2027 tribuum,
929 1954 1043 2031 ubsque
1066 1953 1160 2025 verpa
1216 1948 1248 2011 di
1264 1959 1318 2011 aut
1333 1948 1492 2013 ollereudi
1511 1951 1600 2031 juxta
1616 1951 1695 2031 legis
1712 1951 1959 2029 ordinationem,

414 2058 536 2116 Aaron.
555 2052 704 2127 Quamvis
722 2050 840 2114 etenim
859 2048 955 2113 Jacob
976 2068 1040 2113 nou
1062 2047 1161 2110 babu-
1216 2066 1280 2111 uon
1300 2048 1402 2111 solum
1424 2068 1488 2112 uon
1508 2050 1744 2126 occidebantur,
1763 2051 1818 2112 sed
1842 2051 1875 2112 iu
1896 2052 1963 2114 rita

414 2153 474 2215 erit
496 2152 558 2214 uisi
578 2150 745 2215 duodecim
768 2148 864 2225 titios,
881 2168 899 2211 a
916 2146 1034 2230 quibus
1056 2146 1161 2228 prodi·
1214 2146 1323 2226 gratie
1338 2146 1553 2229 proiecerunt,
1567 2147 1703 2230 vitaque
1718 2148 1816 2230 hujus
1831 2151 1962 2230 prolon-

414 2260 508 2315 eruut
525 2250 693 2313 duodecim
715 2249 828 2323 tribus,
846 2254 985 2309 attamen
1006 2245 1159 2327 qnoniam
1215 2245 1373 2326 gationem
1394 2246 1608 2323 merebantur,
1632 2247 1697 2310 imo
1717 2256 1748 2310 ct
1767 2248 1867 2311 vitam
1887 2249 1962 2311 bea·

415 2349 515 2412 tribus
541 2348 680 2412 Levitica
705 2346 764 2409 luit
789 2347 829 2411 ab
854 2345 926 2407 aliis
951 2352 1097 2426 separata
1119 2343 1159 2405 ad
1215 2352 1290 2406 tam
1321 2345 1430 2426 ltaque
1453 2346 1551 2409 verba
1580 2346 1713 2409 istorum
1743 2365 1800 2428 per
1827 2348 1961 2411 modum

415 2447 611 2511 tabernaculi
631 2446 764 2521 cultum,
782 2463 840 2507 nec
865 2443 1072 2507 hereditatem
1095 2460 1161 2504 sor·
1214 2442 1428 2525 hyperbolica
1449 2443 1620 2507 locutionis
1641 2453 1716 2506 sunt
1738 2444 1959 2527 intelligenda.

415 2548 472 2610 tito
489 2555 547 2622 est,
566 2545 627 2607 tuit
645 2543 745 2605 tribus
760 2543 876 2625 loseph
895 2543 927 2605 in
945 2543 1024 2604 duas
1044 2541 1158 2603 divisa.
1215 2543 1305 2603 Ntun
1327 2545 1490 2621 usquead
1511 2544 1760 2604 internecionem
1780 2546 1892 2605 cuncti
1909 2548 1964 2604 de-

415 2647 530 2709 l'crum
542 2642 751 2707 exbisvidcri
769 2650 882 2724 potest,
892 2641 978 2722 quod
995 2658 1059 2703 non
1070 2647 1161 2703 eraut
1215 2642 1304 2701 tendi
1318 2644 1453 2701 sumus?
1464 2641 1496 2702 id
1512 2650 1571 2716 est,
1588 2640 1814 2706 Occidemnrne
1829 2647 1962 2706 omncs?

416 2744 478 2807 uisi
504 2743 654 2807 tredecim
680 2742 787 2821 virgae,
811 2739 987 2822 presertim
1011 2738 1088 2819 quia
1110 2739 1160 2817 (ut
1214 2737 1306 2818 qnasi
1321 2738 1439 2815 dicant,
1457 2739 1587 2801 Videtur
1603 2740 1688 2819 qnod
1704 2740 1779 2817 imo,
1795 2741 1858 2803 uisi
1877 2743 1963 2804 Deus

414 2843 545 2923 dicitur)
569 2841 602 2903 in
627 2840 757 2904 Hebraeo
782 2838 927 2913 liabetur,
954 2836 1159 2917 Fueruutquc
1214 2845 1285 2913 agat
1306 2835 1472 2900 nobiscum
1492 2837 1691 2900 clementius.
1709 2838 1796 2902 Unde
1811 2847 1843 2902 et
1859 2841 1892 2901 in
1910 2841 1963 2902 bis

414 2944 511 3023 virgae
527 2939 704 3015 duodecim,
723 2946 754 3000 et
770 2938 857 3018 virga
872 2937 975 2999 Aaron
998 2934 1030 2997 iu
1052 2934 1158 2997 medio
1215 2934 1321 2997 verbis
1341 2935 1487 3011 istorum,
1503 2936 1576 3017 pius
1594 2936 1744 3000 Dominus
1767 2938 1957 3019 patientiam

414 3060 531 3105 earnm.
540 3040 600 3103 Sed
616 3038 675 3102 hoc
691 3036 745 3099 alii
762 3035 900 3113 solvunt,
915 3035 1057 3097 diceutes
1073 3033 1194 3115 quodc
1214 3033 1335 3111 babuit,
1352 3034 1504 3116 quoniam
1522 3054 1559 3097 ex
1577 3034 1739 3098 interioris
1756 3036 1875 3100 doloris
1892 3057 1963 3099 ma-

415 3141 498 3204 istud
516 3137 758 3216 intelligendum
775 3134 816 3197 sit
838 3136 877 3196 de
897 3133 1034 3213 singulis
1056 3133 1159 3215 speei-
1212 3132 1379 3212 gnitudine
1404 3131 1658 3214 proferebantur.
1685 3134 1800 3216 Sisque
1823 3135 1960 3199 afflictis

414 3238 519 3302 alibns
540 3236 648 3317 virgis,
668 3254 731 3298 una
750 3233 899 3296 videlicet
914 3232 1054 3314 generali
1070 3250 1158 3294 exce
1213 3249 1277 3293 non
1293 3238 1341 3293 est
1354 3231 1501 3294 addenda
1515 3230 1665 3295 afflictio.

415 3346 479 3419 pta.
503 3340 588 3405 Quas
607 3356 709 3415 quum
727 3333 884 3411 posuisset
904 3333 1028 3407 Moyses
1049 3351 1158 3391 corum
1252 3328 1408 3411 Amplius,
1420 3329 1510 3409 juxta
1524 3330 1692 3412 mysticum
1709 3350 1960 3405 sensum,unus-
1984 3355 2128 3413 &mur-

414 3437 553 3498 Domino
565 3437 600 3494 in
613 3434 816 3495 tabernaculo
829 3430 1014 3501 testimonii,
1031 3450 1159 3509 sequeu-
1208 3428 1348 3509 quisquc
1358 3428 1515 3510 praelatus,
1522 3428 1678 3511 princeps
1682 3429 1780 3512 judex
1787 3438 1841 3493 aut
1853 3432 1959 3512 prasi·
1975 3420 2065 3463 ’Μ’-

416 3536 442 3595 u·
460 3536 514 3594 die
534 3552 692 3610 repressus
707 3530 826 3611 lloyses
849 3527 882 3589 iu
905 3527 1155 3603 tabernaculum,
1211 3527 1290 3589 dens
1300 3526 1391 3589 debet
1401 3527 1522 3607 virgam
1533 3528 1694 3603 babereid
1705 3538 1753 3591 est
1763 3529 1956 3611 pralaticam

415 3635 541 3693 invenit
557 3631 753 3707 germinasse
775 3628 902 3703 virgum
922 3628 1034 3687 Aaron
1055 3627 1092 3685 in
1106 3628 1159 3684 do
1213 3633 1412 3706 potestatem,
1425 3625 1672 3689 ecclesiasticam
1686 3627 1956 3709 jurisdictionem,

416 3752 465 3792 mo
481 3733 572 3798 Levi,
583 3728 616 3790 id
632 3735 679 3789 cst
695 3725 796 3807 ipsius
809 3724 911 3786 Aaron
929 3722 1112 3785 exsistentis
1127 3730 1159 3785 et
1214 3724 1347 3787 verbum
1369 3724 1522 3800 veritatis,
1541 3724 1641 3803 legem
1667 3724 1797 3805 justitia
1820 3736 1850 3789 ct
1876 3728 1959 3806 rigo

415 3828 557 3894 conteuti
573 3826 606 3887 iu
623 3824 774 3907 progenie
788 3821 884 3895 Levi3
900 3832 930 3881 et
947 3824 1160 3898 turgentibus,
1214 3842 1280 3884 rem
1296 3822 1419 3904 judicii,
1436 3822 1644 3885 directionem
1660 3824 1764 3905 gregis
1781 3825 1956 3887 commissi.

417 3929 449 3990 id
465 3936 511 3990 cst
527 3924 660 3999 inflatis,
666 3923 801 4000 pereunte
816 3938 855 3982 ex
869 3919 986 4000 quibus
1003 3919 1161 4000 prodeunt
1213 3922 1308 3984 Porro
1324 3941 1381 4003 per
1392 3922 1512 4001 virgam
1524 3922 1752 4004 daramprimo
1767 3923 1960 4004 intelligitur

417 4027 525 4101 lloreS,
541 4032 715 4101 eruperunt
729 4024 837 4097 flores,
851 4021 911 4097 qui
930 4020 1021 4096 foliis
1040 4020 1160 4078 dilata·
1213 4020 1358 4083 Christus
1377 4030 1409 4082 et
1429 4020 1499 4101 ejus
1519 4028 1668 4101 potestas,
1685 4021 1740 4103 qui
1761 4022 1847 4085 velut
1866 4023 1961 4086 arida

418 4128 470 4195 tis,
488 4127 524 4183 in
546 4123 750 4199 urnypdotus,
767 4118 798 4180 id
821 4126 869 4180 cst
893 4116 1014 4179 [ructus
1036 4116 1159 4179 arboris
1214 4118 1303 4197 virga
1333 4119 1394 4181 luit
1423 4118 1577 4200 sepultus,
1604 4120 1659 4182 sad
1689 4120 1721 4181 iu
1751 4122 1960 4185 resurrectio·

416 4232 534 4287 vocata
549 4219 744 4302 amygdalus,
760 4218 936 4294 deformati
954 4226 1041 4286 suru,
1058 4215 1091 4276 id
1113 4222 1160 4277 est
1174 4224 1199 4285 Ι)
1215 4236 1254 4279 uc
1270 4216 1377 4278 statim
1391 4216 1544 4294 refloruit,
1559 4216 1655 4279 flores
1671 4217 1824 4280 virtutum
1839 4219 1961 4302 disper-

416 4322 555 4405 perlecte
575 4317 713 4382 formati.
731 4315 819 4377 Unde
839 4315 901 4377 alia
923 4313 1087 4376 translatio
1108 4313 1160 4375 ba-

416 4422 480 4498 bat,
492 4420 603 4483 Nuces,
616 4418 773 4495 Dicitque
783 4417 941 4503 Dominus
951 4417 994 4475 ud
1004 4418 1137 4490 Moysen
1148 4430 1159 4473 .·

414 4523 524 4599 Refer,
534 4520 566 4581 id
584 4525 631 4581 est
648 4522 775 4596 reporta
792 4521 823 4576 et
839 4532 932 4595 pone,
951 4515 1079 4588 ctrpam
1094 4516 1160 4574 Aa·

414 4642 488 4689 ron,
505 4628 540 4679 ut
561 4624 704 4677 servetur
720 4616 766 4673 toi
788 4615 823 4671 t'n
843 4613 972 4689 sipnum
991 4613 1160 4671 rebellium

414 4722 561 4800 filiorum
572 4712 726 4784 Israet,id
743 4719 791 4775 cst
806 4727 864 4792 pro
878 4710 1065 4785 memoriali,
1073 4710 1159 4791 quod

415 4818 546 4900 quidam
561 4831 671 4877 eorum
687 4819 751 4873 tam
768 4808 913 4884 rebelles,
925 4807 1098 4882 ambitiosi,
1116 4816 1161 4870 te-

416 4913 608 4995 merariique
624 4909 764 4985 luerunt,
782 4914 939 4989 quatenus
954 4906 1009 4968 alii
1026 4906 1160 4969 sconsi-

415 5014 547 5078 milibns
571 5008 658 5073 vitiis
683 5014 826 5070 caveant.
853 5005 956 5068 Posito
981 5013 1087 5067 autem
1112 5012 1160 5067 est

269 5134 399 5187 aaaron.
415 5116 506 5194 virga
515 5113 619 5174 Aaron
633 5108 666 5169 in
678 5125 761 5181 arca,
771 5112 805 5167 ut
821 5104 936 5184 legitur
949 5104 988 5165 ad
998 5103 1157 5166 Hebraeos.

156 5652 319 5835 N.

460 5214 686 5286 Duxeruntque
708 5206 776 5282 filii
800 5206 902 5264 Israel
927 5205 970 5263 uei
995 5205 1128 5280 Moysen
1149 5219 1161 5264 .·

416 5314 496 5375 Ecce
516 5305 696 5382 consumpti
716 5323 839 5373 sumus,
851 5322 956 5361 omnes
968 5302 1159 5378 peribimus.

1214 4316 1266 4391 sit,
1280 4315 1367 4391 lolia,
1382 4315 1413 4377 id
1429 4324 1477 4378 est
1492 4315 1589 4378 verba
1603 4315 1754 4393 coelestia,
1767 4316 1909 4398 protulit,
1926 4328 1960 4381 ct

1215 4411 1353 4476 fructum
1369 4422 1494 4476 aeterua
1510 4413 1657 4495 produxit
1672 4414 1794 4491 salutis,
1813 4416 1876 4478 imo
1890 4436 1961 4480 suas

1213 4511 1367 4575 salvificae
1381 4513 1495 4575 merito
1510 4512 1667 4594 passionis
1678 4514 1835 4577 convertit
1849 4523 1878 4577 et
1896 4517 1960 4578 sal-

1214 4610 1301 4674 vavit
1326 4630 1426 4691 genus
1452 4611 1644 4673 humanum.
1672 4612 1805 4674 Protulit
1830 4632 1961 4695 qnoque

1213 4710 1406 4791 amygdalas,
1417 4709 1450 4771 id
1465 4718 1513 4772 est
1528 4709 1761 4791 scripturarum
1776 4720 1958 4775 sanctarum

1215 4807 1385 4870 doctrinas.
1396 4808 1473 4869 Nam
1489 4808 1571 4870 sicut
1587 4807 1621 4869 iu
1636 4810 1809 4889 amygdalis
1826 4810 1960 4873 loriuse

1213 4925 1269 4968 cus
1284 4913 1333 4969 cst
1349 4914 1566 4985 tegumentum
1581 4925 1735 4983 amarum,
1753 4908 1867 4972 deinde
1887 4930 1959 4974 mu·

1215 5005 1393 5066 uimeutum
1419 5004 1597 5081 robustum,
1625 5005 1717 5067 tertio
1742 5005 1862 5071 fructus
1884 5030 1961 5074 sua·

1214 5103 1283 5166 ris:
1302 5102 1346 5164 sic
1368 5102 1401 5163 in
1417 5102 1589 5185 Scripturis
1604 5112 1678 5166 suut
1693 5106 1959 5173 comminationes

1215 5200 1374 5264 terribiles
1388 5210 1420 5263 et
1434 5202 1533 5263 ardua
1548 5203 1693 5283 qaudam
1709 5214 1884 5287 pracepta3
1901 5210 1960 5272 dc

1216 5300 1289 5362 inde
1310 5300 1514 5363 auctoritates
1539 5298 1734 5363 firmissimae
1754 5309 1783 5363 ct
1805 5307 1963 5385 praeclara
