4309 6259
57 2280 162 2328 exoras.

50 2347 59 2368 ὃ

51 2347 77 2385 .l.
89 2347 115 2385 ἐξ.

67 2407 116 2448 illd.
124 2421 162 2453 nrt,

50 2471 69 2509 n
78 2475 96 2510 et
103 2481 143 2522 req.

54 4755 161 4809 llidurn,

49 4821 64 4862 l.
72 4821 88 4862 l.

489 515 491 519 ·
557 521 730 566 nnannxrro
751 521 781 566 m
803 521 871 566 aar.
895 522 925 566 xv
947 521 1142 568 nuuenonuu.
1164 541 1204 552 —
1226 522 1296 569 aar.
1320 523 1361 568 vn
1665 505 1724 570 tto

178 692 266 751 illud
276 711 445 770 purpureo
462 695 658 754 vestimento.
677 691 742 755 Sub
758 693 818 756 hoo
834 692 925 755 altari
940 693 965 754 Α
1023 697 1189 772 Quicmque
1204 697 1400 756 involverint
1411 698 1522 756 Aaron
1533 706 1562 756 ct
1571 698 1639 773 filii
1653 698 1724 775 ejrrs

176 789 402 851 continebatur
424 788 506 869 ignis
526 798 700 871 perpetuus
721 791 857 872 desuper
873 791 926 852 da-

177 893 227 947 tus
238 904 245 947 :
258 888 420 968 quomodo
435 905 510 968 ergo
526 888 721 968 congruebat
737 896 770 949 ut
786 907 927 970 purpura

175 986 375 1067 operireturl
392 995 424 1049 et
439 1005 496 1048 cur
512 987 613 1065 magis
629 996 774 1068 opertum
791 995 838 1049 est
853 1006 927 1069 pur-

175 1102 277 1165 pureo
307 1085 517 1166 operimento,
550 1103 647 1166 quam
677 1085 824 1168 praelata,
856 1103 927 1167 quac

176 1183 397 1264 hyacinthinis
413 1193 523 1266 operta
540 1193 615 1245 sunt
631 1184 838 1247 velamentisl
849 1183 928 1258 Quo-

176 1281 261 1344 circa
278 1281 374 1345 relert
391 1282 471 1364 Lyra
486 1282 585 1344 Rabbi
602 1281 803 1345 Salomonem
821 1281 928 1345 dicen-

178 1388 240 1442 tem
259 1397 266 1441 :
286 1380 370 1461 lgnis
387 1381 420 1442 in
436 1380 528 1443 altari
549 1380 609 1443 hoc
625 1400 751 1462 semper
766 1390 853 1455 erat3
872 1381 927 1444 sed

176 1479 252 1540 dum
273 1487 377 1541 castra
397 1478 617 1556 movebantur,
636 1480 816 1561 ponebatur
837 1479 928 1541 desu-

177 1597 233 1658 per
248 1577 486 1659 operimentum
503 1597 625 1640 ancum
641 1586 672 1640 et
688 1578 821 1660 pallium
838 1578 928 1640 desu-

176 1696 243 1757 per,
255 1695 313 1738 nec
329 1676 589 1752 comburebatur,
603 1677 686 1739 sicut
699 1695 756 1738 nec
774 1675 856 1756 ignis
874 1675 927 1738 ille

174 1775 436 1854 exstinguebatur
450 1795 468 1838 a
484 1785 578 1839 rento
594 1785 649 1838 aut
664 1775 794 1858 pluviis,
809 1784 927 1856 tempo-

979 795 1215 864 sanctuarium,
1229 793 1260 855 id
1277 801 1324 854 cst
1339 800 1487 855 cont-enta
1503 793 1535 854 in
1553 813 1600 869 eo,
1618 805 1648 855 et
1662 816 1726 855 orn-

982 893 1039 950 nr'a
1051 913 1127 951 oasa
1136 893 1206 969 cjns
1220 893 1285 972 jam
1297 893 1392 969 dieta,
1406 895 1442 952 in
1456 896 1663 953 commotione
1677 915 1727 954 ca·

980 991 1171 1062 str·orrnn,id
1187 999 1235 1053 est
1251 991 1387 1053 instante
1399 1009 1567 1072 progressu
1583 992 1725 1055 liliorum

981 1089 1073 1150 lsrael
1098 1109 1171 1152 cum
1194 1090 1260 1152 suis
1284 1091 1448 1163 tentoriis;
1467 1101 1542 1151 tarrac
1557 1093 1726 1152 intrabant

981 1191 1048 1266 filii
1065 1191 1179 1259 Caath,
1194 1190 1225 1251 id
1247 1198 1294 1251 est
1314 1190 1456 1271 praedicti
1474 1190 1632 1266 caathitae,
1650 1210 1727 1272 quo-

982 1306 1052 1348 rum
1068 1287 1282 1352 ministerium
1306 1287 1366 1349 luit
1386 1288 1599 1370 propinquius
1615 1288 1726 1352 officio

982 1387 1191 1463 sacerdotum,
1204 1406 1300 1467 quam
1315 1385 1426 1449 cilicia
1440 1387 1678 1449 Gersonitarum
1695 1396 1727 1450 ot

982 1483 1196 1547 Moraritarnm
1215 1502 1221 1546 :
1240 1493 1315 1547 tnnc
1331 1485 1438 1566 itaque
1459 1485 1624 1548 intrabunt
1644 1495 1727 1549 exte-

982 1583 1098 1645 riorem
1117 1583 1313 1645 tabernaculi
1334 1592 1466 1665 partem,
1484 1595 1521 1644 nt
1533 1595 1662 1662 portent
1679 1588 1728 1646 in-

982 1686 1114 1751 uolnta;
1138 1693 1167 1742 et
1191 1703 1256 1742 non
1282 1692 1416 1759 tanqant
1442 1704 1519 1742 vasa
1544 1686 1728 1743 sanctuarii

983 1781 1077 1856 nuda,
1096 1802 1136 1841 no
1151 1782 1336 1840 imitantur
1350 1799 1361 1842 .·
1376 1781 1452 1862 quia
1467 1781 1494 1842 si
1511 1789 1676 1862 tangerent
1690 1802 1727 1844 ea

178 1895 210 1937 rc
225 1874 346 1956 quietis
361 1882 539 1936 castrorum
554 1873 773 1956 discoopertus
791 1873 849 1934 sub
866 1872 928 1935 dio.
946 1885 968 1944 B
983 1879 1124 1941 nondum
1155 1879 1309 1955 involuta,
1337 1889 1535 1942 merc-rentur
1561 1881 1682 1962 plagari
1709 1902 1728 1944 a

176 1974 238 2037 lloc
254 1973 376 2036 dictum
391 1973 549 2054 approbat
564 1973 654 2054 Lyra,
667 1973 820 2053 additque
837 1990 843 2033 :
862 1972 928 2034 Fie-

176 2073 231 2135 hat
247 2071 345 2134 etiam
361 2071 421 2134 hoc
437 2071 548 2134 divino
564 2071 810 2152 mysterio,quia
826 2071 859 2132 in
877 2089 929 2152 po·

177 2172 254 2256 pulo
266 2171 323 2234 illo
335 2178 426 2233 erant
442 2170 596 2232 miracula
607 2171 752 2250 quaedam
764 2178 928 2232 transenn-

178 2271 233 2346 tia,
252 2268 336 2331 sicut
352 2268 468 2331 divisio
490 2267 586 2330 maris
603 2268 717 2342 Rubri3
736 2277 767 2331 ct
782 2269 926 2350 quaedam

177 2367 412 2451 permanentia,
451 2368 721 2448 quemadmodum
761 2368 927 2430 descensio

177 2487 311 2541 mannas,
322 2475 352 2528 et
369 2465 567 2529 continuatio
582 2466 678 2547 hujus
693 2465 776 2544 ignis
793 2465 862 2528 sine
878 2486 928 2528 cx·

177 2567 358 2630 stinctione.
372 2565 556 2627 Litteralins
573 2573 679 2626 tamen
696 2565 867 2646 veriusque
883 2565 927 2627 di-

176 2667 316 2729 cendum
330 2665 462 2738 ridetur,
473 2663 557 2745 quod
574 2682 611 2726 ex
626 2682 691 2744 quo
706 2663 926 2726 holocaustum

177 2765 239 2826 luit
267 2762 493 2844 dignissimum
525 2760 732 2838 sacrificium,
759 2761 830 2824 ideo
856 2779 927 2842 pro-

177 2873 248 2946 pter
258 2862 379 2925 dirinae
396 2860 606 2924 reverentiam
625 2861 812 2942 majestatis,
827 2861 926 2922 altare

176 2962 256 3024 illud
271 2970 335 3024 tam
347 2959 501 3042 praeclaro
513 2958 717 3041 operiebatur
730 2967 923 3039 tegumento.

982 1977 1126 2054 Domino,
1144 1986 1253 2040 contra
1273 1978 1343 2058 ejus
1364 1987 1558 2060 preceptum
1578 1981 1725 2056 agendo:

981 2078 1066 2158 quod
1092 2076 1153 2138 luit
1172 2079 1308 2157 jussum,
1327 2085 1361 2139 ut
1381 2078 1485 2140 cultus
1501 2077 1556 2140 bei
1578 2086 1609 2139 et
1629 2097 1729 2141 sacer-

982 2175 1115 2251 dotium,
1134 2175 1268 2256 cjusque
1289 2174 1511 2251 instrumenta,
1531 2175 1564 2237 in
1583 2195 1730 2238 reveren·

982 2275 1025 2336 tia
1036 2274 1228 2337 haberentur
1240 2267 1403 2356 maioriet
1418 2283 1548 2356 propter
1563 2276 1728 2357 mysticam

983 2374 1136 2436 rationem
1153 2373 1300 2453 sequenti
1314 2373 1449 2435 articulo
1466 2372 1689 2436 inducendam.

1021 2472 1089 2528 Ista
1102 2477 1179 2527 anni
1193 2487 1292 2527 encra
1305 2469 1451 2544 fitiorum
1460 2469 1561 2529 Cnath
1577 2471 1613 2528 in
1631 2470 1729 2528 taber-

981 2570 1097 2625 naculo
1112 2567 1244 2642 sederis
1259 2587 1271 2625 .·
1286 2566 1363 2646 quia
1382 2566 1523 2629 materia
1544 2567 1606 2629 illae
1628 2567 1728 2649 lmpo

982 2663 1139 2724 nubantur
1164 2682 1273 2725 corum
1299 2664 1440 2726 humeris
1465 2664 1667 2747 deportandae
1693 2665 1724 2726 in

982 2761 1084 2843 prima
1099 2781 1154 2823 sen
1171 2762 1318 2824 exteriori
1334 2761 1532 2825 tabernaculi
1549 2771 1658 2844 parte3
1675 2785 1726 2824 sn-
1773 2798 1775 2801 ·

977 2883 1038 2940 per
1057 2884 1134 2941 quos
1153 2864 1215 2921 crit
1233 2864 1374 2922 Eleazar
1393 2864 1484 2938 filins
1499 2865 1611 2922 Aaron
1626 2883 1725 2922 sacer-

979 2964 1073 3022 dotis.
1092 2961 1181 3024 Circa
1201 2961 1261 3022 hoc
1280 2960 1392 3022 scribit
1414 2960 1493 3040 Lyra
1510 2977 1517 3021 :
1533 2960 1724 3023 Praecedcnti

215 3069 408 3144 Ponentqne
423 3066 459 3124 in
479 3085 514 3123 eo
536 3084 624 3135 vasa,
642 3065 760 3140 (paribus
778 3065 813 3122 in
830 3065 926 3122 rnini-
941 3071 962 3133 C
980 3060 1120 3142 capitulo
1136 3060 1256 3122 dictum
1268 3059 1411 3140 estquod
1423 3066 1490 3120 erat
1505 3079 1602 3141 super
1613 3077 1724 3122 ornnes
1738 3074 1871 3125 Namnasa

173 3167 273 3226 sterio
288 3164 359 3240 ejus
376 3173 525 3230 crescatur,
544 3161 576 3223 id
592 3169 640 3224 est
656 3161 689 3223 in
705 3161 876 3224 sacrifieiis
894 3169 927 3222 et

176 3261 453 3327 immolationibus
468 3280 539 3342 quae
556 3261 589 3322 in
605 3259 665 3322 isto
684 3259 805 3323 fiebant
820 3260 922 3336 altari,

176 3367 212 3424 id
231 3372 278 3424 cst
299 3363 430 3438 ipninrn
450 3363 662 3437 receptacula,
681 3359 713 3421 id
737 3367 784 3422 est
810 3359 925 3421 instru-

175 3470 284 3525 menta
307 3479 363 3522 seu
384 3479 469 3534 vasa,
488 3458 521 3520 in
542 3458 659 3539 quibus
679 3459 857 3521 sacerdotes
874 3475 926 3539 po

176 3566 311 3624 suerunt
340 3576 459 3640 prunas
489 3556 648 3632 ardentes,
676 3575 755 3637 quas
784 3556 823 3618 de
852 3555 925 3636 igne

175 3659 286 3723 altaris
301 3658 559 3720 holocaustorum
576 3664 791 3738 sumpserunt,
809 3674 925 3736 easque

177 3759 321 3821 tulerunt
346 3755 379 3817 in
404 3753 646 3817 tabernaculum
671 3755 710 3815 ad
735 3753 833 3816 altaro
858 3754 926 3835 thy-

177 3855 404 3920 miamatissen
421 3852 603 3928 incensi,ad
614 3842 925 3934 cremandumsupcr

177 3956 256 4019 illud
280 3955 386 4036 ipsum
407 3951 580 4033 thymiama
595 3969 707 4024 suarm
729 3952 924 4028 fascinulas,

176 4061 346 4138 quaesunt
369 4051 590 4123 instrumenta,
617 4049 735 4130 quibus
758 4050 852 4131 coqui
875 4070 925 4112 ex-

177 4155 307 4216 trahunt
327 4152 366 4213 dc
387 4148 525 4213 caldaria
545 4167 678 4222 carnos;
699 4169 737 4208 ac
760 4152 923 4221 tridentes,

980 3160 1114 3236 Levitas,
1133 3177 1207 3240 ergo
1228 3177 1292 3221 non
1313 3158 1416 3220 solum
1438 3177 1534 3240 super
1554 3159 1722 3222 Caatbitas.

979 3258 1025 3321 hd
1045 3260 1131 3340 quod
1151 3259 1332 3341 respondet,
1349 3258 1435 3338 quod
1457 3266 1524 3319 crat
1540 3277 1636 3341 super
1651 3258 1725 3321 Caa-

981 3360 1074 3422 thitas
1091 3358 1283 3431 immediate,
1295 3376 1392 3438 super
1406 3355 1586 3420 Gersonitas
1602 3377 1678 3420 roro
1693 3365 1725 3420 at

979 3454 1724 3538 Moraritasmediatc.Ouocircasciendum,quod

979 3557 1171 3639 praecedenti
1186 3555 1325 3637 capitulo
1341 3555 1386 3617 sic
1402 3554 1556 3618 habetur:
1574 3555 1723 3636 Princeps

978 3665 1083 3719 autem
1109 3655 1290 3738 principum
1317 3653 1497 3716 heritarum
1518 3654 1655 3716 Eleazar.
1678 3655 1723 3716 Ex

979 3754 1171 3818 Scholastica
1186 3772 1314 3834 quoque
1329 3752 1461 3814 historia
1475 3752 1646 3832 allegatum
1666 3762 1721 3830 est,

978 3855 1064 3935 quod
1089 3853 1238 3916 Caathitae
1260 3851 1316 3933 qui
1342 3851 1541 3919 excubabant
1565 3851 1603 3912 ad
1629 3853 1724 3914 meri·

978 3954 1073 4030 diem,
1085 3961 1174 4015 crant
1189 3950 1248 4013 sub
1263 3950 1406 4013 custodia
1421 3949 1723 4027 Eleazari‚Ger·soni-

979 4063 1017 4117 tae
1027 4061 1133 4116 autem
1144 4060 1175 4114 et
1184 4048 1334 4112 lderaritae
1345 4048 1405 4111 sub
1415 4049 1558 4111 custodia
1570 4050 1719 4114 ithamar:

980 4153 1043 4215 imo
1061 4153 1121 4214 hoc
1145 4150 1230 4212 inira
1254 4149 1288 4210 in
1313 4149 1373 4211 isto
1395 4147 1535 4229 capitulo
1557 4149 1721 4214 evidenter

176 4254 323 4313 uncinos.
356 4249 488 4310 'iridens
518 4255 566 4310 est
596 4247 843 4309 instrumentum
873 4249 1135 4317 ha-ltnarratnr.
1163 4249 1271 4330 itaquo
1297 4248 1489 4331 praecedenli
1514 4249 1653 4330 capitulo
1679 4251 1725 4313 di.

178 4353 255 4414 bens
287 4359 351 4412 tres
381 4349 503 4410 dentes
532 4349 574 4408 nt
599 4348 724 4416 batilla,
752 4365 823 4427 quae
850 4358 925 4412 sunt

178 4473 261 4528 rasa,
290 4448 466 4531 inquibus
493 4452 660 4528 portantur
685 4444 837 4508 carbones
868 4468 923 4511 seu

177 4569 298 4633 prunae.
322 4549 418 4611 Porro
440 4547 474 4607 in
500 4545 606 4607 Exodo
632 4561 696 4606 non
720 4545 924 4610 nominantur

178 4649 342 4724 tridentes,
371 4645 481 4709 uncini
510 4653 606 4726 atque
632 4643 755 4719 batilla,
783 4646 837 4706 sod
862 4646 924 4710 alia

176 4748 322 4829 quaedam
346 4765 410 4808 non
432 4763 581 4826 expressa
603 4743 662 4806 hoc
685 4743 765 4818 loco,
784 4752 860 4824 puta
885 4745 925 4808 le

177 4845 276 4922 batos,
288 4845 323 4906 in
338 4843 457 4926 quibus
474 4842 674 4924 ponebantur
689 4861 762 4924 quae
777 4861 815 4904 ex
832 4845 925 4906 sacri-

176 4944 326 5008 ficiorum
342 4942 563 5006 combustione
583 4941 615 5003 in
635 4941 727 5004 altari
742 4941 923 5005 holocausti

175 5048 373 5118 manserunt,
393 5040 530 5122 forcipes
550 5047 646 5121 atque
667 5040 820 5103 craticula
837 5061 924 5104 aenca

175 5142 275 5205 instar
297 5140 375 5204 retis
397 5139 541 5202 formata.
567 5141 688 5199 Cuncta
710 5160 786 5200 vasa
807 5143 924 5202 altaris

174 5227 434 5304 holocaustorum
462 5240 606 5315 operient
636 5239 735 5297 sireni
764 5242 924 5300 oelarnine

175 5327 469 5418 hyacinthinarum
480 5339 630 5416 pellium.
790 5341 791 5346 ’

979 4361 1064 4414 ctum
1077 4357 1134 4426 est,
1143 4349 1229 4430 quod
1241 4347 1368 4410 Eleazar
1380 4346 1509 4429 praeluit
1521 4348 1723 4431 principibus

979 4450 1170 4525 heritarum,
1192 4448 1282 4529 juxta
1306 4465 1435 4508 sensum
1461 4446 1495 4508 in
1524 4448 1722 4530 expositione

979 4547 1186 4633 praecedentis
1202 4544 1333 4626 capituli
1350 4543 1576 4607 introductum.

1018 4651 1073 4708 Art
1087 4647 1181 4724 anq'nc
1191 4642 1330 4705 Eleazari
1345 4661 1457 4702 caram
1469 4647 1610 4719 pertinet
1619 4650 1723 4707 olcnm

978 4751 1022 4807 ad
1041 4746 1292 4814 concinnandas,
1310 4741 1341 4803 id
1362 4748 1409 4803 est
1429 4745 1665 4824 componendas
1686 4765 1723 4808 ac

979 4843 1143 4919 fovendas,
1176 4847 1335 4910 lacernas,
1364 4859 1436 4920 quat
1464 4858 1561 4922 super
1590 4862 1722 4906 aureum

978 4952 1067 5007 erant
1097 4940 1333 5005 candelabrum.
1364 4938 1475 5002 Oleum
1505 4949 1611 5002 autem
1641 4940 1721 5005 illud

979 5044 1040 5105 luit
1064 5043 1104 5104 de
1129 5039 1285 5102 fructibus
1310 5038 1460 5101 arborum
1482 5039 1650 5102 olivarum.
1671 5042 1724 5104 lle-
1790 5047 1800 5054 '

978 5142 1076 5224 nique
1097 5141 1130 5201 in
1150 5139 1256 5201 Exodo
1276 5137 1429 5198 Dominus
1450 5137 1541 5217 jubet
1560 5157 1568 5201 ι
1586 5139 1724 5202 Colloca-
1762 5157 1838 5201 aaa

979 5243 1059 5303 bunt
1088 5259 1168 5313 eam,
1199 5243 1276 5319 puta
1300 5235 1473 5313 lucernam,
1506 5236 1571 5300 imo
1600 5247 1721 5320 septem
1736 5234 1799 5272 ¹¹'¹'·
1813 5225 1849 5264 ²¹·

979 5339 1124 5402 lucernas
1150 5331 1333 5398 candelabri
1358 5334 1448 5395 aurei
1473 5335 1577 5398 Aaron
1603 5345 1634 5399 et
1659 5335 1722 5400 lilii
