4309 6259
316 693 397 737 866666

291 756 416 812 spiritualis.

434 489 494 552 630
749 507 922 553 manuario
944 507 974 552 m
995 508 1063 553 car.
1087 507 1161 551 mr
1179 505 1415 551 namanonornr.
1436 525 1478 535 —
1497 505 1569 551 anr.
1592 505 1667 551 xxix

477 675 699 757 spiritualiter,
715 677 821 754 irater,
840 678 871 739 id
887 686 934 739 est
950 679 1052 740 bouus
1069 676 1179 760 prela·
1192 676 1217 737 h
1232 695 1296 758 qua
1310 676 1391 738 alios
1413 677 1445 738 iu
1468 677 1592 740 Christo
1613 685 1788 758 regenerat,
1804 676 1976 752 convertit,

439 774 601 850 tus,debet
612 774 702 836 lratri
714 794 771 839 suo
782 775 984 851 deiunct0,id
996 785 1043 838 est
1053 776 1178 839 Christo
1234 774 1403 852 salvificat,
1421 794 1623 856 corrumpere
1638 784 1670 837 et
1685 775 1853 858 reprobare
1867 776 1980 837 studu-

437 881 566 954 propter
582 892 639 937 nos
654 873 821 950 crucifixo,
843 874 996 936 suscitare
1015 893 1124 937 semen
1140 874 1179 936 (16
1233 873 1305 949 erit,
1322 873 1516 954 amputanda
1531 882 1579 935 est
1594 873 1755 955 impudica
1770 874 1980 956 presumptio

437 971 537 1053 ipsius
559 991 666 1050 uxore,
683 973 715 1034 id
735 981 781 1034 est
798 973 837 1035 de
859 972 1010 1048 Ecclesia,
1027 975 1104 1054 quia
1123 992 1179 1054 pcr
1233 972 1315 1052 ejus.
1333 975 1491 1033 Memento
1512 993 1584 1051 que
1604 973 1716 1049 secent
1738 975 1798 1031 tibi
1817 977 1953 1033 Amalec
1966 991 1979 1032 .·

436 1070 650 1134 ecclesiastica
674 1080 878 1147 sacramenta,
896 1080 926 1134 et
949 1091 1005 1155 per
1030 1072 1180 1154 praedica-
1234 1071 1266 1132 id
1277 1070 1586 1146 est,nocumentaah
1603 1069 1819 1133 invisibilibus
1832 1070 1979 1134 hostibus

436 1168 550 1244 tiones,
574 1169 744 1245 orationes,
769 1178 941 1250 sanctaque
965 1188 1062 1252 opera
1085 1170 1180 1232 debet
1235 1168 1293 1230 tibi
1318 1168 1407 1230 illata
1431 1169 1604 1250 perpende,
1621 1168 1662 1231 ab
1686 1187 1724 1232 66
1749 1177 1978 1250 temporeque

434 1267 552 1350 jugiter
568 1267 691 1348 aliquos
715 1267 922 1350 spiritualiter
944 1287 1131 1349 regenerare
1146 1269 1179 1329 in
1234 1267 1274 1329 dc
1299 1265 1438 1329 tenebris
1459 1267 1567 1330 seculi
1591 1267 1678 1330 exire
1698 1267 1837 1349 coepisti.
1859 1267 1978 1340 Quum-

436 1365 498 1428 Dec
516 1383 522 1426 :
541 1366 625 1446 quod
642 1365 668 1427 si
685 1364 790 1429 lacere
805 1367 989 1446 neglexerit,
1001 1368 1118 1448 dignus
1132 1376 1181 1429 est
1234 1364 1345 1446 quein
1361 1363 1534 1426 virtutibus
1550 1373 1583 1426 et
1599 1363 1693 1428 donis
1713 1364 1850 1446 Spiritus
1868 1363 1976 1426 Sancti

437 1471 471 1524 ut
487 1463 627 1526 Ecclesia
649 1473 803 1545 conspuat
825 1484 909 1526 eum.
928 1465 1032 1528 Potest
1052 1485 1180 1547 quoquc
1234 1462 1420 1545 proieceris,
1443 1464 1482 1525 (16
1508 1462 1564 1526 ille
1586 1463 1705 1544 injuria
1725 1482 1762 1527 ac
1788 1463 1978 1528 damnitica-

434 1577 493 1642 'per
519 1560 648 1624 tratrem
679 1560 881 1640 defunctum,
907 1563 1103 1645 quicumque
1127 1583 1182 1646 pa·
1236 1563 1322 1625 tione
1348 1570 1378 1624 te
1403 1560 1542 1638 vindica,
1569 1562 1746 1624 resistendo
1766 1561 1855 1624 omni
1876 1571 1978 1625 tenta-

437 1669 512 1736 stor,
524 1660 650 1742 praesul,
662 1680 717 1723 seu
734 1661 1010 1742 presidens,viam
1023 1663 1180 1725 universae
1235 1660 1314 1724 tioni
1340 1679 1376 1722 ac
1401 1659 1491 1735 vitio,
1510 1667 1597 1722 tauto
1618 1659 1743 1722 virilius
1767 1669 1799 1722 ct
1823 1669 1913 1724 tanto
1931 1681 1979 1722 ar-

436 1758 540 1821 caruis
553 1757 725 1839 ingressus
739 1759 877 1840 intelligi
891 1778 897 1822 :
911 1779 974 1841 quo
985 1762 1181 1837 mortuo,de
1234 1759 1362 1823 dentius
1386 1759 1603 1821 indesinenter
1627 1759 1837 1841 proficiendo,
1858 1769 1979 1841 quanto

436 1856 490 1920 bct
508 1855 538 1919 ei
558 1857 638 1919 alter
653 1856 687 1917 in
704 1857 872 1939 praelatura
888 1860 1067 1935 succedere,
1085 1868 1181 1940 atque
1200 1858 1383 1922 Bhostilius
1403 1866 1434 1920 et
1453 1858 1559 1921 acrius
1574 1858 1614 1921 ab
1631 1858 1686 1921 illo
1705 1875 1740 1920 cs
1760 1857 1978 1940 impugnatus,

437 1974 474 2017 rx
494 1971 589 2034 grege
604 1955 692 2016 illius
711 1955 835 2019 Christo
856 1955 1052 2020 iructilicare
1070 1974 1076 2018 :
1095 1960 1180 2039 quod
1235 1957 1291 2039 qui
1303 1965 1460 2019 extremos
1474 1956 1613 2037 agminis
1628 1955 1847 2020 seudominici
1862 1957 1980 2037 gregis,

437 2053 463 2114 si
488 2052 592 2115 lacere
615 2053 705 2131 nolit,
729 2054 814 2136 apud
839 2054 1018 2136 superiores
1038 2056 1180 2118 accusari
1236 2064 1313 2139 puta
1327 2055 1462 2137 pusillos
1477 2064 1509 2118 et
1529 2055 1730 2137 incipientes,
1748 2056 1918 2138 specialius
1938 2055 1983 2118 la-

437 2161 587 2214 mcretur.
606 2155 645 2213 Si
669 2156 844 2214 habuerint
869 2156 957 2213 inter
979 2175 1010 2213 se
1024 2155 1182 2231 jnrpium
1236 2154 1393 2234 ciliusque
1417 2163 1639 2235 expugnatae
1665 2152 1762 2229 lallit,
1787 2155 1889 2218 donec
1914 2174 1982 2219 crn-

438 2251 504 2310 oiri
519 2271 530 2310 :
546 2250 606 2313 hoc
621 2259 680 2326 cst,
693 2251 719 2313 si
735 2250 914 2315 Catholicus
929 2271 966 2314 ac
983 2251 1127 2332 pertidus
1139 2253 1183 2314 in·
1238 2253 1314 2316 nino
1336 2271 1466 2334 superes
1486 2252 1589 2314 illurn.
1606 2252 1691 2314 lstud
1711 2252 1851 2334 prelatis
1872 2253 1983 2335 praeci-

437 2356 484 2410 tcr
500 2367 533 2411 se
545 2348 802 2431 disceptaverint,
814 2358 845 2411 ct
860 2349 994 2413 ecclesia
1009 2351 1183 2432 malignan—
1237 2370 1299 2434 pue
1321 2350 1448 2426 dicitur,
1466 2350 1521 2432 qui
1544 2349 1705 2413 laesionem
1729 2349 1983 2433 uniuscujusque

438 2447 516 2508 tium
533 2447 749 2511 haeresiarche
764 2448 946 2529 conjuncta,
964 2449 1183 2531 apprehende
1237 2449 1297 2512 sihi
1314 2448 1487 2525 commissi,
1505 2449 1595 2530 quasi
1617 2449 1777 2531 propriam
1793 2449 1913 2512 dehent
1925 2451 1983 2514 de

437 2544 1181 2622 ritverendaCatholici,idestdoctrinamsuem
1237 2549 1312 2610 lere.

959 2932 1283 3018 ARTICULUS
1321 2935 1465 3018 XXIX

540 3161 717 3222 alucinanti
740 3178 913 3223 tirrannus
935 3179 1072 3224 carleuil
1095 3179 1224 3223 l'lCESllll
1247 3178 1334 3223 suari
1356 3179 1363 3223 :
1388 3179 1529 3233 cettheus
1551 3181 1731 3226 turflnvunts
1752 3183 1887 3228 tannen.

519 3427 651 3492 OYSES
666 3429 753 3491 omni
770 3429 927 3492 industria
946 3430 1007 3492 sibi
1025 3430 1183 3512 possibili,
1200 3432 1222 3494 C
1238 3435 1619 3508 Profiteorhodr'eeorum
1627 3437 1837 3496 DonainoDeo
1849 3438 1985 3500 tuaene

528 3527 731 3590 israeliticam
748 3528 874 3610 plebem
890 3528 929 3590 ab
944 3528 1125 3592 idololatria
1140 3548 1185 3591 re·
1239 3529 1395 3610 professio
1417 3550 1472 3592 seu
1496 3531 1671 3610 recognitio
1695 3531 1792 3594 liebat
1815 3533 1848 3594 iu
1868 3537 1985 3600 atrioc

443 3626 565 3689 trahere
582 3626 670 3688 nisus
686 3635 757 3690 est:
782 3626 900 3690 idcirco
922 3646 1006 3690 nunc
1026 3628 1128 3710 jubet,
1150 3637 1186 3690 ut
1238 3627 1365 3690 diverso
1390 3628 1499 3690 altaris
1524 3629 1802 3706 holocaustorum
1826 3637 1914 3711 queat
1934 3637 1993 3695 ire·

442 3724 510 3788 loco
530 3733 562 3787 et
583 3734 724 3806 tempore
743 3733 922 3807 opportuno
944 3726 1104 3789 beneficia
1122 3727 1184 3790 sibi
1235 3746 1362 3802 pressus
1386 3729 1449 3787 sina
1470 3730 1505 3787 r'n
1533 3738 1665 3797 terrern,
1686 3749 1746 3805 pro
1766 3751 1831 3808 qua
1847 3731 1984 3808 juravit

440 3824 577 3904 desuper
587 3823 937 3906 impertitasolenniter
948 3836 1182 3905 recognoscant,
1240 3824 1391 3886 Dominus
1413 3827 1564 3904 patribus
1588 3829 1716 3898 nostris,
1738 3832 1889 3890 uerteret
1912 3852 1982 3891 eam

440 3930 598 4002 quatenus
610 3922 642 3983 in
655 3921 740 3984 illius
752 3923 916 3985 dumtaxat
927 3933 1111 3987 remaneant
1121 3925 1185 3988 cul·
1239 3921 1440 3986 ›tobisl’orro
1452 3925 1548 3986 ileum
1565 3924 1785 3988 universorum
1803 3929 1987 4009 specialiter

441 4027 512 4095 tu,a
523 4037 586 4100 quo
603 4027 648 4082 tot
664 4020 746 4082 hona
757 4039 790 4082 sc
801 4030 986 4084 consecutos
997 4030 1181 4103 agnoscunt.
1240 4020 1535 4084 nominatoilerens
1546 4023 1713 4084 isteDeum
1724 4025 1987 4108 sacerdotisquia

443 4121 610 4198 Qumnque
633 4121 806 4179 intraueris
833 4130 950 4180 terrem
967 4119 1025 4181 tibi
1050 4122 1185 4202 promis·
1239 4139 1257 4181 a
1273 4120 1490 4182 sacerdotibus
1506 4119 1665 4202 praecipuc
1679 4130 1728 4183 est
1743 4123 1908 4186 colendus.

441 4235 520 4292 sam,
537 4227 566 4278 et
582 4219 759 4278 obtinueris
774 4239 858 4287 eom,
874 4228 969 4298 atque
988 4223 1185 4281 habitaveris
1275 4221 1524 4297 Susrt'pt'erasque
1532 4223 1678 4280 sacerdos
1687 4225 1863 4283 cartallum
1872 4227 1913 4283 rte
1923 4245 1987 4284 arra·

442 4317 477 4372 in
494 4335 530 4374 ee
541 4339 554 4386 ,·
570 4319 658 4376 tolles
672 4319 711 4374 de
726 4318 849 4377 eunctis
864 4319 1017 4394 frugibus
1038 4321 1103 4378 tuis
1114 4323 1185 4397 pri-
1239 4337 1284 4377 nu
1302 4327 1371 4386 tuo,
1388 4315 1420 4378 in
1431 4335 1495 4398 quo
1506 4316 1656 4398 primitiae
1673 4319 1783 4399 positae
1799 4327 1886 4396 sunt,
1897 4325 1985 4404 quud

441 4415 564 4484 mr'tr'os,
580 4414 612 4475 id
634 4422 683 4476 est
698 4414 879 4496 primitivos
895 4424 991 4496 atque
1007 4417 1184 4498 praecipuos
1238 4414 1380 4478 ollerens
1391 4434 1498 4478 secum
1516 4416 1664 4498 portavit,
1677 4429 1775 4494 ponet
1789 4429 1866 4480 ante
1880 4426 1985 4483 attare

442 4510 579 4588 tructus,
607 4512 759 4594 quoniam
792 4513 985 4593 elegantiora
1016 4513 1184 4577 ollerenda
1237 4513 1415 4576 holocausti
1435 4514 1469 4574 in
1485 4513 1633 4589 atrio;et
1649 4517 1786 4594 loqueris
1807 4520 1842 4578 in
1858 4539 1984 4597 conatae

440 4618 514 4671 sunt
528 4611 674 4687 Domino,
686 4623 715 4672 et
725 4633 825 4689 pones
841 4615 876 4673 tn
892 4617 1039 4682 cartello,
1052 4613 1111 4675 hoc
1126 4622 1181 4690 est,
1199 4616 1223 4676 D
1237 4622 1291 4672 ctu
1306 4613 1440 4672 Dormrn‘
1455 4614 1516 4672 Det
1532 4613 1581 4671 tui
1595 4630 1607 4673 .·
1626 4612 1681 4692 qui
1698 4615 1846 4693 quamvis
1863 4615 1982 4697 ubique

440 4727 514 4770 vase
536 4709 677 4774 vimineo
701 4711 876 4773 secundum
897 4709 1050 4788 Glossam,
1069 4731 1125 4773 seu
1150 4711 1183 4774 in
1237 4710 1289 4784 sit,
1307 4709 1488 4791 specialiter
1514 4717 1619 4772 tamen
1645 4710 1677 4771 in
1704 4709 1773 4774 loco
1799 4731 1857 4775 suc
1880 4715 1979 4777 cultui

440 4807 578 4870 canistro
598 4808 638 4869 de
657 4808 814 4872 caricibus
835 4809 919 4873 iacto
932 4833 939 4884 3
954 4831 1126 4890 perpesque
1141 4816 1184 4871 ad
1237 4816 1431 4870 consecratu.
1457 4813 1562 4885 Syrus
1582 4813 1833 4889 persequebatur
1853 4824 1980 4889 petrem

440 4910 554 4978 locunt,
579 4907 612 4968 in
637 4921 701 4988 quo
728 4909 967 4971 tabernaculum
990 4909 1041 4971 [lei
1064 4917 1112 4971 est
1133 4910 1181 4972 vel
1237 4927 1353 4976 neum,
1367 4906 1399 4967 id
1414 4915 1473 4982 cst,
1486 4905 1591 4968 habau
1606 4926 1678 4968 curn
1694 4908 1759 4969 suis
1775 4911 1919 4991 cognatis
1935 4912 1980 4972 in·

439 5005 604 5088 templum,
622 5027 715 5084 quem
738 5011 896 5070 Donttnus
918 5013 1002 5070 Deus
1029 5020 1104 5070 tuus
1127 5015 1184 5070 ete·
1237 5014 1363 5068 secutus
1389 5014 1436 5067 est
1453 5005 1548 5067 Jacob
1570 5005 1780 5086 patriarcham
1804 5006 1976 5089 lugientem

434 5107 533 5182 perit,
549 5115 585 5165 ut
606 5107 654 5164 ibi
673 5108 839 5166 invocetur
854 5127 969 5168 nornen
983 5111 1077 5186 ejus,·
1099 5129 1184 5168 acee—
1236 5123 1273 5166 ex
1289 5104 1369 5166 urbe
1390 5103 1496 5166 Leban
1514 5103 1594 5185 Syri,
1617 5104 1672 5185 qui
1695 5105 1735 5166 de
1756 5105 1975 5188 Mesopotamia

423 5206 552 5284 desque
562 5206 606 5264 act
615 5207 808 5265 sacerdotem
820 5204 866 5266 ihi
883 5213 957 5267 tuuc
968 5205 1179 5283 elliciantem,
1236 5202 1334 5284 Syrie
1354 5211 1446 5264 natus
1462 5211 1521 5264 est.
1537 5201 1617 5264 llinc
1637 5201 1790 5283 scripturn
1813 5205 1907 5266 estin
1923 5223 1976 5266 ve

2021 5263 2028 5275 ἱ

437 5305 495 5383 put
509 5303 613 5380 fuerit
629 5304 664 5362 in
679 5305 791 5363 diebus
806 5305 925 5374 illicet
939 5307 1025 5365 (tices
1036 5308 1081 5365 oct
1090 5325 1182 5365 enm:
1238 5301 1359 5364 lumine
1383 5300 1539 5363 Gencscos
1557 5319 1563 5363 :
1582 5300 1760 5382 Assumptis
1784 5302 1891 5365 haban
1914 5302 1974 5364 ira·
1991 5265 2122 5367 abmh
