4309 6259
846 484 1023 531 erheuenne
1045 486 1075 531 ut
1097 486 1348 532 pantateuchum.
1371 504 1411 515 -·-
1432 486 1502 531 aar.
1527 486 1548 531 ll

992 882 1316 1023 anticanus
1354 884 1397 966 Il

675 1158 714 1203 DE
734 1157 941 1203 ulsrtuc'rtouu
963 1156 1047 1203 trois
1069 1157 1181 1202 bttlrtru
1202 1157 1233 1202 ΙΝ
1255 1158 1352 1203 LEGEM
1374 1158 1530 1213 subleuari
1552 1159 1589 1204 ΕΤ
1610 1158 1724 1205 Novam.

490 1440 554 1499 EX
567 1458 627 1515 per
643 1440 774 1515 Moysen
789 1440 868 1498 dcta
882 1448 939 1508 est,
951 1440 1063 1515 pratia
1078 1447 1113 1497 ct·
1123 1458 1172 1497 vc·
1186 1432 1212 1495 Α
1227 1432 1373 1511 intrasse,
1395 1444 1429 1498 ut
1453 1435 1630 1499 abundaret
1651 1437 1816 1515 delictum,
1833 1447 1867 1502 et
1885 1440 1970 1522 quod

500 1537 582 1597 ritas
604 1556 663 1613 prr
682 1539 790 1597 lesum
817 1539 979 1597 Christum
1004 1540 1092 1615 sacta
1114 1546 1169 1597 est.
1227 1539 1391 1614 peccatum
1406 1552 1462 1615 per
1472 1553 1541 1597 eam
1557 1534 1682 1611 revixit,
1692 1543 1723 1598 et
1735 1536 1972 1601 administratio
1993 1568 2107 1610 nomn

428 1634 540 1697 loann.
559 1651 579 1709 r,
599 1633 647 1695 l7.
1228 1632 1339 1695 mortis
1364 1641 1504 1709 vocatur,
1521 1641 1552 1695 et
1572 1633 1634 1695 alia
1656 1636 1800 1715 quadam
1821 1636 1862 1699 de
1877 1656 1916 1699 ea
1931 1636 1972 1700 le
1986 1665 2108 1713 ricottis.

469 1733 502 1795 ln
518 1732 578 1795 hoe
593 1732 691 1794 verbo
707 1732 817 1795 beatus
832 1732 1028 1813 evangelista
1036 1733 1172 1795 loannes
1227 1740 1356 1811 guntur,
1369 1750 1439 1812 quaa
1457 1750 1519 1795 non
1535 1741 1610 1794 sunt
1625 1732 1833 1815 intelligenda
1848 1734 1973 1799 effecti·

430 1830 582 1906 insinuat,
607 1832 755 1894 eumdem
782 1850 851 1894 esse
881 1850 972 1895 novae
996 1850 1032 1894 ac
1056 1830 1173 1895 veteris
1228 1848 1277 1907 ve,
1302 1831 1356 1893 sed
1380 1820 1621 1894 Occasionaliter
1646 1840 1678 1895 et
1702 1833 1919 1910 consecutive,
1935 1853 1972 1897 eo

431 1929 509 2009 legis
524 1936 696 1993 auctorem.
710 1930 772 1991 Lex
787 1928 873 1992 enim
890 1938 980 1992 vetus
995 1929 1078 1992 bona
1094 1936 1172 2004 erat,
1228 1929 1312 2009 quod
1336 1929 1384 1991 lex
1407 1930 1539 2009 gratiam
1559 1948 1622 1993 non
1639 1930 1784 2009 contulit,
1803 1951 1972 2014 perquam

283 2050 415 2099 amena.
431 2027 556 2090 dicente
571 2027 722 2109 Apostolo
739 2045 746 2089 :
765 2028 871 2109 ltaque
891 2028 941 2090 lex
960 2028 1088 2109 quidem
1106 2046 1174 2089 san·
1229 2026 1366 2108 illaquae
1380 2026 1678 2111 pracepit,impleri
1694 2038 1838 2111 possent3
1851 2039 1884 2093 et
1898 2032 1975 2111 quia

430 2135 490 2202 cta,
515 2134 547 2188 et
568 2126 753 2188 mandatum
775 2134 918 2189 sanctum
942 2135 972 2189 et
996 2127 1117 2207 justum
1143 2134 1174 2188 et
1229 2133 1392 2207 peccatum
1416 2134 1488 2207 post
1509 2126 1741 2206 legislationem
1760 2128 1891 2209 gravius
1906 2138 1973 2192 erat

430 2225 560 2287 bonum.
578 2224 655 2286 Nam
678 2224 728 2286 len
743 2233 834 2287 vetus
857 2224 1000 2287 illicitam
1023 2224 1174 2306 concupi·
1228 2243 1323 2305 quam
1348 2233 1442 2299 ante;
1459 2235 1491 2287 et
1512 2225 1599 2302 item,
1617 2226 1693 2307 quia
1713 2226 1785 2289 talis
1800 2236 1849 2290 est
1865 2237 1973 2291 nostra

429 2322 583 2388 scentiam
599 2331 630 2385 et
654 2323 761 2386 omnia
776 2332 904 2405 peccata
919 2332 1080 2403 quaesunt
1100 2342 1174 2387 con·
1229 2323 1431 2404 perversitas,
1449 2324 1535 2404 quod
1550 2343 1587 2386 ea
1602 2343 1674 2405 quae
1693 2324 1784 2388 nobis
1800 2327 1974 2408 prohiben-

430 2431 478 2484 tra
501 2421 668 2498 rationem,
687 2420 860 2502 prohibuit.
885 2422 947 2485 Lex
968 2440 1043 2502 crgo
1064 2422 1174 2484 divina
1230 2430 1291 2496 tur,
1312 2420 1532 2483 vehementius
1558 2420 1784 2484 desideramus.
1802 2422 1874 2487 Hac
1898 2442 1973 2503 ergo
2133 2482 2134 2515 ,

430 2539 486 2603 per
517 2538 632 2582 novam
658 2527 689 2582 et
714 2528 852 2581 veterem
879 2520 979 2600 legem
1006 2519 1171 2597 dividitur,
1228 2518 1351 2582 occasio
1369 2536 1431 2581 non
1447 2527 1494 2581 est
1509 2538 1547 2581 cx
1562 2525 1652 2600 parte
1673 2520 1864 2599 legislatoris
1887 2523 1970 2598 data,
1989 2547 2109 2591 nonem.
2133 2564 2134 2607 3

430 2637 494 2681 non
519 2617 611 2698 quasi
636 2636 693 2699 per
722 2616 884 2699 oppositas
914 2618 1047 2700 species,
1073 2638 1173 2700 quum
1193 2619 1283 2682 Bsed
1298 2616 1338 2679 ab
1353 2616 1537 2680 hominibus
1552 2626 1689 2699 sumpta.
2133 2610 2134 2635 l

431 2716 597 2797 utriusque
614 2716 693 2797 legis
708 2716 748 2777 sit
771 2734 871 2779 unum
887 2716 1094 2799 principium,
1111 2718 1172 2780 sci·
1268 2716 1422 2796 Denique,
1439 2715 1489 2777 lex
1507 2724 1598 2779 vetus
1618 2717 1852 2780 demonstratur
1871 2738 1891 2781 a
1910 2720 1974 2783 Deo

431 2816 505 2879 licet
520 2815 613 2893 lleus,
628 2823 660 2877 et
677 2833 759 2876 unus
776 2813 862 2891 finis,
880 2814 1001 2878 scilicet
1016 2815 1171 2893 Christus,
1228 2814 1436 2896 collata,quia
1448 2815 1487 2877 ad
1502 2815 1661 2878 Christum
1677 2816 1845 2898 disposuit.
1854 2818 1972 2895 Primo,

430 2914 485 2976 sed
512 2912 596 2975 sicut
620 2931 676 2994 per
701 2912 924 2994 imperfectum
953 2922 1048 2994 atque
1072 2912 1175 2995 perfe-
1228 2914 1354 2996 quiade
1371 2912 1441 2995 ipso
1452 2913 1670 2976 testimonium
1684 2914 1975 2998 perhibuit‚quem-

429 3020 525 3077 ctum.
535 3010 637 3084 Quum
652 3010 737 3073 enim
755 3009 834 3073 finis
851 3010 930 3092 legis
947 3011 999 3089 sit,
1011 3012 1074 3074 Deo
1089 3011 1173 3074 uniri
1228 3012 1399 3075 admodum
1424 3010 1567 3075 Christus
1595 3010 1710 3075 fatetur
1735 3030 1742 3073 ε
1766 3012 1896 3095 Oportet
1915 3014 1974 3075 im·
2002 3041 2107 3087 menn,
2133 3070 2134 3081 ἶ

430 3119 461 3174 ot
485 3109 562 3185 frui,
581 3108 636 3171 illa
659 3109 776 3171 dicitur
802 3109 852 3171 lex
877 3108 1027 3191 perfecta,
1045 3129 1116 3191 qua
1138 3130 1175 3173 ea
1230 3110 1311 3193 pleri
1334 3109 1533 3191 omniaque
1559 3109 1677 3192 scripta
1700 3120 1775 3173 sunt
1796 3110 1830 3174 in
1851 3112 1921 3193 lege
1942 3122 1974 3175 rt
1991 3106 2023 3145 “·

429 3208 566 3272 includit
583 3226 640 3290 por
654 3227 726 3288 que
743 3208 840 3271 homo
857 3210 896 3270 ad
915 3208 968 3270 [lei
989 3208 1174 3272 fruitionem
1229 3209 1393 3291 Prophetis
1409 3217 1441 3271 et
1455 3208 1587 3271 Psalmis
1601 3209 1641 3272 de
1656 3210 1763 3273 malit
1778 3210 1855 3273 alibi
1866 3230 1873 3274 :
1884 3212 1975 3275 Seru·
2010 3239 2108 3281 amn.
2133 3226 2134 3273 ς

430 3307 612 3390 pertingere
629 3314 749 3388 potest:
762 3307 907 3388 adquam
924 3308 993 3370 sinc
1008 3308 1109 3389 gratia
1125 3326 1176 3371 ne·
1231 3306 1342 3369 tamini
1359 3307 1547 3389 ScripturaS,
1564 3307 1640 3388 quia
1661 3308 1725 3371 illm
1746 3317 1820 3370 sunt
1835 3328 1908 3391 quaa
1930 3318 1975 3372 te
1990 3304 2023 3343 ³⁹·
2133 3342 2134 3361 κ

431 3424 484 3469 mo
495 3405 759 3487 perducitur.Lex
774 3414 879 3469 autem
896 3406 1026 3487 antiqua
1041 3407 1174 3488 gratiam
1230 3405 1417 3469 stimonium
1434 3404 1603 3487 perhibent
1617 3406 1657 3467 de
1672 3425 1733 3467 me.
1744 3406 1900 3485 Secundo,
1912 3409 1976 3471 dis-

433 3522 497 3567 non
512 3503 681 3581 continuit,
700 3506 754 3567 sed
771 3504 928 3586 promisit.
945 3505 1075 3587 Propter
1090 3508 1176 3587 quod
1231 3505 1370 3589 ponebat
1388 3505 1428 3567 ad
1444 3503 1615 3581 Christum,
1636 3506 1811 3568 revocando
1827 3505 1975 3569 homines

350 3640 370 3671 r.
381 3642 417 3679 v...
432 3603 477 3666 ait
487 3602 677 3684 Apostolus:
695 3602 780 3664 Nihil
796 3604 835 3665 ad
852 3602 1028 3685 perfeetum
1045 3604 1190 3667 adduxit
1231 3604 1270 3665 ab
1287 3602 1444 3665 idolorum
1460 3602 1594 3678 cultura,
1613 3610 1644 3665 et
1660 3602 1719 3665 sub
1735 3602 1829 3666 unius
1844 3604 1901 3667 Dei
1920 3605 1975 3667 ob

313 3720 319 3733 ·
432 3701 780 3777 lex3introductiovero
791 3701 928 3765 melioris
939 3702 1074 3785 speiper
1085 3723 1178 3784 quam
1231 3702 1974 3783 sequioconservando,qnemadmodumadGa-

431 3801 690 3884 approximamus
705 3802 743 3864 ad
755 3800 1014 3865 lleumChristus
1029 3801 1113 3865 enim
1130 3808 1213 3871 estc
1232 3801 1311 3864 latas
1340 3800 1385 3862 ait
1409 3799 1579 3881 Apostolus
1606 3819 1613 3864 :
1640 3799 1825 3881 Priusquam
1851 3803 1976 3866 veniret
2001 3826 2104 3868 atrurn.
2133 3858 2134 3863 ,

378 3920 384 3929 ’
431 3920 528 3963 causa
551 3907 647 3981 atquc
669 3900 865 3983 principium
888 3899 1007 3979 gratie,
1025 3901 1064 3962 de
1086 3902 1176 3983 cujus
1233 3899 1325 3974 fides,
1343 3898 1483 3978 sublege
1499 3897 1764 3975 custodiebamur,
1782 3900 1925 3963 conclusi
1941 3901 1973 3963 in
1990 3890 2022 3930 ²³·

291 4022 416 4072 rounam,
432 4000 530 4062 latero
541 3999 704 4062 fluxerunt
720 4006 916 4061 sacramenta
925 3999 1034 4080 gratias
1048 4008 1177 4063 conten·
1231 3998 1372 4060 eamdem
1391 3996 1489 4059 fidem
1506 4015 1576 4076 quaa
1592 3996 1760 4059 revelanda
1775 4007 1852 4060 erat.
1864 3999 1904 4060 Et
1918 4000 1975 4061 ite

285 4086 318 4127 ³⁴·
434 4098 508 4160 tiva.
527 4099 645 4161 ldcirco
669 4098 719 4161 lex
741 4106 841 4173 vetus
859 4098 1005 4179 quamvis
1025 4118 1082 4180 pro
1100 4109 1177 4162 tem·
1232 4116 1302 4158 rum
1321 4112 1327 4157 :
1345 4096 1418 4170 Lex,
1437 4094 1552 4174 inquit,
1571 4095 1760 4176 pedagogus
1781 4106 1889 4161 noster
1912 4098 1973 4160 fuit
1988 4122 2103 4167 ruitura

292 4218 418 4271 hesimus,
433 4195 1175 4279 poreillobonaperfectaquefuerittlleienim
1232 4196 1264 4257 in
1289 4194 1425 4257 Christo.
1453 4192 1511 4255 Ubi
1537 4200 1641 4255 autem
1671 4194 1758 4257 venit
1785 4195 1881 4274 fides,
1908 4198 1972 4279 jam

285 4284 306 4324 ⁴·
432 4294 574 4378 perfecta
590 4303 665 4357 sunt
679 4297 800 4377 opera),
817 4303 923 4357 tamen
938 4296 1014 4377 quia
1030 4316 1120 4360 nova
1137 4298 1177 4361 lo·
1232 4313 1295 4358 non
1322 4312 1431 4355 sumus
1457 4292 1516 4353 sub
1542 4290 1723 4373 paedagogo.
1739 4293 1868 4376 Propter
1888 4297 1973 4377 quod

431 4394 481 4475 gis
505 4403 572 4457 erat
596 4393 710 4474 figura,
729 4413 787 4456 noe
809 4394 918 4475 gratia
940 4395 1100 4473 collativa,
1119 4397 1177 4459 im·
1195 4430 1202 4443 ·
1231 4393 1271 4454 ad
1285 4391 1433 4454 Hebraeos
1448 4389 1560 4453 scribit
1576 4409 1583 4453 ε
1601 4390 1790 4471 Reprobatio
1807 4392 1845 4454 fit
1861 4412 1973 4474 pracc-
2006 4416 2102 4459 msmt.
2133 4392 2134 4405 ¹

432 4492 575 4577 perfecta
590 4493 773 4557 nominatur
786 4513 843 4575 per
853 4493 1122 4575 comparationem
1137 4496 1176 4557 ad
1231 4492 1334 4554 dentis
1350 4488 1491 4551 mandati
1507 4496 1635 4570 propter
1646 4488 1869 4553 infirmitatem
1882 4500 1914 4554 et
1930 4493 1973 4555 in·
1989 4484 2019 4523 ¹⁸·

432 4594 534 4673 legem
544 4592 749 4673 Christique
764 4592 814 4654 lex
829 4592 938 4673 gratiae
953 4592 1080 4656 dicitur.
1090 4593 1176 4667 Quod
1231 4590 1412 4653 utilitatem.
1423 4589 1500 4650 Nam
1512 4588 1660 4650 veniente
1672 4588 1869 4671 perfectione
1882 4611 1973 4655 evan-

315 4724 328 4753 :
372 4726 415 4764 nx,
432 4710 506 4757 vero
523 4711 579 4774 per
594 4691 790 4755 Ezechielem
803 4691 955 4754 Dominus
970 4691 1025 4769 ait,
1039 4692 1114 4755 Dedi
1131 4694 1176 4755 eis
1230 4688 1346 4768 getica,
1379 4706 1503 4750 cessare
1532 4686 1674 4768 oportuit
1703 4687 1891 4770 imperfecta
1920 4690 1974 4753 illa

313 4804 319 4817 ·
431 4798 590 4873 precepta
614 4809 677 4853 non
703 4788 797 4866 bona,
815 4798 847 4853 et
867 4790 989 4870 judicia
1008 4791 1040 4852 in
1058 4790 1176 4872 quibus
1232 4788 1355 4869 legalia.
1368 4786 1517 4861 Quamvis
1528 4804 1603 4849 vero
1619 4786 1669 4848 lex
1684 4786 1815 4869 antiqua
1832 4808 1896 4853 non
1910 4792 1974 4854 sul-

431 4907 495 4952 non
519 4889 639 4964 vivent,
658 4888 902 4967 intelligendum
917 4898 965 4951 est
980 4890 1020 4952 de
1035 4889 1177 4953 caerimo-
1232 4888 1307 4951 fecit
1322 4888 1361 4949 ad
1383 4886 1529 4962 salutem,
1548 4885 1649 4947 nihilo
1672 4886 1777 4949 minus
1800 4896 1973 4968 patrasse

431 4987 570 5049 nialibus
596 4987 774 5069 praecptis,
796 5005 868 5067 quae
892 4997 1021 5068 peccata
1041 4989 1175 5069 quidem
1193 4986 1306 5053 [lteris
1323 4983 1514 5047 Testamenti
1538 4982 1650 5046 salvati
1674 4992 1748 5045 sunt
1770 4987 1972 5065 pergratiam

430 5085 651 5162 ostendebant,
673 5104 737 5148 non
761 5093 865 5147 autem
890 5086 1077 5167 purgabant,
1100 5106 1177 5167 quo·
1231 5084 1367 5168 Spiritus
1384 5083 1589 5162 Sanctitquaa
1604 5081 1706 5163 gratia
1722 5081 1823 5145 inerat
1837 5084 1895 5162 eis,
1910 5105 1971 5149 non

431 5184 517 5246 niam
540 5182 673 5263 gratiam
697 5201 761 5246 non
783 5182 1003 5246 conferebant.
1022 5184 1176 5248 Similiter
1230 5201 1267 5245 ex
1293 5182 1377 5263 lege,
1406 5183 1460 5245 sed
1487 5201 1543 5263 per
1569 5180 1668 5244 fidem
1694 5180 1873 5245 llediatoris
1898 5204 1972 5249 vcn-

283 5298 415 5349 nom.v,2o.
432 5283 480 5346 lex
505 5290 595 5344 vetus
620 5282 737 5344 dicitur
761 5283 951 5361 (seeundum
973 5283 1175 5365 Apostolum)
1230 5282 1303 5343 turi.
