4309 6259
438 495 498 563 220

801 515 974 564 uuannsrle
996 515 1026 560 IN
1048 515 1115 562 CAP.
1140 515 1194 562 IIIII
1216 515 1352 564 nettrtct.
1375 535 1415 546 -
1435 516 1505 563 ART.
1529 515 1626 565 xxvnt

439 689 562 752 dictum
578 687 640 769 est)
655 696 738 765 oute,
757 667 832 772 ipsa·
846 704 918 751 earo
933 687 1118 771 apparuerit
1140 687 1187 750 lu·
1202 685 1227 748 Α
1243 691 1392 750 babuerit
1407 691 1586 750 cicatricem
1598 714 1611 762 ,·
1625 691 1838 751 considerabit
1851 712 1918 754 carn
1935 714 1987 754 so-

440 809 528 864 cens,
543 790 632 871 juxta
647 787 857 870 praehabitum
874 806 1001 850 sensum
1021 812 1028 862 3
1047 799 1123 849 tum
1137 810 1186 848 sa-

442 891 577 950 cerdotis
589 889 722 967 judicio
732 891 910 965 polluetur,
928 887 959 949 id
975 896 1034 964 est,
1048 887 1186 953 immun-

440 988 501 1050 dus
516 996 548 1050 et
564 986 708 1069 leprosus
719 1004 789 1048 esse
804 985 1045 1064 monstrabitur,
1056 998 1086 1048 et
1102 991 1186 1048 iuter

440 1089 624 1147 irumundos
639 1087 855 1163 reputabitur.
869 1088 949 1146 Coro
963 1089 1050 1146 enim
1068 1088 1143 1147 eiua
1157 1089 1186 1146 si

440 1191 530 1264 lepra
549 1188 766 1262 adspergitur,
783 1187 956 1245 intentanda
969 1196 1024 1246 est.
1048 1189 1138 1255 Quod
1157 1188 1186 1246 si

440 1306 571 1345 mersum
588 1305 677 1344 versa
692 1304 766 1344 caro
776 1286 879 1362 facerit
889 1287 924 1344 in
940 1287 1092 1355 alborem,
1102 1296 1131 1345 et
1143 1296 1186 1346 to-

441 1394 510 1444 tum
529 1385 691 1443 nerninem
707 1386 878 1460 operuerit,
893 1383 982 1465 juxta
1006 1386 1136 1447 modum
1154 1393 1186 1447 et

441 1480 638 1544 intellectum
661 1489 852 1563 praelact0s3
874 1485 1088 1544 considerabit
1111 1505 1184 1544 ctera

439 1583 596 1650 sacerdos,
619 1591 647 1640 et
668 1584 829 1640 meandum
844 1602 906 1641 esse
926 1601 945 1643 a
966 1580 1054 1664 lepra
1078 1587 1184 1642 decer-

440 1689 493 1739 aet
503 1697 515 1740 .·
530 1676 682 1759 quoniam
703 1678 825 1741 scabies
841 1687 899 1755 θεῖ,
917 1688 948 1742 θῖ
963 1699 1026 1743 non
1044 1680 1142 1763 lepra.

481 1777 629 1858 Sequitur
643 1776 684 1839 de
699 1776 787 1858 lepra
798 1777 925 1854 ulceris,
938 1779 1023 1859 quod
1038 1778 1151 1842 diflert
1166 1800 1185 1842 a

1241 792 1357 857 cardos,
1367 788 1500 851 bomine
1515 808 1584 851 eam
1600 788 1737 852 habente
1754 789 1816 852 sibi
1831 792 1984 866 adducto;

1241 899 1270 949 et
1284 909 1351 948 ecee
1365 890 1395 948 si
1406 909 1493 949 occsa
1505 900 1549 950 est
1565 889 1695 951 cicatrix
1715 888 1771 951 illa
1791 892 1826 950 in
1846 893 1986 952 alborem

1242 986 1412 1064 lucentem,
1430 998 1459 1048 θῖ
1480 993 1566 1048 locres
1581 990 1650 1066 ejus
1673 991 1801 1068 reliqua
1815 1010 1908 1050 carne
1923 994 1986 1051 brc-

1242 1089 1354 1146 milior
1365 1104 1401 1148 ex
1417 1085 1522 1149 carnis
1533 1086 1715 1150 corrosione
1729 1113 1736 1164 ;
1753 1091 1986 1151 contaminabit

1240 1207 1326 1253 etita,
1344 1186 1376 1246 id
1391 1193 1439 1247 est
1453 1185 1610 1267 judicabit
1624 1204 1694 1248 esse
1709 1186 1879 1268 leprosum.
1894 1191 1986 1256 Quod

1239 1287 1268 1343 si
1284 1287 1431 1361 pilorum
1457 1289 1541 1344 color
1564 1305 1628 1346 aon
1655 1287 1758 1361 fuerit
1781 1287 1985 1360 r'mnurtatus,

1241 1403 1296 1444 nec
1310 1386 1468 1444 lrundlior
1483 1387 1586 1462 plaga
1605 1405 1701 1444 carne
1723 1385 1860 1464 reliqua,
1876 1383 1906 1446 id
1922 1395 1983 1458 est,

1240 1500 1324 1558 caro,
1347 1481 1381 1543 in
1406 1501 1469 1563 qua
1495 1491 1542 1545 est
1565 1482 1621 1544 illa
1645 1481 1785 1558 cicatrix,
1803 1501 1865 1545 non
1888 1482 1986 1546 luerit

1240 1580 1456 1644 submissior...
1469 1581 1601 1662 Reliqua
1620 1589 1725 1644 autem
1745 1601 1817 1663 qna
1836 1581 1986 1645 dicuntur

1240 1679 1271 1740 in
1289 1679 1350 1742 isto
1365 1698 1440 1742 casu
1456 1681 1585 1760 agenda,
1599 1688 1708 1763 patent
1723 1699 1760 1744 ex
1776 1680 1889 1743 dictis:
1906 1700 1986 1762 quo-

1240 1777 1326 1840 niam
1343 1778 1376 1839 in
1394 1778 1454 1842 isto
1471 1778 1510 1841 iit
1525 1779 1748 1856 considerabo,
1767 1779 1847 1842 sieut
1864 1780 1895 1840 in
1912 1780 1985 1843 aliis

440 1876 584 1952 vulnere,
605 1875 756 1957 quoniam
780 1877 871 1939 ulcus
895 1896 933 1939 ex
957 1878 1101 1941 interiori
1127 1877 1367 1960 pu-Bcasibns
1405 1878 1621 1960 praeinductis.
1649 1878 1827 1942 Secundum
1857 1878 1986 1942 Guillcl-

440 1974 630 2038 traiectione
655 1975 808 2058 procedit,
826 1976 943 2038 vulnus
966 1975 1006 2038 ab
1024 1986 1111 2039 extra
1138 1979 1185 2041 in-

442 2073 576 2155 fligitur.
596 2078 676 2136 Caro
692 2085 799 2134 aretem
814 2085 843 2135 et
862 2078 945 2136 cutis
960 2079 996 2136 in
1012 2097 1076 2156 qua
1093 2083 1184 2138 celcias

440 2185 556 2236 natum
578 2184 622 2234 est
643 2184 673 2234 ct
692 2183 856 2245 sanatum,
873 2185 902 2235 et
922 2177 956 2235 iu
983 2180 1047 2235 loco
1068 2181 1184 2238 ulceris

439 2273 505 2355 jam
526 2271 628 2335 curati
651 2275 790 2334 cicatria
805 2277 995 2350 apereruerit
1020 2279 1095 2336 alba
1118 2280 1184 2335 sice

438 2373 577 2449 subrufa
592 2396 606 2442 ‚r
619 2374 798 2433 adducetur
817 2375 908 2433 borno
932 2373 975 2435 ila
996 2372 1181 2455 dispositus,

440 2474 485 2530 ad
504 2473 797 2550 sacerdotemque?
820 2493 918 2550 quum
941 2474 1060 2533 uiderit
1080 2477 1182 2534 torrem

440 2573 535 2645 lepra
559 2571 778 2638 humiliorem,
799 2569 830 2631 id
856 2579 904 2632 est
929 2571 1103 2633 bassiorern
1127 2591 1182 2634 seu

439 2667 671 2748 depressiorem
686 2689 782 2728 carne
796 2671 935 2748 reliqua,
945 2681 974 2730 et
986 2672 1070 2746 pilos
1082 2691 1183 2730 versos

439 2768 473 2826 ln
495 2769 678 2836 candorem,
695 2765 728 2828 id
752 2775 801 2828 est
824 2767 1000 2830 albefactos
1024 2769 1120 2832 modo
1139 2768 1184 2829 in·

439 2863 546 2940 ducto,
560 2867 794 2927 contaminabit
803 2887 890 2936 eum,
900 2866 932 2929 id
950 2875 1008 2937 est,
1022 2867 1181 2948 leprosum

438 2985 508 3030 esse
529 2966 676 3044 definiet,
695 2971 775 3048 quia
794 2974 896 3047 plaga
922 2975 1018 3047 leprae
1043 2981 1114 3032 orta
1138 2981 1183 3032 θεῖ

1241 1995 1327 2038 mum
1351 1976 1433 2040 libro
1454 1978 1494 2041 da
1512 1978 1588 2041 Fide
1609 1985 1640 2041 et
1663 1976 1798 2058 legibus,
1817 1977 1877 2040 Lex
1902 1977 1985 2040 cica-

1240 2074 1335 2137 trices
1360 2075 1529 2138 vulnerum
1554 2075 1735 2159 specialiter
1755 2075 1926 2152 exhorruit,
1948 2076 1984 2138 in

1240 2173 1484 2253 suggilationem
1515 2174 1712 2250 idololatrias,
1739 2193 1803 2256 qua
1831 2175 1913 2254 ignis
1942 2177 1985 2238 ab

1238 2272 1400 2353 aliquibus
1411 2273 1585 2338 colebatur.
1594 2274 1737 2337 Cultores
1747 2273 1833 2336 enim
1846 2273 1936 2355 ignis,
1950 2273 1984 2335 in

1238 2372 1475 2435 venerationem
1493 2372 1604 2455 ipsine,
1623 2373 1765 2436 ustiones
1789 2371 1933 2435 lecerunt
1949 2373 1984 2434 in

1239 2469 1389 2533 carnibus
1415 2470 1481 2533 suis
1504 2480 1536 2534 et
1555 2471 1692 2547 cutibus,
1715 2472 1984 2552 quemadmodum

1238 2569 1293 2631 alii
1320 2569 1494 2633 idololatra
1519 2570 1702 2632 incisiones
1730 2569 1853 2633 Accidit
1875 2579 1985 2633 autem

1238 2667 1439 2751 plerumque,
1458 2677 1493 2730 ut
1512 2669 1628 2732 vulnus
1654 2668 1790 2731 ustionis
1816 2668 1872 2731 liat
1893 2671 1985 2734 sanie

1240 2767 1461 2832 lluens1idao
1481 2768 1515 2829 in
1535 2768 1595 2830 hoc
1617 2787 1704 2844 casu,
1726 2777 1855 2850 propter
1874 2787 1984 2831 corru-

1238 2866 1380 2947 ptionem
1399 2875 1496 2948 atque
1513 2866 1725 2949 putredinem,
1741 2865 1869 2928 nomine
1884 2866 1984 2949 lepra

1239 2965 1271 3027 id
1297 2965 1477 3045 designarit
1492 2973 1614 3028 amator
1628 2964 1794 3027 munditias
1809 2965 1899 3027 Deus.

437 3069 473 3128 in
500 3071 615 3139 ulcere,
640 3066 672 3128 id
695 3076 743 3130 θεῖ
765 3067 799 3128 in
824 3087 929 3144 carne,
952 3068 986 3129 in
1008 3086 1071 3149 qua
1092 3065 1222 3131 ulcusC
1278 3064 1397 3127 Deinde
1418 3064 1622 3146 subjungitur
1642 3065 1681 3126 de
1707 3063 1796 3146 lepra
1820 3063 1925 3127 barba
1949 3073 1985 3127 θῖ

438 3165 611 3228 exstiterat.
634 3169 725 3234 Quod
748 3169 778 3224 si
798 3170 889 3242 pilas
913 3170 1027 3227 coloris
1047 3178 1092 3229 est
1113 3171 1183 3245 pri-

437 3265 531 3333 stini,
547 3263 607 3326 boc
623 3271 681 3339 est,
695 3263 721 3325 si
738 3264 795 3345 pili
813 3283 876 3326 non
894 3264 1013 3327 fuerint
1028 3264 1061 3327 in
1077 3267 1182 3329 colore

438 3359 563 3436 mutati,
580 3372 609 3422 et
628 3363 767 3422 cicatria
793 3361 910 3425 ulceris
930 3363 995 3442 jam
1018 3364 1119 3426 sanati
1138 3363 1183 3426 lu·

437 3458 499 3522 erit
513 3462 718 3529 subobscuro,
729 3459 811 3522 sicut
826 3460 1005 3542 expositum
1021 3470 1079 3537 θεῖ,
1092 3474 1121 3523 et
1137 3466 1183 3523 υί-

437 3560 514 3619 eina
535 3578 632 3618 carue
652 3579 715 3619 non
737 3569 783 3618 est
807 3561 976 3630 burailior,
1000 3560 1032 3621 id
1057 3569 1105 3622 est
1130 3562 1183 3624 de-

438 3656 578 3739 pressior
588 3675 626 3718 ex
636 3654 819 3719 corrosione
829 3658 1025 3738 putredinis3
1042 3664 1182 3721 recantat

436 3775 510 3815 cum
532 3766 648 3832 septem
670 3757 791 3816 dicbus.
815 3758 908 3816 Etsi
928 3758 1058 3835 puidam
1084 3779 1182 3818 erere·

438 3855 495 3922 rit,
513 3852 543 3915 id
560 3861 619 3928 est,
636 3852 663 3914 si
684 3853 822 3934 septimo
838 3853 889 3916 die
906 3854 1021 3917 viderit
1036 3857 1182 3918 sacerdos

437 3950 595 4014 cicatricis
619 3951 777 4015 lucentem
803 3951 944 4015 alborem
965 3972 1034 4016 esse
1052 3962 1180 4016 auctum

437 4047 470 4110 in
491 4067 535 4124 εθ,
561 4049 610 4112 vel
634 4068 691 4131 per
716 4049 931 4112 extensionem
958 4050 1183 4115 diffusionem-

437 4165 499 4226 que
514 4147 563 4208 sui
577 4170 584 4221 3
601 4149 806 4225 adjudicabit
820 4168 893 4208 eura
909 4153 1016 4225 lepras,
1028 4149 1059 4210 id
1075 4158 1124 4212 est
1140 4150 1182 4212 le·

1237 3162 1362 3244 eapitis
1390 3166 1446 3223 Vir
1468 3166 1534 3222 sive
1558 3165 1675 3224 mulier
1701 3165 1735 3222 in
1761 3163 1855 3240 qu'ns
1879 3166 1984 3241 capite

1237 3267 1286 3321 uel
1312 3264 1409 3322 barbo
1430 3263 1664 3338 gerruinaaerit
1690 3266 1778 3339 lepra
1794 3286 1807 3334 ,·
1826 3269 1984 3324 verumta-

1240 3378 1312 3421 men
1330 3360 1418 3442 Iepra
1440 3359 1569 3441 proprie
1585 3360 1680 3435 dicta,
1699 3377 1762 3422 non
1788 3368 1892 3441 petest
1911 3379 1984 3422 esse

1238 3456 1270 3518 in
1294 3457 1403 3534 barba,
1422 3459 1477 3520 sed
1501 3458 1589 3538 lepra
1611 3465 1739 3520 extense
1755 3475 1810 3520 seu
1833 3457 1984 3519 similitu-

1237 3555 1362 3620 dinarie
1389 3565 1541 3638 sumpla;
1565 3559 1684 3616 videbit
1699 3577 1748 3616 eos
1769 3561 1921 3617 sacerdos.
1937 3560 1984 3618 Et

1236 3658 1265 3714 si
1280 3657 1410 3735 quietern
1421 3657 1580 3715 humilior
1589 3656 1692 3732 suerit
1709 3659 1793 3714 loeus
1805 3654 1900 3737 leprae
1913 3677 1983 3716 car·-

1237 3775 1275 3814 ae
1300 3757 1428 3832 reliqua
1444 3775 1454 3813 .·
1471 3753 1555 3834 quod
1579 3754 1618 3815 de
1639 3753 1726 3835 lepra
1745 3752 1858 3835 capitsss
1878 3753 1982 3834 accipi

1234 3852 1342 3928 debet,
1361 3871 1424 3914 non
1440 3850 1558 3928 barba,
1572 3850 1635 3913 nisi
1651 3869 1707 3934 per
1722 3851 1853 3914 barbam
1869 3851 1983 3914 intelli·

1236 3958 1328 4029 gatur
1356 3951 1537 4032 subjectum
1570 3950 1684 4032 ipsius,
1712 3950 1745 4011 in
1774 3969 1838 4031 quo
1866 3951 1982 4012 erescit

1237 4058 1268 4110 el.
1302 4049 1413 4130 Iigilur
1437 4073 1443 4123 ;
1470 4060 1499 4110 θῖ
1523 4051 1662 4126 capillus
1686 4053 1802 4125 flarius,
1828 4053 1983 4128 solitoque

1235 4151 1396 4220 subtilior,
1414 4147 1445 4208 id
1466 4155 1525 4222 est,
1544 4146 1649 4208 crines
1665 4167 1683 4208 a
1700 4146 1835 4228 pristino
1851 4165 1907 4211 suo
1929 4165 1983 4209 en

437 4262 567 4325 prosum
583 4263 663 4307 esse.
676 4248 736 4306 Sin
759 4255 863 4304 autem
885 4249 1004 4307 steterit
1021 4247 1111 4309 albor
1127 4248 1181 4311 ille
1198 4242 1303 4310 Illore
1326 4267 1361 4309 ac
1385 4246 1482 4328 priori
1516 4246 1664 4327 grossitie
1697 4244 1818 4308 luerint
1838 4245 1920 4308 versi
1945 4246 1981 4307 in

436 4345 472 4403 in
493 4346 558 4402 loco
579 4363 650 4412 suo,
666 4341 709 4404 ita
734 4343 819 4423 quod
836 4361 898 4406 non
920 4345 1018 4406 crevit
1036 4364 1092 4426 pcr
1108 4345 1181 4408 sub-

435 4439 510 4522 jecti
527 4439 576 4500 sui
590 4439 840 4521 depressionem,
861 4459 963 4522 neque
979 4461 1035 4524 per
1050 4444 1100 4504 sui
1121 4443 1181 4506 dil-

436 4536 618 4613 iusionem3
636 4539 751 4597 ulceris
772 4548 816 4598 est
830 4541 981 4609 cicatrt'a,
1005 4540 1035 4601 id
1051 4549 1100 4603 θεῖ
1116 4559 1179 4603 non

436 4635 629 4717 plusquam
659 4633 788 4697 solitum
819 4635 934 4698 ulceris
959 4638 1060 4700 curat-i
1086 4639 1181 4700 vesli-

436 4733 537 4814 gium,
553 4744 582 4794 et
598 4736 689 4794 borno
705 4737 847 4794 tancredus
862 4737 957 4796 erite
979 4735 1077 4817 lepra.

476 4830 628 4892 Subditur
643 4829 683 4892 de
699 4829 788 4911 lepra
803 4830 957 4892 vulneris.
978 4837 1057 4893 Caro
1073 4843 1178 4894 aretem

1236 4344 1357 4408 flavum
1375 4363 1431 4407 seu
1446 4343 1554 4406 album
1572 4344 1723 4418 colorem,
1740 4352 1772 4406 ct
1791 4343 1984 4408 subtilialio-

1238 4462 1309 4505 nem
1326 4442 1466 4504 materias
1484 4461 1549 4504 suae
1563 4451 1660 4522 atquc
1671 4440 1838 4504 mollitiem
1853 4465 1860 4515 ;
1876 4453 1984 4502 eonta-

1237 4542 1375 4601 atiaabtt
1390 4561 1451 4610 eos,
1465 4540 1639 4621 judicando
1655 4540 1740 4620 quod
1763 4540 1827 4601 sint
1849 4539 1979 4621 leprosi,

1235 4641 1314 4718 prtia
1326 4643 1414 4715 lepra
1425 4641 1542 4716 capitis
1557 4659 1595 4698 ac
1610 4640 1714 4698 barba’
1728 4648 1782 4698 est.
1796 4640 1858 4700 Sin
1874 4649 1982 4699 autem

1237 4739 1355 4796 uiderit
1386 4741 1489 4796 locum
1515 4740 1650 4796 rrtocultr
1678 4740 1835 4814 aqualem
1866 4737 1982 4796 er'tu'na’

1235 4838 1343 4904 carni,
1360 4853 1424 4896 non
1445 4835 1688 4915 depressiorem,
1705 4845 1734 4894 ct
1755 4838 1912 4911 capillum
1934 4837 1983 4892 oi-

435 4939 466 4990 et
480 4930 562 4989 eutis
577 4950 676 5008 quara
689 4929 774 5004 r'pats
788 4931 922 4997 emissit,
936 4929 967 4991 id
984 4939 1032 4993 est
1047 4933 1099 4994 cui
1116 4933 1181 4994 vul·
1232 4955 1344 5012 pram,
1368 4933 1400 4994 id
1425 4941 1473 4995 est
1497 4952 1516 4994 a
1539 4950 1596 4994 suo
1623 4931 1759 4994 naturali
1785 4932 1890 4994 colore
1917 4951 1980 4995 non

436 5046 497 5090 nus
522 5026 685 5088 inflictum
705 5035 753 5089 est
779 5045 835 5089 seu
856 5027 942 5090 lesio
967 5029 1007 5091 ab
1031 5032 1180 5094 exteriori

436 5125 577 5200 Iasiona,
590 5123 713 5187 scilicet
728 5124 811 5203 igne,
825 5143 881 5206 per
896 5144 992 5206 quem
1008 5128 1116 5192 atalia
1133 5129 1182 5194 lm-

436 5223 545 5287 dentia
560 5224 675 5285 dantur
692 5221 839 5304 intelligi,
857 5231 891 5284 ut
909 5222 1039 5303 terrum,
1053 5227 1134 5310 lapis
1151 5237 1182 5292 ct

435 5323 572 5404 lignum,
594 5331 624 5382 et
644 5331 773 5391 sanata,
788 5324 894 5384 albam
919 5324 985 5383 sire
1008 5329 1181 5406 subrutam

1237 5033 1449 5106 immutatum,
1469 5031 1536 5094 sive
1557 5031 1598 5092 sit
1619 5030 1747 5107 rubeuS,
1770 5030 1837 5093 sive
1861 5029 1979 5109 niger:

1237 5130 1321 5192 unde
1351 5131 1401 5208 (ut
1427 5129 1540 5208 fertur)
1564 5129 1598 5190 in
1624 5129 1754 5192 Heeraea
1776 5127 1920 5202 babetur,
1943 5129 1982 5190 Et

1237 5228 1384 5310 quamvis
1402 5247 1465 5290 non
1484 5228 1598 5290 habeat
1616 5228 1723 5305 nigros
1739 5227 1863 5302 crines;
1880 5231 1982 5287 rutu-

1237 5331 1288 5386 ‹tet
1303 5347 1389 5395 attari,
1406 5325 1527 5388 scilicet
1544 5325 1659 5402 virum,
1677 5325 1728 5388 cui
1745 5324 1895 5406 competit
1911 5323 1984 5386 bar-
