<?xml version="1.0" encoding="UTF-8"?>
<!DOCTYPE html PUBLIC "-//W3C//DTD XHTML 1.0 Transitional//EN"
    "http://www.w3.org/TR/xhtml1/DTD/xhtml1-transitional.dtd">
<html xmlns="http://www.w3.org/1999/xhtml" xml:lang="en" lang="en">
 <head>
  <title>
</title>
<meta http-equiv="Content-Type" content="text/html;charset=utf-8" />
  <meta name='ocr-system' content='tesseract 3.04.00' />
  <meta name='ocr-capabilities' content='ocr_page ocr_carea ocr_par ocr_line ocrx_word'/>
</head>
<body>
  <div class='ocr_page' id='page_1' title='image "./doctorisecstati00unkngoog_0387.png"; bbox 0 0 4309 6259; ppageno 0'>
   <div class='ocr_carea' id='block_1_1' title="bbox 575 517 1351 566">
    <p class='ocr_par' dir='ltr' id='par_1_1' title="bbox 575 517 1351 566">
     <span class='ocr_line' id='line_1_1' title="bbox 575 517 1351 566; baseline 0.001 -3"><span class='ocrx_word' id='word_1_1' title='bbox 575 518 749 564; x_wconf 67' lang='lat' dir='ltr'><strong>assumto</strong></span> <span class='ocrx_word' id='word_1_2' title='bbox 770 517 801 563; x_wconf 84' lang='grc' dir='ltr'><strong>ΙΝ</strong></span> <span class='ocrx_word' id='word_1_3' title='bbox 822 519 890 564; x_wconf 76' lang='lat' dir='ltr'><strong>CAP.</strong></span> <span class='ocrx_word' id='word_1_4' title='bbox 914 519 999 566; x_wconf 78' lang='lat' dir='ltr'><strong>xxvlt</strong></span> <span class='ocrx_word' id='word_1_5' title='bbox 1020 518 1156 566; x_wconf 77' lang='lat' dir='ltr'><strong>nuvtrtct.</strong></span> <span class='ocrx_word' id='word_1_6' title='bbox 1179 539 1219 550; x_wconf 93' lang='grc'><strong>-</strong></span> <span class='ocrx_word' id='word_1_7' title='bbox 1240 520 1311 565; x_wconf 76' lang='lat' dir='ltr'><strong>ART.</strong></span> <span class='ocrx_word' id='word_1_8' title='bbox 1335 521 1351 564; x_wconf 77' lang='lat' dir='ltr'><strong>l.</strong></span> 
     </span>
    </p>
   </div>
   <div class='ocr_carea' id='block_1_2' title="bbox 765 933 1158 1021">
    <p class='ocr_par' dir='ltr' id='par_1_2' title="bbox 765 933 1158 1021">
     <span class='ocr_line' id='line_1_2' title="bbox 765 933 1158 1021; baseline 0.005 -3"><span class='ocrx_word' id='word_1_9' title='bbox 765 933 1092 1021; x_wconf 78' lang='lat' dir='ltr'>ARTICULUS</span> <span class='ocrx_word' id='word_1_10' title='bbox 1128 935 1158 1020; x_wconf 91' lang='lat' dir='ltr'>L</span> 
     </span>
    </p>
   </div>
   <div class='ocr_carea' id='block_1_3' title="bbox 198 1207 1723 1264">
    <p class='ocr_par' dir='ltr' id='par_1_3' title="bbox 198 1207 1723 1264">
     <span class='ocr_line' id='line_1_3' title="bbox 198 1207 1723 1264; baseline 0.005 -13"><span class='ocrx_word' id='word_1_11' title='bbox 198 1207 392 1252; x_wconf 67' lang='lat' dir='ltr'><strong>amoenante</strong></span> <span class='ocrx_word' id='word_1_12' title='bbox 414 1207 590 1252; x_wconf 75' lang='lat' dir='ltr'><strong>Ltt&#39;tuttatts</strong></span> <span class='ocrx_word' id='word_1_13' title='bbox 611 1208 748 1252; x_wconf 76' lang='lat' dir='ltr'><strong>CAPl&#39;l&#39;llLl</strong></span> <span class='ocrx_word' id='word_1_14' title='bbox 771 1207 901 1252; x_wconf 75' lang='lat' dir='ltr'><strong>Vlcastttt</strong></span> <span class='ocrx_word' id='word_1_15' title='bbox 925 1208 1043 1253; x_wconf 68' lang='lat' dir='ltr'><strong>seratur</strong></span> <span class='ocrx_word' id='word_1_16' title='bbox 1062 1208 1068 1251; x_wconf 89' lang='lat'>:</span> <span class='ocrx_word' id='word_1_17' title='bbox 1092 1208 1281 1264; x_wconf 84' lang='lat' dir='ltr'>LOGUTUSQUE</span> <span class='ocrx_word' id='word_1_18' title='bbox 1303 1211 1357 1255; x_wconf 78' lang='lat' dir='ltr'><strong>ast</strong></span> <span class='ocrx_word' id='word_1_19' title='bbox 1378 1211 1509 1257; x_wconf 75' lang='lat' dir='ltr'><strong>boutnus</strong></span> <span class='ocrx_word' id='word_1_20' title='bbox 1531 1214 1572 1257; x_wconf 74' lang='lat' dir='ltr'><strong>Ab</strong></span> <span class='ocrx_word' id='word_1_21' title='bbox 1594 1213 1723 1259; x_wconf 77' lang='lat' dir='ltr'><strong>nottsutt.</strong></span> 
     </span>
    </p>
   </div>
   <div class='ocr_carea' id='block_1_4' title="bbox 254 1483 1735 1571">
    <p class='ocr_par' dir='ltr' id='par_1_4' title="bbox 254 1483 1735 1571">
     <span class='ocr_line' id='line_1_4' title="bbox 254 1483 1735 1571; baseline 0.003 -23"><span class='ocrx_word' id='word_1_22' title='bbox 254 1488 278 1548; x_wconf 86' lang='grc' dir='ltr'>Ε</span> <span class='ocrx_word' id='word_1_23' title='bbox 301 1488 566 1571; x_wconf 74' lang='lat' dir='ltr'><strong>obligationibus,</strong></span> <span class='ocrx_word' id='word_1_24' title='bbox 595 1488 934 1570; x_wconf 87' lang='lat' dir='ltr'><strong>redemptionibusqua</strong></span> <span class='ocrx_word' id='word_1_25' title='bbox 948 1483 974 1545; x_wconf 86' lang='grc' dir='ltr'><strong>Α</strong></span> <span class='ocrx_word' id='word_1_26' title='bbox 990 1487 1046 1547; x_wconf 77' lang='lat' dir='ltr'><strong>rii.</strong></span> <span class='ocrx_word' id='word_1_27' title='bbox 1057 1485 1221 1568; x_wconf 83' lang='lat' dir='ltr'><strong>Tanquam</strong></span> <span class='ocrx_word' id='word_1_28' title='bbox 1236 1488 1330 1566; x_wconf 90' lang='lat' dir='ltr'><strong>dicat,</strong></span> <span class='ocrx_word' id='word_1_29' title='bbox 1344 1489 1481 1553; x_wconf 83' lang='lat' dir='ltr'><strong>Pretium</strong></span> <span class='ocrx_word' id='word_1_30' title='bbox 1497 1491 1558 1554; x_wconf 90' lang='lat' dir='ltr'><strong>hoc</strong></span> <span class='ocrx_word' id='word_1_31' title='bbox 1572 1491 1632 1553; x_wconf 93' lang='lat' dir='ltr'><strong>erit</strong></span> <span class='ocrx_word' id='word_1_32' title='bbox 1648 1491 1735 1554; x_wconf 90' lang='lat' dir='ltr'><strong>illius</strong></span> 
     </span>
    </p>
   </div>
   <div class='ocr_carea' id='block_1_5' title="bbox 180 1587 935 2653">
    <p class='ocr_par' dir='ltr' id='par_1_5' title="bbox 180 1587 935 2653">
     <span class='ocr_line' id='line_1_5' title="bbox 264 1587 935 1668; baseline 0 -18"><span class='ocrx_word' id='word_1_33' title='bbox 264 1595 423 1665; x_wconf 90' lang='lat' dir='ltr'><strong>votorum,</strong></span> <span class='ocrx_word' id='word_1_34' title='bbox 433 1589 473 1651; x_wconf 91' lang='lat' dir='ltr'><strong>de</strong></span> <span class='ocrx_word' id='word_1_35' title='bbox 489 1588 684 1651; x_wconf 89' lang='lat' dir='ltr'><strong>consecratis</strong></span> <span class='ocrx_word' id='word_1_36' title='bbox 695 1606 824 1668; x_wconf 90' lang='lat' dir='ltr'><strong>quoque</strong></span> <span class='ocrx_word' id='word_1_37' title='bbox 835 1595 866 1649; x_wconf 92' lang='lat' dir='ltr'><strong>et</strong></span> <span class='ocrx_word' id='word_1_38' title='bbox 881 1587 935 1650; x_wconf 80' lang='lat' dir='ltr'><strong>de·</strong></span> 
     </span>
     <span class='ocr_line' id='line_1_6' title="bbox 184 1687 935 1766; baseline -0.005 -16"><span class='ocrx_word' id='word_1_39' title='bbox 184 1687 278 1750; x_wconf 87' lang='lat' dir='ltr'><strong>cimis</strong></span> <span class='ocrx_word' id='word_1_40' title='bbox 302 1707 388 1752; x_wconf 86' lang='lat' dir='ltr'><strong>nuuc</strong></span> <span class='ocrx_word' id='word_1_41' title='bbox 410 1695 573 1750; x_wconf 83' lang='lat' dir='ltr'><strong>tractatur.</strong></span> <span class='ocrx_word' id='word_1_42' title='bbox 591 1691 792 1766; x_wconf 80' lang='lat' dir='ltr'><strong>Locutusque</strong></span> <span class='ocrx_word' id='word_1_43' title='bbox 813 1697 858 1747; x_wconf 85' lang='lat' dir='ltr'><strong>est</strong></span> <span class='ocrx_word' id='word_1_44' title='bbox 876 1691 935 1748; x_wconf 77' lang='lat' dir='ltr'><strong>De</strong></span> 
     </span>
     <span class='ocr_line' id='line_1_7' title="bbox 185 1788 934 1865; baseline 0.001 -20"><span class='ocrx_word' id='word_1_45' title='bbox 185 1788 297 1847; x_wconf 80' lang='lat' dir='ltr'><strong>minus</strong></span> <span class='ocrx_word' id='word_1_46' title='bbox 317 1790 361 1846; x_wconf 83' lang='lat' dir='ltr'><strong>ed</strong></span> <span class='ocrx_word' id='word_1_47' title='bbox 377 1791 523 1864; x_wconf 73' lang='lat' dir='ltr'><strong>Moysen,</strong></span> <span class='ocrx_word' id='word_1_48' title='bbox 538 1789 648 1847; x_wconf 80' lang='lat' dir='ltr'><strong>dicens</strong></span> <span class='ocrx_word' id='word_1_49' title='bbox 664 1807 675 1844; x_wconf 93' lang='lat'><strong>.·</strong></span> <span class='ocrx_word' id='word_1_50' title='bbox 691 1789 833 1865; x_wconf 79' lang='lat' dir='ltr'><strong>Loquere</strong></span> <span class='ocrx_word' id='word_1_51' title='bbox 852 1788 934 1861; x_wconf 83' lang='lat' dir='ltr'><strong>filiis</strong></span> 
     </span>
     <span class='ocr_line' id='line_1_8' title="bbox 185 1888 931 1964; baseline -0.003 -17"><span class='ocrx_word' id='word_1_52' title='bbox 185 1889 298 1957; x_wconf 70' lang='lat' dir='ltr'><strong>lsrael,</strong></span> <span class='ocrx_word' id='word_1_53' title='bbox 315 1897 346 1946; x_wconf 88' lang='lat' dir='ltr'><strong>et</strong></span> <span class='ocrx_word' id='word_1_54' title='bbox 366 1889 452 1946; x_wconf 85' lang='lat' dir='ltr'><strong>dices</strong></span> <span class='ocrx_word' id='word_1_55' title='bbox 471 1889 515 1946; x_wconf 85' lang='lat' dir='ltr'><strong>ad</strong></span> <span class='ocrx_word' id='word_1_56' title='bbox 534 1907 584 1945; x_wconf 85' lang='lat' dir='ltr'><strong>eos</strong></span> <span class='ocrx_word' id='word_1_57' title='bbox 600 1907 610 1945; x_wconf 92' lang='grc'><strong>.·</strong></span> <span class='ocrx_word' id='word_1_58' title='bbox 628 1889 730 1946; x_wconf 83' lang='lat' dir='ltr'><em>Homo</em></span> <span class='ocrx_word' id='word_1_59' title='bbox 747 1888 806 1964; x_wconf 79' lang='lat' dir='ltr'><strong>qai</strong></span> <span class='ocrx_word' id='word_1_60' title='bbox 825 1895 931 1945; x_wconf 83' lang='lat' dir='ltr'><strong>cotum</strong></span> 
     </span>
     <span class='ocr_line' id='line_1_9' title="bbox 182 1986 932 2064; baseline -0.003 -21"><span class='ocrx_word' id='word_1_61' title='bbox 182 1987 307 2064; x_wconf 80' lang='lat' dir='ltr'><strong>feeerit,</strong></span> <span class='ocrx_word' id='word_1_62' title='bbox 319 1995 350 2045; x_wconf 85' lang='lat' dir='ltr'><strong>et</strong></span> <span class='ocrx_word' id='word_1_63' title='bbox 364 1986 570 2062; x_wconf 69' lang='lat' dir='ltr'><strong>spoponderit</strong></span> <span class='ocrx_word' id='word_1_64' title='bbox 585 1987 649 2045; x_wconf 82' lang='lat' dir='ltr'><strong>Deo</strong></span> <span class='ocrx_word' id='word_1_65' title='bbox 665 1986 812 2043; x_wconf 71' lang='lat' dir='ltr'><strong>anienem</strong></span> <span class='ocrx_word' id='word_1_66' title='bbox 827 2004 932 2055; x_wconf 81' lang='lat' dir='ltr'><strong>suam,</strong></span> 
     </span>
     <span class='ocr_line' id='line_1_10' title="bbox 182 2079 935 2165; baseline -0.004 -21"><span class='ocrx_word' id='word_1_67' title='bbox 182 2083 213 2144; x_wconf 93' lang='lat' dir='ltr'><strong>id</strong></span> <span class='ocrx_word' id='word_1_68' title='bbox 230 2091 289 2159; x_wconf 87' lang='lat' dir='ltr'><strong>est,</strong></span> <span class='ocrx_word' id='word_1_69' title='bbox 298 2102 333 2146; x_wconf 89' lang='lat' dir='ltr'><strong>se</strong></span> <span class='ocrx_word' id='word_1_70' title='bbox 346 2082 451 2165; x_wconf 91' lang='lat' dir='ltr'><strong>ipsum</strong></span> <span class='ocrx_word' id='word_1_71' title='bbox 467 2081 652 2164; x_wconf 74' lang='lat' dir='ltr'><strong>promiserit</strong></span> <span class='ocrx_word' id='word_1_72' title='bbox 662 2082 736 2156; x_wconf 90' lang='lat' dir='ltr'><strong>Deo,</strong></span> <span class='ocrx_word' id='word_1_73' title='bbox 747 2081 790 2143; x_wconf 92' lang='lat' dir='ltr'><strong>ita</strong></span> <span class='ocrx_word' id='word_1_74' title='bbox 802 2089 835 2142; x_wconf 92' lang='lat' dir='ltr'><strong>ut</strong></span> <span class='ocrx_word' id='word_1_75' title='bbox 847 2099 880 2142; x_wconf 90' lang='lat' dir='ltr'><strong>se</strong></span> <span class='ocrx_word' id='word_1_76' title='bbox 891 2079 935 2143; x_wconf 85' lang='lat' dir='ltr'><strong>oi-</strong></span> 
     </span>
     <span class='ocr_line' id='line_1_11' title="bbox 181 2179 934 2262; baseline -0.004 -19"><span class='ocrx_word' id='word_1_77' title='bbox 181 2181 265 2245; x_wconf 81' lang='lat' dir='ltr'><strong>ferat</strong></span> <span class='ocrx_word' id='word_1_78' title='bbox 277 2182 336 2258; x_wconf 86' lang='lat' dir='ltr'><strong>illi,</strong></span> <span class='ocrx_word' id='word_1_79' title='bbox 350 2201 407 2245; x_wconf 90' lang='lat' dir='ltr'><strong>seu</strong></span> <span class='ocrx_word' id='word_1_80' title='bbox 418 2181 488 2262; x_wconf 90' lang='lat' dir='ltr'><strong>ejus</strong></span> <span class='ocrx_word' id='word_1_81' title='bbox 503 2179 758 2244; x_wconf 81' lang='lat' dir='ltr'><strong>honorificentie</strong></span> <span class='ocrx_word' id='word_1_82' title='bbox 773 2181 934 2261; x_wconf 75' lang='lat' dir='ltr'><strong>mancipet</strong></span> 
     </span>
     <span class='ocr_line' id='line_1_12' title="bbox 182 2271 931 2362; baseline -0.007 -18"><span class='ocrx_word' id='word_1_83' title='bbox 182 2282 282 2344; x_wconf 87' lang='lat' dir='ltr'><strong>vitam</strong></span> <span class='ocrx_word' id='word_1_84' title='bbox 299 2271 403 2342; x_wconf 87' lang='lat' dir='ltr'><strong>suam.</strong></span> <span class='ocrx_word' id='word_1_85' title='bbox 424 2280 514 2343; x_wconf 88' lang='lat' dir='ltr'><strong>Unde</strong></span> <span class='ocrx_word' id='word_1_86' title='bbox 530 2278 738 2362; x_wconf 81' lang='lat' dir='ltr'><strong>Symmachus</strong></span> <span class='ocrx_word' id='word_1_87' title='bbox 759 2279 931 2354; x_wconf 80' lang='lat' dir='ltr'><strong>transtulit,</strong></span> 
     </span>
     <span class='ocr_line' id='line_1_13' title="bbox 181 2375 932 2460; baseline -0.008 -18"><span class='ocrx_word' id='word_1_88' title='bbox 181 2379 213 2442; x_wconf 87' lang='lat' dir='ltr'><strong>Si</strong></span> <span class='ocrx_word' id='word_1_89' title='bbox 237 2377 436 2460; x_wconf 67' lang='lat' dir='ltr'><strong>separaverit</strong></span> <span class='ocrx_word' id='word_1_90' title='bbox 457 2397 491 2441; x_wconf 88' lang='lat' dir='ltr'><strong>se</strong></span> <span class='ocrx_word' id='word_1_91' title='bbox 515 2377 590 2440; x_wconf 87' lang='lat' dir='ltr'><strong>Deo.</strong></span> <span class='ocrx_word' id='word_1_92' title='bbox 612 2377 648 2438; x_wconf 79' lang='lat' dir='ltr'><strong>ut</strong></span> <span class='ocrx_word' id='word_1_93' title='bbox 667 2375 883 2456; x_wconf 85' lang='lat' dir='ltr'><strong>Septuaginta,</strong></span> <span class='ocrx_word' id='word_1_94' title='bbox 901 2375 932 2437; x_wconf 88' lang='lat' dir='ltr'><strong>Si</strong></span> 
     </span>
     <span class='ocr_line' id='line_1_14' title="bbox 181 2475 934 2560; baseline -0.008 -22"><span class='ocrx_word' id='word_1_95' title='bbox 181 2477 393 2560; x_wconf 85' lang='lat' dir='ltr'><strong>spoponderit</strong></span> <span class='ocrx_word' id='word_1_96' title='bbox 407 2477 561 2540; x_wconf 91' lang='lat' dir='ltr'><strong>bonorem</strong></span> <span class='ocrx_word' id='word_1_97' title='bbox 577 2476 691 2538; x_wconf 77' lang='lat' dir='ltr'><strong>anima</strong></span> <span class='ocrx_word' id='word_1_98' title='bbox 707 2494 772 2537; x_wconf 76' lang='lat' dir='ltr'><strong>suae</strong></span> <span class='ocrx_word' id='word_1_99' title='bbox 783 2475 934 2537; x_wconf 82' lang='lat' dir='ltr'><strong>[leo.Sub</strong></span> 
     </span>
     <span class='ocr_line' id='line_1_15' title="bbox 180 2573 933 2653; baseline -0.005 -16"><span class='ocrx_word' id='word_1_100' title='bbox 180 2577 396 2637; x_wconf 68' lang='lat' dir='ltr'><strong>(estimatione</strong></span> <span class='ocrx_word' id='word_1_101' title='bbox 412 2577 503 2635; x_wconf 80' lang='lat' dir='ltr'><strong>debit</strong></span> <span class='ocrx_word' id='word_1_102' title='bbox 514 2577 672 2653; x_wconf 81' lang='lat' dir='ltr'><strong>pretium,</strong></span> <span class='ocrx_word' id='word_1_103' title='bbox 689 2573 721 2635; x_wconf 90' lang='lat' dir='ltr'><strong>id</strong></span> <span class='ocrx_word' id='word_1_104' title='bbox 745 2581 802 2648; x_wconf 88' lang='lat' dir='ltr'><strong>est,</strong></span> <span class='ocrx_word' id='word_1_105' title='bbox 821 2591 933 2634; x_wconf 82' lang='lat' dir='ltr'><strong>secun-</strong></span> 
     </span>
    </p>
   </div>
   <div class='ocr_carea' id='block_1_6' title="bbox 988 1583 1736 2655">
    <p class='ocr_par' dir='ltr' id='par_1_6' title="bbox 988 1583 1736 2655">
     <span class='ocr_line' id='line_1_16' title="bbox 989 1583 1734 1672; baseline 0.011 -28"><span class='ocrx_word' id='word_1_106' title='bbox 989 1583 1059 1646; x_wconf 90' lang='lat' dir='ltr'><strong>sicli</strong></span> <span class='ocrx_word' id='word_1_107' title='bbox 1076 1585 1125 1648; x_wconf 89' lang='lat' dir='ltr'><strong>vel</strong></span> <span class='ocrx_word' id='word_1_108' title='bbox 1138 1586 1299 1666; x_wconf 88' lang='lat' dir='ltr'><strong>ponderis,</strong></span> <span class='ocrx_word' id='word_1_109' title='bbox 1310 1588 1400 1669; x_wconf 87' lang='lat' dir='ltr'><strong>cujus</strong></span> <span class='ocrx_word' id='word_1_110' title='bbox 1417 1609 1492 1651; x_wconf 91' lang='lat' dir='ltr'><strong>usus</strong></span> <span class='ocrx_word' id='word_1_111' title='bbox 1505 1588 1600 1652; x_wconf 84' lang='lat' dir='ltr'><strong>&#39;estin</strong></span> <span class='ocrx_word' id='word_1_112' title='bbox 1617 1591 1734 1672; x_wconf 91' lang='lat' dir='ltr'><strong>templo</strong></span> 
     </span>
     <span class='ocr_line' id='line_1_17' title="bbox 989 1683 1736 1770; baseline 0.011 -27"><span class='ocrx_word' id='word_1_113' title='bbox 989 1702 1045 1744; x_wconf 92' lang='lat' dir='ltr'><strong>seu</strong></span> <span class='ocrx_word' id='word_1_114' title='bbox 1056 1683 1261 1748; x_wconf 87' lang='lat' dir='ltr'><strong>tabernaculo</strong></span> <span class='ocrx_word' id='word_1_115' title='bbox 1277 1687 1331 1748; x_wconf 84' lang='lat' dir='ltr'><strong>Dei</strong></span> <span class='ocrx_word' id='word_1_116' title='bbox 1346 1704 1352 1748; x_wconf 93' lang='lat'>:</span> <span class='ocrx_word' id='word_1_117' title='bbox 1366 1689 1451 1768; x_wconf 92' lang='lat' dir='ltr'><strong>quod</strong></span> <span class='ocrx_word' id='word_1_118' title='bbox 1468 1689 1592 1770; x_wconf 89' lang='lat' dir='ltr'><strong>pondus</strong></span> <span class='ocrx_word' id='word_1_119' title='bbox 1608 1687 1736 1751; x_wconf 81' lang='lat' dir='ltr'><strong>differe</strong></span> 
     </span>
     <span class='ocr_line' id='line_1_18' title="bbox 989 1782 1735 1864; baseline 0.007 -21"><span class='ocrx_word' id='word_1_120' title='bbox 989 1782 1043 1844; x_wconf 88' lang='lat' dir='ltr'><strong>bat</strong></span> <span class='ocrx_word' id='word_1_121' title='bbox 1063 1782 1104 1844; x_wconf 90' lang='lat' dir='ltr'><strong>ab</strong></span> <span class='ocrx_word' id='word_1_122' title='bbox 1126 1801 1175 1860; x_wconf 92' lang='lat' dir='ltr'><strong>eo,</strong></span> <span class='ocrx_word' id='word_1_123' title='bbox 1192 1783 1285 1864; x_wconf 88' lang='lat' dir='ltr'><strong>cujus</strong></span> <span class='ocrx_word' id='word_1_124' title='bbox 1304 1805 1379 1846; x_wconf 91' lang='lat' dir='ltr'><strong>usus</strong></span> <span class='ocrx_word' id='word_1_125' title='bbox 1404 1785 1465 1848; x_wconf 89' lang='lat' dir='ltr'><strong>luit</strong></span> <span class='ocrx_word' id='word_1_126' title='bbox 1485 1786 1518 1848; x_wconf 94' lang='lat' dir='ltr'><strong>in</strong></span> <span class='ocrx_word' id='word_1_127' title='bbox 1537 1787 1735 1849; x_wconf 90' lang='lat' dir='ltr'><strong>mercationi·</strong></span> 
     </span>
     <span class='ocr_line' id='line_1_19' title="bbox 988 1880 1734 1966; baseline 0.007 -25"><span class='ocrx_word' id='word_1_128' title='bbox 988 1881 1048 1942; x_wconf 94' lang='lat' dir='ltr'><strong>bus</strong></span> <span class='ocrx_word' id='word_1_129' title='bbox 1064 1880 1147 1942; x_wconf 91' lang='lat' dir='ltr'><strong>aliis.</strong></span> <span class='ocrx_word' id='word_1_130' title='bbox 1165 1881 1335 1964; x_wconf 84' lang='lat' dir='ltr'><strong>Refertque</strong></span> <span class='ocrx_word' id='word_1_131' title='bbox 1350 1884 1517 1966; x_wconf 85' lang='lat' dir='ltr'><strong>Josephus,</strong></span> <span class='ocrx_word' id='word_1_132' title='bbox 1535 1886 1621 1966; x_wconf 93' lang='lat' dir='ltr'><strong>quod</strong></span> <span class='ocrx_word' id='word_1_133' title='bbox 1637 1885 1734 1948; x_wconf 86' lang='lat' dir='ltr'><strong>siclus</strong></span> 
     </span>
     <span class='ocr_line' id='line_1_20' title="bbox 988 1980 1734 2065; baseline 0.008 -24"><span class='ocrx_word' id='word_1_134' title='bbox 988 1998 1052 2060; x_wconf 90' lang='lat' dir='ltr'><strong>quo</strong></span> <span class='ocrx_word' id='word_1_135' title='bbox 1070 1980 1240 2042; x_wconf 88' lang='lat' dir='ltr'><strong>utebantur</strong></span> <span class='ocrx_word' id='word_1_136' title='bbox 1255 1981 1288 2042; x_wconf 92' lang='lat' dir='ltr'><strong>in</strong></span> <span class='ocrx_word' id='word_1_137' title='bbox 1310 1983 1439 2063; x_wconf 87' lang='lat' dir='ltr'><strong>templo,</strong></span> <span class='ocrx_word' id='word_1_138' title='bbox 1459 1983 1642 2046; x_wconf 86' lang='lat' dir='ltr'><strong>continebat</strong></span> <span class='ocrx_word' id='word_1_139' title='bbox 1657 2003 1734 2065; x_wconf 89' lang='lat' dir='ltr'><strong>qua-</strong></span> 
     </span>
     <span class='ocr_line' id='line_1_21' title="bbox 990 2079 1735 2162; baseline 0.008 -23"><span class='ocrx_word' id='word_1_140' title='bbox 990 2086 1060 2141; x_wconf 91' lang='lat' dir='ltr'><strong>tuor</strong></span> <span class='ocrx_word' id='word_1_141' title='bbox 1078 2079 1255 2156; x_wconf 79' lang='lat' dir='ltr'><strong>drachmaS,</strong></span> <span class='ocrx_word' id='word_1_142' title='bbox 1273 2089 1304 2142; x_wconf 87' lang='lat' dir='ltr'><strong>ct</strong></span> <span class='ocrx_word' id='word_1_143' title='bbox 1324 2081 1476 2162; x_wconf 76' lang='lat' dir='ltr'><strong>qualibet</strong></span> <span class='ocrx_word' id='word_1_144' title='bbox 1490 2082 1642 2145; x_wconf 81' lang='lat' dir='ltr'><strong>drachma</strong></span> <span class='ocrx_word' id='word_1_145' title='bbox 1661 2083 1735 2145; x_wconf 78' lang='lat' dir='ltr'><strong>obe</strong></span> 
     </span>
     <span class='ocr_line' id='line_1_22' title="bbox 989 2177 1734 2262; baseline 0.004 -23"><span class='ocrx_word' id='word_1_146' title='bbox 989 2179 1036 2240; x_wconf 92' lang='lat' dir='ltr'><strong>los</strong></span> <span class='ocrx_word' id='word_1_147' title='bbox 1051 2177 1331 2260; x_wconf 83' lang='lat' dir='ltr'><strong>quinquetlbolus</strong></span> <span class='ocrx_word' id='word_1_148' title='bbox 1343 2198 1471 2262; x_wconf 92' lang='lat' dir='ltr'><strong>quoque</strong></span> <span class='ocrx_word' id='word_1_149' title='bbox 1481 2183 1532 2260; x_wconf 89' lang='lat' dir='ltr'><strong>(ut</strong></span> <span class='ocrx_word' id='word_1_150' title='bbox 1548 2181 1676 2262; x_wconf 85' lang='lat' dir='ltr'><strong>legitur)</strong></span> <span class='ocrx_word' id='word_1_151' title='bbox 1686 2189 1734 2244; x_wconf 90' lang='lat' dir='ltr'><strong>est</strong></span> 
     </span>
     <span class='ocr_line' id='line_1_23' title="bbox 988 2277 1735 2358; baseline 0.004 -19"><span class='ocrx_word' id='word_1_152' title='bbox 988 2277 1093 2339; x_wconf 89' lang='lat' dir='ltr'><strong>media</strong></span> <span class='ocrx_word' id='word_1_153' title='bbox 1109 2296 1182 2358; x_wconf 91' lang='lat' dir='ltr'><strong>pars</strong></span> <span class='ocrx_word' id='word_1_154' title='bbox 1193 2278 1327 2339; x_wconf 93' lang='lat' dir='ltr'><strong>nummi.</strong></span> <span class='ocrx_word' id='word_1_155' title='bbox 1341 2277 1395 2340; x_wconf 89' lang='lat' dir='ltr'><strong>Est</strong></span> <span class='ocrx_word' id='word_1_156' title='bbox 1411 2279 1505 2341; x_wconf 90' lang='lat' dir='ltr'><strong>etiam</strong></span> <span class='ocrx_word' id='word_1_157' title='bbox 1522 2279 1635 2342; x_wconf 89' lang='lat' dir='ltr'><strong>obolus</strong></span> <span class='ocrx_word' id='word_1_158' title='bbox 1650 2299 1735 2342; x_wconf 91' lang='lat' dir='ltr'><strong>seru-</strong></span> 
     </span>
     <span class='ocr_line' id='line_1_24' title="bbox 989 2374 1735 2458; baseline 0.007 -22"><span class='ocrx_word' id='word_1_159' title='bbox 989 2376 1094 2458; x_wconf 89' lang='lat' dir='ltr'><strong>pulus,</strong></span> <span class='ocrx_word' id='word_1_160' title='bbox 1108 2375 1164 2456; x_wconf 94' lang='lat' dir='ltr'><strong>qui</strong></span> <span class='ocrx_word' id='word_1_161' title='bbox 1181 2374 1281 2437; x_wconf 86' lang='lat' dir='ltr'><strong>tribus</strong></span> <span class='ocrx_word' id='word_1_162' title='bbox 1297 2377 1489 2458; x_wconf 89' lang='lat' dir='ltr'><strong>appenditur</strong></span> <span class='ocrx_word' id='word_1_163' title='bbox 1500 2377 1735 2458; x_wconf 89' lang='lat' dir='ltr'><strong>siliquis.Scru-</strong></span> 
     </span>
     <span class='ocr_line' id='line_1_25' title="bbox 989 2473 1731 2557; baseline 0.004 -22"><span class='ocrx_word' id='word_1_164' title='bbox 989 2473 1083 2556; x_wconf 93' lang='lat' dir='ltr'><strong>pulus</strong></span> <span class='ocrx_word' id='word_1_165' title='bbox 1095 2492 1170 2536; x_wconf 89' lang='lat' dir='ltr'><strong>vcro</strong></span> <span class='ocrx_word' id='word_1_166' title='bbox 1182 2493 1236 2536; x_wconf 85' lang='lat' dir='ltr'><strong>sex</strong></span> <span class='ocrx_word' id='word_1_167' title='bbox 1247 2473 1434 2556; x_wconf 86' lang='lat' dir='ltr'><strong>siliquarum</strong></span> <span class='ocrx_word' id='word_1_168' title='bbox 1447 2476 1587 2557; x_wconf 89' lang='lat' dir='ltr'><strong>pondere</strong></span> <span class='ocrx_word' id='word_1_169' title='bbox 1597 2485 1731 2539; x_wconf 89' lang='lat' dir='ltr'><strong>constat.</strong></span> 
     </span>
     <span class='ocr_line' id='line_1_26' title="bbox 988 2572 1733 2655; baseline 0.003 -21"><span class='ocrx_word' id='word_1_170' title='bbox 988 2574 1105 2635; x_wconf 81' lang='lat' dir='ltr'><strong>&#39;lamen</strong></span> <span class='ocrx_word' id='word_1_171' title='bbox 1126 2573 1175 2653; x_wconf 92' lang='lat' dir='ltr'><strong>(ut</strong></span> <span class='ocrx_word' id='word_1_172' title='bbox 1194 2572 1275 2652; x_wconf 79' lang='lat' dir='ltr'><strong>dini)</strong></span> <span class='ocrx_word' id='word_1_173' title='bbox 1296 2572 1479 2655; x_wconf 77' lang='lat' dir='ltr'><strong>frequenter</strong></span> <span class='ocrx_word' id='word_1_174' title='bbox 1495 2574 1687 2636; x_wconf 86' lang='lat' dir='ltr'><strong>numismata</strong></span> <span class='ocrx_word' id='word_1_175' title='bbox 1702 2583 1733 2637; x_wconf 91' lang='lat' dir='ltr'><strong>et</strong></span> 
     </span>
    </p>
   </div>
   <div class='ocr_carea' id='block_1_7' title="bbox 181 2665 1734 2754">
    <p class='ocr_par' dir='ltr' id='par_1_7' title="bbox 181 2665 1734 2754">
     <span class='ocr_line' id='line_1_27' title="bbox 181 2665 1734 2754; baseline -0.002 -17"><span class='ocrx_word' id='word_1_176' title='bbox 181 2677 259 2738; x_wconf 89' lang='lat' dir='ltr'><strong>‹lum</strong></span> <span class='ocrx_word' id='word_1_177' title='bbox 271 2682 393 2736; x_wconf 89' lang='lat' dir='ltr'><strong>certam</strong></span> <span class='ocrx_word' id='word_1_178' title='bbox 411 2674 602 2736; x_wconf 83' lang='lat' dir='ltr'><strong>taxationem</strong></span> <span class='ocrx_word' id='word_1_179' title='bbox 619 2693 653 2735; x_wconf 86' lang='lat' dir='ltr'><strong>se</strong></span> <span class='ocrx_word' id='word_1_180' title='bbox 668 2672 814 2747; x_wconf 90' lang='lat' dir='ltr'><strong>redimet,</strong></span> <span class='ocrx_word' id='word_1_181' title='bbox 825 2690 933 2734; x_wconf 89' lang='lat' dir='ltr'><strong>secun·</strong></span> <span class='ocrx_word' id='word_1_182' title='bbox 949 2665 972 2726; x_wconf 90' lang='lat' dir='ltr'>B</span> <span class='ocrx_word' id='word_1_183' title='bbox 987 2691 1145 2734; x_wconf 80' lang='lat' dir='ltr'><strong>mensurae</strong></span> <span class='ocrx_word' id='word_1_184' title='bbox 1161 2691 1197 2734; x_wconf 88' lang='lat' dir='ltr'><strong>ac</strong></span> <span class='ocrx_word' id='word_1_185' title='bbox 1213 2673 1355 2753; x_wconf 91' lang='lat' dir='ltr'><strong>pondera</strong></span> <span class='ocrx_word' id='word_1_186' title='bbox 1369 2673 1453 2754; x_wconf 88' lang='lat' dir='ltr'><strong>apud</strong></span> <span class='ocrx_word' id='word_1_187' title='bbox 1470 2673 1613 2736; x_wconf 88' lang='lat' dir='ltr'><strong>diversos</strong></span> <span class='ocrx_word' id='word_1_188' title='bbox 1629 2673 1734 2736; x_wconf 89' lang='lat' dir='ltr'><strong>diver-</strong></span> 
     </span>
    </p>
   </div>
   <div class='ocr_carea' id='block_1_8' title="bbox 177 2770 934 3743">
    <p class='ocr_par' dir='ltr' id='par_1_8' title="bbox 177 2770 934 3743">
     <span class='ocr_line' id='line_1_28' title="bbox 181 2770 934 2847; baseline -0.004 -12"><span class='ocrx_word' id='word_1_189' title='bbox 181 2775 258 2835; x_wconf 91' lang='lat' dir='ltr'><strong>dum</strong></span> <span class='ocrx_word' id='word_1_190' title='bbox 274 2792 460 2835; x_wconf 90' lang='lat' dir='ltr'><strong>mensuram</strong></span> <span class='ocrx_word' id='word_1_191' title='bbox 477 2773 528 2834; x_wconf 91' lang='lat' dir='ltr'><strong>sui</strong></span> <span class='ocrx_word' id='word_1_192' title='bbox 544 2771 673 2847; x_wconf 89' lang='lat' dir='ltr'><strong>valoris,</strong></span> <span class='ocrx_word' id='word_1_193' title='bbox 684 2770 711 2832; x_wconf 88' lang='lat' dir='ltr'><strong>si</strong></span> <span class='ocrx_word' id='word_1_194' title='bbox 727 2791 761 2833; x_wconf 90' lang='lat' dir='ltr'><strong>se</strong></span> <span class='ocrx_word' id='word_1_195' title='bbox 776 2770 934 2832; x_wconf 87' lang='lat' dir='ltr'><strong>redimere</strong></span> 
     </span>
     <span class='ocr_line' id='line_1_29' title="bbox 179 2868 928 2948; baseline -0.005 -14"><span class='ocrx_word' id='word_1_196' title='bbox 179 2872 332 2948; x_wconf 86' lang='lat' dir='ltr'><strong>voluerit,</strong></span> <span class='ocrx_word' id='word_1_197' title='bbox 356 2881 390 2932; x_wconf 94' lang='lat' dir='ltr'><strong>ut</strong></span> <span class='ocrx_word' id='word_1_198' title='bbox 405 2871 488 2933; x_wconf 88' lang='lat' dir='ltr'><strong>sicut</strong></span> <span class='ocrx_word' id='word_1_199' title='bbox 503 2879 588 2945; x_wconf 92' lang='lat' dir='ltr'><strong>ante,</strong></span> <span class='ocrx_word' id='word_1_200' title='bbox 600 2870 651 2933; x_wconf 90' lang='lat' dir='ltr'><strong>vel</strong></span> <span class='ocrx_word' id='word_1_201' title='bbox 668 2870 767 2932; x_wconf 90' lang='lat' dir='ltr'><strong>instar</strong></span> <span class='ocrx_word' id='word_1_202' title='bbox 782 2868 928 2944; x_wconf 88' lang='lat' dir='ltr'><strong>aliorum,</strong></span> 
     </span>
     <span class='ocr_line' id='line_1_30' title="bbox 179 2967 932 3050; baseline -0.004 -17"><span class='ocrx_word' id='word_1_203' title='bbox 179 2971 306 3034; x_wconf 89' lang='lat' dir='ltr'><strong>actibus</strong></span> <span class='ocrx_word' id='word_1_204' title='bbox 317 2979 408 3032; x_wconf 88' lang='lat' dir='ltr'><strong>vacet</strong></span> <span class='ocrx_word' id='word_1_205' title='bbox 424 2969 584 3032; x_wconf 90' lang='lat' dir='ltr'><strong>humanis.</strong></span> <span class='ocrx_word' id='word_1_206' title='bbox 598 2969 673 3030; x_wconf 93' lang='lat' dir='ltr'><strong>Nam</strong></span> <span class='ocrx_word' id='word_1_207' title='bbox 691 2968 746 3030; x_wconf 91' lang='lat' dir='ltr'><strong>illa</strong></span> <span class='ocrx_word' id='word_1_208' title='bbox 762 2967 932 3050; x_wconf 91' lang='lat' dir='ltr'><strong>promissio</strong></span> 
     </span>
     <span class='ocr_line' id='line_1_31' title="bbox 180 3066 932 3150; baseline -0.005 -19"><span class='ocrx_word' id='word_1_209' title='bbox 180 3070 226 3133; x_wconf 90' lang='lat' dir='ltr'><strong>sic</strong></span> <span class='ocrx_word' id='word_1_210' title='bbox 244 3069 307 3132; x_wconf 86' lang='lat' dir='ltr'><strong>luit</strong></span> <span class='ocrx_word' id='word_1_211' title='bbox 326 3068 547 3150; x_wconf 85' lang='lat' dir='ltr'><strong>intelligenda,</strong></span> <span class='ocrx_word' id='word_1_212' title='bbox 559 3077 591 3131; x_wconf 92' lang='lat' dir='ltr'><strong>et</strong></span> <span class='ocrx_word' id='word_1_213' title='bbox 606 3070 670 3130; x_wconf 90' lang='lat' dir='ltr'><strong>Deo</strong></span> <span class='ocrx_word' id='word_1_214' title='bbox 686 3067 872 3128; x_wconf 89' lang='lat' dir='ltr'><strong>instituente</strong></span> <span class='ocrx_word' id='word_1_215' title='bbox 888 3066 932 3128; x_wconf 89' lang='lat' dir='ltr'><strong>ita</strong></span> 
     </span>
     <span class='ocr_line' id='line_1_32' title="bbox 179 3164 929 3248; baseline -0.005 -19"><span class='ocrx_word' id='word_1_216' title='bbox 179 3168 291 3230; x_wconf 85' lang='lat' dir='ltr'><strong>tiebat.</strong></span> <span class='ocrx_word' id='word_1_217' title='bbox 309 3167 401 3230; x_wconf 80' lang='lat' dir='ltr'><strong>Unde</strong></span> <span class='ocrx_word' id='word_1_218' title='bbox 423 3175 454 3230; x_wconf 89' lang='lat' dir='ltr'><strong>et</strong></span> <span class='ocrx_word' id='word_1_219' title='bbox 476 3165 688 3248; x_wconf 89' lang='lat' dir='ltr'><strong>primogenita</strong></span> <span class='ocrx_word' id='word_1_220' title='bbox 715 3183 786 3246; x_wconf 80' lang='lat' dir='ltr'><strong>quta</strong></span> <span class='ocrx_word' id='word_1_221' title='bbox 805 3164 929 3228; x_wconf 87' lang='lat' dir='ltr'><strong>Domini</strong></span> 
     </span>
     <span class='ocr_line' id='line_1_33' title="bbox 177 3261 931 3342; baseline -0.007 -14"><span class='ocrx_word' id='word_1_222' title='bbox 177 3275 282 3342; x_wconf 87' lang='lat' dir='ltr'><strong>erant,</strong></span> <span class='ocrx_word' id='word_1_223' title='bbox 307 3264 559 3328; x_wconf 87' lang='lat' dir='ltr'><strong>redimebantur.</strong></span> <span class='ocrx_word' id='word_1_224' title='bbox 581 3263 643 3326; x_wconf 89' lang='lat' dir='ltr'><strong>Nec</strong></span> <span class='ocrx_word' id='word_1_225' title='bbox 665 3263 761 3326; x_wconf 91' lang='lat' dir='ltr'><strong>homo</strong></span> <span class='ocrx_word' id='word_1_226' title='bbox 784 3261 845 3324; x_wconf 88' lang='lat' dir='ltr'><strong>luit</strong></span> <span class='ocrx_word' id='word_1_227' title='bbox 866 3263 931 3324; x_wconf 90' lang='lat' dir='ltr'><strong>ani-</strong></span> 
     </span>
     <span class='ocr_line' id='line_1_34' title="bbox 177 3359 930 3444; baseline -0.005 -18"><span class='ocrx_word' id='word_1_228' title='bbox 177 3365 241 3427; x_wconf 87' lang='lat' dir='ltr'><strong>mal</strong></span> <span class='ocrx_word' id='word_1_229' title='bbox 259 3363 507 3426; x_wconf 90' lang='lat' dir='ltr'><strong>immolaticium</strong></span> <span class='ocrx_word' id='word_1_230' title='bbox 526 3380 533 3423; x_wconf 90' lang='lat'>:</span> <span class='ocrx_word' id='word_1_231' title='bbox 556 3370 685 3444; x_wconf 91' lang='lat' dir='ltr'><strong>propter</strong></span> <span class='ocrx_word' id='word_1_232' title='bbox 704 3362 789 3442; x_wconf 92' lang='lat' dir='ltr'><strong>quod</strong></span> <span class='ocrx_word' id='word_1_233' title='bbox 812 3359 930 3424; x_wconf 86' lang='lat' dir='ltr'><strong>iactum</strong></span> 
     </span>
     <span class='ocr_line' id='line_1_35' title="bbox 177 3459 929 3544; baseline -0.007 -18"><span class='ocrx_word' id='word_1_234' title='bbox 177 3472 289 3526; x_wconf 89' lang='lat' dir='ltr'><strong>votnm</strong></span> <span class='ocrx_word' id='word_1_235' title='bbox 317 3463 357 3525; x_wconf 90' lang='lat' dir='ltr'><strong>de</strong></span> <span class='ocrx_word' id='word_1_236' title='bbox 382 3463 453 3544; x_wconf 90' lang='lat' dir='ltr'><strong>ejas</strong></span> <span class='ocrx_word' id='word_1_237' title='bbox 483 3461 656 3537; x_wconf 91' lang='lat' dir='ltr'><strong>oblatione,</strong></span> <span class='ocrx_word' id='word_1_238' title='bbox 683 3459 929 3543; x_wconf 86' lang='lat' dir='ltr'><strong>persolvendum</strong></span> 
     </span>
     <span class='ocr_line' id='line_1_36' title="bbox 177 3558 930 3642; baseline -0.007 -18"><span class='ocrx_word' id='word_1_239' title='bbox 177 3581 241 3624; x_wconf 89' lang='lat' dir='ltr'><strong>non</strong></span> <span class='ocrx_word' id='word_1_240' title='bbox 259 3569 332 3625; x_wconf 90' lang='lat' dir='ltr'><strong>erat</strong></span> <span class='ocrx_word' id='word_1_241' title='bbox 347 3579 405 3642; x_wconf 91' lang='lat' dir='ltr'><strong>per</strong></span> <span class='ocrx_word' id='word_1_242' title='bbox 415 3560 485 3641; x_wconf 86' lang='lat' dir='ltr'><strong>ejus</strong></span> <span class='ocrx_word' id='word_1_243' title='bbox 496 3559 731 3636; x_wconf 88' lang='lat' dir='ltr'><strong>mactationem,</strong></span> <span class='ocrx_word' id='word_1_244' title='bbox 744 3558 798 3620; x_wconf 89' lang='lat' dir='ltr'><strong>sed</strong></span> <span class='ocrx_word' id='word_1_245' title='bbox 811 3559 930 3621; x_wconf 86' lang='lat' dir='ltr'><strong>redem-</strong></span> 
     </span>
     <span class='ocr_line' id='line_1_37' title="bbox 177 3655 929 3743; baseline -0.008 -21"><span class='ocrx_word' id='word_1_246' title='bbox 177 3661 336 3743; x_wconf 92' lang='lat' dir='ltr'><strong>ptionem.</strong></span> <span class='ocrx_word' id='word_1_247' title='bbox 349 3658 412 3721; x_wconf 88' lang='lat' dir='ltr'><strong>Nee</strong></span> <span class='ocrx_word' id='word_1_248' title='bbox 430 3666 506 3720; x_wconf 90' lang='lat' dir='ltr'><strong>tunc</strong></span> <span class='ocrx_word' id='word_1_249' title='bbox 522 3665 647 3739; x_wconf 88' lang='lat' dir='ltr'><strong>poterat</strong></span> <span class='ocrx_word' id='word_1_250' title='bbox 662 3657 798 3738; x_wconf 92' lang='lat' dir='ltr'><strong>quisque</strong></span> <span class='ocrx_word' id='word_1_251' title='bbox 816 3655 861 3717; x_wconf 92' lang='lat' dir='ltr'><strong>sic</strong></span> <span class='ocrx_word' id='word_1_252' title='bbox 877 3675 929 3737; x_wconf 87' lang='lat' dir='ltr'><strong>ap</strong></span> 
     </span>
    </p>
   </div>
   <div class='ocr_carea' id='block_1_9' title="bbox 985 2770 1731 3738">
    <p class='ocr_par' dir='ltr' id='par_1_9' title="bbox 985 2770 1731 3738">
     <span class='ocr_line' id='line_1_38' title="bbox 988 2770 1731 2852; baseline 0.003 -19"><span class='ocrx_word' id='word_1_253' title='bbox 988 2770 1168 2846; x_wconf 82' lang='lat' dir='ltr'><strong>silicantur,</strong></span> <span class='ocrx_word' id='word_1_254' title='bbox 1195 2771 1237 2832; x_wconf 90' lang='lat' dir='ltr'><strong>ita</strong></span> <span class='ocrx_word' id='word_1_255' title='bbox 1268 2771 1351 2851; x_wconf 92' lang='lat' dir='ltr'><strong>quod</strong></span> <span class='ocrx_word' id='word_1_256' title='bbox 1382 2789 1491 2834; x_wconf 91' lang='lat' dir='ltr'><strong>eorum</strong></span> <span class='ocrx_word' id='word_1_257' title='bbox 1522 2773 1731 2852; x_wconf 82' lang='lat' dir='ltr'><strong>quantitatem</strong></span> 
     </span>
     <span class='ocr_line' id='line_1_39' title="bbox 987 2869 1730 2951; baseline 0.004 -23"><span class='ocrx_word' id='word_1_258' title='bbox 987 2887 1044 2951; x_wconf 90' lang='lat' dir='ltr'><strong>pro</strong></span> <span class='ocrx_word' id='word_1_259' title='bbox 1060 2877 1147 2931; x_wconf 89' lang='lat' dir='ltr'><strong>certo</strong></span> <span class='ocrx_word' id='word_1_260' title='bbox 1163 2869 1244 2930; x_wconf 88' lang='lat' dir='ltr'><strong>seire</strong></span> <span class='ocrx_word' id='word_1_261' title='bbox 1261 2886 1324 2930; x_wconf 96' lang='lat' dir='ltr'><strong>non</strong></span> <span class='ocrx_word' id='word_1_262' title='bbox 1341 2886 1510 2950; x_wconf 92' lang='lat' dir='ltr'><strong>possumus</strong></span> <span class='ocrx_word' id='word_1_263' title='bbox 1521 2877 1675 2950; x_wconf 90' lang='lat' dir='ltr'><strong>quantum</strong></span> <span class='ocrx_word' id='word_1_264' title='bbox 1691 2870 1730 2932; x_wconf 91' lang='lat' dir='ltr'><strong>ad</strong></span> 
     </span>
     <span class='ocr_line' id='line_1_40' title="bbox 987 2967 1731 3048; baseline -0.001 -17"><span class='ocrx_word' id='word_1_265' title='bbox 987 2987 1108 3032; x_wconf 91' lang='lat' dir='ltr'><strong>omnes.</strong></span> <span class='ocrx_word' id='word_1_266' title='bbox 1133 2967 1208 3031; x_wconf 91' lang='lat' dir='ltr'><strong>Sicli</strong></span> <span class='ocrx_word' id='word_1_267' title='bbox 1229 2968 1369 3042; x_wconf 89' lang='lat' dir='ltr'><strong>demum,</strong></span> <span class='ocrx_word' id='word_1_268' title='bbox 1396 2985 1451 3048; x_wconf 91' lang='lat' dir='ltr'><strong>per</strong></span> <span class='ocrx_word' id='word_1_269' title='bbox 1476 2985 1556 3048; x_wconf 89' lang='lat' dir='ltr'><strong>quos</strong></span> <span class='ocrx_word' id='word_1_270' title='bbox 1579 2976 1731 3030; x_wconf 89' lang='lat' dir='ltr'><strong>voventes</strong></span> 
     </span>
     <span class='ocr_line' id='line_1_41' title="bbox 987 3063 1731 3140; baseline -0.003 -11"><span class='ocrx_word' id='word_1_271' title='bbox 987 3086 1020 3129; x_wconf 94' lang='lat' dir='ltr'><strong>se</strong></span> <span class='ocrx_word' id='word_1_272' title='bbox 1041 3067 1104 3130; x_wconf 88' lang='lat' dir='ltr'><strong>Deo</strong></span> <span class='ocrx_word' id='word_1_273' title='bbox 1131 3066 1174 3128; x_wconf 90' lang='lat' dir='ltr'><strong>ita</strong></span> <span class='ocrx_word' id='word_1_274' title='bbox 1199 3085 1232 3127; x_wconf 92' lang='lat' dir='ltr'><strong>se</strong></span> <span class='ocrx_word' id='word_1_275' title='bbox 1255 3065 1466 3140; x_wconf 90' lang='lat' dir='ltr'><strong>redemerunt,</strong></span> <span class='ocrx_word' id='word_1_276' title='bbox 1480 3063 1598 3127; x_wconf 92' lang='lat' dir='ltr'><strong>divinis</strong></span> <span class='ocrx_word' id='word_1_277' title='bbox 1620 3065 1731 3128; x_wconf 91' lang='lat' dir='ltr'><strong>usibus</strong></span> 
     </span>
     <span class='ocr_line' id='line_1_42' title="bbox 986 3163 1731 3247; baseline -0.001 -20"><span class='ocrx_word' id='word_1_278' title='bbox 986 3165 1107 3247; x_wconf 90' lang='lat' dir='ltr'><strong>templi·</strong></span> <span class='ocrx_word' id='word_1_279' title='bbox 1120 3183 1175 3227; x_wconf 93' lang='lat' dir='ltr'><strong>seu</strong></span> <span class='ocrx_word' id='word_1_280' title='bbox 1198 3164 1418 3226; x_wconf 86' lang='lat' dir='ltr'><strong>ministrorum</strong></span> <span class='ocrx_word' id='word_1_281' title='bbox 1441 3164 1510 3245; x_wconf 88' lang='lat' dir='ltr'><strong>ejus</strong></span> <span class='ocrx_word' id='word_1_282' title='bbox 1529 3163 1731 3245; x_wconf 90' lang='lat' dir='ltr'><strong>applicaban-</strong></span> 
     </span>
     <span class='ocr_line' id='line_1_43' title="bbox 986 3261 1731 3340; baseline 0.001 -15"><span class='ocrx_word' id='word_1_283' title='bbox 986 3273 1047 3325; x_wconf 89' lang='lat' dir='ltr'><strong>tur.</strong></span> <span class='ocrx_word' id='word_1_284' title='bbox 1068 3267 1108 3326; x_wconf 86' lang='lat' dir='ltr'><strong>Si</strong></span> <span class='ocrx_word' id='word_1_285' title='bbox 1128 3265 1258 3335; x_wconf 81' lang='lat' dir='ltr'><strong>mutter,</strong></span> <span class='ocrx_word' id='word_1_286' title='bbox 1276 3264 1425 3340; x_wconf 65' lang='lat' dir='ltr'><strong>trtpr&#39;atc,</strong></span> <span class='ocrx_word' id='word_1_287' title='bbox 1444 3262 1549 3338; x_wconf 92' lang='lat' dir='ltr'><strong>idest,</strong></span> <span class='ocrx_word' id='word_1_288' title='bbox 1567 3261 1594 3323; x_wconf 92' lang='lat' dir='ltr'><strong>si</strong></span> <span class='ocrx_word' id='word_1_289' title='bbox 1612 3261 1731 3326; x_wconf 86' lang='lat' dir='ltr'><strong>lamina</strong></span> 
     </span>
     <span class='ocr_line' id='line_1_44' title="bbox 985 3361 1730 3442; baseline -0.003 -16"><span class='ocrx_word' id='word_1_290' title='bbox 985 3363 1073 3426; x_wconf 89' lang='lat' dir='ltr'><strong>vovit</strong></span> <span class='ocrx_word' id='word_1_291' title='bbox 1096 3382 1129 3425; x_wconf 92' lang='lat' dir='ltr'><strong>se</strong></span> <span class='ocrx_word' id='word_1_292' title='bbox 1146 3363 1208 3425; x_wconf 84' lang='lat' dir='ltr'><strong>lleo</strong></span> <span class='ocrx_word' id='word_1_293' title='bbox 1229 3361 1270 3424; x_wconf 91' lang='lat' dir='ltr'><strong>ab</strong></span> <span class='ocrx_word' id='word_1_294' title='bbox 1292 3379 1376 3423; x_wconf 91' lang='lat' dir='ltr'><strong>anno</strong></span> <span class='ocrx_word' id='word_1_295' title='bbox 1392 3361 1544 3425; x_wconf 91' lang='lat' dir='ltr'><strong>vicesimo</strong></span> <span class='ocrx_word' id='word_1_296' title='bbox 1566 3380 1668 3442; x_wconf 91' lang='lat' dir='ltr'><strong>usque</strong></span> <span class='ocrx_word' id='word_1_297' title='bbox 1690 3362 1730 3424; x_wconf 89' lang='lat' dir='ltr'><strong>ad</strong></span> 
     </span>
     <span class='ocr_line' id='line_1_45' title="bbox 985 3459 1731 3542; baseline 0 -20"><span class='ocrx_word' id='word_1_298' title='bbox 985 3461 1228 3542; x_wconf 81' lang='lat' dir='ltr'><strong>sexagesimum,</strong></span> <span class='ocrx_word' id='word_1_299' title='bbox 1247 3459 1333 3522; x_wconf 90' lang='lat' dir='ltr'><strong>dedit</strong></span> <span class='ocrx_word' id='word_1_300' title='bbox 1356 3478 1413 3540; x_wconf 93' lang='lat' dir='ltr'><strong>pro</strong></span> <span class='ocrx_word' id='word_1_301' title='bbox 1434 3479 1490 3521; x_wconf 88' lang='lat' dir='ltr'><strong>sua</strong></span> <span class='ocrx_word' id='word_1_302' title='bbox 1513 3459 1731 3541; x_wconf 91' lang='lat' dir='ltr'><strong>redemptione</strong></span> 
     </span>
     <span class='ocr_line' id='line_1_46' title="bbox 985 3557 1730 3639; baseline -0.001 -19"><span class='ocrx_word' id='word_1_303' title='bbox 985 3559 1115 3638; x_wconf 89' lang='lat' dir='ltr'><strong>triginta</strong></span> <span class='ocrx_word' id='word_1_304' title='bbox 1131 3558 1237 3621; x_wconf 91' lang='lat' dir='ltr'><strong>siclos.</strong></span> <span class='ocrx_word' id='word_1_305' title='bbox 1255 3557 1310 3620; x_wconf 89' lang='lat' dir='ltr'><strong>Vir</strong></span> <span class='ocrx_word' id='word_1_306' title='bbox 1326 3557 1411 3620; x_wconf 89' lang='lat' dir='ltr'><strong>enim</strong></span> <span class='ocrx_word' id='word_1_307' title='bbox 1430 3557 1565 3620; x_wconf 88' lang='lat' dir='ltr'><strong>muliere</strong></span> <span class='ocrx_word' id='word_1_308' title='bbox 1580 3565 1730 3639; x_wconf 76' lang='lat' dir='ltr'><strong>praestan-</strong></span> 
     </span>
     <span class='ocr_line' id='line_1_47' title="bbox 985 3657 1441 3738; baseline -0.009 -18"><span class='ocrx_word' id='word_1_309' title='bbox 985 3658 1057 3734; x_wconf 91' lang='lat' dir='ltr'><strong>tior,</strong></span> <span class='ocrx_word' id='word_1_310' title='bbox 1070 3657 1269 3738; x_wconf 89' lang='lat' dir='ltr'><strong>validiorque</strong></span> <span class='ocrx_word' id='word_1_311' title='bbox 1284 3665 1441 3718; x_wconf 88' lang='lat' dir='ltr'><strong>censetur.</strong></span> 
     </span>
    </p>
   </div>
   <div class='ocr_carea' id='block_1_10' title="bbox 171 3754 1870 5415">
    <p class='ocr_par' dir='ltr' id='par_1_10' title="bbox 177 3754 1728 3843">
     <span class='ocr_line' id='line_1_48' title="bbox 177 3754 1728 3843; baseline -0.005 -21"><span class='ocrx_word' id='word_1_312' title='bbox 177 3759 291 3843; x_wconf 84' lang='lat' dir='ltr'><strong>plicari</strong></span> <span class='ocrx_word' id='word_1_313' title='bbox 320 3757 450 3832; x_wconf 75' lang='lat' dir='ltr'><strong>divinia,</strong></span> <span class='ocrx_word' id='word_1_314' title='bbox 476 3757 605 3838; x_wconf 87' lang='lat' dir='ltr'><strong>quando</strong></span> <span class='ocrx_word' id='word_1_315' title='bbox 628 3755 840 3818; x_wconf 83' lang='lat' dir='ltr'><strong>sacerdotium</strong></span> <span class='ocrx_word' id='word_1_316' title='bbox 868 3754 928 3816; x_wconf 88' lang='lat' dir='ltr'><strong>tuit</strong></span> <span class='ocrx_word' id='word_1_317' title='bbox 1023 3761 1051 3818; x_wconf 87' lang='lat' dir='ltr'><em>A</em></span> <span class='ocrx_word' id='word_1_318' title='bbox 1069 3759 1182 3837; x_wconf 81' lang='lat' dir='ltr'><strong>quinto</strong></span> <span class='ocrx_word' id='word_1_319' title='bbox 1202 3766 1310 3816; x_wconf 69' lang='lat' dir='ltr'><strong>aretem</strong></span> <span class='ocrx_word' id='word_1_320' title='bbox 1330 3775 1417 3814; x_wconf 81' lang='lat' dir='ltr'><strong>anno</strong></span> <span class='ocrx_word' id='word_1_321' title='bbox 1437 3775 1537 3833; x_wconf 84' lang='lat' dir='ltr'><strong>usque</strong></span> <span class='ocrx_word' id='word_1_322' title='bbox 1556 3758 1600 3815; x_wconf 85' lang='lat' dir='ltr'><strong>ad</strong></span> <span class='ocrx_word' id='word_1_323' title='bbox 1619 3757 1728 3814; x_wconf 82' lang='lat' dir='ltr'><strong>vicesi-</strong></span> 
     </span>
    </p>

    <p class='ocr_par' dir='ltr' id='par_1_11' title="bbox 177 3853 1726 3935">
     <span class='ocr_line' id='line_1_49' title="bbox 177 3853 1726 3935; baseline -0.005 -15"><span class='ocrx_word' id='word_1_324' title='bbox 177 3859 209 3920; x_wconf 91' lang='lat' dir='ltr'><strong>in</strong></span> <span class='ocrx_word' id='word_1_325' title='bbox 234 3877 300 3920; x_wconf 90' lang='lat' dir='ltr'><strong>una</strong></span> <span class='ocrx_word' id='word_1_326' title='bbox 324 3853 421 3930; x_wconf 88' lang='lat' dir='ltr'><strong>tribu,</strong></span> <span class='ocrx_word' id='word_1_327' title='bbox 439 3862 471 3917; x_wconf 92' lang='lat' dir='ltr'><strong>et</strong></span> <span class='ocrx_word' id='word_1_328' title='bbox 492 3873 550 3935; x_wconf 91' lang='lat' dir='ltr'><strong>per</strong></span> <span class='ocrx_word' id='word_1_329' title='bbox 569 3853 784 3932; x_wconf 88' lang='lat' dir='ltr'><strong>generationis</strong></span> <span class='ocrx_word' id='word_1_330' title='bbox 807 3871 928 3916; x_wconf 88' lang='lat' dir='ltr'><strong>succes·</strong></span> <span class='ocrx_word' id='word_1_331' title='bbox 944 3853 966 3916; x_wconf 88' lang='lat' dir='ltr'>C</span> <span class='ocrx_word' id='word_1_332' title='bbox 982 3879 1069 3918; x_wconf 81' lang='lat' dir='ltr'><strong>mum</strong></span> <span class='ocrx_word' id='word_1_333' title='bbox 1092 3858 1253 3916; x_wconf 79' lang='lat' dir='ltr'><strong>masculus</strong></span> <span class='ocrx_word' id='word_1_334' title='bbox 1273 3855 1363 3914; x_wconf 80' lang='lat' dir='ltr'><strong>dabit</strong></span> <span class='ocrx_word' id='word_1_335' title='bbox 1386 3853 1507 3930; x_wconf 62' lang='lat' dir='ltr'><strong>viginti</strong></span> <span class='ocrx_word' id='word_1_336' title='bbox 1525 3855 1641 3925; x_wconf 78' lang='lat' dir='ltr'><strong>tict0s,·</strong></span> <span class='ocrx_word' id='word_1_337' title='bbox 1655 3875 1726 3914; x_wconf 84' lang='lat' dir='ltr'><strong>mu-</strong></span> 
     </span>
    </p>

    <p class='ocr_par' dir='ltr' id='par_1_12' title="bbox 177 3951 1858 4032">
     <span class='ocr_line' id='line_1_50' title="bbox 177 3951 1858 4032; baseline -0.003 -13"><span class='ocrx_word' id='word_1_338' title='bbox 177 3957 301 4020; x_wconf 89' lang='lat' dir='ltr'><strong>sionem</strong></span> <span class='ocrx_word' id='word_1_339' title='bbox 330 3953 435 4016; x_wconf 90' lang='lat' dir='ltr'><strong>cultus</strong></span> <span class='ocrx_word' id='word_1_340' title='bbox 458 3953 512 4015; x_wconf 89' lang='lat' dir='ltr'><strong>Dei</strong></span> <span class='ocrx_word' id='word_1_341' title='bbox 538 3951 785 4015; x_wconf 88' lang='lat' dir='ltr'><strong>conservabatur</strong></span> <span class='ocrx_word' id='word_1_342' title='bbox 805 3951 837 4012; x_wconf 93' lang='lat' dir='ltr'><strong>in</strong></span> <span class='ocrx_word' id='word_1_343' title='bbox 863 3971 927 4014; x_wconf 91' lang='lat' dir='ltr'><strong>una</strong></span> <span class='ocrx_word' id='word_1_344' title='bbox 981 3959 1043 4017; x_wconf 81' lang='lat' dir='ltr'><strong>tier</strong></span> <span class='ocrx_word' id='word_1_345' title='bbox 1053 3956 1076 4027; x_wconf 80' lang='lat'><strong>“,</strong></span> <span class='ocrx_word' id='word_1_346' title='bbox 1104 3953 1135 4015; x_wconf 89' lang='lat' dir='ltr'><strong>id</strong></span> <span class='ocrx_word' id='word_1_347' title='bbox 1162 3961 1210 4014; x_wconf 86' lang='lat' dir='ltr'><strong>est</strong></span> <span class='ocrx_word' id='word_1_348' title='bbox 1235 3951 1350 4032; x_wconf 88' lang='lat' dir='ltr'><strong>puella,</strong></span> <span class='ocrx_word' id='word_1_349' title='bbox 1375 3954 1480 4011; x_wconf 85' lang='lat' dir='ltr'><strong>decem</strong></span> <span class='ocrx_word' id='word_1_350' title='bbox 1505 3951 1632 4015; x_wconf 88' lang='lat' dir='ltr'><strong>siclos:</strong></span> <span class='ocrx_word' id='word_1_351' title='bbox 1660 3971 1723 4015; x_wconf 93' lang='lat' dir='ltr'><strong>non</strong></span> <span class='ocrx_word' id='word_1_352' title='bbox 1751 3971 1858 4028; x_wconf 66' lang='lat' dir='ltr'><strong>*tantm</strong></span> 
     </span>
    </p>

    <p class='ocr_par' dir='ltr' id='par_1_13' title="bbox 175 4049 1724 4137">
     <span class='ocr_line' id='line_1_51' title="bbox 175 4049 1724 4137; baseline -0.004 -19"><span class='ocrx_word' id='word_1_353' title='bbox 175 4057 343 4118; x_wconf 85' lang='lat' dir='ltr'><strong>dumtaxat</strong></span> <span class='ocrx_word' id='word_1_354' title='bbox 358 4053 462 4134; x_wconf 88' lang='lat' dir='ltr'><strong>plebe,</strong></span> <span class='ocrx_word' id='word_1_355' title='bbox 475 4052 558 4113; x_wconf 87' lang='lat' dir='ltr'><strong>sicut</strong></span> <span class='ocrx_word' id='word_1_356' title='bbox 577 4070 661 4113; x_wconf 93' lang='lat' dir='ltr'><strong>nunc</strong></span> <span class='ocrx_word' id='word_1_357' title='bbox 678 4058 790 4132; x_wconf 89' lang='lat' dir='ltr'><strong>potest.</strong></span> <span class='ocrx_word' id='word_1_358' title='bbox 808 4050 927 4113; x_wconf 80' lang='lat' dir='ltr'><strong>Deinde</strong></span> <span class='ocrx_word' id='word_1_359' title='bbox 980 4054 1065 4137; x_wconf 93' lang='lat' dir='ltr'><strong>quod</strong></span> <span class='ocrx_word' id='word_1_360' title='bbox 1082 4050 1187 4134; x_wconf 89' lang='lat' dir='ltr'><strong>proles</strong></span> <span class='ocrx_word' id='word_1_361' title='bbox 1208 4049 1240 4110; x_wconf 89' lang='lat' dir='ltr'><strong>in</strong></span> <span class='ocrx_word' id='word_1_362' title='bbox 1261 4049 1373 4130; x_wconf 92' lang='lat' dir='ltr'><strong>quinto</strong></span> <span class='ocrx_word' id='word_1_363' title='bbox 1393 4068 1457 4112; x_wconf 73' lang='lat' dir='ltr'><strong>suta</strong></span> <span class='ocrx_word' id='word_1_364' title='bbox 1473 4049 1546 4113; x_wconf 71' lang='lat' dir='ltr'><strong>vitea</strong></span> <span class='ocrx_word' id='word_1_365' title='bbox 1565 4067 1649 4113; x_wconf 90' lang='lat' dir='ltr'><strong>anno</strong></span> <span class='ocrx_word' id='word_1_366' title='bbox 1670 4069 1724 4131; x_wconf 93' lang='lat' dir='ltr'><strong>po-</strong></span> 
     </span>
    </p>

    <p class='ocr_par' dir='ltr' id='par_1_14' title="bbox 175 4147 1721 4230">
     <span class='ocr_line' id='line_1_52' title="bbox 175 4147 1721 4230; baseline -0.003 -14"><span class='ocrx_word' id='word_1_367' title='bbox 175 4151 347 4217; x_wconf 83' lang='lat' dir='ltr'><strong>aestimatio</strong></span> <span class='ocrx_word' id='word_1_368' title='bbox 370 4169 426 4212; x_wconf 91' lang='lat' dir='ltr'><strong>sen</strong></span> <span class='ocrx_word' id='word_1_369' title='bbox 448 4168 598 4212; x_wconf 89' lang='lat' dir='ltr'><strong>mensura</strong></span> <span class='ocrx_word' id='word_1_370' title='bbox 621 4147 715 4230; x_wconf 86' lang='lat' dir='ltr'><strong>pretii</strong></span> <span class='ocrx_word' id='word_1_371' title='bbox 739 4147 926 4211; x_wconf 89' lang='lat' dir='ltr'><strong>determina·</strong></span> <span class='ocrx_word' id='word_1_372' title='bbox 980 4159 1060 4215; x_wconf 90' lang='lat' dir='ltr'><strong>terat</strong></span> <span class='ocrx_word' id='word_1_373' title='bbox 1076 4169 1109 4213; x_wconf 92' lang='lat' dir='ltr'><strong>se</strong></span> <span class='ocrx_word' id='word_1_374' title='bbox 1130 4151 1192 4212; x_wconf 87' lang='lat' dir='ltr'><strong>llco</strong></span> <span class='ocrx_word' id='word_1_375' title='bbox 1213 4166 1328 4210; x_wconf 90' lang='lat' dir='ltr'><strong>vovere</strong></span> <span class='ocrx_word' id='word_1_376' title='bbox 1350 4155 1404 4210; x_wconf 89' lang='lat' dir='ltr'><strong>aut</strong></span> <span class='ocrx_word' id='word_1_377' title='bbox 1427 4148 1563 4230; x_wconf 89' lang='lat' dir='ltr'><strong>pretium</strong></span> <span class='ocrx_word' id='word_1_378' title='bbox 1587 4149 1721 4225; x_wconf 86' lang='lat' dir='ltr'><strong>solvere,</strong></span> 
     </span>
    </p>

    <p class='ocr_par' dir='ltr' id='par_1_15' title="bbox 174 4245 1724 4332">
     <span class='ocr_line' id='line_1_53' title="bbox 174 4245 1724 4332; baseline -0.002 -18"><span class='ocrx_word' id='word_1_379' title='bbox 174 4263 252 4314; x_wconf 85' lang='lat' dir='ltr'><strong>tur:</strong></span> <span class='ocrx_word' id='word_1_380' title='bbox 270 4250 359 4332; x_wconf 90' lang='lat' dir='ltr'><strong>quod</strong></span> <span class='ocrx_word' id='word_1_381' title='bbox 383 4248 521 4330; x_wconf 90' lang='lat' dir='ltr'><strong>pretium</strong></span> <span class='ocrx_word' id='word_1_382' title='bbox 545 4247 719 4310; x_wconf 90' lang='lat' dir='ltr'><strong>secundum</strong></span> <span class='ocrx_word' id='word_1_383' title='bbox 740 4247 925 4310; x_wconf 88' lang='lat' dir='ltr'><strong>varietatem</strong></span> <span class='ocrx_word' id='word_1_384' title='bbox 980 4250 1085 4314; x_wconf 92' lang='lat' dir='ltr'><strong>sedin</strong></span> <span class='ocrx_word' id='word_1_385' title='bbox 1103 4247 1156 4310; x_wconf 92' lang='lat' dir='ltr'><strong>tali</strong></span> <span class='ocrx_word' id='word_1_386' title='bbox 1169 4254 1259 4310; x_wconf 72' lang='lat' dir='ltr'><strong>aetate</strong></span> <span class='ocrx_word' id='word_1_387' title='bbox 1276 4245 1435 4308; x_wconf 90' lang='lat' dir='ltr'><strong>interdum</strong></span> <span class='ocrx_word' id='word_1_388' title='bbox 1447 4247 1645 4309; x_wconf 85' lang='lat' dir='ltr'><strong>vovebantur</strong></span> <span class='ocrx_word' id='word_1_389' title='bbox 1661 4247 1724 4310; x_wconf 90' lang='lat' dir='ltr'><strong>Deo</strong></span> 
     </span>
    </p>

    <p class='ocr_par' dir='ltr' id='par_1_16' title="bbox 172 4344 1724 4429">
     <span class='ocr_line' id='line_1_54' title="bbox 172 4344 1724 4429; baseline -0.003 -15"><span class='ocrx_word' id='word_1_390' title='bbox 172 4359 305 4414; x_wconf 74' lang='lat' dir='ltr'><strong>etatum</strong></span> <span class='ocrx_word' id='word_1_391' title='bbox 327 4347 471 4429; x_wconf 89' lang='lat' dir='ltr'><strong>ejusdem</strong></span> <span class='ocrx_word' id='word_1_392' title='bbox 494 4355 525 4408; x_wconf 92' lang='lat' dir='ltr'><strong>et</strong></span> <span class='ocrx_word' id='word_1_393' title='bbox 548 4365 641 4407; x_wconf 83' lang='lat' dir='ltr'><strong>sexus</strong></span> <span class='ocrx_word' id='word_1_394' title='bbox 661 4345 860 4407; x_wconf 89' lang='lat' dir='ltr'><strong>diversorum</strong></span> <span class='ocrx_word' id='word_1_395' title='bbox 881 4347 926 4408; x_wconf 89' lang='lat' dir='ltr'><strong>di·</strong></span> <span class='ocrx_word' id='word_1_396' title='bbox 979 4371 998 4413; x_wconf 88' lang='lat' dir='ltr'><strong>a</strong></span> <span class='ocrx_word' id='word_1_397' title='bbox 1018 4349 1084 4410; x_wconf 91' lang='lat' dir='ltr'><strong>suis</strong></span> <span class='ocrx_word' id='word_1_398' title='bbox 1101 4344 1295 4428; x_wconf 91' lang='lat' dir='ltr'><strong>parentibus,</strong></span> <span class='ocrx_word' id='word_1_399' title='bbox 1313 4363 1331 4406; x_wconf 90' lang='lat' dir='ltr'><strong>a</strong></span> <span class='ocrx_word' id='word_1_400' title='bbox 1352 4344 1468 4424; x_wconf 92' lang='lat' dir='ltr'><strong>quibus</strong></span> <span class='ocrx_word' id='word_1_401' title='bbox 1484 4352 1515 4407; x_wconf 91' lang='lat' dir='ltr'><strong>et</strong></span> <span class='ocrx_word' id='word_1_402' title='bbox 1535 4344 1649 4408; x_wconf 84' lang='lat' dir='ltr'><strong>redimi</strong></span> <span class='ocrx_word' id='word_1_403' title='bbox 1669 4365 1724 4427; x_wconf 93' lang='lat' dir='ltr'><strong>po-</strong></span> 
     </span>
    </p>

    <p class='ocr_par' dir='ltr' id='par_1_17' title="bbox 171 4442 1870 4623">
     <span class='ocr_line' id='line_1_55' title="bbox 171 4442 1870 4524; baseline -0.004 -12"><span class='ocrx_word' id='word_1_404' title='bbox 171 4446 433 4512; x_wconf 84' lang='lat' dir='ltr'><strong>versilicabatur.</strong></span> <span class='ocrx_word' id='word_1_405' title='bbox 982 4444 1190 4510; x_wconf 83' lang='lat' dir='ltr'><strong>terantUnde</strong></span> <span class='ocrx_word' id='word_1_406' title='bbox 1206 4451 1236 4505; x_wconf 89' lang='lat' dir='ltr'><strong>et</strong></span> <span class='ocrx_word' id='word_1_407' title='bbox 1252 4442 1356 4524; x_wconf 90' lang='lat' dir='ltr'><strong>primo</strong></span> <span class='ocrx_word' id='word_1_408' title='bbox 1372 4443 1490 4522; x_wconf 83' lang='lat' dir='ltr'><strong>Regum</strong></span> <span class='ocrx_word' id='word_1_409' title='bbox 1502 4444 1592 4505; x_wconf 80' lang='lat' dir='ltr'><strong>Anna</strong></span> <span class='ocrx_word' id='word_1_410' title='bbox 1609 4443 1724 4522; x_wconf 89' lang='lat' dir='ltr'><strong>legitur</strong></span> <span class='ocrx_word' id='word_1_411' title='bbox 1738 4466 1870 4522; x_wconf 64' lang='lat' dir='ltr'><strong>raccant.</strong></span> 
     </span>
     <span class='ocr_line' id='line_1_56' title="bbox 213 4541 1722 4623; baseline -0.003 -17"><span class='ocrx_word' id='word_1_412' title='bbox 213 4549 255 4608; x_wconf 83' lang='lat' dir='ltr'><strong>Si</strong></span> <span class='ocrx_word' id='word_1_413' title='bbox 271 4546 378 4623; x_wconf 69' lang='lat' dir='ltr'><strong>fuer‘it</strong></span> <span class='ocrx_word' id='word_1_414' title='bbox 394 4547 558 4603; x_wconf 75' lang='lat' dir='ltr'><strong>mascalas</strong></span> <span class='ocrx_word' id='word_1_415' title='bbox 573 4563 593 4601; x_wconf 84' lang='lat' dir='ltr'><strong>a</strong></span> <span class='ocrx_word' id='word_1_416' title='bbox 609 4543 759 4602; x_wconf 76' lang='lat' dir='ltr'><strong>vicesimo</strong></span> <span class='ocrx_word' id='word_1_417' title='bbox 775 4563 861 4602; x_wconf 73' lang='lat' dir='ltr'><strong>aaran</strong></span> <span class='ocrx_word' id='word_1_418' title='bbox 877 4564 926 4602; x_wconf 79' lang='lat' dir='ltr'><strong>us-</strong></span> <span class='ocrx_word' id='word_1_419' title='bbox 980 4543 1157 4608; x_wconf 88' lang='lat' dir='ltr'><strong>Samuelom</strong></span> <span class='ocrx_word' id='word_1_420' title='bbox 1177 4541 1318 4603; x_wconf 89' lang='lat' dir='ltr'><strong>nondum</strong></span> <span class='ocrx_word' id='word_1_421' title='bbox 1336 4549 1444 4601; x_wconf 86' lang='lat' dir='ltr'><strong>nalum</strong></span> <span class='ocrx_word' id='word_1_422' title='bbox 1462 4541 1524 4603; x_wconf 86' lang='lat' dir='ltr'><strong>lleo</strong></span> <span class='ocrx_word' id='word_1_423' title='bbox 1541 4542 1677 4604; x_wconf 85' lang='lat' dir='ltr'><strong>vovisse.</strong></span> <span class='ocrx_word' id='word_1_424' title='bbox 1691 4541 1722 4604; x_wconf 89' lang='lat' dir='ltr'><strong>Si</strong></span> 
     </span>
    </p>

    <p class='ocr_par' dir='ltr' id='par_1_18' title="bbox 172 4638 1723 4726">
     <span class='ocr_line' id='line_1_57' title="bbox 172 4638 1723 4726; baseline -0.003 -20"><span class='ocrx_word' id='word_1_425' title='bbox 172 4667 235 4726; x_wconf 82' lang='lat' dir='ltr'><strong>que</strong></span> <span class='ocrx_word' id='word_1_426' title='bbox 250 4648 297 4705; x_wconf 81' lang='lat' dir='ltr'><strong>ad</strong></span> <span class='ocrx_word' id='word_1_427' title='bbox 314 4642 562 4718; x_wconf 71' lang='lat' dir='ltr'><strong>sexaqesimum,</strong></span> <span class='ocrx_word' id='word_1_428' title='bbox 578 4642 670 4701; x_wconf 79' lang='lat' dir='ltr'><strong>dabit</strong></span> <span class='ocrx_word' id='word_1_429' title='bbox 685 4643 926 4719; x_wconf 77' lang='lat' dir='ltr'><strong>qru&#39;equeptnte</strong></span> <span class='ocrx_word' id='word_1_430' title='bbox 979 4652 1086 4706; x_wconf 90' lang='lat' dir='ltr'><strong>autem</strong></span> <span class='ocrx_word' id='word_1_431' title='bbox 1110 4649 1256 4722; x_wconf 85' lang='lat' dir='ltr'><strong>parentes</strong></span> <span class='ocrx_word' id='word_1_432' title='bbox 1278 4638 1444 4714; x_wconf 89' lang='lat' dir='ltr'><strong>obiissent,</strong></span> <span class='ocrx_word' id='word_1_433' title='bbox 1463 4647 1610 4720; x_wconf 86' lang='lat' dir='ltr'><strong>poterant</strong></span> <span class='ocrx_word' id='word_1_434' title='bbox 1631 4640 1723 4720; x_wconf 91' lang='lat' dir='ltr'><strong>pueri</strong></span> 
     </span>
    </p>

    <p class='ocr_par' dir='ltr' id='par_1_19' title="bbox 172 4735 1723 4821">
     <span class='ocr_line' id='line_1_58' title="bbox 172 4735 1723 4821; baseline -0.003 -16"><span class='ocrx_word' id='word_1_435' title='bbox 172 4748 269 4805; x_wconf 78' lang='lat' dir='ltr'><strong>siclos</strong></span> <span class='ocrx_word' id='word_1_436' title='bbox 284 4741 427 4818; x_wconf 73' lang='lat' dir='ltr'><strong>arpenti,</strong></span> <span class='ocrx_word' id='word_1_437' title='bbox 444 4737 540 4800; x_wconf 91' lang='lat' dir='ltr'><strong>idest</strong></span> <span class='ocrx_word' id='word_1_438' title='bbox 560 4737 729 4820; x_wconf 91' lang='lat' dir='ltr'><strong>pecuniam</strong></span> <span class='ocrx_word' id='word_1_439' title='bbox 748 4739 826 4800; x_wconf 91' lang='lat' dir='ltr'><strong>tanti</strong></span> <span class='ocrx_word' id='word_1_440' title='bbox 841 4739 927 4800; x_wconf 89' lang='lat' dir='ltr'><strong>valo-</strong></span> <span class='ocrx_word' id='word_1_441' title='bbox 980 4743 1043 4804; x_wconf 89' lang='lat' dir='ltr'><strong>[teo</strong></span> <span class='ocrx_word' id='word_1_442' title='bbox 1058 4738 1207 4821; x_wconf 86' lang='lat' dir='ltr'><strong>promissi</strong></span> <span class='ocrx_word' id='word_1_443' title='bbox 1224 4756 1257 4799; x_wconf 93' lang='lat' dir='ltr'><strong>se</strong></span> <span class='ocrx_word' id='word_1_444' title='bbox 1278 4736 1364 4818; x_wconf 91' lang='lat' dir='ltr'><strong>ipsos</strong></span> <span class='ocrx_word' id='word_1_445' title='bbox 1381 4735 1546 4812; x_wconf 86' lang='lat' dir='ltr'><strong>redimere,</strong></span> <span class='ocrx_word' id='word_1_446' title='bbox 1568 4756 1666 4818; x_wconf 91' lang='lat' dir='ltr'><strong>quum</strong></span> <span class='ocrx_word' id='word_1_447' title='bbox 1684 4738 1723 4800; x_wconf 88' lang='lat' dir='ltr'><strong>ad</strong></span> 
     </span>
    </p>

    <p class='ocr_par' dir='ltr' id='par_1_20' title="bbox 174 4835 1725 4917">
     <span class='ocr_line' id='line_1_59' title="bbox 174 4835 1725 4917; baseline -0.005 -13"><span class='ocrx_word' id='word_1_448' title='bbox 174 4843 231 4904; x_wconf 89' lang='lat' dir='ltr'><strong>ris.</strong></span> <span class='ocrx_word' id='word_1_449' title='bbox 250 4839 357 4904; x_wconf 91' lang='lat' dir='ltr'><strong>Siclus</strong></span> <span class='ocrx_word' id='word_1_450' title='bbox 372 4845 478 4899; x_wconf 90' lang='lat' dir='ltr'><strong>autem</strong></span> <span class='ocrx_word' id='word_1_451' title='bbox 498 4838 547 4915; x_wconf 93' lang='lat' dir='ltr'><strong>(ut</strong></span> <span class='ocrx_word' id='word_1_452' title='bbox 562 4835 646 4898; x_wconf 90' lang='lat' dir='ltr'><strong>inira</strong></span> <span class='ocrx_word' id='word_1_453' title='bbox 661 4835 793 4917; x_wconf 82' lang='lat' dir='ltr'><strong>dicitur)</strong></span> <span class='ocrx_word' id='word_1_454' title='bbox 812 4836 926 4917; x_wconf 90' lang='lat' dir='ltr'><strong>viginti</strong></span> <span class='ocrx_word' id='word_1_455' title='bbox 981 4837 1206 4900; x_wconf 91' lang='lat' dir='ltr'><strong>discretionem</strong></span> <span class='ocrx_word' id='word_1_456' title='bbox 1222 4835 1394 4898; x_wconf 90' lang='lat' dir='ltr'><strong>venissent.</strong></span> <span class='ocrx_word' id='word_1_457' title='bbox 1407 4837 1456 4896; x_wconf 82' lang='lat' dir='ltr'><strong>Ab</strong></span> <span class='ocrx_word' id='word_1_458' title='bbox 1472 4857 1536 4896; x_wconf 80' lang='lat' dir='ltr'><strong>uno</strong></span> <span class='ocrx_word' id='word_1_459' title='bbox 1553 4857 1657 4897; x_wconf 81' lang='lat' dir='ltr'><strong>mense</strong></span> <span class='ocrx_word' id='word_1_460' title='bbox 1673 4859 1725 4896; x_wconf 79' lang='lat' dir='ltr'><strong>as-</strong></span> 
     </span>
    </p>

    <p class='ocr_par' dir='ltr' id='par_1_21' title="bbox 174 4933 1725 5017">
     <span class='ocr_line' id='line_1_60' title="bbox 174 4933 1725 5017; baseline -0.004 -13"><span class='ocrx_word' id='word_1_461' title='bbox 174 4939 291 5004; x_wconf 87' lang='lat' dir='ltr'><strong>obolos</strong></span> <span class='ocrx_word' id='word_1_462' title='bbox 307 4935 414 5011; x_wconf 84' lang='lat' dir='ltr'><strong>babet,</strong></span> <span class='ocrx_word' id='word_1_463' title='bbox 431 4943 528 5014; x_wconf 89' lang='lat' dir='ltr'><strong>atque</strong></span> <span class='ocrx_word' id='word_1_464' title='bbox 546 4935 596 5014; x_wconf 89' lang='lat' dir='ltr'><strong>(ut</strong></span> <span class='ocrx_word' id='word_1_465' title='bbox 615 4933 671 4996; x_wconf 89' lang='lat' dir='ltr'><strong>alii</strong></span> <span class='ocrx_word' id='word_1_466' title='bbox 692 4934 816 5014; x_wconf 77' lang='lat' dir='ltr'><strong>dicunt)</strong></span> <span class='ocrx_word' id='word_1_467' title='bbox 831 4935 927 4997; x_wconf 89' lang='lat' dir='ltr'><strong>siclus</strong></span> <span class='ocrx_word' id='word_1_468' title='bbox 981 4958 1042 5017; x_wconf 82' lang='lat' dir='ltr'><strong>que</strong></span> <span class='ocrx_word' id='word_1_469' title='bbox 1061 4939 1105 4996; x_wconf 82' lang='lat' dir='ltr'><strong>ad</strong></span> <span class='ocrx_word' id='word_1_470' title='bbox 1127 4937 1279 5015; x_wconf 74' lang='lat' dir='ltr'><strong>parietum</strong></span> <span class='ocrx_word' id='word_1_471' title='bbox 1300 4955 1425 4994; x_wconf 77' lang='lat' dir='ltr'><strong>arreum</strong></span> <span class='ocrx_word' id='word_1_472' title='bbox 1442 4954 1500 5011; x_wconf 85' lang='lat' dir='ltr'><strong>pro</strong></span> <span class='ocrx_word' id='word_1_473' title='bbox 1523 4939 1662 4996; x_wconf 82' lang='lat' dir='ltr'><strong>masculo</strong></span> <span class='ocrx_word' id='word_1_474' title='bbox 1679 4935 1725 4999; x_wconf 87' lang='lat' dir='ltr'><strong>sie</strong></span> 
     </span>
    </p>

    <p class='ocr_par' dir='ltr' id='par_1_22' title="bbox 176 5032 1725 5117">
     <span class='ocr_line' id='line_1_61' title="bbox 176 5032 1725 5117; baseline -0.004 -17"><span class='ocrx_word' id='word_1_475' title='bbox 176 5040 209 5100; x_wconf 95' lang='lat' dir='ltr'><strong>in</strong></span> <span class='ocrx_word' id='word_1_476' title='bbox 226 5034 406 5117; x_wconf 87' lang='lat' dir='ltr'><strong>Scripturis</strong></span> <span class='ocrx_word' id='word_1_477' title='bbox 426 5052 484 5116; x_wconf 92' lang='lat' dir='ltr'><strong>pro</strong></span> <span class='ocrx_word' id='word_1_478' title='bbox 505 5032 600 5095; x_wconf 89' lang='lat' dir='ltr'><strong>uncia</strong></span> <span class='ocrx_word' id='word_1_479' title='bbox 620 5033 767 5109; x_wconf 90' lang='lat' dir='ltr'><strong>sumitur,</strong></span> <span class='ocrx_word' id='word_1_480' title='bbox 791 5052 848 5114; x_wconf 95' lang='lat' dir='ltr'><strong>pro</strong></span> <span class='ocrx_word' id='word_1_481' title='bbox 864 5054 927 5115; x_wconf 91' lang='lat' dir='ltr'><strong>quo</strong></span> <span class='ocrx_word' id='word_1_482' title='bbox 943 5037 968 5096; x_wconf 86' lang='lat' dir='ltr'><strong>ll</strong></span> <span class='ocrx_word' id='word_1_483' title='bbox 983 5035 1139 5117; x_wconf 86' lang='lat' dir='ltr'><strong>promisso</strong></span> <span class='ocrx_word' id='word_1_484' title='bbox 1151 5053 1187 5095; x_wconf 91' lang='lat' dir='ltr'><strong>ac</strong></span> <span class='ocrx_word' id='word_1_485' title='bbox 1203 5032 1725 5113; x_wconf 80' lang='lat' dir='ltr'><strong>redimendo,dalranterqatnque</strong></span> 
     </span>
    </p>

    <p class='ocr_par' dir='ltr' id='par_1_23' title="bbox 176 5129 1725 5219">
     <span class='ocr_line' id='line_1_62' title="bbox 176 5129 1725 5219; baseline -0.004 -21"><span class='ocrx_word' id='word_1_486' title='bbox 176 5134 390 5219; x_wconf 76' lang='lat' dir='ltr'><strong>Septuaginta</strong></span> <span class='ocrx_word' id='word_1_487' title='bbox 405 5131 647 5203; x_wconf 88' lang='lat' dir='ltr'><strong>transtulerunt,</strong></span> <span class='ocrx_word' id='word_1_488' title='bbox 666 5135 817 5215; x_wconf 63' lang='grc' dir='ltr'>δίδραχμα.</span> <span class='ocrx_word' id='word_1_489' title='bbox 833 5132 927 5194; x_wconf 90' lang='lat' dir='ltr'><strong>Porro</strong></span> <span class='ocrx_word' id='word_1_490' title='bbox 982 5136 1055 5193; x_wconf 75' lang='lat' dir='ltr'><strong>sicli</strong></span> <span class='ocrx_word' id='word_1_491' title='bbox 1066 5157 1079 5204; x_wconf 89' lang='lat'><em>;</em></span> <span class='ocrx_word' id='word_1_492' title='bbox 1097 5152 1156 5210; x_wconf 85' lang='lat' dir='ltr'><strong>pro</strong></span> <span class='ocrx_word' id='word_1_493' title='bbox 1171 5133 1308 5209; x_wconf 72' lang='lat' dir='ltr'><strong>serulae,</strong></span> <span class='ocrx_word' id='word_1_494' title='bbox 1324 5141 1395 5190; x_wconf 84' lang='lat' dir='ltr'><strong>tres.</strong></span> <span class='ocrx_word' id='word_1_495' title='bbox 1413 5129 1514 5203; x_wconf 86' lang='lat' dir='ltr'><strong>Quare</strong></span> <span class='ocrx_word' id='word_1_496' title='bbox 1535 5149 1598 5192; x_wconf 91' lang='lat' dir='ltr'><strong>non</strong></span> <span class='ocrx_word' id='word_1_497' title='bbox 1620 5131 1725 5212; x_wconf 89' lang='lat' dir='ltr'><strong>potius</strong></span> 
     </span>
    </p>

    <p class='ocr_par' dir='ltr' id='par_1_24' title="bbox 175 5227 1726 5311">
     <span class='ocr_line' id='line_1_63' title="bbox 175 5227 1726 5311; baseline -0.005 -13"><span class='ocrx_word' id='word_1_498' title='bbox 175 5237 215 5298; x_wconf 87' lang='lat' dir='ltr'><strong>ad</strong></span> <span class='ocrx_word' id='word_1_499' title='bbox 230 5231 465 5296; x_wconf 86' lang='lat' dir='ltr'><strong>insinuandum</strong></span> <span class='ocrx_word' id='word_1_500' title='bbox 475 5229 660 5310; x_wconf 89' lang='lat' dir='ltr'><strong>qualitatem</strong></span> <span class='ocrx_word' id='word_1_501' title='bbox 674 5229 823 5311; x_wconf 88' lang='lat' dir='ltr'><strong>ponderis</strong></span> <span class='ocrx_word' id='word_1_502' title='bbox 835 5231 927 5311; x_wconf 89' lang='lat' dir='ltr'><strong>pretii</strong></span> <span class='ocrx_word' id='word_1_503' title='bbox 983 5235 1063 5294; x_wconf 91' lang='lat' dir='ltr'><strong>duos</strong></span> <span class='ocrx_word' id='word_1_504' title='bbox 1079 5250 1152 5293; x_wconf 90' lang='lat' dir='ltr'><strong>cum</strong></span> <span class='ocrx_word' id='word_1_505' title='bbox 1170 5227 1286 5304; x_wconf 91' lang='lat' dir='ltr'><strong>medie,</strong></span> <span class='ocrx_word' id='word_1_506' title='bbox 1304 5227 1425 5290; x_wconf 89' lang='lat' dir='ltr'><strong>scilicet</strong></span> <span class='ocrx_word' id='word_1_507' title='bbox 1440 5247 1498 5309; x_wconf 92' lang='lat' dir='ltr'><strong>pro</strong></span> <span class='ocrx_word' id='word_1_508' title='bbox 1513 5229 1618 5291; x_wconf 86' lang='lat' dir='ltr'><strong>media</strong></span> <span class='ocrx_word' id='word_1_509' title='bbox 1637 5239 1726 5310; x_wconf 88' lang='lat' dir='ltr'><strong>parte</strong></span> 
     </span>
    </p>

    <p class='ocr_par' dir='ltr' id='par_1_25' title="bbox 177 5327 1725 5415">
     <span class='ocr_line' id='line_1_64' title="bbox 177 5327 1725 5415; baseline -0.005 -20"><span class='ocrx_word' id='word_1_510' title='bbox 177 5327 569 5415; x_wconf 83' lang='lat' dir='ltr'><strong>hujus,subjungitur,ad</strong></span> <span class='ocrx_word' id='word_1_511' title='bbox 583 5348 767 5388; x_wconf 76' lang='lat' dir='ltr'><strong>mammem</strong></span> <span class='ocrx_word' id='word_1_512' title='bbox 782 5340 930 5388; x_wconf 82' lang='lat' dir='ltr'><strong>saactaa-</strong></span> <span class='ocrx_word' id='word_1_513' title='bbox 985 5338 1118 5404; x_wconf 89' lang='lat' dir='ltr'><strong>tantum,</strong></span> <span class='ocrx_word' id='word_1_514' title='bbox 1147 5334 1299 5407; x_wconf 90' lang='lat' dir='ltr'><strong>quantum</strong></span> <span class='ocrx_word' id='word_1_515' title='bbox 1327 5343 1384 5407; x_wconf 94' lang='lat' dir='ltr'><strong>pro</strong></span> <span class='ocrx_word' id='word_1_516' title='bbox 1414 5327 1584 5390; x_wconf 87' lang='lat' dir='ltr'><strong>masculot</strong></span> <span class='ocrx_word' id='word_1_517' title='bbox 1608 5328 1725 5389; x_wconf 89' lang='lat' dir='ltr'><strong>Forsan</strong></span> 
     </span>
    </p>
   </div>
   <div class='ocr_carea' id='block_1_11' title="bbox 0 0 2160 6259">
    <p class='ocr_par' dir='ltr' id='par_1_26' title="bbox 0 0 2160 6259">
     <span class='ocr_line' id='line_1_65' title="bbox 0 0 2160 6259; baseline 0 3"><span class='ocrx_word' id='word_1_518' title='bbox 0 0 2160 6259; x_wconf 95' lang='lat' dir='ltr'><strong> </strong></span> 
     </span>
    </p>
   </div>
  </div>
 </body>
</html>
