<?xml version="1.0" encoding="UTF-8"?>
<!DOCTYPE html PUBLIC "-//W3C//DTD XHTML 1.0 Transitional//EN"
    "http://www.w3.org/TR/xhtml1/DTD/xhtml1-transitional.dtd">
<html xmlns="http://www.w3.org/1999/xhtml" xml:lang="en" lang="en">
 <head>
  <title>
</title>
<meta http-equiv="Content-Type" content="text/html;charset=utf-8" />
  <meta name='ocr-system' content='tesseract 3.04.00' />
  <meta name='ocr-capabilities' content='ocr_page ocr_carea ocr_par ocr_line ocrx_word'/>
</head>
<body>
  <div class='ocr_page' id='page_1' title='image "./doctorisecstati00unkngoog_0282.png"; bbox 0 0 4309 6259; ppageno 0'>
   <div class='ocr_carea' id='block_1_1' title="bbox 810 494 1600 544">
    <p class='ocr_par' dir='ltr' id='par_1_1' title="bbox 810 494 1600 544">
     <span class='ocr_line' id='line_1_1' title="bbox 810 494 1600 544; baseline 0.005 -4"><span class='ocrx_word' id='word_1_1' title='bbox 810 494 985 542; x_wconf 69' lang='lat' dir='ltr'><strong>numnam</strong></span> <span class='ocrx_word' id='word_1_2' title='bbox 1005 495 1037 540; x_wconf 83' lang='lat' dir='ltr'><strong>IN</strong></span> <span class='ocrx_word' id='word_1_3' title='bbox 1058 494 1126 541; x_wconf 78' lang='lat' dir='ltr'><strong>GAP.</strong></span> <span class='ocrx_word' id='word_1_4' title='bbox 1150 494 1202 542; x_wconf 81' lang='lat' dir='ltr'><strong>xlv</strong></span> <span class='ocrx_word' id='word_1_5' title='bbox 1223 495 1359 542; x_wconf 79' lang='lat' dir='ltr'><strong>nuvtrlcl.</strong></span> <span class='ocrx_word' id='word_1_6' title='bbox 1382 514 1422 526; x_wconf 93' lang='lat'><strong>···</strong></span> <span class='ocrx_word' id='word_1_7' title='bbox 1441 497 1513 544; x_wconf 73' lang='lat' dir='ltr'><strong>aar.</strong></span> <span class='ocrx_word' id='word_1_8' title='bbox 1536 498 1600 544; x_wconf 79' lang='lat' dir='ltr'><strong>XXX</strong></span> 
     </span>
    </p>
   </div>
   <div class='ocr_carea' id='block_1_2' title="bbox 964 904 1444 991">
    <p class='ocr_par' dir='ltr' id='par_1_2' title="bbox 964 904 1444 991">
     <span class='ocr_line' id='line_1_2' title="bbox 964 904 1444 991; baseline 0.006 -3"><span class='ocrx_word' id='word_1_9' title='bbox 964 904 1286 991; x_wconf 77' lang='lat' dir='ltr'>ARTICULUS</span> <span class='ocrx_word' id='word_1_10' title='bbox 1326 907 1444 991; x_wconf 86' lang='lat' dir='ltr'><strong>XXX</strong></span> 
     </span>
    </p>
   </div>
   <div class='ocr_carea' id='block_1_3' title="bbox 481 1176 1916 1232">
    <p class='ocr_par' dir='ltr' id='par_1_3' title="bbox 481 1176 1916 1232">
     <span class='ocr_line' id='line_1_3' title="bbox 481 1176 1916 1232; baseline 0.001 -8"><span class='ocrx_word' id='word_1_11' title='bbox 481 1178 637 1226; x_wconf 77' lang='lat' dir='ltr'><strong>uxrosuto</strong></span> <span class='ocrx_word' id='word_1_12' title='bbox 659 1179 834 1224; x_wconf 73' lang='lat' dir='ltr'><strong>ntmauauts</strong></span> <span class='ocrx_word' id='word_1_13' title='bbox 856 1177 996 1223; x_wconf 75' lang='lat' dir='ltr'><strong>carinum</strong></span> <span class='ocrx_word' id='word_1_14' title='bbox 1018 1176 1234 1230; x_wconf 79' lang='lat' dir='ltr'><strong>ouanrtuaclltl</strong></span> <span class='ocrx_word' id='word_1_15' title='bbox 1257 1177 1264 1220; x_wconf 90' lang='lat'>:</span> <span class='ocrx_word' id='word_1_16' title='bbox 1288 1177 1476 1232; x_wconf 81' lang='lat' dir='ltr'>LOGUTUSQUE</span> <span class='ocrx_word' id='word_1_17' title='bbox 1498 1181 1552 1225; x_wconf 81' lang='lat' dir='ltr'><strong>EST</strong></span> <span class='ocrx_word' id='word_1_18' title='bbox 1573 1180 1704 1226; x_wconf 77' lang='lat' dir='ltr'><strong>oduinus</strong></span> <span class='ocrx_word' id='word_1_19' title='bbox 1725 1182 1768 1226; x_wconf 78' lang='lat' dir='ltr'><strong>Al)</strong></span> <span class='ocrx_word' id='word_1_20' title='bbox 1789 1181 1916 1228; x_wconf 72' lang='lat' dir='ltr'>HOXSEN.</span> 
     </span>
    </p>
   </div>
   <div class='ocr_carea' id='block_1_4' title="bbox 282 1441 1978 5373">
    <p class='ocr_par' dir='ltr' id='par_1_4' title="bbox 282 1441 1978 5373">
     <span class='ocr_line' id='line_1_4' title="bbox 500 1441 1973 1541; baseline 0 -18"><span class='ocrx_word' id='word_1_21' title='bbox 500 1457 804 1540; x_wconf 83' lang='lat' dir='ltr'><strong>STENSOqualiler</strong></span> <span class='ocrx_word' id='word_1_22' title='bbox 821 1454 909 1535; x_wconf 89' lang='lat' dir='ltr'><strong>lepra</strong></span> <span class='ocrx_word' id='word_1_23' title='bbox 925 1452 966 1514; x_wconf 90' lang='lat' dir='ltr'><strong>sit</strong></span> <span class='ocrx_word' id='word_1_24' title='bbox 981 1468 1174 1531; x_wconf 89' lang='lat' dir='ltr'><strong>cognoscen-</strong></span> <span class='ocrx_word' id='word_1_25' title='bbox 1187 1448 1212 1509; x_wconf 87' lang='lat' dir='ltr'><strong>ll</strong></span> <span class='ocrx_word' id='word_1_26' title='bbox 1227 1441 1274 1513; x_wconf 82' lang='lat' dir='ltr'><strong>cst</strong></span> <span class='ocrx_word' id='word_1_27' title='bbox 1294 1454 1502 1518; x_wconf 75' lang='lat' dir='ltr'><strong>scaturientes</strong></span> <span class='ocrx_word' id='word_1_28' title='bbox 1519 1475 1574 1519; x_wconf 91' lang='lat' dir='ltr'><strong>seu</strong></span> <span class='ocrx_word' id='word_1_29' title='bbox 1591 1456 1740 1536; x_wconf 76' lang='lat' dir='ltr'><strong>fluentes,</strong></span> <span class='ocrx_word' id='word_1_30' title='bbox 1758 1478 1830 1541; x_wconf 84' lang='lat' dir='ltr'><strong>quta</strong></span> <span class='ocrx_word' id='word_1_31' title='bbox 1852 1461 1973 1524; x_wconf 88' lang='lat' dir='ltr'><strong>scilicet</strong></span> 
     </span>
     <span class='ocr_line' id='line_1_5' title="bbox 506 1549 1971 1638; baseline 0.002 -18"><span class='ocrx_word' id='word_1_32' title='bbox 506 1560 557 1635; x_wconf 89' lang='lat' dir='ltr'><strong>da,</strong></span> <span class='ocrx_word' id='word_1_33' title='bbox 580 1577 665 1620; x_wconf 91' lang='lat' dir='ltr'><strong>nunc</strong></span> <span class='ocrx_word' id='word_1_34' title='bbox 688 1555 871 1638; x_wconf 77' lang='lat' dir='ltr'><strong>praecipitur</strong></span> <span class='ocrx_word' id='word_1_35' title='bbox 893 1550 1030 1633; x_wconf 86' lang='lat' dir='ltr'><strong>qualiter</strong></span> <span class='ocrx_word' id='word_1_36' title='bbox 1053 1549 1094 1611; x_wconf 87' lang='lat' dir='ltr'><strong>sit</strong></span> <span class='ocrx_word' id='word_1_37' title='bbox 1117 1568 1173 1630; x_wconf 93' lang='lat' dir='ltr'><strong>pcr</strong></span> <span class='ocrx_word' id='word_1_38' title='bbox 1228 1569 1265 1612; x_wconf 84' lang='lat' dir='ltr'><strong>ex</strong></span> <span class='ocrx_word' id='word_1_39' title='bbox 1288 1551 1366 1632; x_wconf 91' lang='lat' dir='ltr'><strong>ipsis</strong></span> <span class='ocrx_word' id='word_1_40' title='bbox 1389 1553 1538 1616; x_wconf 85' lang='lat' dir='ltr'><strong>videntur</strong></span> <span class='ocrx_word' id='word_1_41' title='bbox 1560 1556 1693 1632; x_wconf 92' lang='lat' dir='ltr'><strong>moveri,</strong></span> <span class='ocrx_word' id='word_1_42' title='bbox 1715 1558 1798 1620; x_wconf 89' lang='lat' dir='ltr'><strong>sicut</strong></span> <span class='ocrx_word' id='word_1_43' title='bbox 1821 1559 1852 1620; x_wconf 95' lang='lat' dir='ltr'><strong>in</strong></span> <span class='ocrx_word' id='word_1_44' title='bbox 1877 1560 1971 1623; x_wconf 90' lang='lat' dir='ltr'><strong>rebus</strong></span> 
     </span>
     <span class='ocr_line' id='line_1_6' title="bbox 427 1649 1970 1738; baseline 0.001 -19"><span class='ocrx_word' id='word_1_45' title='bbox 427 1657 605 1721; x_wconf 89' lang='lat' dir='ltr'><strong>oblationes</strong></span> <span class='ocrx_word' id='word_1_46' title='bbox 630 1655 798 1738; x_wconf 80' lang='lat' dir='ltr'><strong>expianda.</strong></span> <span class='ocrx_word' id='word_1_47' title='bbox 820 1657 1020 1728; x_wconf 81' lang='lat' dir='ltr'><strong>Locutuspue</strong></span> <span class='ocrx_word' id='word_1_48' title='bbox 1043 1658 1088 1708; x_wconf 82' lang='lat' dir='ltr'><strong>est</strong></span> <span class='ocrx_word' id='word_1_49' title='bbox 1115 1651 1174 1706; x_wconf 75' lang='lat' dir='ltr'><strong>Do</strong></span> <span class='ocrx_word' id='word_1_50' title='bbox 1228 1649 1377 1712; x_wconf 85' lang='lat' dir='ltr'><strong>animatis</strong></span> <span class='ocrx_word' id='word_1_51' title='bbox 1392 1651 1510 1714; x_wconf 82' lang='lat' dir='ltr'><strong>arrimal</strong></span> <span class='ocrx_word' id='word_1_52' title='bbox 1526 1653 1716 1735; x_wconf 90' lang='lat' dir='ltr'><strong>appellatur,</strong></span> <span class='ocrx_word' id='word_1_53' title='bbox 1726 1658 1812 1736; x_wconf 91' lang='lat' dir='ltr'><strong>quod</strong></span> <span class='ocrx_word' id='word_1_54' title='bbox 1828 1657 1922 1720; x_wconf 89' lang='lat' dir='ltr'><strong>habet</strong></span> <span class='ocrx_word' id='word_1_55' title='bbox 1937 1658 1970 1720; x_wconf 92' lang='lat' dir='ltr'><strong>in</strong></span> 
     </span>
     <span class='ocr_line' id='line_1_7' title="bbox 427 1747 1973 1832; baseline 0.002 -17"><span class='ocrx_word' id='word_1_56' title='bbox 427 1759 538 1816; x_wconf 87' lang='lat' dir='ltr'><strong>miuus</strong></span> <span class='ocrx_word' id='word_1_57' title='bbox 560 1759 604 1815; x_wconf 82' lang='lat' dir='ltr'><strong>ad</strong></span> <span class='ocrx_word' id='word_1_58' title='bbox 623 1759 766 1832; x_wconf 81' lang='lat' dir='ltr'><strong>Moysen,</strong></span> <span class='ocrx_word' id='word_1_59' title='bbox 787 1753 897 1812; x_wconf 84' lang='lat' dir='ltr'><strong>diceas</strong></span> <span class='ocrx_word' id='word_1_60' title='bbox 911 1771 923 1808; x_wconf 91' lang='lat'><strong>.·</strong></span> <span class='ocrx_word' id='word_1_61' title='bbox 945 1750 1008 1810; x_wconf 87' lang='lat' dir='ltr'><strong>Hie</strong></span> <span class='ocrx_word' id='word_1_62' title='bbox 1025 1757 1070 1807; x_wconf 88' lang='lat' dir='ltr'><strong>est</strong></span> <span class='ocrx_word' id='word_1_63' title='bbox 1090 1747 1174 1807; x_wconf 89' lang='lat' dir='ltr'><strong>ritus</strong></span> <span class='ocrx_word' id='word_1_64' title='bbox 1229 1765 1263 1808; x_wconf 90' lang='lat' dir='ltr'><strong>sc</strong></span> <span class='ocrx_word' id='word_1_65' title='bbox 1279 1747 1473 1830; x_wconf 91' lang='lat' dir='ltr'><strong>principium</strong></span> <span class='ocrx_word' id='word_1_66' title='bbox 1496 1751 1568 1814; x_wconf 84' lang='lat' dir='ltr'><strong>vitae</strong></span> <span class='ocrx_word' id='word_1_67' title='bbox 1589 1762 1619 1815; x_wconf 87' lang='lat' dir='ltr'><strong>et</strong></span> <span class='ocrx_word' id='word_1_68' title='bbox 1638 1762 1743 1816; x_wconf 88' lang='lat' dir='ltr'><strong>motus</strong></span> <span class='ocrx_word' id='word_1_69' title='bbox 1758 1772 1764 1816; x_wconf 95' lang='lat'>:</span> <span class='ocrx_word' id='word_1_70' title='bbox 1782 1765 1813 1817; x_wconf 92' lang='lat' dir='ltr'><strong>ct</strong></span> <span class='ocrx_word' id='word_1_71' title='bbox 1829 1756 1900 1818; x_wconf 92' lang='lat' dir='ltr'><strong>ideo</strong></span> <span class='ocrx_word' id='word_1_72' title='bbox 1916 1756 1973 1818; x_wconf 91' lang='lat' dir='ltr'><strong>im-</strong></span> 
     </span>
     <span class='ocr_line' id='line_1_8' title="bbox 427 1844 1973 1932; baseline 0.002 -19"><span class='ocrx_word' id='word_1_73' title='bbox 427 1857 554 1932; x_wconf 85' lang='lat' dir='ltr'><strong>teprcsi,</strong></span> <span class='ocrx_word' id='word_1_74' title='bbox 573 1853 605 1915; x_wconf 94' lang='lat' dir='ltr'><strong>id</strong></span> <span class='ocrx_word' id='word_1_75' title='bbox 628 1861 687 1929; x_wconf 89' lang='lat' dir='ltr'><strong>est,</strong></span> <span class='ocrx_word' id='word_1_76' title='bbox 705 1851 848 1931; x_wconf 83' lang='lat' dir='ltr'><strong>legitima</strong></span> <span class='ocrx_word' id='word_1_77' title='bbox 867 1844 1070 1910; x_wconf 88' lang='lat' dir='ltr'><strong>obscrvantia</strong></span> <span class='ocrx_word' id='word_1_78' title='bbox 1090 1844 1174 1907; x_wconf 91' lang='lat' dir='ltr'><strong>circa</strong></span> <span class='ocrx_word' id='word_1_79' title='bbox 1229 1844 1359 1908; x_wconf 89' lang='lat' dir='ltr'><strong>molatio</strong></span> <span class='ocrx_word' id='word_1_80' title='bbox 1392 1847 1491 1910; x_wconf 87' lang='lat' dir='ltr'><strong>licbat</strong></span> <span class='ocrx_word' id='word_1_81' title='bbox 1522 1868 1617 1931; x_wconf 91' lang='lat' dir='ltr'><strong>super</strong></span> <span class='ocrx_word' id='word_1_82' title='bbox 1642 1869 1695 1913; x_wconf 89' lang='lat' dir='ltr'><strong>cas</strong></span> <span class='ocrx_word' id='word_1_83' title='bbox 1720 1852 1754 1914; x_wconf 92' lang='lat' dir='ltr'><strong>iu</strong></span> <span class='ocrx_word' id='word_1_84' title='bbox 1781 1851 1873 1915; x_wconf 92' lang='lat' dir='ltr'><strong>lictili</strong></span> <span class='ocrx_word' id='word_1_85' title='bbox 1899 1872 1973 1916; x_wconf 85' lang='lat' dir='ltr'><strong>rasa</strong></span> 
     </span>
     <span class='ocr_line' id='line_1_9' title="bbox 427 1945 1971 2034; baseline 0 -20"><span class='ocrx_word' id='word_1_86' title='bbox 427 1972 500 2014; x_wconf 88' lang='lat' dir='ltr'><strong>eum</strong></span> <span class='ocrx_word' id='word_1_87' title='bbox 516 1953 572 2034; x_wconf 96' lang='lat' dir='ltr'><strong>qui</strong></span> <span class='ocrx_word' id='word_1_88' title='bbox 589 1951 650 2014; x_wconf 91' lang='lat' dir='ltr'><strong>luit</strong></span> <span class='ocrx_word' id='word_1_89' title='bbox 665 1952 821 2032; x_wconf 88' lang='lat' dir='ltr'><strong>leprosus,</strong></span> <span class='ocrx_word' id='word_1_90' title='bbox 831 1949 961 2027; x_wconf 83' lang='lat' dir='ltr'><strong>quando</strong></span> <span class='ocrx_word' id='word_1_91' title='bbox 971 1945 1012 2007; x_wconf 87' lang='lat' dir='ltr'><strong>ab</strong></span> <span class='ocrx_word' id='word_1_92' title='bbox 1028 1964 1065 2007; x_wconf 88' lang='lat' dir='ltr'><strong>ea</strong></span> <span class='ocrx_word' id='word_1_93' title='bbox 1081 1963 1175 2004; x_wconf 79' lang='lat' dir='ltr'><strong>iuua—</strong></span> <span class='ocrx_word' id='word_1_94' title='bbox 1230 1953 1403 2026; x_wconf 89' lang='lat' dir='ltr'><strong>susceptas,</strong></span> <span class='ocrx_word' id='word_1_95' title='bbox 1421 1945 1497 2027; x_wconf 88' lang='lat' dir='ltr'><strong>quia</strong></span> <span class='ocrx_word' id='word_1_96' title='bbox 1513 1956 1587 2009; x_wconf 92' lang='lat' dir='ltr'><strong>sunt</strong></span> <span class='ocrx_word' id='word_1_97' title='bbox 1602 1950 1796 2014; x_wconf 80' lang='lat' dir='ltr'><strong>mundiores.</strong></span> <span class='ocrx_word' id='word_1_98' title='bbox 1820 1951 1971 2016; x_wconf 77' lang='lat' dir='ltr'><strong>Sacerdos</strong></span> 
     </span>
     <span class='ocr_line' id='line_1_10' title="bbox 426 2039 1972 2132; baseline 0 -21"><span class='ocrx_word' id='word_1_99' title='bbox 426 2054 558 2111; x_wconf 78' lang='lat' dir='ltr'><strong>dandus</strong></span> <span class='ocrx_word' id='word_1_100' title='bbox 571 2049 888 2111; x_wconf 57' lang='lat' dir='ltr'><strong>manuducatum}</strong></span> <span class='ocrx_word' id='word_1_101' title='bbox 901 2042 1175 2121; x_wconf 69' lang='lat' dir='ltr'><strong>sacerdotemque·</strong></span> <span class='ocrx_word' id='word_1_102' title='bbox 1231 2039 1325 2104; x_wconf 90' lang='lat' dir='ltr'><strong>lacict</strong></span> <span class='ocrx_word' id='word_1_103' title='bbox 1342 2063 1441 2106; x_wconf 93' lang='lat' dir='ltr'><strong>unum</strong></span> <span class='ocrx_word' id='word_1_104' title='bbox 1457 2046 1593 2109; x_wconf 93' lang='lat' dir='ltr'><strong>duorum</strong></span> <span class='ocrx_word' id='word_1_105' title='bbox 1614 2066 1778 2128; x_wconf 90' lang='lat' dir='ltr'><strong>passerum</strong></span> <span class='ocrx_word' id='word_1_106' title='bbox 1800 2070 1858 2132; x_wconf 91' lang='lat' dir='ltr'><strong>per</strong></span> <span class='ocrx_word' id='word_1_107' title='bbox 1874 2050 1972 2113; x_wconf 89' lang='lat' dir='ltr'><strong>alium</strong></span> 
     </span>
     <span class='ocr_line' id='line_1_11' title="bbox 427 2137 1972 2230; baseline 0 -20"><span class='ocrx_word' id='word_1_108' title='bbox 427 2149 574 2211; x_wconf 76' lang='lat' dir='ltr'><strong>sacerdos</strong></span> <span class='ocrx_word' id='word_1_109' title='bbox 592 2167 732 2224; x_wconf 76' lang='lat' dir='ltr'><strong>epressus</strong></span> <span class='ocrx_word' id='word_1_110' title='bbox 752 2149 792 2204; x_wconf 84' lang='lat' dir='ltr'><strong>de</strong></span> <span class='ocrx_word' id='word_1_111' title='bbox 811 2145 924 2203; x_wconf 87' lang='lat' dir='ltr'><strong>castris</strong></span> <span class='ocrx_word' id='word_1_112' title='bbox 940 2140 995 2204; x_wconf 89' lang='lat' dir='ltr'><strong>Ilei</strong></span> <span class='ocrx_word' id='word_1_113' title='bbox 1019 2149 1050 2203; x_wconf 91' lang='lat' dir='ltr'><strong>ct</strong></span> <span class='ocrx_word' id='word_1_114' title='bbox 1072 2137 1175 2201; x_wconf 92' lang='lat' dir='ltr'><strong>homi·</strong></span> <span class='ocrx_word' id='word_1_115' title='bbox 1230 2142 1424 2204; x_wconf 82' lang='lat' dir='ltr'><strong>sacerdotem</strong></span> <span class='ocrx_word' id='word_1_116' title='bbox 1440 2143 1477 2204; x_wconf 87' lang='lat' dir='ltr'><strong>ad</strong></span> <span class='ocrx_word' id='word_1_117' title='bbox 1495 2143 1549 2206; x_wconf 90' lang='lat' dir='ltr'><strong>[lei</strong></span> <span class='ocrx_word' id='word_1_118' title='bbox 1564 2144 1720 2208; x_wconf 89' lang='lat' dir='ltr'><strong>honorem</strong></span> <span class='ocrx_word' id='word_1_119' title='bbox 1736 2146 1861 2223; x_wconf 92' lang='lat' dir='ltr'><strong>ollerri,</strong></span> <span class='ocrx_word' id='word_1_120' title='bbox 1878 2157 1972 2230; x_wconf 89' lang='lat' dir='ltr'><strong>atquc</strong></span> 
     </span>
     <span class='ocr_line' id='line_1_12' title="bbox 427 2237 1972 2326; baseline 0 -19"><span class='ocrx_word' id='word_1_121' title='bbox 427 2265 515 2320; x_wconf 88' lang='lat' dir='ltr'><strong>num,</strong></span> <span class='ocrx_word' id='word_1_122' title='bbox 530 2247 590 2310; x_wconf 91' lang='lat' dir='ltr'><strong>hoc</strong></span> <span class='ocrx_word' id='word_1_123' title='bbox 605 2253 654 2308; x_wconf 88' lang='lat' dir='ltr'><strong>cst</strong></span> <span class='ocrx_word' id='word_1_124' title='bbox 669 2246 708 2306; x_wconf 91' lang='lat' dir='ltr'><strong>dc</strong></span> <span class='ocrx_word' id='word_1_125' title='bbox 724 2243 802 2307; x_wconf 88' lang='lat' dir='ltr'><strong>locis</strong></span> <span class='ocrx_word' id='word_1_126' title='bbox 818 2239 990 2303; x_wconf 83' lang='lat' dir='ltr'><strong>sanctuarii</strong></span> <span class='ocrx_word' id='word_1_127' title='bbox 1006 2248 1038 2302; x_wconf 90' lang='lat' dir='ltr'><strong>et</strong></span> <span class='ocrx_word' id='word_1_128' title='bbox 1054 2237 1175 2299; x_wconf 85' lang='lat' dir='ltr'><strong>habita·</strong></span> <span class='ocrx_word' id='word_1_129' title='bbox 1229 2239 1333 2301; x_wconf 92' lang='lat' dir='ltr'><strong>occidi</strong></span> <span class='ocrx_word' id='word_1_130' title='bbox 1349 2240 1381 2301; x_wconf 93' lang='lat' dir='ltr'><strong>in</strong></span> <span class='ocrx_word' id='word_1_131' title='bbox 1399 2239 1493 2302; x_wconf 91' lang='lat' dir='ltr'><strong>lictili</strong></span> <span class='ocrx_word' id='word_1_132' title='bbox 1506 2261 1591 2318; x_wconf 89' lang='lat' dir='ltr'><strong>vase,</strong></span> <span class='ocrx_word' id='word_1_133' title='bbox 1601 2262 1698 2325; x_wconf 89' lang='lat' dir='ltr'><strong>super</strong></span> <span class='ocrx_word' id='word_1_134' title='bbox 1714 2264 1813 2326; x_wconf 89' lang='lat' dir='ltr'><strong>aquas</strong></span> <span class='ocrx_word' id='word_1_135' title='bbox 1830 2255 1972 2310; x_wconf 79' lang='lat' dir='ltr'><strong>reeentcs</strong></span> 
     </span>
     <span class='ocr_line' id='line_1_13' title="bbox 350 2329 1974 2422; baseline 0 -16"><span class='ocrx_word' id='word_1_136' title='bbox 350 2329 353 2333; x_wconf 46' lang='grc'>’</span> <span class='ocrx_word' id='word_1_137' title='bbox 427 2344 509 2406; x_wconf 90' lang='lat' dir='ltr'><strong>culis</strong></span> <span class='ocrx_word' id='word_1_138' title='bbox 525 2342 767 2418; x_wconf 87' lang='lat' dir='ltr'><strong>Levitarum,ad</strong></span> <span class='ocrx_word' id='word_1_139' title='bbox 783 2359 867 2403; x_wconf 90' lang='lat' dir='ltr'><strong>eum.</strong></span> <span class='ocrx_word' id='word_1_140' title='bbox 880 2339 918 2400; x_wconf 80' lang='lat' dir='ltr'><strong>lit</strong></span> <span class='ocrx_word' id='word_1_141' title='bbox 934 2336 1033 2418; x_wconf 87' lang='lat' dir='ltr'><strong>aliqui</strong></span> <span class='ocrx_word' id='word_1_142' title='bbox 1051 2335 1173 2410; x_wconf 87' lang='lat' dir='ltr'><strong>dicunt,</strong></span> <span class='ocrx_word' id='word_1_143' title='bbox 1229 2337 1458 2414; x_wconf 86' lang='lat' dir='ltr'><strong>scaturientcs;</strong></span> <span class='ocrx_word' id='word_1_144' title='bbox 1479 2340 1528 2403; x_wconf 91' lang='lat' dir='ltr'><strong>vel</strong></span> <span class='ocrx_word' id='word_1_145' title='bbox 1548 2342 1617 2422; x_wconf 90' lang='lat' dir='ltr'><strong>ipse</strong></span> <span class='ocrx_word' id='word_1_146' title='bbox 1639 2342 1723 2405; x_wconf 90' lang='lat' dir='ltr'><strong>idem</strong></span> <span class='ocrx_word' id='word_1_147' title='bbox 1747 2344 1893 2406; x_wconf 90' lang='lat' dir='ltr'><strong>sacerdos</strong></span> <span class='ocrx_word' id='word_1_148' title='bbox 1915 2343 1974 2406; x_wconf 91' lang='lat' dir='ltr'><strong>hoc</strong></span> 
     </span>
     <span class='ocr_line' id='line_1_14' title="bbox 428 2431 1972 2524; baseline -0.001 -19"><span class='ocrx_word' id='word_1_149' title='bbox 428 2443 514 2524; x_wconf 92' lang='lat' dir='ltr'><strong>quod</strong></span> <span class='ocrx_word' id='word_1_150' title='bbox 540 2442 684 2523; x_wconf 89' lang='lat' dir='ltr'><strong>leprosus</strong></span> <span class='ocrx_word' id='word_1_151' title='bbox 706 2440 794 2504; x_wconf 87' lang='lat' dir='ltr'><strong>venit</strong></span> <span class='ocrx_word' id='word_1_152' title='bbox 819 2439 857 2501; x_wconf 89' lang='lat' dir='ltr'><strong>ad</strong></span> <span class='ocrx_word' id='word_1_153' title='bbox 886 2445 1009 2519; x_wconf 91' lang='lat' dir='ltr'><strong>portam</strong></span> <span class='ocrx_word' id='word_1_154' title='bbox 1034 2431 1174 2497; x_wconf 86' lang='lat' dir='ltr'><strong>civitatis</strong></span> <span class='ocrx_word' id='word_1_155' title='bbox 1229 2445 1311 2515; x_wconf 85' lang='lat' dir='ltr'><strong>aget,</strong></span> <span class='ocrx_word' id='word_1_156' title='bbox 1334 2437 1360 2498; x_wconf 95' lang='lat' dir='ltr'><strong>si</strong></span> <span class='ocrx_word' id='word_1_157' title='bbox 1385 2437 1466 2500; x_wconf 91' lang='lat' dir='ltr'><strong>alius</strong></span> <span class='ocrx_word' id='word_1_158' title='bbox 1490 2439 1571 2501; x_wconf 89' lang='lat' dir='ltr'><strong>desit</strong></span> <span class='ocrx_word' id='word_1_159' title='bbox 1595 2449 1650 2502; x_wconf 89' lang='lat' dir='ltr'><strong>aut</strong></span> <span class='ocrx_word' id='word_1_160' title='bbox 1674 2440 1734 2504; x_wconf 91' lang='lat' dir='ltr'><strong>hoc</strong></span> <span class='ocrx_word' id='word_1_161' title='bbox 1759 2450 1885 2524; x_wconf 87' lang='lat' dir='ltr'><strong>patrare</strong></span> <span class='ocrx_word' id='word_1_162' title='bbox 1910 2460 1972 2504; x_wconf 93' lang='lat' dir='ltr'><strong>non</strong></span> 
     </span>
     <span class='ocr_line' id='line_1_15' title="bbox 431 2532 1970 2623; baseline -0.001 -20"><span class='ocrx_word' id='word_1_163' title='bbox 431 2542 470 2603; x_wconf 91' lang='lat' dir='ltr'><strong>dc</strong></span> <span class='ocrx_word' id='word_1_164' title='bbox 489 2560 552 2621; x_wconf 90' lang='lat' dir='ltr'><strong>qua</strong></span> <span class='ocrx_word' id='word_1_165' title='bbox 570 2549 649 2615; x_wconf 86' lang='lat' dir='ltr'><strong>erat,</strong></span> <span class='ocrx_word' id='word_1_166' title='bbox 667 2539 716 2602; x_wconf 92' lang='lat' dir='ltr'><strong>vel</strong></span> <span class='ocrx_word' id='word_1_167' title='bbox 736 2558 838 2619; x_wconf 92' lang='lat' dir='ltr'><strong>usquc</strong></span> <span class='ocrx_word' id='word_1_168' title='bbox 859 2554 957 2618; x_wconf 91' lang='lat' dir='ltr'><strong>prope</strong></span> <span class='ocrx_word' id='word_1_169' title='bbox 977 2534 1108 2596; x_wconf 94' lang='lat' dir='ltr'><strong>domum</strong></span> <span class='ocrx_word' id='word_1_170' title='bbox 1130 2551 1176 2592; x_wconf 91' lang='lat' dir='ltr'><strong>sa·</strong></span> <span class='ocrx_word' id='word_1_171' title='bbox 1229 2532 1355 2596; x_wconf 92' lang='lat' dir='ltr'><strong>habeat.</strong></span> <span class='ocrx_word' id='word_1_172' title='bbox 1382 2538 1496 2597; x_wconf 71' lang='lat' dir='ltr'><strong>Atisim</strong></span> <span class='ocrx_word' id='word_1_173' title='bbox 1522 2548 1629 2599; x_wconf 89' lang='lat' dir='ltr'><strong>autem</strong></span> <span class='ocrx_word' id='word_1_174' title='bbox 1655 2542 1766 2600; x_wconf 86' lang='lat' dir='ltr'><strong>m&#39;aum</strong></span> <span class='ocrx_word' id='word_1_175' title='bbox 1795 2560 1970 2623; x_wconf 87' lang='lat' dir='ltr'><strong>passerem,</strong></span> 
     </span>
     <span class='ocr_line' id='line_1_16' title="bbox 430 2628 1973 2721; baseline -0.001 -19"><span class='ocrx_word' id='word_1_176' title='bbox 430 2640 587 2712; x_wconf 85' lang='lat' dir='ltr'><strong>cerdatis;</strong></span> <span class='ocrx_word' id='word_1_177' title='bbox 604 2638 660 2700; x_wconf 88' lang='lat' dir='ltr'><strong>alii</strong></span> <span class='ocrx_word' id='word_1_178' title='bbox 676 2635 891 2718; x_wconf 89' lang='lat' dir='ltr'><strong>dicunt,quod</strong></span> <span class='ocrx_word' id='word_1_179' title='bbox 907 2633 997 2696; x_wconf 84' lang='lat' dir='ltr'><strong>venit</strong></span> <span class='ocrx_word' id='word_1_180' title='bbox 1012 2633 1051 2694; x_wconf 90' lang='lat' dir='ltr'><strong>ad</strong></span> <span class='ocrx_word' id='word_1_181' title='bbox 1069 2631 1173 2693; x_wconf 91' lang='lat' dir='ltr'><strong>locum</strong></span> <span class='ocrx_word' id='word_1_182' title='bbox 1193 2628 1216 2689; x_wconf 92' lang='grc' dir='ltr'>Β</span> <span class='ocrx_word' id='word_1_183' title='bbox 1230 2652 1301 2692; x_wconf 82' lang='lat' dir='ltr'><strong>curn</strong></span> <span class='ocrx_word' id='word_1_184' title='bbox 1320 2636 1406 2710; x_wconf 79' lang='lat' dir='ltr'><strong>tt&#39;pao</strong></span> <span class='ocrx_word' id='word_1_185' title='bbox 1422 2637 1552 2695; x_wconf 79' lang='lat' dir='ltr'><strong>cedrino</strong></span> <span class='ocrx_word' id='word_1_186' title='bbox 1567 2645 1596 2696; x_wconf 88' lang='lat' dir='ltr'><strong>et</strong></span> <span class='ocrx_word' id='word_1_187' title='bbox 1612 2658 1710 2708; x_wconf 88' lang='lat' dir='ltr'><strong>coeco,</strong></span> <span class='ocrx_word' id='word_1_188' title='bbox 1727 2638 1759 2701; x_wconf 96' lang='lat' dir='ltr'><strong>id</strong></span> <span class='ocrx_word' id='word_1_189' title='bbox 1775 2647 1823 2701; x_wconf 88' lang='lat' dir='ltr'><strong>cst</strong></span> <span class='ocrx_word' id='word_1_190' title='bbox 1840 2638 1973 2721; x_wconf 75' lang='lat' dir='ltr'><strong>praelato</strong></span> 
     </span>
     <span class='ocr_line' id='line_1_17' title="bbox 432 2729 1974 2818; baseline -0.003 -18"><span class='ocrx_word' id='word_1_191' title='bbox 432 2757 496 2801; x_wconf 93' lang='lat' dir='ltr'><strong>non</strong></span> <span class='ocrx_word' id='word_1_192' title='bbox 511 2738 804 2818; x_wconf 82' lang='lat' dir='ltr'><strong>remotumajanua</strong></span> <span class='ocrx_word' id='word_1_193' title='bbox 820 2734 894 2796; x_wconf 90' lang='lat' dir='ltr'><strong>atrii</strong></span> <span class='ocrx_word' id='word_1_194' title='bbox 910 2729 1175 2813; x_wconf 77' lang='lat' dir='ltr'><strong>templi.l&#39;&#39;idelur</strong></span> <span class='ocrx_word' id='word_1_195' title='bbox 1231 2731 1415 2808; x_wconf 80' lang='lat' dir='ltr'><strong>vermiculo,</strong></span> <span class='ocrx_word' id='word_1_196' title='bbox 1433 2743 1462 2793; x_wconf 89' lang='lat' dir='ltr'><strong>et</strong></span> <span class='ocrx_word' id='word_1_197' title='bbox 1477 2736 1621 2811; x_wconf 76' lang='lat' dir='ltr'><strong>hyssopo,</strong></span> <span class='ocrx_word' id='word_1_198' title='bbox 1644 2738 1743 2813; x_wconf 73' lang='lat' dir='ltr'><strong>tinget</strong></span> <span class='ocrx_word' id='word_1_199' title='bbox 1760 2740 1974 2814; x_wconf 70' lang='lat' dir='ltr'><strong>insanguine</strong></span> 
     </span>
     <span class='ocr_line' id='line_1_18' title="bbox 430 2827 1975 2917; baseline -0.001 -19"><span class='ocrx_word' id='word_1_200' title='bbox 430 2845 537 2899; x_wconf 84' lang='lat' dir='ltr'><strong>tamen</strong></span> <span class='ocrx_word' id='word_1_201' title='bbox 552 2837 637 2916; x_wconf 93' lang='lat' dir='ltr'><strong>quod</strong></span> <span class='ocrx_word' id='word_1_202' title='bbox 654 2835 789 2917; x_wconf 90' lang='lat' dir='ltr'><strong>leprosis</strong></span> <span class='ocrx_word' id='word_1_203' title='bbox 810 2832 901 2895; x_wconf 92' lang='lat' dir='ltr'><strong>licuit</strong></span> <span class='ocrx_word' id='word_1_204' title='bbox 921 2828 1045 2910; x_wconf 83' lang='lat' dir='ltr'><strong>ingredi</strong></span> <span class='ocrx_word' id='word_1_205' title='bbox 1066 2827 1173 2902; x_wconf 89' lang='lat' dir='ltr'><strong>urbes,</strong></span> <span class='ocrx_word' id='word_1_206' title='bbox 1225 2832 1365 2906; x_wconf 85' lang='lat' dir='ltr'><strong>passeris</strong></span> <span class='ocrx_word' id='word_1_207' title='bbox 1388 2833 1559 2904; x_wconf 86' lang='lat' dir='ltr'><strong>immolati,</strong></span> <span class='ocrx_word' id='word_1_208' title='bbox 1581 2854 1643 2912; x_wconf 82' lang='lat' dir='ltr'><strong>pua</strong></span> <span class='ocrx_word' id='word_1_209' title='bbox 1669 2835 1822 2914; x_wconf 88' lang='lat' dir='ltr'><strong>sauguine</strong></span> <span class='ocrx_word' id='word_1_210' title='bbox 1845 2839 1975 2913; x_wconf 78' lang='lat' dir='ltr'><strong>auper-</strong></span> 
     </span>
     <span class='ocr_line' id='line_1_19' title="bbox 291 2929 1971 3015; baseline 0.002 -23"><span class='ocrx_word' id='word_1_211' title='bbox 291 2934 513 3004; x_wconf 67' lang='lat' dir='ltr'><strong>runa.v11‚sicut</strong></span> <span class='ocrx_word' id='word_1_212' title='bbox 529 2934 562 2995; x_wconf 95' lang='lat' dir='ltr'><strong>in</strong></span> <span class='ocrx_word' id='word_1_213' title='bbox 578 2940 690 3015; x_wconf 87' lang='lat' dir='ltr'><strong>quarto</strong></span> <span class='ocrx_word' id='word_1_214' title='bbox 705 2933 826 3013; x_wconf 84' lang='lat' dir='ltr'><strong>Regum</strong></span> <span class='ocrx_word' id='word_1_215' title='bbox 847 2930 964 3010; x_wconf 86' lang='lat' dir='ltr'><strong>legitur</strong></span> <span class='ocrx_word' id='word_1_216' title='bbox 983 2929 1022 2990; x_wconf 92' lang='lat' dir='ltr'><strong>dc</strong></span> <span class='ocrx_word' id='word_1_217' title='bbox 1039 2933 1176 3008; x_wconf 88' lang='lat' dir='ltr'><strong>quatuor</strong></span> <span class='ocrx_word' id='word_1_218' title='bbox 1225 2937 1278 3002; x_wconf 78' lang='lat' dir='ltr'><strong>pet</strong></span> <span class='ocrx_word' id='word_1_219' title='bbox 1295 2929 1390 2988; x_wconf 85' lang='lat' dir='ltr'><strong>illum</strong></span> <span class='ocrx_word' id='word_1_220' title='bbox 1401 2931 1460 3007; x_wconf 82' lang='lat' dir='ltr'><strong>qui</strong></span> <span class='ocrx_word' id='word_1_221' title='bbox 1472 2933 1683 2992; x_wconf 77' lang='lat' dir='ltr'><strong>mundandus</strong></span> <span class='ocrx_word' id='word_1_222' title='bbox 1696 2943 1749 3003; x_wconf 87' lang='lat' dir='ltr'><strong>est,</strong></span> <span class='ocrx_word' id='word_1_223' title='bbox 1759 2941 1915 3014; x_wconf 88' lang='lat' dir='ltr'><strong>quantum</strong></span> <span class='ocrx_word' id='word_1_224' title='bbox 1930 2934 1971 2996; x_wconf 86' lang='lat' dir='ltr'><strong>ad</strong></span> 
     </span>
     <span class='ocr_line' id='line_1_20' title="bbox 282 3018 1974 3114; baseline -0.001 -18"><span class='ocrx_word' id='word_1_225' title='bbox 282 3018 294 3055; x_wconf 75' lang='lat'>³</span> <span class='ocrx_word' id='word_1_226' title='bbox 429 3032 507 3096; x_wconf 88' lang='lat' dir='ltr'><strong>viris</strong></span> <span class='ocrx_word' id='word_1_227' title='bbox 527 3032 661 3114; x_wconf 88' lang='lat' dir='ltr'><strong>leprosis</strong></span> <span class='ocrx_word' id='word_1_228' title='bbox 681 3040 824 3112; x_wconf 90' lang='lat' dir='ltr'><strong>tempore</strong></span> <span class='ocrx_word' id='word_1_229' title='bbox 840 3027 947 3090; x_wconf 81' lang='lat' dir='ltr'><strong>Elisei.</strong></span> <span class='ocrx_word' id='word_1_230' title='bbox 967 3030 1072 3095; x_wconf 84' lang='lat' dir='ltr'><strong>Quum</strong></span> <span class='ocrx_word' id='word_1_231' title='bbox 1089 3027 1175 3084; x_wconf 83' lang='lat' dir='ltr'><strong>iuve-</strong></span> <span class='ocrx_word' id='word_1_232' title='bbox 1229 3023 1530 3104; x_wconf 80' lang='lat' dir='ltr'><strong>manifestationem,</strong></span> <span class='ocrx_word' id='word_1_233' title='bbox 1543 3029 1599 3110; x_wconf 96' lang='lat' dir='ltr'><strong>qui</strong></span> <span class='ocrx_word' id='word_1_234' title='bbox 1616 3037 1720 3092; x_wconf 85' lang='lat' dir='ltr'><strong>tamen</strong></span> <span class='ocrx_word' id='word_1_235' title='bbox 1738 3049 1771 3093; x_wconf 92' lang='lat' dir='ltr'><strong>re</strong></span> <span class='ocrx_word' id='word_1_236' title='bbox 1787 3029 1856 3113; x_wconf 88' lang='lat' dir='ltr'><strong>ipsa</strong></span> <span class='ocrx_word' id='word_1_237' title='bbox 1871 3031 1935 3112; x_wconf 89' lang='lat' dir='ltr'><strong>jam</strong></span> <span class='ocrx_word' id='word_1_238' title='bbox 1955 3051 1974 3094; x_wconf 92' lang='lat' dir='ltr'><strong>a</strong></span> 
     </span>
     <span class='ocr_line' id='line_1_21' title="bbox 428 3122 1975 3207; baseline -0.001 -16"><span class='ocrx_word' id='word_1_239' title='bbox 428 3132 514 3191; x_wconf 85' lang='lat' dir='ltr'><strong>uerit</strong></span> <span class='ocrx_word' id='word_1_240' title='bbox 533 3135 656 3207; x_wconf 84' lang='lat' dir='ltr'><strong>lepram</strong></span> <span class='ocrx_word' id='word_1_241' title='bbox 675 3149 737 3190; x_wconf 87' lang='lat' dir='ltr'><strong>esse</strong></span> <span class='ocrx_word' id='word_1_242' title='bbox 751 3129 958 3196; x_wconf 71' lang='lat' dir='ltr'><strong>munitatem,</strong></span> <span class='ocrx_word' id='word_1_243' title='bbox 976 3123 1008 3185; x_wconf 91' lang='lat' dir='ltr'><strong>id</strong></span> <span class='ocrx_word' id='word_1_244' title='bbox 1023 3130 1082 3198; x_wconf 88' lang='lat' dir='ltr'><strong>est,</strong></span> <span class='ocrx_word' id='word_1_245' title='bbox 1101 3139 1173 3183; x_wconf 90' lang='lat' dir='ltr'><strong>eum</strong></span> <span class='ocrx_word' id='word_1_246' title='bbox 1230 3122 1318 3204; x_wconf 90' lang='lat' dir='ltr'><strong>lcpra</strong></span> <span class='ocrx_word' id='word_1_247' title='bbox 1340 3134 1493 3205; x_wconf 86' lang='lat' dir='ltr'><strong>purgatus</strong></span> <span class='ocrx_word' id='word_1_248' title='bbox 1515 3125 1586 3203; x_wconf 86' lang='lat' dir='ltr'><strong>luit,</strong></span> <span class='ocrx_word' id='word_1_249' title='bbox 1605 3131 1726 3205; x_wconf 88' lang='lat' dir='ltr'><strong>septies,</strong></span> <span class='ocrx_word' id='word_1_250' title='bbox 1747 3139 1782 3189; x_wconf 88' lang='lat' dir='ltr'><strong>ut</strong></span> <span class='ocrx_word' id='word_1_251' title='bbox 1794 3130 1877 3206; x_wconf 83' lang='lat' dir='ltr'><strong>jure</strong></span> <span class='ocrx_word' id='word_1_252' title='bbox 1891 3151 1975 3206; x_wconf 79' lang='lat' dir='ltr'><strong>prar-</strong></span> 
     </span>
     <span class='ocr_line' id='line_1_22' title="bbox 428 3220 1971 3310; baseline 0 -20"><span class='ocrx_word' id='word_1_253' title='bbox 428 3229 484 3310; x_wconf 94' lang='lat' dir='ltr'><strong>qui</strong></span> <span class='ocrx_word' id='word_1_254' title='bbox 506 3228 568 3290; x_wconf 91' lang='lat' dir='ltr'><strong>luit</strong></span> <span class='ocrx_word' id='word_1_255' title='bbox 587 3228 744 3309; x_wconf 87' lang='lat' dir='ltr'><strong>leprosus,</strong></span> <span class='ocrx_word' id='word_1_256' title='bbox 761 3224 917 3287; x_wconf 88' lang='lat' dir='ltr'><strong>veraciter</strong></span> <span class='ocrx_word' id='word_1_257' title='bbox 932 3222 981 3284; x_wconf 85' lang='lat' dir='ltr'><strong>vel</strong></span> <span class='ocrx_word' id='word_1_258' title='bbox 1001 3220 1174 3284; x_wconf 88' lang='lat' dir='ltr'><strong>sacerdotis</strong></span> <span class='ocrx_word' id='word_1_259' title='bbox 1224 3232 1327 3297; x_wconf 74' lang='lat' dir='ltr'><strong>petar,</strong></span> <span class='ocrx_word' id='word_1_260' title='bbox 1337 3222 1368 3285; x_wconf 95' lang='lat' dir='ltr'><strong>id</strong></span> <span class='ocrx_word' id='word_1_261' title='bbox 1381 3231 1436 3300; x_wconf 91' lang='lat' dir='ltr'><strong>est,</strong></span> <span class='ocrx_word' id='word_1_262' title='bbox 1449 3224 1591 3304; x_wconf 87' lang='lat' dir='ltr'><strong>legitimo</strong></span> <span class='ocrx_word' id='word_1_263' title='bbox 1607 3235 1758 3308; x_wconf 85' lang='lat' dir='ltr'><strong>purgatus</strong></span> <span class='ocrx_word' id='word_1_264' title='bbox 1774 3236 1971 3290; x_wconf 88' lang='lat' dir='ltr'><strong>monstretur</strong></span> 
     </span>
     <span class='ocr_line' id='line_1_23' title="bbox 426 3310 1974 3408; baseline 0 -20"><span class='ocrx_word' id='word_1_265' title='bbox 426 3326 654 3408; x_wconf 87' lang='lat' dir='ltr'><strong>judicio,quod</strong></span> <span class='ocrx_word' id='word_1_266' title='bbox 670 3334 776 3386; x_wconf 89' lang='lat' dir='ltr'><strong>tamen</strong></span> <span class='ocrx_word' id='word_1_267' title='bbox 794 3322 929 3384; x_wconf 76' lang='lat' dir='ltr'><strong>lallilrilc</strong></span> <span class='ocrx_word' id='word_1_268' title='bbox 945 3327 1023 3396; x_wconf 87' lang='lat' dir='ltr'><strong>erat,</strong></span> <span class='ocrx_word' id='word_1_269' title='bbox 1038 3338 1108 3381; x_wconf 88' lang='lat' dir='ltr'><strong>esse</strong></span> <span class='ocrx_word' id='word_1_270' title='bbox 1124 3337 1175 3380; x_wconf 89' lang='lat' dir='ltr'><strong>cu·</strong></span> <span class='ocrx_word' id='word_1_271' title='bbox 1228 3337 1264 3380; x_wconf 90' lang='lat' dir='ltr'><strong>ac</strong></span> <span class='ocrx_word' id='word_1_272' title='bbox 1285 3319 1455 3400; x_wconf 89' lang='lat' dir='ltr'><strong>judicetur,</strong></span> <span class='ocrx_word' id='word_1_273' title='bbox 1480 3332 1511 3385; x_wconf 90' lang='lat' dir='ltr'><strong>ct</strong></span> <span class='ocrx_word' id='word_1_274' title='bbox 1532 3322 1587 3386; x_wconf 92' lang='lat' dir='ltr'><strong>alii</strong></span> <span class='ocrx_word' id='word_1_275' title='bbox 1610 3310 1719 3387; x_wconf 86' lang='lat' dir='ltr'><strong>secum</strong></span> <span class='ocrx_word' id='word_1_276' title='bbox 1741 3335 1974 3390; x_wconf 90' lang='lat' dir='ltr'><strong>conversentur</strong></span> 
     </span>
     <span class='ocr_line' id='line_1_24' title="bbox 428 3416 1977 3506; baseline -0.001 -19"><span class='ocrx_word' id='word_1_277' title='bbox 428 3433 531 3487; x_wconf 90' lang='lat' dir='ltr'><strong>ratum</strong></span> <span class='ocrx_word' id='word_1_278' title='bbox 550 3443 569 3486; x_wconf 92' lang='lat' dir='ltr'><strong>a</strong></span> <span class='ocrx_word' id='word_1_279' title='bbox 590 3424 687 3506; x_wconf 89' lang='lat' dir='ltr'><strong>lepra,</strong></span> <span class='ocrx_word' id='word_1_280' title='bbox 704 3416 782 3484; x_wconf 80' lang='lat' dir='ltr'><strong>verc&#39;</strong></span> <span class='ocrx_word' id='word_1_281' title='bbox 797 3428 904 3483; x_wconf 86' lang='lat' dir='ltr'><strong>autem</strong></span> <span class='ocrx_word' id='word_1_282' title='bbox 925 3419 1101 3482; x_wconf 89' lang='lat' dir='ltr'><strong>secundum</strong></span> <span class='ocrx_word' id='word_1_283' title='bbox 1118 3416 1173 3478; x_wconf 77' lang='lat' dir='ltr'><strong>he</strong></span> <span class='ocrx_word' id='word_1_284' title='bbox 1230 3436 1349 3481; x_wconf 90' lang='lat' dir='ltr'><strong>secure.</strong></span> <span class='ocrx_word' id='word_1_285' title='bbox 1369 3423 1410 3482; x_wconf 73' lang='lat' dir='ltr'><strong>at</strong></span> <span class='ocrx_word' id='word_1_286' title='bbox 1430 3423 1571 3484; x_wconf 78' lang='lat' dir='ltr'><strong>diraittet</strong></span> <span class='ocrx_word' id='word_1_287' title='bbox 1588 3424 1733 3487; x_wconf 85' lang='lat' dir='ltr'><strong>sacerdos</strong></span> <span class='ocrx_word' id='word_1_288' title='bbox 1746 3445 1907 3502; x_wconf 82' lang='lat' dir='ltr'><strong>passerem</strong></span> <span class='ocrx_word' id='word_1_289' title='bbox 1926 3429 1977 3486; x_wconf 85' lang='lat' dir='ltr'><strong>ui·</strong></span> 
     </span>
     <span class='ocr_line' id='line_1_25' title="bbox 427 3516 1974 3605; baseline 0 -20"><span class='ocrx_word' id='word_1_290' title='bbox 427 3524 550 3585; x_wconf 94' lang='lat' dir='ltr'><strong>minum</strong></span> <span class='ocrx_word' id='word_1_291' title='bbox 575 3520 817 3584; x_wconf 70' lang='lat' dir='ltr'><strong>aestimationem</strong></span> <span class='ocrx_word' id='word_1_292' title='bbox 838 3545 845 3595; x_wconf 83' lang='lat'>3</span> <span class='ocrx_word' id='word_1_293' title='bbox 868 3519 1037 3596; x_wconf 74' lang='lat' dir='ltr'><strong>precipiet</strong></span> <span class='ocrx_word' id='word_1_294' title='bbox 1061 3517 1093 3575; x_wconf 89' lang='lat' dir='ltr'><strong>ei</strong></span> <span class='ocrx_word' id='word_1_295' title='bbox 1116 3516 1174 3595; x_wconf 84' lang='lat' dir='ltr'><strong>qui</strong></span> <span class='ocrx_word' id='word_1_296' title='bbox 1230 3538 1319 3588; x_wconf 78' lang='lat' dir='ltr'><strong>arara,</strong></span> <span class='ocrx_word' id='word_1_297' title='bbox 1331 3528 1367 3579; x_wconf 92' lang='lat' dir='ltr'><strong>ut</strong></span> <span class='ocrx_word' id='word_1_298' title='bbox 1378 3521 1414 3579; x_wconf 87' lang='lat' dir='ltr'><strong>iu</strong></span> <span class='ocrx_word' id='word_1_299' title='bbox 1425 3540 1542 3596; x_wconf 76' lang='lat' dir='ltr'><strong>aprum</strong></span> <span class='ocrx_word' id='word_1_300' title='bbox 1552 3527 1666 3594; x_wconf 86' lang='lat' dir='ltr'><strong>avolet,</strong></span> <span class='ocrx_word' id='word_1_301' title='bbox 1676 3523 1714 3584; x_wconf 91' lang='lat' dir='ltr'><strong>ad</strong></span> <span class='ocrx_word' id='word_1_302' title='bbox 1730 3522 1809 3585; x_wconf 90' lang='lat' dir='ltr'><strong>alios</strong></span> <span class='ocrx_word' id='word_1_303' title='bbox 1826 3543 1974 3605; x_wconf 88' lang='lat' dir='ltr'><strong>passeres</strong></span> 
     </span>
     <span class='ocr_line' id='line_1_26' title="bbox 421 3614 1403 3701; baseline -0.004 -18"><span class='ocrx_word' id='word_1_304' title='bbox 421 3625 633 3700; x_wconf 79' lang='lat' dir='ltr'><strong>purificatur.</strong></span> <span class='ocrx_word' id='word_1_305' title='bbox 653 3620 684 3683; x_wconf 90' lang='lat' dir='ltr'><strong>Si</strong></span> <span class='ocrx_word' id='word_1_306' title='bbox 705 3620 852 3701; x_wconf 92' lang='lat' dir='ltr'><strong>leprosus</strong></span> <span class='ocrx_word' id='word_1_307' title='bbox 870 3618 936 3699; x_wconf 83' lang='lat' dir='ltr'><strong>jam</strong></span> <span class='ocrx_word' id='word_1_308' title='bbox 959 3615 1020 3678; x_wconf 89' lang='lat' dir='ltr'><strong>luit</strong></span> <span class='ocrx_word' id='word_1_309' title='bbox 1041 3615 1175 3676; x_wconf 89' lang='lat' dir='ltr'><strong>munda·</strong></span> <span class='ocrx_word' id='word_1_310' title='bbox 1230 3614 1403 3679; x_wconf 91' lang='lat' dir='ltr'><strong>redeundo.</strong></span> 
     </span>
     <span class='ocr_line' id='line_1_27' title="bbox 428 3712 1973 3800; baseline -0.001 -18"><span class='ocrx_word' id='word_1_311' title='bbox 428 3729 489 3796; x_wconf 88' lang='lat' dir='ltr'><strong>tus,</strong></span> <span class='ocrx_word' id='word_1_312' title='bbox 506 3719 643 3800; x_wconf 86' lang='lat' dir='ltr'><strong>qualiter</strong></span> <span class='ocrx_word' id='word_1_313' title='bbox 657 3719 761 3781; x_wconf 90' lang='lat' dir='ltr'><strong>adhuc</strong></span> <span class='ocrx_word' id='word_1_314' title='bbox 777 3716 990 3800; x_wconf 89' lang='lat' dir='ltr'><strong>purilicaturl</strong></span> <span class='ocrx_word' id='word_1_315' title='bbox 1008 3715 1068 3777; x_wconf 91' lang='lat' dir='ltr'><strong>Sed</strong></span> <span class='ocrx_word' id='word_1_316' title='bbox 1090 3712 1176 3794; x_wconf 93' lang='lat' dir='ltr'><strong>puri·</strong></span> <span class='ocrx_word' id='word_1_317' title='bbox 1271 3718 1438 3794; x_wconf 82' lang='lat' dir='ltr'><strong>Quurnque</strong></span> <span class='ocrx_word' id='word_1_318' title='bbox 1455 3719 1571 3778; x_wconf 82' lang='lat' dir='ltr'><strong>laverit</strong></span> <span class='ocrx_word' id='word_1_319' title='bbox 1586 3720 1677 3779; x_wconf 83' lang='lat' dir='ltr'><strong>bomo</strong></span> <span class='ocrx_word' id='word_1_320' title='bbox 1698 3720 1884 3781; x_wconf 84' lang='lat' dir='ltr'><strong>uestimenta</strong></span> <span class='ocrx_word' id='word_1_321' title='bbox 1898 3741 1973 3792; x_wconf 75' lang='lat' dir='ltr'><strong>sita,</strong></span> 
     </span>
     <span class='ocr_line' id='line_1_28' title="bbox 427 3807 1976 3896; baseline 0 -17"><span class='ocrx_word' id='word_1_322' title='bbox 427 3817 553 3895; x_wconf 81' lang='lat' dir='ltr'><strong>licetur,</strong></span> <span class='ocrx_word' id='word_1_323' title='bbox 571 3818 677 3894; x_wconf 90' lang='lat' dir='ltr'><strong>idest,</strong></span> <span class='ocrx_word' id='word_1_324' title='bbox 696 3815 869 3879; x_wconf 89' lang='lat' dir='ltr'><strong>sacerdotis</strong></span> <span class='ocrx_word' id='word_1_325' title='bbox 884 3813 1005 3896; x_wconf 85' lang='lat' dir='ltr'><strong>judicio</strong></span> <span class='ocrx_word' id='word_1_326' title='bbox 1022 3821 1053 3875; x_wconf 90' lang='lat' dir='ltr'><strong>ct</strong></span> <span class='ocrx_word' id='word_1_327' title='bbox 1069 3811 1172 3893; x_wconf 90' lang='lat' dir='ltr'><strong>ipsius</strong></span> <span class='ocrx_word' id='word_1_328' title='bbox 1188 3807 1210 3870; x_wconf 87' lang='lat' dir='ltr'>C</span> <span class='ocrx_word' id='word_1_329' title='bbox 1228 3830 1285 3892; x_wconf 92' lang='lat' dir='ltr'><strong>per</strong></span> <span class='ocrx_word' id='word_1_330' title='bbox 1300 3831 1333 3876; x_wconf 91' lang='lat' dir='ltr'><strong>sc</strong></span> <span class='ocrx_word' id='word_1_331' title='bbox 1350 3813 1466 3894; x_wconf 92' lang='lat' dir='ltr'><strong>ipsum,</strong></span> <span class='ocrx_word' id='word_1_332' title='bbox 1483 3824 1539 3877; x_wconf 91' lang='lat' dir='ltr'><strong>aut</strong></span> <span class='ocrx_word' id='word_1_333' title='bbox 1558 3833 1614 3896; x_wconf 90' lang='lat' dir='ltr'><strong>per</strong></span> <span class='ocrx_word' id='word_1_334' title='bbox 1633 3816 1885 3879; x_wconf 87' lang='lat' dir='ltr'><strong>ministrantium</strong></span> <span class='ocrx_word' id='word_1_335' title='bbox 1906 3837 1976 3880; x_wconf 86' lang='lat' dir='ltr'><strong>ma-</strong></span> 
     </span>
     <span class='ocr_line' id='line_1_29' title="bbox 427 3913 1976 3998; baseline -0.001 -19"><span class='ocrx_word' id='word_1_336' title='bbox 427 3915 586 3980; x_wconf 88' lang='lat' dir='ltr'><strong>sacriiicio</strong></span> <span class='ocrx_word' id='word_1_337' title='bbox 601 3935 620 3978; x_wconf 96' lang='lat' dir='ltr'><strong>a</strong></span> <span class='ocrx_word' id='word_1_338' title='bbox 636 3917 724 3998; x_wconf 89' lang='lat' dir='ltr'><strong>lepra</strong></span> <span class='ocrx_word' id='word_1_339' title='bbox 739 3921 893 3997; x_wconf 88' lang='lat' dir='ltr'><strong>purgatus</strong></span> <span class='ocrx_word' id='word_1_340' title='bbox 908 3918 1116 3975; x_wconf 89' lang='lat' dir='ltr'><strong>monstratur.</strong></span> <span class='ocrx_word' id='word_1_341' title='bbox 1136 3913 1172 3971; x_wconf 86' lang='lat' dir='ltr'><strong>Ut</strong></span> <span class='ocrx_word' id='word_1_342' title='bbox 1229 3929 1316 3988; x_wconf 94' lang='lat' dir='ltr'><strong>num,</strong></span> <span class='ocrx_word' id='word_1_343' title='bbox 1335 3916 1426 3972; x_wconf 83' lang='lat' dir='ltr'><strong>radet</strong></span> <span class='ocrx_word' id='word_1_344' title='bbox 1449 3933 1557 3974; x_wconf 73' lang='lat' dir='ltr'><strong>austres</strong></span> <span class='ocrx_word' id='word_1_345' title='bbox 1577 3916 1665 3991; x_wconf 88' lang='lat' dir='ltr'><strong>pilos</strong></span> <span class='ocrx_word' id='word_1_346' title='bbox 1689 3917 1830 3992; x_wconf 87' lang='lat' dir='ltr'><strong>corporis</strong></span> <span class='ocrx_word' id='word_1_347' title='bbox 1852 3915 1912 3992; x_wconf 83' lang='lat' dir='ltr'><strong>sui,</strong></span> <span class='ocrx_word' id='word_1_348' title='bbox 1932 3936 1976 3979; x_wconf 90' lang='lat' dir='ltr'><strong>nc</strong></span> 
     </span>
     <span class='ocr_line' id='line_1_30' title="bbox 427 4009 1974 4094; baseline 0.001 -19"><span class='ocrx_word' id='word_1_349' title='bbox 427 4018 538 4094; x_wconf 70' lang='lat' dir='ltr'><strong>offerat</strong></span> <span class='ocrx_word' id='word_1_350' title='bbox 548 4035 610 4092; x_wconf 91' lang='lat' dir='ltr'><strong>pro</strong></span> <span class='ocrx_word' id='word_1_351' title='bbox 624 4035 668 4084; x_wconf 86' lang='lat' dir='ltr'><strong>se,</strong></span> <span class='ocrx_word' id='word_1_352' title='bbox 685 4014 717 4075; x_wconf 95' lang='lat' dir='ltr'><strong>id</strong></span> <span class='ocrx_word' id='word_1_353' title='bbox 738 4023 786 4076; x_wconf 90' lang='lat' dir='ltr'><strong>cst</strong></span> <span class='ocrx_word' id='word_1_354' title='bbox 807 4030 864 4094; x_wconf 94' lang='lat' dir='ltr'><strong>pro</strong></span> <span class='ocrx_word' id='word_1_355' title='bbox 884 4031 941 4073; x_wconf 90' lang='lat' dir='ltr'><strong>sua</strong></span> <span class='ocrx_word' id='word_1_356' title='bbox 961 4010 1056 4092; x_wconf 87' lang='lat' dir='ltr'><strong>culpa</strong></span> <span class='ocrx_word' id='word_1_357' title='bbox 1076 4017 1108 4072; x_wconf 88' lang='lat' dir='ltr'><strong>et</strong></span> <span class='ocrx_word' id='word_1_358' title='bbox 1129 4009 1173 4070; x_wconf 94' lang='lat' dir='ltr'><strong>di·</strong></span> <span class='ocrx_word' id='word_1_359' title='bbox 1227 4009 1305 4090; x_wconf 92' lang='lat' dir='ltr'><strong>quid</strong></span> <span class='ocrx_word' id='word_1_360' title='bbox 1334 4009 1518 4074; x_wconf 87' lang='lat' dir='ltr'><strong>iniectionis</strong></span> <span class='ocrx_word' id='word_1_361' title='bbox 1544 4013 1686 4093; x_wconf 77' lang='lat' dir='ltr'><strong>pristina</strong></span> <span class='ocrx_word' id='word_1_362' title='bbox 1712 4014 1865 4078; x_wconf 80' lang='lat' dir='ltr'><strong>inhaereat</strong></span> <span class='ocrx_word' id='word_1_363' title='bbox 1893 4015 1974 4092; x_wconf 91' lang='lat' dir='ltr'><strong>illis,</strong></span> 
     </span>
     <span class='ocr_line' id='line_1_31' title="bbox 427 4108 1975 4194; baseline 0.001 -19"><span class='ocrx_word' id='word_1_364' title='bbox 427 4114 510 4176; x_wconf 77' lang='lat' dir='ltr'><strong>vinea</strong></span> <span class='ocrx_word' id='word_1_365' title='bbox 526 4113 700 4194; x_wconf 83' lang='lat' dir='ltr'><strong>majestatis</strong></span> <span class='ocrx_word' id='word_1_366' title='bbox 716 4111 952 4187; x_wconf 68' lang='lat' dir='ltr'><strong>reverentiam</strong></span> <span class='ocrx_word' id='word_1_367' title='bbox 968 4108 1053 4171; x_wconf 86' lang='lat' dir='ltr'><strong>inira</strong></span> <span class='ocrx_word' id='word_1_368' title='bbox 1069 4108 1171 4188; x_wconf 89' lang='lat' dir='ltr'><strong>tangi-</strong></span> <span class='ocrx_word' id='word_1_369' title='bbox 1225 4118 1255 4166; x_wconf 89' lang='lat' dir='ltr'><strong>et</strong></span> <span class='ocrx_word' id='word_1_370' title='bbox 1278 4112 1442 4170; x_wconf 83' lang='lat' dir='ltr'><strong>taaabttar</strong></span> <span class='ocrx_word' id='word_1_371' title='bbox 1466 4131 1575 4190; x_wconf 64' lang='lat' dir='ltr'><strong>aquam·</strong></span> <span class='ocrx_word' id='word_1_372' title='bbox 1592 4114 1852 4193; x_wconf 76' lang='lat' dir='ltr'><strong>purificatusque</strong></span> <span class='ocrx_word' id='word_1_373' title='bbox 1876 4115 1975 4177; x_wconf 94' lang='lat' dir='ltr'><strong>modo</strong></span> 
     </span>
     <span class='ocr_line' id='line_1_32' title="bbox 426 4205 1978 4288; baseline 0.001 -15"><span class='ocrx_word' id='word_1_374' title='bbox 426 4219 489 4287; x_wconf 89' lang='lat' dir='ltr'><strong>tur,</strong></span> <span class='ocrx_word' id='word_1_375' title='bbox 505 4215 585 4272; x_wconf 84' lang='lat' dir='ltr'><strong>duos</strong></span> <span class='ocrx_word' id='word_1_376' title='bbox 596 4231 737 4286; x_wconf 79' lang='lat' dir='ltr'><strong>passeres</strong></span> <span class='ocrx_word' id='word_1_377' title='bbox 754 4212 842 4269; x_wconf 88' lang='lat' dir='ltr'><strong>vivos</strong></span> <span class='ocrx_word' id='word_1_378' title='bbox 861 4211 980 4288; x_wconf 84' lang='lat' dir='ltr'><strong>quibus</strong></span> <span class='ocrx_word' id='word_1_379' title='bbox 1001 4212 1084 4268; x_wconf 86' lang='lat' dir='ltr'><strong>uesci</strong></span> <span class='ocrx_word' id='word_1_380' title='bbox 1104 4210 1173 4268; x_wconf 88' lang='lat' dir='ltr'><strong>lici·</strong></span> <span class='ocrx_word' id='word_1_381' title='bbox 1227 4205 1369 4286; x_wconf 85' lang='lat' dir='ltr'><strong>praelalo,</strong></span> <span class='ocrx_word' id='word_1_382' title='bbox 1393 4209 1595 4285; x_wconf 72' lang='lat' dir='ltr'><strong>ingredictur</strong></span> <span class='ocrx_word' id='word_1_383' title='bbox 1621 4221 1737 4282; x_wconf 86' lang='lat' dir='ltr'><strong>castra,</strong></span> <span class='ocrx_word' id='word_1_384' title='bbox 1758 4210 1788 4272; x_wconf 92' lang='lat' dir='ltr'><strong>id</strong></span> <span class='ocrx_word' id='word_1_385' title='bbox 1814 4219 1872 4288; x_wconf 90' lang='lat' dir='ltr'><strong>cst,</strong></span> <span class='ocrx_word' id='word_1_386' title='bbox 1893 4211 1978 4275; x_wconf 89' lang='lat' dir='ltr'><strong>alio-</strong></span> 
     </span>
     <span class='ocr_line' id='line_1_33' title="bbox 427 4304 1974 4390; baseline 0.001 -20"><span class='ocrx_word' id='word_1_387' title='bbox 427 4319 495 4370; x_wconf 91' lang='lat' dir='ltr'><strong>tum</strong></span> <span class='ocrx_word' id='word_1_388' title='bbox 519 4320 563 4370; x_wconf 86' lang='lat' dir='ltr'><strong>est</strong></span> <span class='ocrx_word' id='word_1_389' title='bbox 579 4330 590 4369; x_wconf 93' lang='lat'><em>:</em></span> <span class='ocrx_word' id='word_1_390' title='bbox 608 4308 653 4370; x_wconf 87' lang='lat' dir='ltr'><strong>ita</strong></span> <span class='ocrx_word' id='word_1_391' title='bbox 675 4309 761 4390; x_wconf 94' lang='lat' dir='ltr'><strong>quod</strong></span> <span class='ocrx_word' id='word_1_392' title='bbox 785 4307 915 4370; x_wconf 90' lang='lat' dir='ltr'><strong>aliunde</strong></span> <span class='ocrx_word' id='word_1_393' title='bbox 940 4325 1004 4371; x_wconf 94' lang='lat' dir='ltr'><strong>non</strong></span> <span class='ocrx_word' id='word_1_394' title='bbox 1030 4307 1170 4370; x_wconf 86' lang='lat' dir='ltr'><strong>habeant</strong></span> <span class='ocrx_word' id='word_1_395' title='bbox 1227 4321 1297 4365; x_wconf 91' lang='lat' dir='ltr'><strong>rum</strong></span> <span class='ocrx_word' id='word_1_396' title='bbox 1308 4304 1490 4368; x_wconf 91' lang='lat' dir='ltr'><strong>habitacula</strong></span> <span class='ocrx_word' id='word_1_397' title='bbox 1501 4308 1617 4388; x_wconf 88' lang='lat' dir='ltr'><strong>poterit</strong></span> <span class='ocrx_word' id='word_1_398' title='bbox 1634 4309 1774 4386; x_wconf 90' lang='lat' dir='ltr'><strong>introire,</strong></span> <span class='ocrx_word' id='word_1_399' title='bbox 1785 4328 1847 4372; x_wconf 92' lang='lat' dir='ltr'><strong>non</strong></span> <span class='ocrx_word' id='word_1_400' title='bbox 1863 4318 1974 4373; x_wconf 82' lang='lat' dir='ltr'><strong>tamen</strong></span> 
     </span>
     <span class='ocr_line' id='line_1_34' title="bbox 425 4403 1972 4491; baseline 0.001 -22"><span class='ocrx_word' id='word_1_401' title='bbox 425 4408 701 4491; x_wconf 88' lang='lat' dir='ltr'><strong>impedimentum,</strong></span> <span class='ocrx_word' id='word_1_402' title='bbox 727 4406 847 4470; x_wconf 80' lang='lat' dir='ltr'><strong>scilicet</strong></span> <span class='ocrx_word' id='word_1_403' title='bbox 879 4405 1037 4467; x_wconf 94' lang='lat' dir='ltr'><strong>immundi</strong></span> <span class='ocrx_word' id='word_1_404' title='bbox 1063 4413 1172 4469; x_wconf 86' lang='lat' dir='ltr'><strong>conta-</strong></span> <span class='ocrx_word' id='word_1_405' title='bbox 1226 4403 1380 4484; x_wconf 89' lang='lat' dir='ltr'><strong>templum</strong></span> <span class='ocrx_word' id='word_1_406' title='bbox 1405 4413 1459 4467; x_wconf 89' lang='lat' dir='ltr'><strong>aut</strong></span> <span class='ocrx_word' id='word_1_407' title='bbox 1482 4405 1610 4482; x_wconf 89' lang='lat' dir='ltr'><strong>atrium,</strong></span> <span class='ocrx_word' id='word_1_408' title='bbox 1635 4425 1738 4488; x_wconf 88' lang='lat' dir='ltr'><strong>neque</strong></span> <span class='ocrx_word' id='word_1_409' title='bbox 1765 4406 1972 4472; x_wconf 86' lang='lat' dir='ltr'><strong>tabernacula</strong></span> 
     </span>
     <span class='ocr_line' id='line_1_35' title="bbox 424 4499 1975 4585; baseline -0.001 -16"><span class='ocrx_word' id='word_1_410' title='bbox 424 4515 522 4582; x_wconf 90' lang='lat' dir='ltr'><strong>ctum,</strong></span> <span class='ocrx_word' id='word_1_411' title='bbox 539 4515 595 4568; x_wconf 92' lang='lat' dir='ltr'><strong>aut</strong></span> <span class='ocrx_word' id='word_1_412' title='bbox 615 4505 711 4569; x_wconf 88' lang='lat' dir='ltr'><strong>aliam</strong></span> <span class='ocrx_word' id='word_1_413' title='bbox 734 4503 1000 4585; x_wconf 78' lang='lat' dir='ltr'><strong>irregularitatem</strong></span> <span class='ocrx_word' id='word_1_414' title='bbox 1023 4505 1170 4585; x_wconf 87' lang='lat' dir='ltr'><strong>legalem,</strong></span> <span class='ocrx_word' id='word_1_415' title='bbox 1224 4499 1405 4564; x_wconf 88' lang='lat' dir='ltr'><strong>Levitarum</strong></span> <span class='ocrx_word' id='word_1_416' title='bbox 1420 4503 1655 4584; x_wconf 92' lang='lat' dir='ltr'><strong>quodammodo</strong></span> <span class='ocrx_word' id='word_1_417' title='bbox 1668 4523 1771 4582; x_wconf 89' lang='lat' dir='ltr'><strong>sacra;</strong></span> <span class='ocrx_word' id='word_1_418' title='bbox 1785 4508 1975 4568; x_wconf 85' lang='lat' dir='ltr'><strong>itadumta-</strong></span> 
     </span>
     <span class='ocr_line' id='line_1_36' title="bbox 425 4602 1967 4688; baseline -0.001 -20"><span class='ocrx_word' id='word_1_419' title='bbox 425 4626 487 4688; x_wconf 90' lang='lat' dir='ltr'><strong>qua</strong></span> <span class='ocrx_word' id='word_1_420' title='bbox 503 4605 752 4669; x_wconf 89' lang='lat' dir='ltr'><strong>incomestibiles</strong></span> <span class='ocrx_word' id='word_1_421' title='bbox 768 4603 860 4680; x_wconf 89' lang='lat' dir='ltr'><strong>liant,</strong></span> <span class='ocrx_word' id='word_1_422' title='bbox 877 4604 926 4666; x_wconf 90' lang='lat' dir='ltr'><strong>vel</strong></span> <span class='ocrx_word' id='word_1_423' title='bbox 942 4603 998 4684; x_wconf 90' lang='lat' dir='ltr'><strong>qui</strong></span> <span class='ocrx_word' id='word_1_424' title='bbox 1020 4622 1085 4667; x_wconf 93' lang='lat' dir='ltr'><strong>non</strong></span> <span class='ocrx_word' id='word_1_425' title='bbox 1107 4602 1172 4665; x_wconf 89' lang='lat' dir='ltr'><strong>sint</strong></span> <span class='ocrx_word' id='word_1_426' title='bbox 1223 4609 1294 4669; x_wconf 77' lang='lat' dir='ltr'><strong>mat,</strong></span> <span class='ocrx_word' id='word_1_427' title='bbox 1305 4611 1341 4661; x_wconf 88' lang='lat' dir='ltr'><strong>ut</strong></span> <span class='ocrx_word' id='word_1_428' title='bbox 1356 4612 1486 4662; x_wconf 81' lang='lat' dir='ltr'><strong>maneat</strong></span> <span class='ocrx_word' id='word_1_429' title='bbox 1502 4611 1593 4662; x_wconf 83' lang='lat' dir='ltr'><strong>eatra</strong></span> <span class='ocrx_word' id='word_1_430' title='bbox 1611 4604 1855 4665; x_wconf 83' lang='lat' dir='ltr'><strong>tabernaculum</strong></span> <span class='ocrx_word' id='word_1_431' title='bbox 1868 4625 1967 4668; x_wconf 83' lang='lat' dir='ltr'><strong>suum</strong></span> 
     </span>
     <span class='ocr_line' id='line_1_37' title="bbox 426 4699 1974 4786; baseline -0.001 -19"><span class='ocrx_word' id='word_1_432' title='bbox 426 4705 498 4767; x_wconf 90' lang='lat' dir='ltr'><strong>talis</strong></span> <span class='ocrx_word' id='word_1_433' title='bbox 514 4703 643 4786; x_wconf 88' lang='lat' dir='ltr'><strong>speciei,</strong></span> <span class='ocrx_word' id='word_1_434' title='bbox 660 4703 747 4784; x_wconf 94' lang='lat' dir='ltr'><strong>quod</strong></span> <span class='ocrx_word' id='word_1_435' title='bbox 762 4722 800 4766; x_wconf 83' lang='lat' dir='ltr'><strong>ex</strong></span> <span class='ocrx_word' id='word_1_436' title='bbox 816 4702 895 4782; x_wconf 87' lang='lat' dir='ltr'><strong>legis</strong></span> <span class='ocrx_word' id='word_1_437' title='bbox 910 4709 1068 4783; x_wconf 70' lang='lat' dir='ltr'><strong>praecepto</strong></span> <span class='ocrx_word' id='word_1_438' title='bbox 1085 4721 1170 4764; x_wconf 91' lang='lat' dir='ltr'><strong>man·</strong></span> <span class='ocrx_word' id='word_1_439' title='bbox 1224 4708 1340 4778; x_wconf 77' lang='lat' dir='ltr'><strong>sepiem</strong></span> <span class='ocrx_word' id='word_1_440' title='bbox 1355 4702 1465 4760; x_wconf 82' lang='lat' dir='ltr'><strong>diebus</strong></span> <span class='ocrx_word' id='word_1_441' title='bbox 1476 4718 1487 4760; x_wconf 93' lang='grc'><strong>.·</strong></span> <span class='ocrx_word' id='word_1_442' title='bbox 1503 4718 1543 4762; x_wconf 90' lang='lat' dir='ltr'><strong>ne</strong></span> <span class='ocrx_word' id='word_1_443' title='bbox 1558 4700 1584 4761; x_wconf 93' lang='lat' dir='ltr'><strong>si</strong></span> <span class='ocrx_word' id='word_1_444' title='bbox 1602 4699 1766 4782; x_wconf 90' lang='lat' dir='ltr'><strong>ingressus</strong></span> <span class='ocrx_word' id='word_1_445' title='bbox 1784 4701 1880 4764; x_wconf 86' lang='lat' dir='ltr'><strong>luerit</strong></span> <span class='ocrx_word' id='word_1_446' title='bbox 1898 4721 1974 4784; x_wconf 92' lang='lat' dir='ltr'><strong>pro-</strong></span> 
     </span>
     <span class='ocr_line' id='line_1_38' title="bbox 425 4797 1968 4883; baseline -0.001 -19"><span class='ocrx_word' id='word_1_447' title='bbox 425 4802 534 4865; x_wconf 91' lang='lat' dir='ltr'><strong>ducari</strong></span> <span class='ocrx_word' id='word_1_448' title='bbox 550 4801 796 4883; x_wconf 79' lang='lat' dir='ltr'><strong>prohibeantur3</strong></span> <span class='ocrx_word' id='word_1_449' title='bbox 807 4811 836 4862; x_wconf 87' lang='lat' dir='ltr'><strong>et</strong></span> <span class='ocrx_word' id='word_1_450' title='bbox 852 4803 1171 4877; x_wconf 75' lang='lat' dir='ltr'><strong>tr&#39;paumcedriaum,</strong></span> <span class='ocrx_word' id='word_1_451' title='bbox 1225 4798 1327 4880; x_wconf 89' lang='lat' dir='ltr'><strong>priam</strong></span> <span class='ocrx_word' id='word_1_452' title='bbox 1342 4798 1483 4874; x_wconf 91' lang='lat' dir='ltr'><strong>domum,</strong></span> <span class='ocrx_word' id='word_1_453' title='bbox 1494 4797 1552 4860; x_wconf 86' lang='lat' dir='ltr'><strong>liat</strong></span> <span class='ocrx_word' id='word_1_454' title='bbox 1568 4798 1596 4860; x_wconf 92' lang='lat' dir='ltr'><strong>ei</strong></span> <span class='ocrx_word' id='word_1_455' title='bbox 1613 4800 1737 4862; x_wconf 86' lang='lat' dir='ltr'><strong>occasio</strong></span> <span class='ocrx_word' id='word_1_456' title='bbox 1753 4802 1968 4881; x_wconf 88' lang='lat' dir='ltr'><strong>cognoscendi</strong></span> 
     </span>
     <span class='ocr_line' id='line_1_39' title="bbox 424 4897 1972 4980; baseline 0 -18"><span class='ocrx_word' id='word_1_457' title='bbox 424 4900 546 4964; x_wconf 90' lang='lat' dir='ltr'><strong>scilicet</strong></span> <span class='ocrx_word' id='word_1_458' title='bbox 568 4908 689 4980; x_wconf 89' lang='lat' dir='ltr'><strong>partem</strong></span> <span class='ocrx_word' id='word_1_459' title='bbox 711 4899 809 4975; x_wconf 87' lang='lat' dir='ltr'><strong>codri,</strong></span> <span class='ocrx_word' id='word_1_460' title='bbox 831 4902 1118 4978; x_wconf 83' lang='lat' dir='ltr'><strong>vermiculumque,</strong></span> <span class='ocrx_word' id='word_1_461' title='bbox 1136 4898 1167 4960; x_wconf 94' lang='lat' dir='ltr'><strong>id</strong></span> <span class='ocrx_word' id='word_1_462' title='bbox 1225 4898 1393 4978; x_wconf 88' lang='lat' dir='ltr'><strong>conjugem</strong></span> <span class='ocrx_word' id='word_1_463' title='bbox 1414 4915 1514 4972; x_wconf 88' lang='lat' dir='ltr'><strong>suam,</strong></span> <span class='ocrx_word' id='word_1_464' title='bbox 1532 4916 1550 4958; x_wconf 91' lang='lat' dir='ltr'><strong>a</strong></span> <span class='ocrx_word' id='word_1_465' title='bbox 1565 4897 1657 4978; x_wconf 89' lang='lat' dir='ltr'><strong>cujus</strong></span> <span class='ocrx_word' id='word_1_466' title='bbox 1673 4898 1840 4980; x_wconf 85' lang='lat' dir='ltr'><strong>complexu</strong></span> <span class='ocrx_word' id='word_1_467' title='bbox 1859 4899 1972 4962; x_wconf 90' lang='lat' dir='ltr'><strong>debuit</strong></span> 
     </span>
     <span class='ocr_line' id='line_1_40' title="bbox 423 4991 1970 5076; baseline 0 -15"><span class='ocrx_word' id='word_1_468' title='bbox 423 5009 471 5061; x_wconf 90' lang='lat' dir='ltr'><strong>est</strong></span> <span class='ocrx_word' id='word_1_469' title='bbox 495 5000 629 5061; x_wconf 88' lang='lat' dir='ltr'><strong>rubeum</strong></span> <span class='ocrx_word' id='word_1_470' title='bbox 654 4997 758 5073; x_wconf 91' lang='lat' dir='ltr'><strong>iilum,</strong></span> <span class='ocrx_word' id='word_1_471' title='bbox 782 5007 811 5058; x_wconf 89' lang='lat' dir='ltr'><strong>et</strong></span> <span class='ocrx_word' id='word_1_472' title='bbox 835 5001 1019 5075; x_wconf 78' lang='lat' dir='ltr'><strong>hyssopum,</strong></span> <span class='ocrx_word' id='word_1_473' title='bbox 1044 4997 1168 5059; x_wconf 89' lang='lat' dir='ltr'><strong>scilicet</strong></span> <span class='ocrx_word' id='word_1_474' title='bbox 1185 4991 1209 5051; x_wconf 89' lang='grc' dir='ltr'><strong>Ι)</strong></span> <span class='ocrx_word' id='word_1_475' title='bbox 1224 4994 1383 5058; x_wconf 88' lang='lat' dir='ltr'><strong>abstinere</strong></span> <span class='ocrx_word' id='word_1_476' title='bbox 1399 4996 1553 5076; x_wconf 88' lang='lat' dir='ltr'><strong>usquead</strong></span> <span class='ocrx_word' id='word_1_477' title='bbox 1574 4996 1884 5060; x_wconf 86' lang='lat' dir='ltr'><strong>consummationem</strong></span> <span class='ocrx_word' id='word_1_478' title='bbox 1905 5018 1970 5061; x_wconf 79' lang='lat' dir='ltr'><strong>suaa</strong></span> 
     </span>
     <span class='ocr_line' id='line_1_41' title="bbox 422 5092 1968 5176; baseline -0.001 -17"><span class='ocrx_word' id='word_1_479' title='bbox 422 5099 555 5161; x_wconf 89' lang='lat' dir='ltr'><strong>herbam</strong></span> <span class='ocrx_word' id='word_1_480' title='bbox 573 5097 620 5160; x_wconf 93' lang='lat' dir='ltr'><strong>sic</strong></span> <span class='ocrx_word' id='word_1_481' title='bbox 635 5096 763 5158; x_wconf 89' lang='lat' dir='ltr'><strong>dictam.</strong></span> <span class='ocrx_word' id='word_1_482' title='bbox 1225 5094 1432 5175; x_wconf 88' lang='lat' dir='ltr'><strong>purgationis,</strong></span> <span class='ocrx_word' id='word_1_483' title='bbox 1452 5113 1491 5155; x_wconf 92' lang='lat' dir='ltr'><strong>ne</strong></span> <span class='ocrx_word' id='word_1_484' title='bbox 1507 5092 1555 5155; x_wconf 89' lang='lat' dir='ltr'><strong>vel</strong></span> <span class='ocrx_word' id='word_1_485' title='bbox 1573 5093 1638 5171; x_wconf 89' lang='lat' dir='ltr'><strong>illa,</strong></span> <span class='ocrx_word' id='word_1_486' title='bbox 1656 5103 1709 5156; x_wconf 86' lang='lat' dir='ltr'><strong>aut</strong></span> <span class='ocrx_word' id='word_1_487' title='bbox 1726 5095 1809 5158; x_wconf 89' lang='lat' dir='ltr'><strong>lctus</strong></span> <span class='ocrx_word' id='word_1_488' title='bbox 1825 5095 1968 5176; x_wconf 89' lang='lat' dir='ltr'><strong>aliquam</strong></span> 
     </span>
     <span class='ocr_line' id='line_1_42' title="bbox 460 5191 1971 5273; baseline -0.001 -16"><span class='ocrx_word' id='word_1_489' title='bbox 460 5198 504 5258; x_wconf 84' lang='lat' dir='ltr'><strong>Et</strong></span> <span class='ocrx_word' id='word_1_490' title='bbox 517 5217 621 5256; x_wconf 78' lang='lat' dir='ltr'><strong>uatem</strong></span> <span class='ocrx_word' id='word_1_491' title='bbox 637 5217 677 5254; x_wconf 75' lang='lat' dir='ltr'><strong>ea</strong></span> <span class='ocrx_word' id='word_1_492' title='bbox 691 5195 874 5273; x_wconf 80' lang='lat' dir='ltr'><strong>passeribus</strong></span> <span class='ocrx_word' id='word_1_493' title='bbox 894 5196 1061 5258; x_wconf 86' lang='lat' dir='ltr'><strong>immolari</strong></span> <span class='ocrx_word' id='word_1_494' title='bbox 1074 5195 1166 5271; x_wconf 85' lang='lat' dir='ltr'><strong>jube·</strong></span> <span class='ocrx_word' id='word_1_495' title='bbox 1224 5191 1425 5255; x_wconf 86' lang='lat' dir='ltr'><strong>contraheret</strong></span> <span class='ocrx_word' id='word_1_496' title='bbox 1441 5191 1627 5254; x_wconf 84' lang='lat' dir='ltr'><strong>loeditalem.</strong></span> <span class='ocrx_word' id='word_1_497' title='bbox 1646 5196 1688 5255; x_wconf 81' lang='lat' dir='ltr'><strong>Et</strong></span> <span class='ocrx_word' id='word_1_498' title='bbox 1702 5196 1756 5254; x_wconf 83' lang='lat' dir='ltr'><strong>die</strong></span> <span class='ocrx_word' id='word_1_499' title='bbox 1770 5196 1904 5272; x_wconf 84' lang='lat' dir='ltr'><strong>septimo</strong></span> <span class='ocrx_word' id='word_1_500' title='bbox 1918 5215 1971 5255; x_wconf 91' lang='lat' dir='ltr'><strong>ra-</strong></span> 
     </span>
     <span class='ocr_line' id='line_1_43' title="bbox 421 5290 1971 5373; baseline -0.001 -17"><span class='ocrx_word' id='word_1_501' title='bbox 421 5297 466 5356; x_wconf 90' lang='lat' dir='ltr'><strong>bit</strong></span> <span class='ocrx_word' id='word_1_502' title='bbox 486 5297 522 5356; x_wconf 84' lang='lat' dir='ltr'><strong>iu</strong></span> <span class='ocrx_word' id='word_1_503' title='bbox 541 5315 614 5356; x_wconf 85' lang='lat' dir='ltr'><strong>vase</strong></span> <span class='ocrx_word' id='word_1_504' title='bbox 627 5295 725 5372; x_wconf 79' lang='lat' dir='ltr'><strong>fictili</strong></span> <span class='ocrx_word' id='word_1_505' title='bbox 740 5312 835 5370; x_wconf 87' lang='lat' dir='ltr'><strong>super</strong></span> <span class='ocrx_word' id='word_1_506' title='bbox 849 5314 953 5373; x_wconf 84' lang='lat' dir='ltr'><strong>aquas</strong></span> <span class='ocrx_word' id='word_1_507' title='bbox 972 5295 1122 5364; x_wconf 83' lang='lat' dir='ltr'><strong>uiuentes,</strong></span> <span class='ocrx_word' id='word_1_508' title='bbox 1136 5292 1169 5354; x_wconf 92' lang='lat' dir='ltr'><strong>id</strong></span> <span class='ocrx_word' id='word_1_509' title='bbox 1224 5296 1281 5354; x_wconf 86' lang='lat' dir='ltr'><strong>dat</strong></span> <span class='ocrx_word' id='word_1_510' title='bbox 1296 5292 1429 5368; x_wconf 83' lang='lat' dir='ltr'><strong>capillos</strong></span> <span class='ocrx_word' id='word_1_511' title='bbox 1443 5293 1560 5368; x_wconf 87' lang='lat' dir='ltr'><strong>cupitis</strong></span> <span class='ocrx_word' id='word_1_512' title='bbox 1576 5290 1636 5368; x_wconf 91' lang='lat' dir='ltr'><strong>sui,</strong></span> <span class='ocrx_word' id='word_1_513' title='bbox 1654 5293 1845 5373; x_wconf 83' lang='lat' dir='ltr'><strong>barbamque</strong></span> <span class='ocrx_word' id='word_1_514' title='bbox 1867 5303 1897 5354; x_wconf 88' lang='lat' dir='ltr'><strong>et</strong></span> <span class='ocrx_word' id='word_1_515' title='bbox 1917 5314 1971 5354; x_wconf 83' lang='lat' dir='ltr'><strong>su·-</strong></span> 
     </span>
    </p>
   </div>
   <div class='ocr_carea' id='block_1_5' title="bbox 0 0 2160 6259">
    <p class='ocr_par' dir='ltr' id='par_1_5' title="bbox 0 0 2160 6259">
     <span class='ocr_line' id='line_1_44' title="bbox 0 0 2160 6259; baseline 0 1"><span class='ocrx_word' id='word_1_516' title='bbox 0 0 2160 6259; x_wconf 95' lang='lat' dir='ltr'><strong> </strong></span> 
     </span>
    </p>
   </div>
  </div>
 </body>
</html>
