4309 6259
435 482 475 546 66
822 497 995 545 mimano
1016 496 1046 541 m
1067 496 1136 541 car.
1158 494 1244 541 xxru
1264 493 1366 541 mom.
1388 514 1430 525 -
1450 497 1521 542 mr.
1545 498 1596 542 nm

437 674 639 748 loupitudiue
660 673 836 750 occupabit,
861 669 893 731 id
917 678 965 733 est
989 667 1178 743 continebit,
1194 662 1699 729 dautemlucernaeatraoelum
1709 672 1983 747 quodoppausum

435 772 560 831 atrium
572 772 690 831 cubitos
703 780 840 841 eentum,
850 771 886 829 iu
903 770 1077 829 latitudine
1087 769 1180 847 quio·
1234 774 1278 823 est
1294 766 1483 825 testimonie.
1501 764 1733 828 Candelabrum
1756 786 1893 849 namque
1916 776 1982 829 sta-

434 871 603 947 quapiuta.
623 869 707 931 Istud
727 870 793 949 jam
814 868 934 929 dictum
955 873 1013 928 cst.
1030 868 1179 927 Altitudo
1235 862 1290 923 bat
1305 870 1392 923 extra
1403 862 1516 925 Sancta
1532 872 1712 927 sanctorum
1730 865 1763 926 in
1779 884 1817 928 eo
1835 865 1982 927 taberna·

434 968 577 1046 quiaque
591 969 773 1027 cubitorum
784 967 863 1025 erit:
874 964 949 1045 quia
961 963 1181 1026 eolumnaeha-
1235 960 1299 1023 culi
1323 960 1403 1037 loeo,
1421 960 1477 1042 qui
1493 962 1598 1024 dietus
1613 971 1662 1024 est
1681 963 1841 1039 Sanctum,
1860 983 1916 1026 seu
1933 974 1980 1026 ta·

434 1062 573 1126 buerunt
587 1064 789 1125 altitudinem
802 1062 941 1143 quinque
953 1061 1181 1134 cubitorumet
1236 1056 1443 1120 bernaculum
1468 1060 1618 1122 exterius.
1646 1060 1683 1122 Et
1710 1061 1754 1123 ita
1779 1062 1885 1125 velum
1917 1060 1981 1123 luit

434 1168 498 1223 tam
513 1161 576 1224 alte
591 1161 772 1243 pendebant
788 1160 930 1235 cortinae,
940 1178 1011 1241 quae
1024 1178 1125 1241 usque
1140 1159 1180 1220 ad
1234 1173 1423 1237 oppansum,
1433 1156 1464 1218 io
1477 1164 1525 1219 est
1539 1167 1704 1221 extensum
1721 1178 1776 1222 seu
1790 1178 1979 1241 appensum,

435 1267 550 1322 terram
575 1259 702 1322 circiter
728 1258 963 1342 pertingebant.
984 1259 1117 1337 Fietque
1141 1260 1179 1316 de
1234 1253 1477 1319 interSanctum
1495 1265 1725 1333 sanctorumet
1741 1256 1979 1319 tabernaculum

434 1360 523 1435 bysso
542 1368 672 1430 retorta,
689 1366 845 1440 quantum
869 1357 908 1419 ad
932 1374 1004 1418 suas
1027 1355 1177 1431 cortinas,
1234 1350 1886 1435 illudexterius,qu0dnunetestimonium
1901 1375 1981 1417 nun-

434 1454 465 1517 id
483 1464 540 1532 est,
554 1455 685 1519 cortinae
700 1455 772 1517 atrii
790 1463 883 1517 erunt
898 1455 937 1517 de
953 1455 1060 1535 bysso,
1074 1461 1110 1514 ut
1125 1472 1180 1535 pa·
1233 1458 1379 1532 cupatur.
1397 1451 1484 1526 Quod
1509 1462 1609 1515 totum
1633 1453 1880 1535 inexpositione
1900 1473 1979 1536 pre
1995 1478 2118 1520 rm...

433 1552 505 1614 tuit.
524 1557 566 1615 Et
582 1556 707 1615 habebit
724 1556 808 1615 bases
821 1574 935 1615 aneas.
1233 1549 1375 1611 cedentis
1391 1551 1522 1632 capituli
1534 1560 1718 1614 contentum
1734 1560 1782 1615 est
1796 1551 1979 1634 plenius.Et
1993 1544 2118 1583 ΗΜ·

466 1653 1178 1714 Cunetaoasatuouuaeutiiuomuosususet
1233 1655 1322 1710 extra
1346 1649 1452 1712 velum
1478 1648 1558 1711 illud
1584 1650 1738 1719 ardebant
1763 1651 1912 1716 lucerne.
1934 1653 1979 1712 Et

433 1751 648 1822 cceriruouius,
659 1759 724 1811 taut
737 1751 881 1827 proeellas
891 1751 960 1827 ejus
973 1770 1071 1829 quarn
1084 1750 1177 1818 atrii,
1233 1749 1431 1808 collocabunt
1451 1768 1523 1809 eam
1544 1752 1657 1811 Aaron
1679 1760 1709 1811 et
1730 1752 1798 1828 filii
1817 1750 1901 1827 ejus,
1917 1749 1978 1812 boe

432 1868 472 1907 ea
483 1868 545 1911 are
557 1850 663 1927 sactes.
673 1848 730 1911 Per
741 1868 815 1911 vasa
828 1847 1026 1911 tabernaculi
1041 1867 1077 1909 ae
1092 1845 1177 1922 atrii,
1196 1840 1220 1901 B
1233 1844 1380 1927 est,ipsis
1390 1864 1429 1908 ex
1444 1845 1555 1910 allicio
1570 1857 1729 1931 competet
1745 1848 1891 1911 lucernas
1906 1848 1979 1909 illas

433 1943 657 2027 intelliguntur
671 1966 746 2009 vasa
766 1966 821 2009 seu
842 1945 1054 2009 instrumenta
1073 1944 1179 2026 requi·
1233 1943 1406 2006 accendere
1421 1952 1517 2026 atque
1532 1964 1733 2028 componere,
1746 1956 1783 2007 ut
1797 1967 1897 2026 usque
1912 1967 1980 2007 uca-

433 2043 494 2105 sita
513 2044 552 2106 ad
572 2044 807 2109 exsecutionem
827 2062 948 2119 eorum,
971 2062 1042 2124 quta
1063 2044 1103 2105 ad
1123 2043 1177 2105 Dei
1233 2062 1272 2101 ue
1295 2046 1398 2102 luceat
1419 2064 1528 2102 coram
1550 2046 1700 2105 Douu'uu
1716 2048 1895 2122 Perpetuus
1916 2048 1980 2105 crit

432 2141 552 2204 cultum
574 2151 607 2205 et
627 2142 845 2205 observantias
865 2141 1095 2205 caerimoniales
1111 2161 1179 2223 spe
1233 2142 1339 2198 caelius
1356 2158 1417 2215 per
1437 2142 1645 2200 successiones
1665 2162 1777 2201 eorum
1797 2162 1808 2203 :
1831 2141 1892 2204 boe
1916 2150 1977 2216 est,

432 2239 571 2316 ctabant,
598 2240 680 2303 sicut
708 2239 834 2322 patellae
858 2240 1014 2321 quaedam,
1041 2238 1176 2317 cavilla,
1232 2235 1435 2300 observantia
1457 2237 1516 2299 ista
1537 2236 1643 2299 cultus
1659 2237 1761 2301 divini
1777 2238 1979 2302 continuabi-

432 2337 579 2415 martelli‚
598 2337 728 2415 lebetes,
746 2346 806 2401 etc.
823 2337 933 2400 Paxilli
945 2355 1021 2400 vero
1036 2337 1178 2400 taberna·
1233 2342 1295 2410 tur,
1312 2335 1447 2397 durante
1462 2343 1546 2397 statu
1562 2335 1679 2399 veteris
1697 2337 1901 2414 Testamenti,
1920 2356 1978 2420 per

431 2435 495 2498 culi
510 2455 547 2499 ae
566 2436 637 2498 atrii
658 2444 749 2500 erant
768 2436 858 2519 parvi
879 2434 944 2517 pali
965 2434 1022 2497 lixi
1043 2435 1178 2498 interra
1232 2440 1375 2513 posteros
1395 2433 1499 2497 Aaron
1521 2434 1728 2517 liliorumque
1748 2437 1836 2517 ejus3
1853 2458 1873 2497 a
1894 2438 1978 2514 filiis

430 2533 515 2597 eirca
531 2534 769 2597 tabernaculum
784 2553 820 2596 ac
836 2533 953 2595 atrium
969 2534 1049 2614 ejus,
1068 2533 1178 2596 videli—
1231 2535 1379 2603 lucete
1400 2531 1518 2614 quihus
1541 2533 1778 2614 generabuntur
1797 2542 1829 2596 et
1851 2552 1976 2597 sueces-

430 2638 481 2695 cet
493 2631 582 2711 juxta
597 2630 689 2695 bases
703 2631 977 2694 columnarumln
993 2630 1111 2712 quibus
1126 2652 1177 2713 pa·
1231 2629 1354 2692 sionem
1376 2630 1545 2713 accipient,
1564 2632 1640 2693 dum
1662 2651 1682 2694 a
1698 2632 1859 2714 prioribus
1878 2641 1910 2695 et
1929 2652 1976 2695 se

430 2727 516 2790 uillis
544 2728 725 2809 figebantur
751 2748 807 2811 per
828 2728 919 2791 funes
942 2729 1020 2810 ipse
1046 2729 1177 2793 cortinae
1231 2728 1375 2790 nioribus
1397 2729 1588 2811 posteriores
1610 2729 1729 2811 jugiter
1744 2731 1897 2794 orientur.
1915 2731 1974 2794 Vel

431 2826 626 2889 tabernaculi
642 2847 679 2891 ae
694 2826 778 2903 atrii,
796 2846 835 2890 ne
850 2826 992 2909 impulsu
1008 2836 1175 2891 ventorum
1231 2826 1301 2889 ideo
1321 2827 1421 2903 addit,
1439 2828 1464 2888 Α
1480 2825 1561 2889 liliis
1581 2828 1686 2907 lsrael,
1704 2829 1856 2911 quoniam
1875 2848 1976 2893 saeer-

429 2932 483 2985 aut
496 2933 717 3007 tempestatum
730 2934 984 2989 concuterentur.
993 2927 1101 3007 ltaque
1111 2945 1177 2990 om·
1229 2926 1318 2987 dotes
1334 2924 1481 2988 Levitico
1497 2926 1683 3009 stirpis,pro
1698 2928 1861 2990 communi
1878 2928 1975 2991 totius

430 3021 483 3084 nia
498 3022 558 3086 ista
573 3024 669 3105 jussit
683 3024 764 3087 Deus
779 3042 817 3087 ex
832 3043 893 3087 aere
909 3024 1053 3106 produci.
1193 3023 1340 3105 Cpopuli
1357 3023 1520 3086 israelitici
1536 3026 1647 3101 salute,
1661 3033 1692 3088 et
1708 3045 1765 3107 pro
1781 3026 1975 3108 primogeni-

468 3120 629 3185 Postremo
644 3122 797 3184 Dominus
816 3122 912 3203 jussit
927 3121 1022 3204 lloysi
1044 3123 1084 3185 de
1103 3141 1175 3205 pro-
1231 3122 1271 3183 tis
1286 3122 1429 3186 omnium
1446 3123 1598 3201 tribuum,
1609 3134 1816 3188 exercuerunt
1832 3126 1976 3187 sacerdo

428 3218 562 3282 visione¹
573 3219 779 3282 luminarium
807 3219 1012 3297 tabernaculi,
1036 3220 1171 3283 dicens:
1230 3219 1293 3283 tale
1307 3219 1455 3283 ollieium
1471 3229 1502 3283 et
1518 3222 1738 3285 accensionem
1757 3221 1970 3286 lucernarum.

429 3318 573 3393 Pracipe
582 3319 663 3395 filiis
673 3320 833 3389 irruatur
844 3321 982 3397 afferent
999 3321 1057 3378 tibi
1069 3324 1173 3392 oleum
1228 3318 1381 3400 Denique,
1398 3319 1474 3400 quia
1490 3319 1522 3380 in
1539 3320 1689 3384 omnibus
1705 3320 1828 3403 potiora
1844 3340 1881 3383 ac
1896 3341 1974 3403 prce

428 3416 467 3473 de
477 3416 644 3475 arboribus
654 3415 868 3487 ott'oarum,id
880 3425 928 3478 est
938 3435 1123 3497 expressum
1134 3418 1174 3480 de
1228 3416 1454 3479 stantioraDeo
1467 3426 1541 3479 sunt
1551 3416 1776 3496 ellorenda,ae
1786 3419 1855 3500 ejus
1870 3419 1971 3481 cultui

428 3509 588 3575 lructibus
609 3511 758 3575 arborum
784 3513 923 3589 illarum,
943 3516 1170 3591 purissimum,
1226 3516 1431 3597 applicanda,
1459 3514 1530 3577 ideo
1554 3516 1649 3596 jussit
1678 3516 1784 3580 oleum
1811 3517 1970 3582 olivarum

428 3608 461 3671 id
476 3618 523 3672 est
540 3629 604 3674 non
619 3611 795 3673 admixtum
811 3631 958 3689 amurcae,
976 3613 1032 3675 sed
1050 3613 1172 3676 clarum
1227 3613 1447 3695 purissimum,
1470 3613 1600 3695 piloque
1627 3624 1743 3691 tusum,
1766 3616 1798 3678 in
1825 3616 1971 3680 taberna-

427 3715 459 3771 et
478 3708 646 3791 optimum,
659 3713 792 3791 piloque
810 3722 1002 3772 cenezaeum:
1017 3712 1093 3792 quia
1113 3713 1172 3776 hoc
1226 3711 1300 3773 culo
1321 3730 1379 3774 suo
1401 3730 1458 3793 pro
1481 3712 1683 3775 lucernarum
1706 3712 1848 3777 lomento
1873 3714 1972 3798 impe

427 3806 579 3869 mundius
600 3816 659 3885 cst,
681 3828 778 3891 quam
800 3810 886 3891 quod
908 3807 1002 3873 molis
1023 3810 1173 3891 exprimi·
1228 3808 1560 3891 ni.Siquidemoleum
1576 3809 1733 3874 olivarum
1748 3813 1970 3898 propriissime

429 3912 479 3966 tur
492 3928 500 3979 ς
512 3915 549 3966 ut
564 3909 678 3967 ardeat
693 3910 825 3968 lucerua
838 3928 961 3986 seraper
975 3910 1012 3967 tu
1028 3911 1172 3969 tabena-
1226 3907 1330 3971 oleum
1357 3908 1546 3990 appellatur,
1569 3918 1601 3971 et
1628 3909 1740 3991 purius
1763 3911 1969 3995 nobiliusque

427 4005 931 4068 cutotestimouii.Perlueernam
948 4006 1171 4087 intelliguntur
1225 4007 1384 4085 consistit,
1410 4026 1505 4087 quam
1530 4006 1635 4071 oleum
1662 4027 1810 4087 nuceum,
1832 4010 1966 4089 lineum,

428 4120 513 4163 nune
529 4102 1170 4185 septemlucernaeseulampades,quaein
1226 4104 1414 4186 myrtinum,
1439 4103 1507 4168 sire
1532 4106 1757 4187 raphaninum.
1780 4107 1889 4170 Voluit
1912 4130 1968 4171 au-

427 4197 617 4261 candelabro
632 4208 733 4275 erant,
753 4209 846 4281 prout
861 4200 1001 4281 capitulo
1019 4201 1170 4266 vicesimo
1186 4204 1211 4264 D
1226 4210 1288 4264 tem
1318 4203 1471 4267 Dominus
1497 4204 1529 4265 in
1557 4204 1675 4286 templo
1706 4214 1737 4267 et
1761 4206 1966 4271 tabernaculo

426 4295 538 4376 quinto
563 4297 707 4361 habitum
732 4307 790 4361 est.
816 4297 890 4372 Quas
913 4300 1170 4363 accendebantur
1224 4300 1387 4383 lampades
1409 4321 1535 4385 semper
1555 4303 1666 4365 ardere
1690 4303 1811 4368 eisdem
1832 4324 1871 4368 ex
1894 4324 1968 4369 cau-

425 4393 464 4455 de
486 4412 628 4475 vespere,
653 4404 685 4458 et
706 4413 807 4477 usque
831 4396 871 4458 ad
893 4415 986 4459 mane
1006 4397 1166 4460 lucebant.
1223 4398 1278 4474 sis
1296 4398 1413 4481 quibus
1436 4420 1521 4464 nune
1540 4401 1610 4464 vult
1631 4400 1665 4463 in
1681 4402 1825 4465 ecclesiis
1844 4422 1898 4467 eas
1918 4403 1966 4467 lu-

424 4490 519 4555 Porro
534 4491 646 4556 indies
661 4500 725 4557 tres
741 4493 859 4557 luxisse
870 4494 1168 4575 leguntur,Luoebit
1222 4516 1304 4560 ecre.
