4309 6259
309 858 361 900 Leo.
370 870 426 905 ursit,

302 2826 429 2880 ll'licpurr,

300 2894 323 2932 to
335 2896 356 2931 et
368 2901 427 2943 seq.;

298 2968 339 3003 xxi,
352 2956 372 3001 ὅ,
383 2955 403 2993 7.

441 457 501 521 270

808 474 981 521 manento
1003 475 1034 519 ΙΝ
1056 473 1124 519 CAP.
1149 473 1192 519 XX
1214 474 1350 520 tultrtct.
1373 495 1413 506 -
1434 479 1505 525 nor.
1529 479 1625 529 xxxix

441 651 576 710 Molocli.
601 647 740 723 Qualiter
760 654 865 708 autem
888 644 1060 727 dupliciter
1085 643 1186 726 possit
1203 642 1226 704 Α
1243 643 1354 707 scribit
1376 666 1383 709 :
1404 645 1447 709 Ex
1470 667 1533 729 quo
1556 658 1653 730 patet,
1670 650 1756 731 quod
1781 650 1829 711 illi
1856 653 1911 732 qui
1937 653 1987 716 de

441 747 578 827 intelligi
604 747 690 810 datio
716 747 776 808 ista
799 744 929 807 seminis
952 742 1073 825 proprii
1101 743 1187 805 idolo

440 844 576 921 llolocb,
605 845 637 906 in
668 843 797 905 litterali
827 841 1024 924 expositione
1054 839 1187 922 capituli

440 943 662 1006 octaridecimi
685 950 733 1004 est
755 940 930 1002 inductum.
950 942 1053 999 Morie
1068 942 1187 999 ιιιονία-

441 1051 497 1100 tar
518 1062 529 1100 .·
553 1043 728 1104 secundum
754 1039 839 1121 quod
866 1037 1024 1113 subditur,
1041 1041 1187 1114 Populus

441 1149 533 1200 terne
553 1142 714 1218 lapidabit
729 1160 814 1209 enm,
832 1137 864 1198 id
887 1145 935 1200 est
959 1135 1022 1197 lilii
1038 1135 1132 1197 lsrael
1154 1135 1187 1195 in

440 1246 522 1299 terra
547 1237 593 1300 eis
619 1237 775 1319 promissa
801 1245 971 1312 morantes,
990 1233 1108 1315 quibus
1130 1234 1188 1296 eri-

439 1354 513 1398 meu
544 1336 604 1398 boe
635 1335 827 1410 innotuerit,
855 1354 953 1415 quum
986 1332 1082 1394 luerit
1112 1331 1187 1392 satis

439 1433 608 1514 probatum
632 1442 663 1495 ct
684 1433 905 1513 dijudicatum.
928 1434 970 1493 Et
992 1452 1047 1508 epo
1065 1452 1187 1509 ponam

438 1534 557 1608 faciem
568 1554 673 1593 ineam
685 1543 798 1592 contra
810 1535 917 1603 iltnrn,
929 1531 960 1592 id
975 1539 1035 1607 est,
1046 1530 1187 1611 rigorose

440 1637 471 1690 et
493 1629 696 1710 indignanter
719 1649 792 1692 eum
816 1629 1012 1709 adspiciam3
1036 1638 1066 1687 et
1087 1629 1188 1688 cneci-

440 1731 517 1787 dam
539 1749 612 1788 earn
636 1730 800 1788 demedio
818 1729 937 1805 popnii
952 1728 1017 1798 ani,
1041 1725 1188 1788 auferen-

1243 740 1319 803 bent
1334 745 1494 826 corripere
1516 747 1661 824 crimina,
1675 749 1702 809 si
1723 749 1897 830 negligant,
1915 769 1988 812 eon·

1244 840 1416 903 sentientes
1436 853 1634 925 reputantur,
1651 855 1682 908 et
1698 848 1841 909 camdem
1861 867 1987 929 poeuam

1244 936 1422 1002 incurrunt.
1449 942 1508 1005 Sed
1534 953 1643 1006 contra
1669 945 1727 1008 hoc
1753 945 1864 1008 scribit
1889 947 1987 1022 llabbi

1243 1036 1357 1098 Paulus
1376 1056 1383 1099 :
1403 1039 1445 1100 Ex
1461 1040 1567 1104 littera
1583 1061 1647 1105 non
1668 1044 1814 1118 babetur,
1833 1046 1917 1125 quod
1936 1065 1988 1108 ne

1243 1133 1400 1214 gligentes
1422 1139 1580 1219 corrigere
1600 1141 1745 1218 crimina,
1763 1144 1907 1205 camdem
1925 1163 1988 1224 pre

1243 1250 1316 1293 nam
1332 1233 1511 1310 incurrunt,
1529 1239 1584 1300 sed
1601 1239 1704 1301 solum
1725 1239 1751 1300 si
1773 1240 1837 1302 sint
1857 1260 1989 1304 consen-

1244 1329 1368 1393 tientes.
1386 1332 1506 1396 Dicitur
1522 1336 1607 1397 enim
1624 1337 1658 1398 in
1674 1337 1779 1400 littera
1798 1356 1804 1399 :
1823 1338 1987 1402 Succidam

1242 1447 1316 1490 eum
1337 1439 1368 1491 et
1389 1450 1500 1494 omnes
1523 1433 1578 1514 qui
1598 1436 1838 1510 consenserint;
1858 1455 1922 1499 non
1943 1438 1990 1498 di-

1242 1526 1298 1602 xit,
1326 1527 1363 1588 Et
1393 1546 1504 1592 omnes
1535 1532 1590 1612 qui
1617 1533 1825 1612 neglexerint.
1854 1535 1898 1595 Ex
1924 1555 1987 1617 quo

1243 1634 1339 1705 patet,
1365 1629 1449 1707 quod
1476 1631 1685 1710 negligentes
1712 1632 1785 1694 licet
1811 1633 1875 1694 sint
1900 1633 1989 1712 digni

1242 1741 1348 1805 poena,
1366 1744 1429 1788 non
1453 1736 1557 1790 tamen
1573 1721 1716 1792 eamdem
1738 1749 1865 1812 poenam
1887 1731 1990 1794 incur-

441 1826 576 1888 docum
601 1845 658 1907 per
680 1834 825 1899 mortem,
844 1825 887 1887 ita
909 1826 994 1906 quod
1017 1826 1100 1886 ultra
1123 1842 1186 1885 non
1207 1820 1318 1882 Brunt
1339 1842 1432 1904 quam
1463 1832 1721 1906 transgressores,
1748 1829 1810 1890 nisi
1833 1849 1905 1892 eum
1931 1829 1988 1892 hoe

441 1923 575 2005 gignet;
601 1945 634 1984 co
660 1928 746 2004 qnod
771 1926 896 1984 dederit
922 1928 962 1984 dc
985 1927 1106 1982 serriinc
1129 1943 1187 1984 sno

442 2025 582 2093 Molocb,
607 2034 637 2083 et
661 2024 932 2083 contaminaverit
959 2023 1187 2082 saitctnnriam

441 2141 559 2190 menan,
578 2121 609 2182 id
627 2127 686 2195 est,
703 2120 858 2201 templum
874 2138 930 2181 seu
946 2118 1186 2181 tabernaculum

442 2218 496 2280 llei
513 2218 761 2294 inhonoraverit,
779 2217 947 2280 ollercndo
968 2217 1188 2298 superstitiose

441 2315 532 2380 alteri
557 2336 653 2398 quam
677 2336 753 2381 raro
778 2317 852 2393 lieo,
869 2317 922 2379 cui
948 2317 980 2378 in
1007 2316 1188 2379 sanctuario

441 2433 500 2477 suo
521 2425 569 2478 est
594 2414 836 2478 immolandum.
850 2415 907 2488 Qui
930 2423 1036 2478 autem
1060 2415 1094 2476 in
1119 2415 1188 2478 loco

441 2523 626 2577 consecrato
645 2533 720 2577 rero
735 2515 799 2576 Deo
816 2514 878 2576 tale
893 2514 971 2595 quid
989 2515 1100 2592 egerit,
1111 2533 1189 2596 praa-

442 2612 536 2694 cipue
559 2612 665 2675 locum
690 2621 834 2674 sanctum
861 2611 1057 2675 contaminat
1077 2629 1084 2674 :
1103 2613 1187 2692 quod

443 2709 507 2771 lilii
523 2709 616 2772 lsrael
638 2729 722 2792 saepc-
743 2709 887 2772 lecerunt
910 2709 942 2770 in
965 2710 1083 2791 templo
1099 2729 1117 2771 a
1134 2710 1188 2771 Sa-

444 2807 570 2870 lomone
587 2817 779 2884 constructo,
798 2816 890 2890 prout
908 2808 939 2869 in
957 2808 1049 2870 libris
1070 2808 1189 2886 Regum

443 2915 475 2968 et.
490 2906 750 2988 Paralipomenon
766 2907 926 2969 recitatur.
936 2906 1026 2969 Circa
1039 2907 1099 2967 hoc
1117 2906 1189 2968 scri-

1243 1919 1569 1987 smmmmm

1281 2017 1433 2090 Quocirca
1448 2021 1618 2084 dicendum
1638 2023 1774 2100 videtur,
1792 2025 1877 2105 quod
1894 2025 1989 2087 rerba

1242 2115 1330 2198 Lyrae
1351 2118 1427 2180 satis
1449 2128 1540 2182 caute
1557 2121 1679 2203 prolata
1700 2131 1784 2185 sunt.
1802 2123 1848 2185 llli
1866 2123 1922 2204 qui
1940 2124 1989 2184 de

1243 2214 1322 2277 bent
1337 2217 1499 2298 corripere
1517 2219 1665 2296 crimina,
1684 2229 1794 2303 utpote
1814 2221 1933 2303 quibus
1953 2241 1989 2284 cx

1243 2311 1355 2377 cilicio
1372 2315 1422 2377 vel
1443 2327 1601 2400 praecepto
1622 2319 1791 2395 incumbit,
1812 2329 1845 2381 ut
1867 2320 1898 2381 in
1921 2339 1990 2402 pro

1243 2412 1359 2494 posito,
1387 2413 1412 2474 si
1440 2414 1612 2494 negligant,
1634 2418 1871 2480 consentientes
1897 2437 1990 2501 repu-

1245 2518 1361 2586 tantur,
1374 2511 1405 2572 id
1422 2521 1479 2589 est,
1490 2514 1718 2595 aequivalenter
1730 2517 1928 2578 tantumdem
1943 2526 1990 2579 est

1244 2627 1280 2670 ac
1306 2608 1333 2670 si
1357 2611 1570 2689 consentiant,
1597 2613 1744 2693 quamvis
1776 2633 1838 2676 non
1865 2633 1991 2697 semper

1244 2708 1447 2769 consentiant
1463 2708 1640 2773 formaliter
1655 2719 1686 2774 et
1696 2712 1815 2775 directe
1832 2733 1838 2776 :
1858 2722 1890 2774 et
1906 2732 1991 2774 eam-

1245 2804 1316 2866 dem
1347 2823 1474 2887 poenam
1506 2798 1683 2886 incurrunt,
1709 2810 1788 2891 quia
1815 2811 1991 2873 mortaliter

1245 2912 1377 2983 peccant
1403 2904 1592 2986 negligendo
1624 2927 1678 2969 seu
1704 2909 1880 2972 omittendo
1903 2909 1990 2988 quod

443 3004 490 3066 bit
506 3004 646 3085 quidam,
660 3005 744 3086 quod
757 3005 919 3086 Scriptura
935 3023 1023 3067 saera
1041 3004 1189 3085 lrequen-
1207 3009 1229 3073 C
1245 3000 1290 3063 eis
1306 3012 1500 3084 preceptum
1521 3013 1569 3066 est
1587 3029 1593 3079 ;
1619 3004 1683 3068 imo
1705 3006 1863 3069 interdum
1885 3005 1992 3087 eulpa-

444 3101 507 3164 tius
523 3103 664 3183 loquitur
679 3103 718 3165 de
733 3102 853 3165 lloloeh
869 3122 966 3183 quam
983 3103 1054 3164 alii‘s
1072 3102 1186 3176 idolis;

443 3210 662 3263 verumtamen
673 3210 750 3283 puto
761 3202 846 3282 quod
858 3201 973 3283 sapius
991 3201 1139 3281 loquatur
1150 3203 1189 3264 de

443 3299 526 3360 Baul.
539 3303 587 3360 Ac
598 3302 755 3376 polluerit
773 3320 887 3359 aionien
905 3311 1054 3360 sanctum
1069 3321 1187 3371 cneum,

444 3397 477 3459 id
499 3406 558 3474 est,
576 3417 627 3459 me
650 3398 766 3479 ipsum,
783 3407 938 3479 quantum
962 3398 995 3459 in
1016 3419 1050 3461 se
1072 3408 1131 3475 est,
1144 3398 1189 3461 vi-

443 3495 672 3578 lipendendum
703 3497 937 3573 monstraverit,
965 3497 1057 3560 alteri
1088 3496 1188 3577 magis

442 3614 538 3676 quam
555 3595 635 3657 milri
651 3593 874 3672 sacrificando,
892 3603 923 3657 et
938 3596 1019 3658 alios
1035 3596 1190 3658 scandali-

442 3696 560 3772 zando,
586 3713 642 3756 scu
673 3713 730 3757 suo
760 3695 905 3776 exemplo
937 3694 1119 3757 inducendo
1150 3696 1188 3756 ad

443 3790 760 3868 idem.l'el,Polluerit
777 3811 893 3855 nomen
909 3802 1054 3856 sanctum
1070 3812 1187 3869 meum,

443 3897 508 3949 tam
525 3887 587 3950 vile
600 3888 921 3970 idolu‚m,ialsumque
936 3890 1189 3966 deum,voeaudo

443 3986 542 4047 licum
564 3986 735 4049 sacrificiis
751 3987 895 4066 dignum,
913 4006 1012 4068 quum
1034 3987 1094 4050 soli
1113 4007 1188 4051 vero

444 4085 507 4146 Deo
523 4085 565 4145 sit
580 4084 839 4147 sacrificandum.

1246 3099 1375 3162 biliores
1407 3110 1594 3180 censentur,
1621 3123 1717 3185 quam
1749 3103 1804 3186 qui
1837 3124 1991 3186 peceave-

1244 3201 1990 3282 runtsecundumquodasseritrlugustinus:Si

1243 3293 1408 3378 increpare
1429 3298 1618 3378 neglexeris,
1637 3301 1727 3382 pejor
1747 3309 1897 3383 peccante
1915 3299 1992 3362 olli-

1243 3394 1335 3456 ceris.
1353 3395 1517 3473 Praeterea,
1534 3399 1620 3478 quod
1637 3399 1833 3480 negligentes
1849 3398 1991 3480 corripe-

1245 3510 1288 3568 re,
1306 3494 1451 3556 eamdem
1471 3515 1599 3577 poenam
1620 3495 1793 3574 incurrent,
1812 3495 1989 3578 prasertim

1244 3589 1271 3650 si
1288 3590 1430 3672 praesint,
1455 3593 1580 3658 videtur
1602 3613 1639 3656 ex
1664 3613 1701 3658 eo
1725 3596 1811 3676 quod
1834 3614 1890 3676 per
1914 3593 1991 3656 Eze

1243 3688 1378 3752 cbielem
1394 3691 1546 3754 Dominus
1569 3692 1618 3755 bis
1642 3702 1774 3756 testatur
1789 3695 1828 3756 de
1848 3692 1990 3775 specula·
2019 3710 2125 3753 emto.

2007 3776 2031 3815 tl
2040 3779 2061 3815 et
2072 3785 2111 3824 req.

1246 3795 1312 3848 tore
1331 3787 1457 3852 vidente
1476 3791 1617 3869 gladium
1638 3792 1818 3854 venientem
1835 3799 1866 3854 et
1882 3799 1989 3853 taeen-

1246 3893 1283 3962 te,
1294 3888 1378 3966 quod
1394 3889 1582 3967 sanguinem
1598 3890 1759 3972 pereuntis
1775 3889 1988 3971 requisiturus

1244 3984 1372 4046 exsistat
1395 3987 1434 4048 de
1457 4007 1505 4049 eo.
1522 3987 1587 4050 lmo
1612 3988 1668 4069 qui
1689 3987 1834 4070 pluribus
1861 3996 1988 4068 praeest,

1245 4081 1405 4145 interdum
1421 4085 1549 4166 gravius
1566 4094 1686 4167 peceat,
1699 4087 1774 4148 dum
1791 4086 1897 4168 plures
1913 4084 1992 4147 sub-

481 4185 611 4250 Quodsi
622 4185 931 4260 negligenspopnlns
943 4194 1085 4254 narrent
1095 4187 1190 4264 qnasi
1205 4179 1230 4241 D
1245 4179 1384 4242 ditorum
1402 4199 1530 4244 suorum
1543 4183 1602 4245 scit
1618 4201 1688 4245 reos
1699 4203 1780 4259 esse,
1790 4201 1847 4244 uec
1858 4182 1994 4263 corripit

443 4282 685 4358 parvipendens
700 4282 876 4358 imperinm
892 4303 1009 4353 ineunt,
1026 4284 1189 4344 dimiserit

335 4398 420 4441 werlo
447 4381 609 4438 borninern
624 4381 682 4459 qni
698 4381 822 4438 dederit
839 4382 904 4440 *de
918 4382 1038 4440 seinine
1052 4402 1109 4440 sno
1126 4385 1191 4442 Mo-

447 4479 530 4545 tocb,
545 4498 603 4536 nec
626 4479 764 4537 voluerit
787 4499 862 4538 cnm
886 4482 1050 4549 occidere,·
1066 4499 1189 4556 ponant

446 4576 565 4653 faciem
580 4597 684 4636 mearn
703 4596 800 4652 ertper
820 4579 981 4638 bominem
1003 4579 1099 4638 illurn
1114 4579 1191 4640 dan·

448 4683 512 4736 tem
528 4674 700 4736 desemine
716 4693 773 4737 suo
788 4675 970 4752 lloloclr,ita
986 4677 1070 4757 quod
1087 4695 1190 4738 meam

448 4792 511 4836 non
533 4774 644 4836 evadet
660 4772 833 4835 vindictam
847 4797 854 4847 3
871 4785 901 4834 et
916 4794 1011 4856 super
1031 4778 1192 4853 cognatio-

447 4893 521 4933 nem
536 4874 617 4949 ajin,
635 4891 705 4954 quae
731 4871 760 4934 ei
786 4872 818 4933 in
842 4871 976 4936 crimine
1001 4884 1088 4936 tanto
1109 4893 1193 4937 com-

329 4993 350 5032 et
363 4991 433 5046 ι’ρωιιι
449 4970 607 5045 monicae
624 4973 850 5050 succidamque
864 4975 997 5032 enrn'ct
1012 4993 1119 5032 ornrtcs
1134 4976 1193 5053 qni

447 5079 672 5130 consenserant
688 5073 719 5128 ei
740 5069 773 5130 in
795 5077 881 5132 tanto
905 5068 1044 5133 iocinore
1064 5088 1070 5130 :
1089 5080 1117 5132 el
1137 5089 1192 5151 per

448 5167 521 5231 illos
536 5167 782 5242 consentientes,
795 5168 924 5247 quidam
943 5166 1126 5246 intelligunt
1141 5187 1193 5230 ne

446 5267 602 5346 gligentes
632 5285 704 5327 curu
734 5265 890 5328 occidere.
917 5265 1005 5327 Unde
1029 5265 1110 5347 Lyra
1139 5267 1192 5329 hic

1247 4296 1311 4354 eos
1336 4297 1430 4360 quam
1458 4279 1574 4361 aliquis
1597 4282 1792 4344 eorumdem.
1810 4280 1994 4360 Aliquando

1245 4375 1340 4439 ctiam
1351 4377 1478 4458 gravius
1490 4387 1599 4460 peccat
1610 4398 1672 4442 non
1684 4379 1994 4462 corripiendo,quam

1246 4474 1328 4537 alius
1345 4476 1448 4540 solum
1464 4477 1932 4540 consentiendol'erumumen
1950 4479 1996 4540 lo

1247 4579 1373 4657 quando
1389 4578 1422 4639 in
1437 4577 1590 4658 generali,
1605 4577 1750 4641 vitiosius
1766 4586 1842 4660 puto
1859 4596 1995 4640 consen-

1248 4675 1307 4736 tire
1323 4685 1451 4756 peccato
1466 4675 1608 4751 alterius,
1626 4695 1723 4757 quam
1745 4695 1808 4738 noo
1829 4674 1993 4756 corripere

1248 4773 1337 4835 illud.

1286 4875 1410 4934 Arriano
1431 4895 1501 4952 ane
1526 4875 1738 4934 declinaverit
1761 4877 1805 4934 ad
1831 4893 1937 4948 anepos
1963 4885 1995 4934 et

1246 4975 1364 5033 ariolos
1379 4972 1419 5033 ad
1435 4971 1660 5034 sciscitandum
1682 4971 1811 5053 aliquod
1832 4980 1993 5033 secretum

1246 5071 1286 5133 ab
1297 5071 1397 5147 eis,ut
1413 5090 1468 5152 por
1479 5071 1633 5150 magicam
1650 5079 1750 5132 artem
1767 5080 1821 5132 aut
1836 5069 1996 5134 ariolatio

1248 5169 1297 5231 nis
1314 5169 1494 5250 practicam,
1504 5168 1640 5250 accipiat
1656 5168 1904 5250 responsionem.
1918 5167 1995 5232 ldeo

1248 5268 1395 5330 subditur
1413 5285 1420 5328 :
1436 5277 1465 5328 et
1484 5269 1647 5346 fornicata
1666 5268 1769 5344 faerit
1788 5287 1861 5326 curn
1877 5267 1937 5335 eia,
1956 5266 1990 5328 id
