4309 6259
434 474 474 541 to
822 496 995 544 nvmmrro
1015 498 1046 544 nv
1068 498 1137 545 cnr.
1159 498 1226 545 nu
1246 496 1348 545 axoni.
1371 519 1411 530 -
1430 498 1502 546 aar.
1525 500 1595 546 mv

433 672 465 726 ta
484 666 673 729 seutentiam
691 666 865 744 Christi,
835 668 1093 750 vicariorumque
1108 669 1178 751 ejus
1192 667 1217 730 Α
1230 667 1369 732 bominis
1395 669 1478 745 talis,
1505 669 1634 751 quando
1659 688 1698 732 ex
1722 669 1852 733 illorum
1877 669 1977 751 negli-

432 763 493 827 erit
517 765 698 847 culpabilis,
722 774 755 829 et
779 786 835 848 per
860 785 956 849 opera
981 767 1179 849 poenitentiae
1230 767 1338 845 gentia
1353 786 1417 830 non
1432 767 1566 848 contigit
1582 767 1654 830 talis
1669 786 1828 830 excessus.
1842 771 1978 836 Quodsi

431 863 646 945 castigandus
673 866 847 926 Stantem
872 887 956 927 rrwrs
979 868 1050 944 ejus
1074 867 1178 944 suerit
1231 867 1284 924 bos
1296 877 1469 945 cornupeta
1485 868 1666 945 speritate
1681 869 1812 927 reolustt
1827 865 1977 929 dommus

430 965 606 1034 subsecuta,
630 962 674 1025 ita
694 964 779 1045 quod
801 964 917 1026 caritas
941 962 1037 1027 fuerit
1060 964 1179 1027 exstiu-
1231 984 1305 1024 eum
1326 986 1338 1023 .·
1360 964 1392 1026 id
1414 972 1473 1040 θεῖ,
1498 965 1525 1025 si
1548 964 1621 1026 talis
1643 964 1823 1026 subditus'
1811 983 1879 1045 Jam
1902 972 1977 1026 ante

432 1069 482 1124 ota
499 1062 531 1124 in
549 1082 606 1137 ea;
625 1067 735 1125 reddet
754 1067 900 1125 anirnam
919 1086 981 1144 pro
1001 1068 1129 1134 anima,
1147 1064 1178 1125 id
1232 1062 1320 1124 visus
1343 1070 1392 1125 est
1417 1062 1493 1125 talia
1516 1064 1653 1145 operari,
1679 1073 1712 1126 et
1736 1062 1893 1145 superiori
1919 1080 1977 1126 suo

433 1170 492 1237 θεῖ,
518 1162 656 1245 propriae
680 1162 796 1225 animae
819 1164 1058 1226 damnationem
1081 1180 1180 1225 mere
1232 1162 1411 1224 constiterit
1425 1160 1485 1224 boc
1501 1161 1618 1243 ipsum,
1636 1180 1695 1225 nec
1710 1170 1816 1225 umen
1831 1180 1890 1244 pro
1906 1180 1978 1243 pos-

434 1266 501 1334 tur;
512 1265 643 1321 oculum
653 1281 715 1338 pro
725 1261 988 1341 ocoto,quoniam
1004 1262 1093 1343 juxta
1108 1279 1179 1342 quae
1233 1278 1267 1322 se
1282 1278 1340 1322 suo
1355 1259 1565 1323 refrenaverit
1580 1260 1701 1342 ipsum;
1714 1259 1776 1335 vel,
1787 1260 1813 1321 si
1828 1259 1977 1322 dominus

435 1356 523 1434 fecit,
546 1359 695 1421 reddetur
714 1359 756 1436 ei,
775 1360 951 1423 secundum
973 1360 1059 1441 quod
1081 1360 1180 1421 ludex
1233 1359 1314 1439 ejus,
1326 1358 1474 1420 videlicet
1489 1358 1622 1439 spiritus
1636 1377 1713 1420 suus
1729 1357 1903 1435 rationalis,
1914 1376 1978 1421 mo

298 1462 419 1512 mutuus
436 1464 568 1519 testatur
586 1475 592 1519 :
610 1456 676 1531 Qun
690 1477 840 1521 mensura
859 1460 961 1521 mensi
978 1458 1115 1534 fueritis,
1133 1477 1181 1521 re-
1233 1464 1284 1517 tus
1299 1475 1365 1519 suae
1380 1456 1626 1538 impetuositatis
1642 1475 1706 1520 nou
1723 1455 1894 1538 repressit;
1909 1456 1977 1519 oul-

288 1528 309 1568 ²¹
435 1556 583 1618 metietur
608 1556 710 1619 vobis.
738 1560 778 1619 Si
796 1561 991 1635 pertraxerit
1014 1559 1180 1637 quisptam
1233 1574 1274 1637 pa
1289 1553 1479 1617 redundabit
1495 1555 1527 1616 in
1543 1574 1629 1617 eum.

434 1658 565 1715 oculum
579 1658 664 1715 servi
676 1658 732 1715 atti
746 1665 804 1716 aut
819 1658 998 1726 aner'llte,et
1015 1660 1116 1715 luscos
1130 1676 1181 1715 eoa
1264 1656 1389 1734 Siquis
1400 1652 1913 1731 aperueritcrssvternomfflisterna
1927 1662 1977 1715 θεῖ

434 1755 557 1831 feeerit,
579 1755 722 1814 dimittet
744 1774 793 1814 eoa
816 1756 928 1814 liberos
948 1776 960 1813 .·
982 1753 1014 1815 id
1039 1761 1098 1830 est,
1122 1752 1179 1833 qui
1233 1750 1393 1833 profunda
1413 1750 1576 1833 Scriptura
1594 1751 1804 1833 divinaque
1822 1751 1973 1833 aperitur,

432 1850 513 1913 alios
533 1850 616 1914 male
636 1851 832 1927 instruxerit,
855 1860 886 1914 et
906 1851 1106 1915 intellectum
1127 1858 1215 1919 ‹ro-B
1232 1851 1360 1931 quando
1374 1850 1559 1932 exponitur3
1576 1858 1794 1913 verumtamen
1810 1849 1977 1933 profundi·

434 1967 503 2010 rum
520 1949 719 2031 perverterit,
735 1950 885 2030 indignus
905 1960 953 2013 est
972 1951 1019 2013 eis
1038 1949 1177 2031 amplius
1231 1968 1286 2012 ora
1304 1950 1375 2031 ejus
1392 1949 1543 2031 mysteria
1562 1948 1767 2030 incapacibus
1783 1958 1813 2012 et
1833 1948 1973 2028 indiguis

431 2046 612 2128 presidere,
629 2055 684 2109 aut
700 2049 833 2111 verbum
852 2050 1006 2112 doctrinae
1020 2066 1176 2131 propone
1230 2049 1366 2129 tegenda
1380 2055 1466 2123 sunt,
1480 2048 1562 2110 sicut
1577 2048 1722 2130 praecipit
1736 2047 1878 2110 Christus
1895 2048 1975 2110 :No-
1999 2069 2113 2117 narrum.

432 2163 477 2206 re.
493 2144 646 2207 Similiter
659 2148 690 2205 si
703 2149 842 2219 dentem,
860 2146 892 2208 id
908 2155 956 2209 est
971 2145 1176 2210 discretionis
1230 2146 1287 2209 lite
1306 2153 1450 2209 sanctum
1470 2146 1546 2208 dere
1563 2146 1708 2222 canibus,
1727 2165 1832 2227 neque
1851 2165 1974 2227 marga-
1988 2134 2008 2173 ⁶·

431 2244 695 2322 masticationem,
712 2244 881 2307 abstulerit
897 2245 987 2328 ipsis.
1228 2245 1307 2307 ritas
1323 2244 1498 2326 projiciatis
1512 2254 1587 2307 ante
1602 2263 1726 2326 porcos.
1744 2244 1802 2319 Qui
1818 2245 1915 2324 igitur
1929 2245 1973 2307 ita

471 2344 512 2404 Si
525 2344 576 2403 bos
590 2364 691 2404 cornu
703 2346 1016 2420 pereusserttvirum
1031 2355 1090 2405 aut
1105 2366 1177 2405 mu·
1230 2363 1294 2407 nou
1315 2344 1426 2425 egerit,
1444 2343 1500 2405 sed
1522 2344 1579 2406 bos
1600 2352 1656 2406 aut
1678 2344 1789 2405 asinus
1809 2343 1842 2405 in
1863 2343 1974 2406 oister-

431 2442 543 2502 tt'erem
558 2463 570 2501 .·
585 2440 617 2504 id
638 2449 695 2519 ost,
714 2442 741 2503 si
758 2442 854 2505 homo
869 2442 1006 2505 earnalis
1027 2450 1059 2504 et
1080 2442 1177 2505 besti·
1230 2461 1304 2504 uam
1322 2442 1488 2518 corruerit,
1507 2442 1538 2503 id
1558 2448 1617 2519 est,
1634 2442 1783 2519 carnalis,
1800 2442 1899 2504 bebes
1918 2451 1973 2504 aut

431 2537 490 2601 alis
516 2560 573 2603 sua
596 2540 735 2604 elatione
759 2549 814 2603 aut
836 2548 990 2623 potestate
1013 2541 1177 2604 induxerit
1229 2542 1406 2615 actuosus',
1422 2540 1581 2603 audiendo
1596 2549 1717 2603 secreta
1732 2540 1892 2622 mysteria,
1908 2539 1974 2603 fue
2007 2560 2115 2602 werre

431 2656 624 2720 quemquam
644 2640 684 2702 ad
704 2639 831 2721 culpam
852 2640 1028 2717 mortalem,
1045 2640 1177 2702 damna·
1230 2640 1272 2701 rit
1292 2638 1489 2721 periclitatus
1509 2647 1541 2701 et
1560 2658 1668 2703 errore
1687 2639 1889 2715 submersus;
1906 2639 1974 2701 cul·
1987 2634 2032 2664 ⁸¹¹⁸·

431 2736 549 2800 tionem
570 2737 730 2813 incurret3
747 2749 777 2800 et
796 2759 860 2799 non
880 2742 1087 2800 comedentur
1108 2760 1177 2800 car·
1230 2737 1346 2821 pabilis
1366 2738 1438 2814 erit,
1455 2745 1488 2800 et
1506 2738 1661 2801 rationem
1681 2756 1739 2820 pro
1754 2738 1819 2800 illis
1840 2739 1974 2802 reddere

430 2856 484 2896 nes
506 2838 588 2913 ejus,
612 2836 644 2898 id
669 2845 727 2913 est,
753 2837 895 2899 carnalia
918 2838 988 2919 ejus
1012 2837 1175 2900 desideria
1230 2838 1383 2918 exigetur,
1409 2837 1465 2918 qui
1492 2837 1539 2899 eis
1564 2837 1675 2899 divina
1701 2846 1822 2900 secreta
1846 2837 1974 2900 incaute

431 2954 524 2997 nemo
539 2944 701 3018 sequetur.
714 2940 873 2997 Dominus
888 2958 1011 3016 quoque
1026 2938 1113 2996 tocie
1130 2940 1177 2997 irr-
1230 2935 1405 3018 proposuit,
1413 2934 1475 2997 nisi
1491 2935 1619 2997 interim
1633 2935 1788 2998 veraciter
1803 2934 1973 3017 poenitens,

428 3054 542 3094 nocens
560 3036 650 3095 erit:
666 3034 699 3095 id
719 3042 778 3111 est,
796 3034 890 3116 culpa
910 3033 965 3097 illa
985 3053 1049 3098 non
1072 3034 1178 3117 impu·
1193 3036 1215 3099 C
1230 3036 1325 3099 etiam
1346 3053 1404 3117 pro
1424 3034 1489 3096 illis
1508 3034 1563 3097 Dei
1584 3034 1834 3097 misericordiam
1859 3034 1976 3116 implo

429 3132 548 3194 tabitur
573 3133 703 3215 praelato
727 3141 782 3194 aut
807 3133 944 3215 principi
972 3133 1021 3196 vel
1049 3134 1175 3216 parenti
1231 3154 1300 3197 rare
1316 3133 1486 3197 studuerit.

949 3563 1272 3651 lutlcunus
1314 3565 1450 3650 XLIV

550 3835 740 3883 nnumvntto
761 3836 935 3882 tmtuntts
957 3836 1096 3881 taetrum
1116 3836 1247 3883 vtcsssuss
1268 3838 1394 3883 stultum
1415 3839 1423 3883 t
1447 3837 1475 3883 Sl
1495 3838 1563 3892 QUlS
1584 3837 1721 3883 FURATUS
1742 3837 1851 3883 l‘lllflll'l

1053 3935 1153 3981 BOVE!
1173 3936 1230 3979 VEL
1251 3936 1342 3981 ovmt.

427 4211 575 4377 NUNC
597 4211 822 4275 describuntur
842 4210 1006 4293 judicialia
1026 4212 1172 4293 quaedam
1186 4212 1212 4274 D
1226 4213 1322 4276 domo
1349 4211 1441 4289 furis,
1469 4232 1533 4275 non
1559 4213 1622 4275 nisi
1646 4214 1780 4297 duplum
1804 4216 1972 4281 restituere

506 4318 675 4393 praecepta,
699 4310 732 4371 iu
757 4309 903 4393 populari
926 4310 1075 4374 convictu
1098 4310 1172 4372 diri·
1228 4312 1404 4389 tenebatur,
1422 4321 1457 4374 ut
1476 4313 1572 4394 paulo
1590 4324 1662 4396 post
1682 4314 1715 4376 iu
1737 4324 1822 4378 textu
1837 4316 1972 4397 subjun-

427 4410 534 4490 gentis
555 4409 653 4473 vitam
675 4408 858 4473 humanam.
882 4412 922 4473 Si
943 4413 1015 4490 quis
1039 4412 1172 4489 furatus
1224 4411 1321 4489 gitur.
1332 4410 1423 4474 Circa
1437 4420 1632 4494 praeceptum
1648 4413 1731 4475 istud
1748 4414 1849 4477 multa
1862 4432 1971 4478 oecur-

426 4510 529 4588 suerit
544 4510 651 4568 torem
670 4511 720 4568 vet
738 4528 826 4569 ovem
847 4507 982 4590 proximi
1003 4508 1063 4585 sui,
1080 4520 1111 4569 et
1124 4530 1171 4568 oe·
1225 4518 1300 4571 runt
1314 4509 1460 4585 dicenda,
1476 4530 1550 4591 quaa
1563 4509 1648 4573 infra
1663 4520 1842 4591 tangentur.

427 4609 544 4668 ciderit
565 4610 614 4667 vet
638 4609 819 4667 vendiderit
841 4606 926 4687 quod
951 4605 1075 4668 furatus
1099 4615 1167 4681 est;
1263 4608 1359 4672 Porro
1374 4608 1510 4671 Thomas
1527 4608 1560 4670 in
1576 4608 1679 4690 prima
1695 4611 1841 4673 secundae
1856 4620 1966 4674 eontra

426 4708 570 4786 quinque
592 4707 680 4765 boves
698 4725 759 4783 pro
783 4724 847 4765 erro
869 4707 942 4764 bove
963 4707 1117 4777 restituet,
1141 4717 1170 4767 et
1224 4715 1416 4788 preceptum
1434 4706 1519 4769 istud
1540 4707 1586 4769 sie
1604 4707 1710 4788 arguit
1727 4726 1734 4769 :
1751 4708 1845 4771 Poena
1861 4718 1966 4772 usan-

426 4814 566 4884 quatuor
586 4824 657 4863 oves
672 4824 733 4881 pro
755 4824 824 4864 una
842 4824 907 4864 ove.
924 4803 1031 4883 ltaque
1052 4802 1170 4866 intelli·
1223 4806 1263 4866 da
1277 4813 1326 4867 est
1340 4805 1516 4867 seeundum
1526 4806 1737 4887 quantitatem
1751 4807 1864 4889 culpae,
1875 4808 1965 4888 juxta
2142 4883 2143 4886 Ἴ

425 4902 529 4982 gendo
543 4910 592 4965 est
606 4901 656 4965 lex
672 4902 742 4978 ista,
760 4902 888 4983 quando
904 4921 967 4966 non
985 4902 1089 4965 solum
1107 4903 1170 4967 tale
1224 4903 1301 4965 illud
1317 4904 1573 4967 Deuteronomii:
1591 4904 1649 4968 Pro
1665 4923 1813 4967 mensura
1828 4907 1960 4989 peccati,
1987 4928 2112 4978 neem,
2142 4895 2143 4944 t

424 4999 604 5081 jumentum
621 4999 732 5061 furtim
747 4999 899 5077 aufertur,
914 5001 969 5063 sed
984 5000 1081 5063 etiam
1098 5020 1170 5065 ven·
1222 5003 1283 5066 erit
1303 5012 1336 5067 et
1356 5003 1522 5085 plagarum
1543 5004 1668 5067 modus.
1691 5004 1751 5067 Sed
1772 5004 1963 5086 quibusdam
1978 4994 1998 5033 ²·

424 5098 511 5161 ditur
526 5098 594 5162 sive
612 5097 777 5175 occiditur,
795 5098 843 5160 vel
866 5098 897 5159 in
919 5099 1086 5181 procinctu
1107 5099 1169 5162 fuit
1222 5102 1397 5182 equalibus
1412 5101 1517 5185 culpis
1533 5102 1583 5165 lex
1599 5101 1769 5184 inequales
1785 5104 1895 5165 statuit
1907 5122 1966 5186 pte

424 5204 460 5257 ut
474 5197 665 5260 venderetur
680 5196 730 5259 vel
746 5194 991 5260 interficeretur.
1010 5197 1041 5260 Si
1061 5207 1168 5261 autem
1223 5220 1290 5277 nas,
1300 5200 1448 5264 videlicet
1465 5220 1523 5283 pro
1538 5219 1602 5264 uno
1618 5201 1698 5269 bovo
1715 5200 1820 5266 furato
1835 5204 1965 5265 reddere
2141 5175 2142 5250 l

423 5295 536 5381 vivens
551 5296 717 5359 inventum
735 5294 845 5359 fuisset
862 5296 923 5360 tale
935 5296 1117 5379 jumentum
1133 5298 1166 5360 in
1221 5298 1364 5380 quinque
1378 5298 1487 5375 boves,
1500 5307 1532 5361 et
1547 5317 1604 5380 pro
1620 5318 1683 5362 una
1697 5318 1757 5364 ove
1773 5299 1875 5363 furata
1889 5319 1966 5382 qua·
