4309 6259
418 495 477 560 lii
796 515 969 564 nummi-ro
989 516 1021 563 m
1041 516 1110 563 car.
1133 516 1218 565 mv
1238 517 1341 565 nom.
1363 535 1403 550 -
1422 518 1495 565 aar.
1516 517 1587 565 mn

417 684 482 749 culi
498 705 534 750 ac
550 686 766 751 consimilium
789 698 931 771 spectant
953 688 1161 753 constructio-
1174 688 1200 751 Α
1214 688 1344 770 quidem
1369 689 1573 768 vermiculus,
1590 708 1703 754 coccus
1723 698 1755 752 et
1777 689 1951 765 coccinum,

419 804 503 848 nem.
533 785 654 850 Deinde
684 788 851 869 ropetitur,
887 788 973 871 quod
1009 789 1161 853 vicesimo
1214 788 1307 870 quasi
1323 807 1382 871 pro
1396 788 1507 852 eodem
1522 798 1701 852 sumuntur.
1713 789 1789 851 Nam
1804 789 1887 869 quod
1901 788 1954 850 bic

418 884 531 965 quinto
547 885 686 969 capitulo
700 888 824 969 jussum
841 896 888 951 est
903 889 942 952 de
958 888 1100 953 materiis
1115 886 1162 951 oi·
1216 888 1604 965 nominevcrmiculi,hoc
1619 887 1892 969 vicesimoquinto
1906 906 1954 949 ca·

418 982 561 1047 ferendis
587 1001 644 1066 pro
669 988 849 1050 sanctuario
874 1006 910 1049 ac
935 988 1064 1065 ceteris,
1091 1007 1162 1069 quie
1216 987 1320 1070 pitulo
1342 988 1473 1051 nominc
1497 988 1584 1051 cocci
1609 987 1818 1068 significatur.
1843 988 1956 1048 Cuncti

418 1082 572 1146 Dominus
587 1086 724 1166 jusserat
740 1085 900 1150 fabricari.
919 1090 960 1149 Et
975 1091 1023 1149 ait
1039 1091 1162 1165 Moyses
1216 1089 1284 1166 filii
1304 1090 1420 1157 Israel,
1441 1087 1474 1149 id
1499 1094 1547 1151 est
1571 1087 1700 1168 quidam
1726 1087 1766 1149 dc
1787 1084 1955 1160 universis,

423 1186 467 1243 ad
481 1203 605 1244 ornnem
620 1194 782 1246 cacavam
797 1188 944 1264 fitiorum
960 1189 1084 1247 Israel:
1099 1190 1162 1248 Iste
1217 1186 1316 1248 utsii
1339 1186 1523 1250 distributio
1547 1204 1605 1268 pro
1629 1185 1798 1267 gonoribus
1822 1184 1960 1263 singulo

419 1292 463 1343 est
477 1302 579 1343 sermo
594 1304 687 1363 quem
699 1287 852 1363 praecepit
867 1288 1049 1347 Dominus:
1064 1290 1163 1363 Sopa—
1219 1304 1301 1362 rum,
1315 1288 1505 1347 voluntaria
1518 1288 1657 1348 Domino
1670 1288 1907 1355 dedicaverunt,
1924 1283 1958 1344 id

418 1391 488 1442 rate
507 1386 597 1459 optut
616 1403 669 1442 ves
690 1385 859 1460 primitias
874 1387 1012 1446 Domino
1029 1406 1040 1445 .·
1056 1386 1088 1448 id
1104 1394 1160 1462 cst,
1218 1394 1277 1461 cst,
1295 1403 1428 1448 munera
1443 1403 1500 1446 sua
1515 1404 1534 1446 a
1548 1403 1582 1447 se
1597 1391 1711 1465 sponte
1724 1383 1841 1460 oblata,
1852 1400 1959 1445 conso

420 1480 642 1563 unusquisque
660 1490 800 1544 vestrum
822 1484 982 1566 praecipua
998 1483 1107 1565 aliqua
1124 1484 1163 1545 dc
1218 1491 1387 1547 eraverunt
1401 1484 1441 1545 ad
1456 1483 1591 1563 gloriam
1607 1482 1661 1545 Dei
1676 1501 1734 1565 pro
1748 1481 1958 1545 aedificatione

420 1578 516 1641 rebus
531 1578 628 1659 eligat
642 1588 674 1642 ct
688 1590 840 1657 assumat,
852 1602 888 1645 ac
903 1584 986 1665 apud
1004 1602 1038 1645 se
1053 1590 1161 1665 ponat,
1219 1583 1429 1659 tabernaculi,
1442 1581 1744 1661 attinentiarumquc
1758 1580 1838 1661 ejus,
1856 1591 1891 1640 ut
1905 1585 1960 1658 fic·

419 1678 461 1739 ad
474 1677 675 1741 atterendum
688 1700 724 1742 ea
735 1681 867 1743 Domino
878 1700 936 1763 pro
951 1680 1164 1744 aedificatione
1218 1692 1290 1743 rent
1305 1703 1401 1759 opera
1417 1683 1552 1743 Dorm'ni
1565 1702 1637 1761 quae
1643 1682 1788 1759 jusserat
1802 1681 1959 1740 Dominus

420 1776 616 1839 tabernaculi
632 1785 663 1840 ct
679 1798 782 1841 rerum
795 1781 833 1843 ad
846 1780 925 1843 illud
937 1781 1161 1862 spectantium,
1213 1802 1276 1860 per
1291 1802 1425 1842 manum
1442 1782 1576 1858 Moysis,
1592 1779 1624 1842 id
1644 1787 1702 1855 est,
1718 1796 1790 1861 quaa
1803 1779 1884 1840 Deus
1902 1795 1960 1859 per

420 1874 502 1938 sieut
527 1876 744 1959 subjungitur.
773 1882 883 1940 Omnis
908 1883 1115 1941 voluntarias
1134 1891 1164 1942 et
1182 1883 1205 1944 B
1219 1880 1434 1942 ministerium
1449 1878 1563 1963 Moysis
1578 1878 1729 1962 pracepit
1742 1886 1773 1940 et
1787 1874 1959 1938 insinuavit

273 1987 404 2039 tuturos.
418 1996 521 2054 prono
536 1978 647 2037 animo
665 1980 778 2055 offerret
792 2000 844 2039 cas
858 1981 1007 2040 Donu'no.
1025 1978 1164 2041 Hilarem
1218 1980 1345 2041 ludaeis.

421 2074 540 2155 quippe
565 2074 706 2139 datorem
731 2076 836 2158 diligit
861 2078 953 2153 Deus,
981 2078 1033 2141 cui
1055 2086 1164 2140 coacta
1259 2081 1416 2159 Dicitque
1431 2076 1617 2155 ⁴tloyses'ed
1634 2079 1720 2155 filios
1739 2078 1839 2137 Israel
1853 2095 1865 2133 :
1880 2075 1959 2134 Ecce

421 2191 485 2235 non
502 2173 952 2256 placentobsequia:imocui
968 2177 1163 2259 operabona
1219 2180 1573 2240 vocavitDominusee
1594 2178 1722 2237 nomine
1737 2178 1879 2244 Beseleet,
1895 2180 1955 2235 etc.
1998 2199 2078 2240 Μ,

421 2280 508 2335 tanto
524 2272 597 2354 plus
616 2274 755 2355 placent,
772 2283 891 2355 quanto
914 2295 952 2338 ex
973 2276 1161 2358 promptiori
1220 2280 1330 2339 ooliab
1344 2298 1478 2358 queque,
1494 2286 1555 2341 ete.
1572 2276 1684 2338 Totum
1700 2273 1784 2335 istud
1800 2272 1957 2335 tricesimo
1971 2274 2030 2307 ¹¹¹¹·
2043 2265 2064 2303 ²·

349 2398 405 2433 axv,
421 2371 669 2454 ferventiorique
684 2375 778 2437 corde
793 2376 978 2456 procedunt.
989 2380 1119 2436 Antrum
1133 2386 1163 2436 et
1217 2376 1322 2459 primo
1337 2375 1479 2457 capitulo
1498 2375 1644 2437 habitum
1659 2382 1708 2437 est
1728 2382 1823 2454 atque
1837 2370 1957 2452 exposi-

419 2482 600 2548 arpentum,
613 2480 687 2549 cto,
700 2492 772 2555 quae
786 2473 893 2536 omnia
905 2474 1057 2538 vicesimo
1072 2474 1163 2556 quin·
1218 2484 1296 2538 tum.
1314 2478 1431 2537 Anides
1444 2476 1589 2535 ermiiva‘t
1602 2474 1817 2551 sapientiam
1832 2472 1957 2550 saciant

420 2577 451 2633 to
471 2570 611 2652 capitulo
630 2580 754 2634 exstant
778 2572 945 2635 elucidata.
971 2576 1162 2635 Vestimenta
1217 2597 1314 2654 opera
1328 2556 1493 2643 abietarii,
1509 2573 1540 2635 id
1555 2580 1604 2635 est
1618 2592 1656 2635 ea
1673 2591 1746 2654 quo)
1766 2570 1835 2633 lieri
1855 2568 1958 2632 solent

418 2690 555 2747 quorum
571 2691 647 2731 usus
662 2680 705 2731 est
720 2673 756 2731 in
773 2674 952 2732 ministerio
966 2677 1160 2745 sanctuarii,
1217 2672 1479 2755 acarpentariis.
1510 2672 1606 2734 Porro
1631 2670 1802 2733 chlotarius
1830 2668 1958 2750 proprie

418 2767 450 2830 id
466 2776 525 2844 est,
538 2776 642 2832 vestes
658 2788 762 2832 sacres
777 2769 894 2850 quibus
910 2770 1048 2833 ministri
1064 2772 1163 2834 taber-
1217 2772 1345 2849 dicitur,
1355 2771 1409 2852 qui
1426 2778 1575 2851 operatur
1589 2772 1629 2833 dc
1644 2770 1732 2850 ligno
1746 2768 1860 2831 abiete.
1870 2767 1959 2830 Com-

419 2867 523 2929 naculi
541 2867 573 2929 in
590 2866 700 2931 divino
717 2876 846 2931 utentur
861 2868 1163 2951 obsequio,scilicet
1218 2871 1348 2934 munius
1377 2888 1454 2932 vero
1478 2869 1634 2951 accipitur
1658 2888 1716 2951 pro
1740 2865 1863 2930 artifice
1886 2884 1959 2947 ope·

417 2976 513 3026 uestes
533 2971 642 3028 Aaron
660 2968 827 3046 pontificis
849 2989 886 3028 ae
907 2970 1054 3046 fitiomcm
1079 2972 1162 3047 ejus,
1217 2979 1308 3033 rante
1332 2970 1372 3033 dc
1388 2970 1475 3049 ligno
1499 2986 1702 3051 quocumque
1723 2984 1730 3029 :
1751 2975 1783 3030 ct
1806 2965 1850 3027 ita
1875 2983 1959 3025 nunc

417 3064 535 3145 quibus
552 3065 585 3127 in
602 3066 770 3129 sacrificiis
787 3066 965 3147 ceterisque
981 3067 1100 3129 divinis
1117 3068 1163 3129 in·
1178 3073 1200 3135 C
1218 3068 1371 3146 sumitur,
1402 3068 1554 3150 quoniam
1583 3067 1616 3129 in
1646 3075 1733 3129 textu
1762 3062 1960 3127 describente

416 3165 556 3227 duentur
578 3184 614 3228 ac
639 3166 802 3247 potientur
819 3185 826 3229 :
845 3165 912 3242 bas
931 3165 1072 3247 inquam,
1090 3167 1164 3229 arti-
1217 3167 1487 3231 constructionem
1501 3164 1695 3229 tabernaculi
1713 3182 1776 3227 non
1793 3160 1960 3225 iitmentio

418 3262 497 3326 lices
514 3263 642 3327 iaciant.
1218 3267 1258 3329 dc
1274 3266 1370 3345 lignis
1391 3265 1544 3342 abietum,
1561 3265 1615 3327 scd
1637 3264 1740 3326 setim.
1757 3263 1865 3326 Cetera
1883 3278 1961 3341 pras·

466 3366 664 3441 aeremque
688 3365 792 3422 omnis
817 3366 993 3424 multitudo
1016 3368 1163 3442 filiorum
1219 3365 1311 3428 iactis
1327 3365 1406 3428 locis
1421 3364 1564 3445 exposita
1579 3372 1659 3425 sunt

419 3464 522 3522 lsrael
537 3464 576 3521 dc
597 3470 761 3539 conspectu
783 3464 916 3538 Moysis,
931 3464 1046 3523 obtulit
1062 3474 1164 3523 mente
1258 3465 1297 3525 Et
1312 3464 1395 3526 sicut
1411 3462 1568 3539 litteralis,
1586 3463 1631 3524 iia
1648 3459 1823 3544 spiritualis
1837 3458 1961 3540 exposi-

417 3562 659 3639 promptissima
682 3570 778 3638 atque
798 3563 910 3621 devota
922 3564 1092 3639 primitias
1106 3566 1165 3623 Do
1220 3562 1263 3625 tio
1281 3564 1376 3645 bujus
1387 3562 1517 3644 capituli
1534 3569 1620 3644 patet
1634 3579 1671 3623 ox
1686 3556 1961 3641 praeinductisic-

419 3659 522 3728 mino,
537 3662 581 3719 ad
595 3659 785 3736 faciendum
805 3678 883 3735 opus
903 3662 1103 3721 tabernaculi
1126 3672 1164 3721 tc·
1219 3669 1399 3724 rumtamen
1430 3660 1530 3722 multe
1556 3659 1706 3722 dicuntur
1731 3657 1764 3719 in
1787 3656 1897 3720 Glossa
1920 3656 1960 3718 de

320 3762 324 3769 '
418 3758 576 3827 stimonii,
601 3755 633 3818 id
658 3764 707 3819 est
730 3756 814 3819 dona
839 3758 1008 3841 praecipue,
1035 3768 1063 3819 ct
1087 3760 1164 3819 dee·
1219 3759 1379 3842 spirituali
1404 3760 1500 3842 hujus
1525 3757 1657 3841 capituli
1688 3754 1959 3836 intelligentitas

420 3857 533 3925 tretia,
558 3854 590 3916 id
616 3862 662 3918 cst
689 3864 874 3919 ornamenta
899 3858 1082 3920 dextrorum
1108 3877 1163 3920 seu
1218 3858 1351 3922 homilia
1366 3858 1521 3939 Origcnis,
1538 3858 1594 3940 qui
1611 3856 1695 3919 inter
1709 3863 1813 3918 cetera
1829 3852 1960 3917 stulto

418 3953 620 4018 brachiorum
632 3954 812 4017 dextrorum
829 3974 929 4038 prope
939 3975 1079 4019 menum.
1095 3959 1164 4018 Om-
1219 3956 1276 4018 stis
1300 3957 1356 4039 qui
1382 3956 1502 4021 divinis
1526 3954 1686 4038 mysteriis
1710 3954 1863 4015 interesse
1886 3970 1960 4014 con-

419 4074 458 4113 nc
473 4074 529 4113 aas
550 4073 699 4121 aureum,
719 4056 756 4113 in
777 4057 953 4115 donarium
969 4057 1103 4116 Donziui
1121 4077 1164 4115 sc·
1219 4056 1379 4134 suevistis,
1398 4056 1558 4138 quomodo
1574 4072 1673 4135 quum
1693 4052 1876 4135 suscepistis
1895 4069 1959 4113 cor-

414 4162 571 4229 poratum
592 4160 649 4220 est,
665 4150 696 4212 id
718 4160 777 4229 est,
795 4152 954 4233 praecipua
974 4172 1049 4215 vasa
1069 4172 1164 4217 aurea
1219 4174 1279 4237 pus
1290 4155 1425 4232 Domini,
1435 4174 1507 4218 oum
1518 4154 1607 4217 omni
1617 4152 1740 4215 cautela
1750 4160 1782 4214 et
1796 4150 1960 4231 diligentia

420 4249 564 4312 liliorum
589 4249 695 4329 lsrael,
717 4250 757 4313 ab
783 4251 902 4314 eisdem
928 4260 1002 4314 sunt
1026 4253 1066 4315 ab
1092 4254 1163 4316 eliis
1178 4263 1203 4325 1)
1219 4252 1298 4315 illud
1320 4254 1482 4331 servastis,
1501 4272 1541 4316 ne
1563 4271 1601 4315 ex
1620 4270 1658 4315 eo
1678 4270 1789 4333 parum
1809 4248 1885 4331 quid
1907 4248 1960 4311 de

418 4347 589 4412 vilioribus
614 4348 699 4410 vasis
724 4358 930 4430 scqrrestrate,
958 4360 989 4414 et
1011 4353 1164 4416 collocata
1218 4351 1313 4415 cidat.
1332 4353 1362 4415 Si
1379 4353 1466 4415 enim
1486 4352 1564 4433 quid
1584 4350 1719 4424 decidat,
1738 4367 1808 4412 reos
1824 4365 1879 4412 vos
1896 4364 1961 4409 cre

421 4447 504 4510 inter
519 4466 566 4523 ea,
576 4465 647 4527 quse
662 4447 767 4511 oblata
783 4458 856 4513 sunt
867 4450 1000 4514 Domino
1014 4452 1053 4514 ad
1069 4471 1163 4514 usum
1218 4450 1474 4525 ditis.Quomodo
1485 4470 1560 4532 ergo
1571 4448 1689 4533 putatis
1700 4446 1833 4510 minoris
1844 4443 1959 4527 piaculi

421 4544 599 4628 praelatum.
619 4548 682 4607 Sed
705 4558 734 4607 ct
755 4553 902 4611 mutieres
916 4555 1015 4612 doctae
1036 4551 1069 4612 in
1092 4550 1165 4613 arti·
1219 4570 1300 4628 csse,
1318 4550 1450 4613 verbum
1468 4550 1521 4613 Dei
1544 4549 1714 4629 negligere,
1731 4566 1826 4627 quam
1846 4562 1960 4625 corpus

423 4644 509 4708 liciis
534 4644 596 4707 sibi
622 4648 881 4727 congruentibus,
907 4653 1065 4710 deducant
1093 4671 1165 4730 quac
1220 4648 1404 4731 ipsiustEx
1419 4666 1483 4730 quo
1498 4644 1783 4727 Origeniseloquio
1799 4651 1960 4725 sumptum

422 4754 586 4816 neonant,
613 4743 644 4805 id
670 4753 728 4821 cst,
753 4745 886 4809 Domino
915 4746 1100 4809 obtulerunt
1128 4767 1165 4811 ea
1220 4740 1960 4830 putoquodassoritdugustinus:Nonminoris

301 4855 360 4897 nm.
373 4858 393 4897 t.
422 4861 492 4925 quae
509 4840 687 4921 filaverant,
704 4846 931 4922 hyacinthum,
947 4844 1028 4908 sicut
1044 4847 1166 4928 exposi-
1219 4855 1268 4910 est
1282 4846 1427 4908 criminis
1438 4845 1570 4909 verbum
1581 4843 1635 4907 Dei
1645 4852 1859 4919 contemnere,
1866 4858 1961 4922 quam

422 4952 488 5005 tum
514 4952 573 5019 cst,
591 4944 815 5017 vermiculum,
832 4944 865 5006 id
889 4953 937 5007 est
962 4962 1103 5008 coccum.
1121 4945 1166 5007 Si·
1220 4964 1335 5028 corpus
1351 4944 1467 5008 Christi
1483 4944 1516 5007 in
1537 4944 1639 5006 lutum
1654 4940 1821 5026 projicere.
