4309 6259
453 487 513 551 utu
787 506 960 553 manuario
981 508 1012 552 m
1032 507 1101 552 cue.
1123 506 1179 552 rur
1198 506 1431 553 nummououu.
1454 526 1495 537 -—
1514 507 1586 552 sur.
1608 508 1660 553 xlv

452 685 519 735 otor
537 673 736 737 somniorum
758 678 971 755 interficietur
981 699 992 737 :
1007 676 1082 759 quia
1097 684 1133 738 ut
1151 676 1197 738 in·
1210 677 1406 754 speroque
1427 680 1620 738 habitatores
1639 680 1733 737 itlius
1747 679 1782 737 in
1798 697 1852 737 ore
1869 679 1990 753 gladii,

452 772 502 835 fra
516 774 660 851 habetur,
680 774 783 837 iuerat
798 775 998 857 lapidandus,
1011 782 1042 837 et
1057 776 1117 838 hoe
1132 775 1197 838 lata
1248 785 1278 835 et
1292 777 1409 835 delebis
1425 786 1549 845 comet
1566 779 1676 837 omnio
1696 796 1767 855 que
1778 779 1813 835 ln
1828 778 1888 834 illo
1902 786 1990 838 uerit.

452 881 563 935 contra
578 892 651 936 eum
667 874 825 936 sententia
840 874 1014 937 secundum
1030 875 1113 956 juris
1127 893 1195 956 pro
1249 895 1349 954 usqam
1373 878 1417 934 ad
1438 895 1564 953 pecora.
1591 875 1710 937 Littera
1735 884 1782 936 est
1808 873 1931 956 prolixa
1954 892 1991 934 ae

451 990 586 1033 cessum.
1249 973 1355 1054 plana.
1375 972 1537 1053 Siquidem
1553 992 1665 1035 sensus
1680 982 1738 1051 est,
1756 973 1841 1053 quod
1865 973 1892 1033 si
1907 991 1992 1035 eom-

494 1073 533 1131 St
549 1072 608 1131 tibi
625 1073 761 1131 voluerit
772 1075 967 1149 persuadere
981 1073 1086 1149 frater
1109 1082 1195 1141 tuiis,
1250 1070 1390 1133 munitas
1406 1072 1544 1153 alicujus
1559 1071 1649 1134 urbis
1663 1072 1703 1133 ad
1718 1070 1929 1133 idololatriam
1946 1070 1991 1131 iu-

453 1168 563 1228 dicens
574 1186 585 1228 .·
600 1170 724 1228 Eamus
745 1179 774 1229 et
798 1171 977 1228 serviamus
995 1171 1062 1229 diis
1078 1172 1196 1229 alienis
1249 1170 1308 1232 eril
1330 1169 1429 1251 lapsa,
1446 1188 1519 1232 mox
1538 1170 1592 1232 ulii
1609 1170 1756 1233 Israelita)
1774 1169 1886 1231 urbem
1905 1168 1990 1230 iilam

455 1286 532 1345 quos
555 1269 687 1343 iquoros
703 1276 751 1336 tu,
767 1266 799 1328 id
822 1275 880 1343 est,
897 1267 1014 1348 aliquis
1028 1276 1197 1349 quantum·
1250 1268 1413 1345 invadant,
1440 1278 1473 1331 ct
1495 1268 1689 1331 habitatores
1714 1269 1784 1349 ejus
1809 1267 1990 1330 idololatras

453 1383 591 1446 cumque
613 1365 823 1447 propinquus,
841 1364 1008 1428 familiaris
1028 1376 1084 1427 aut
1104 1385 1196 1428 carus
1251 1367 1411 1449 perimant
1440 1386 1540 1446 usque
1564 1367 1603 1429 ad
1629 1384 1743 1448 pecora
1767 1366 1936 1442 inclusive,
1952 1366 1990 1427 ad

454 1463 658 1525 attentaverit
677 1472 708 1526 te
722 1464 761 1525 ad
786 1463 996 1527 idololatriam
1019 1464 1194 1541 inclinare;
1251 1466 1403 1546 majorem
1419 1464 1607 1528 idololatrias
1622 1464 1874 1540 detestationem,
1886 1482 1992 1545 quem-

453 1582 516 1623 oou
538 1564 719 1641 acquiescas
739 1565 780 1634 ei,
802 1567 857 1623 sed
875 1565 986 1624 statim
1011 1565 1194 1641 interficies.
1251 1564 1421 1627 admodum
1444 1582 1540 1645 pecus
1561 1563 1691 1645 jubetur
1713 1562 1814 1626 occidi
1838 1582 1913 1625 cum
1935 1582 1992 1624 suo
2030 1581 2076 1622 re.
2090 1593 2119 1624 n.

453 1660 556 1723 Primo
573 1668 677 1723 tamen
695 1660 796 1723 iuerat
811 1663 1008 1725 accusandus
1021 1662 1196 1744 judicibus,
1251 1662 1456 1725 concubitura
1474 1679 1481 1723 :
1499 1660 1564 1724 imo
1583 1671 1615 1723 et
1642 1669 1708 1725 tota
1732 1659 1876 1743 supellex
1900 1670 1992 1742 atque
2006 1649 2036 1692 ¹⁵¹
2049 1647 2076 1689 '⁶'

453 1767 484 1821 ct
500 1758 692 1840 dijudicatus
703 1759 743 1822 ab
759 1760 823 1821 illis
839 1769 905 1823 erat
922 1761 1091 1823 necandus.
1103 1760 1199 1842 Opor·
1252 1762 1430 1823 substantia
1455 1760 1526 1822 talis
1548 1760 1658 1843 oppidi
1680 1760 1919 1834 comburantur,
1937 1778 1992 1822 noe

455 1859 539 1920 lebat
555 1876 681 1939 quoque
696 1858 814 1920 crimen
831 1857 975 1940 probare,
995 1858 1056 1919 nisi
1077 1877 1149 1921 reus
1165 1858 1197 1920 id
1215 1855 1419 1940 Bquisquam
1436 1858 1559 1940 aliquid
1582 1858 1642 1920 sibi
1663 1859 1703 1921 de
1723 1858 1925 1920 anathemate
1940 1858 1992 1919 tali

453 1956 614 2033 fateretur,
645 1964 700 2018 aut
728 1957 888 2019 evidentia
918 1956 992 2019 lacti
1026 1966 1111 2019 esset
1140 1976 1197 2038 pro
1252 1957 1549 2039 usurpet3ipsaquc
1559 1957 1635 2019 urbs
1652 1956 1796 2019 lunditus
1805 1943 1991 2031 destruatur,

453 2054 636 2117 testimonio
659 2073 666 2117 ε
692 2055 810 2137 quibus
835 2055 1012 2137 completis,
1039 2056 1197 2134 agendum
1253 2076 1311 2119 nec
1327 2066 1437 2137 postea
1451 2055 1674 2118 reaedificetur.

454 2162 520 2215 erat
543 2154 627 2234 quod
653 2152 799 2215 subditur
817 2171 823 2215 :
841 2156 894 2215 Sil
912 2156 1060 2231 primum
1083 2174 1198 2213 inaures
1299 2160 1337 2217 Ut
1360 2158 1708 2216 ‹reserator-Dominus
1731 2157 1771 2215 ab
1795 2156 1848 2215 ira
1872 2156 1994 2231 sitroris

455 2261 512 2311 tua
533 2272 630 2330 super
648 2273 734 2324 oum,
752 2251 783 2314 id
806 2260 865 2329 est,
883 2252 986 2334 primo
1003 2251 1139 2333 incipias
1161 2250 1198 2311 il·
1252 2257 1317 2324 sui,
1334 2254 1366 2315 id
1381 2263 1439 2327 est,
1453 2252 1589 2334 rigorem
1605 2272 1670 2315 snae
1685 2252 1816 2333 justitias
1831 2271 1897 2315 non
1913 2272 1996 2315 exer-

455 2349 521 2411 lum
553 2350 705 2431 lapidare,
727 2361 847 2429 etpost
873 2362 901 2411 te
926 2354 1030 2412 omnis
1056 2354 1198 2428 populus
1253 2362 1322 2417 ceat
1338 2352 1371 2415 in
1388 2353 1505 2435 populo
1520 2353 1743 2433 lsrael:qucm
1759 2351 1898 2432 rigorem
1913 2371 1996 2415 excr-

455 2452 563 2511 mr'ttat
578 2470 732 2523 ‚monum
749 2449 779 2511 id
801 2457 859 2527 est,
877 2450 1017 2513 universi
1036 2450 1198 2512 adstantes
1254 2459 1340 2514 caret
1364 2451 1397 2512 in
1423 2450 1552 2532 populo,
1576 2450 1603 2511 si
1628 2449 1792 2529 negligens
1814 2458 1910 2525 esset,
1934 2469 1996 2512 non

447 2546 572 2628 ‘quibus
596 2546 655 2609 boc
676 2548 834 2626 congruit,
851 2556 1063 2630 cooperentur
1080 2547 1136 2609 tibi
1158 2548 1198 2610 ad
1256 2550 1419 2631 implendo
1441 2549 1526 2610 istud
1549 2558 1752 2630 preceptum.
1766 2548 1861 2610 Unde
1882 2557 1915 2610 et
1936 2547 1995 2610 filii

455 2643 711 2707 interiectionem
738 2645 836 2707 illius,
863 2649 1043 2723 Lapidr'bus
1067 2648 1199 2705 obrutus
1255 2648 1349 2710 lsrael
1372 2647 1405 2709 in
1428 2664 1534 2729 pugna
1553 2655 1664 2709 eontra
1685 2646 1803 2708 tribum
1818 2646 1995 2728 Benjamin‚
2022 2664 2115 2706 sarira

458 2746 635 2805 necabitur.
654 2746 727 2807 Nou
746 2755 863 2822 porcat
877 2747 908 2803 ei
928 2748 1039 2805 ocutus
1061 2754 1147 2813 tuus,
1162 2754 1198 2804 ut
1255 2746 1306 2808 bis
1321 2753 1395 2808 sunt
1410 2746 1486 2807 vieti
1503 2745 1563 2807 ista
1577 2764 1614 2807 ex
1636 2763 1741 2818 causa,
1758 2744 1835 2826 quia
1849 2744 1998 2807 videlieet
2011 2730 2080 2774 Μ·

456 2844 638 2903 miserearis
658 2854 688 2903 et
712 2847 846 2903 occultes
869 2864 962 2904 eum:
978 2842 1053 2924 quia
1077 2843 1196 2905 bonum
1257 2864 1320 2908 non
1345 2852 1606 2926 expugnaverunt
1631 2844 1741 2906 urbem
1766 2843 1849 2919 Lais,
1877 2843 1912 2905 in
1936 2863 1999 2925 qua
2024 2862 2121 2905 riuum.

455 2959 625 3004 commune
639 2940 872 3023 praeferendum
889 2950 937 3004 est
947 2941 1031 3004 bono
1042 2959 1196 3023 personae,
1256 2944 1319 3005 lilii
1334 2944 1398 3005 Dan
1415 2942 1534 3005 idolum
1549 2941 1657 3004 Miehae
1671 2940 1828 3017 colebant,
1841 2950 1878 3003 ut
1900 2942 1933 3003 in
1948 2942 2000 3003 lu·
2011 2930 2043 2972 ²⁹¹
2053 2929 2081 2967 ³¹·

456 3038 632 3120 prasertim
654 3038 726 3102 vitre
746 3038 875 3121 iniqua.
899 3041 980 3102 Deus
1002 3058 1130 3122 quoque
1151 3038 1199 3100 in·
1217 3050 1239 3113 C
1255 3042 1362 3104 dicum
1379 3039 1461 3103 libro
1475 3039 1620 3103 habetur.
1633 3038 1701 3115 Vel,
1713 3039 1752 3100 Ut
1765 3048 1928 3102 avertatur
1941 3040 2000 3103 Do

455 3136 712 3219 comparabiliter
741 3138 813 3219 plus
837 3139 991 3200 amandus
1017 3146 1075 3214 cst,
1103 3156 1199 3219 quam
1255 3140 1362 3201 minus
1384 3138 1425 3201 ab
1447 3138 1495 3200 ira
1511 3137 1628 3201 luroris
1650 3137 1710 3213 sui,
1729 3137 1760 3199 id
1782 3146 1830 3200 est
1847 3137 1890 3199 ab
1912 3136 2000 3199 inili-

456 3236 651 3317 quicumque
681 3237 891 3318 propinquus.
924 3238 995 3300 ldeo
1025 3236 1201 3318 spiritualis
1255 3238 1361 3302 ctione
1389 3256 1492 3319 poenae
1521 3255 1617 3317 quam
1647 3236 1805 3299 interdum
1833 3236 2000 3299 cousuevit

445 3334 596 3411 dilectio,
623 3335 712 3398 omni
737 3336 856 3399 carnali
881 3355 917 3399 ac
947 3336 1083 3397 naturali
1108 3335 1202 3398 debet
1257 3338 1405 3417 infligere
1421 3336 1477 3399 toti
1488 3335 1710 3399 communitati
1728 3354 1785 3416 pro
1799 3334 2001 3397 crimineali-

458 3434 629 3514 prevalere
646 3434 809 3497 dilectioni
824 3453 830 3495 :
844 3444 939 3517 atque
953 3443 989 3496 ut
1007 3435 1094 3497 aits.
1108 3436 1202 3517 Chry·
1255 3438 1348 3518 euius
1375 3436 1464 3498 urbis
1486 3455 1543 3497 seu
1567 3435 1667 3517 partis
1693 3433 1943 3505 communitatis,
1966 3435 1998 3495 in

458 3540 624 3609 soslomus,
639 3532 786 3614 quemvis
803 3533 890 3615 pium
907 3533 949 3594 sit
963 3532 1125 3615 propriam
1137 3533 1202 3594 dis·
1256 3543 1411 3617 quantum
1426 3552 1538 3598 omnes
1554 3542 1629 3595 sunt
1643 3552 1743 3594 unum
1758 3550 1874 3613 eorpus
1890 3532 1997 3606 civile,

458 3630 610 3693 simulare
638 3650 674 3693 ac
706 3630 839 3694 tolerare
868 3631 1034 3712 injuriam,
1066 3632 1201 3713 impium
1257 3643 1352 3717 prout
1373 3632 1449 3695 alibi
1471 3632 1536 3713 jam
1559 3650 1642 3714 sape
1667 3631 1844 3713 expositum
1870 3639 1931 3693 est.
1948 3630 1999 3693 Sic

458 3739 563 3793 tamen
579 3739 627 3792 cst
642 3729 696 3792 Dei
713 3730 863 3810 injuriam
880 3730 1092 3807 dissimulare,
1105 3750 1201 3812 quam
1256 3732 1389 3795 Phineos
1410 3750 1534 3794 cessare
1557 3730 1634 3793 iecit
1656 3729 1735 3791 iram
1751 3728 1805 3791 Dei
1825 3749 1844 3791 a
1866 3729 1998 3811 populo,
2020 3752 2123 3793 ,uuam

459 3847 562 3909 neque
590 3846 690 3909 usque
714 3828 753 3889 ad
777 3828 921 3890 auditum
947 3827 1085 3891 sullcrre
1111 3828 1203 3891 debe·
1256 3851 1355 3912 quum
1377 3838 1526 3893 coeuntes
1545 3828 1747 3910 perfodisset.
1764 3827 1822 3889 Per
1843 3817 2124 3917 tempora-⁸·Pm3⁰⁴

458 3946 540 3989 mus.
558 3927 642 3989 Talis
657 3945 785 4008 quoque
807 3926 892 4007 rigor
910 3926 1043 4009 justitiae
1058 3927 1203 4010 expedio·
1230 3988 1235 3995 ,
1257 3927 1320 3992 lem
1342 3929 1437 3991 etiam
1454 3928 1621 3992 hominum
1642 3926 1845 4003 occisionem,
1862 3926 1909 3989 cis
1930 3944 2000 4007 pro

458 4025 512 4087 bat
525 4024 661 4087 aliorum
678 4024 784 4087 saluti.
796 4025 1021 4107 Propterquod
1038 4025 1200 4087 subditur:
1242 4037 1327 4110 -pter
1347 4028 1488 4109 ipsorum
1510 4034 1640 4108 peccata
1662 4025 1831 4100 inflictam,
1849 4026 1930 4087 Deus
1951 4034 2000 4085 cst

460 4134 496 4184 ut
518 4126 623 4184 omnis
639 4127 742 4185 Israel
765 4126 903 4184 euticus
924 4124 1019 4186 talem
1044 4124 1135 4206 impii
1159 4125 1203 4187 la·
1257 4126 1303 4190 eis
1320 4125 1352 4187 in
1368 4134 1530 4207 posterum
1551 4123 1652 4204 magis
1672 4123 1863 4187 misericors.
1882 4126 1925 4185 Et
1940 4126 2000 4183 mi-

460 4221 667 4303 pidatiouem‚
693 4224 817 4291 timeat,
836 4232 864 4282 et
885 4242 1090 4302 nequaquam
1113 4227 1202 4284 ultro
1217 4227 1242 4287 I)
1255 4236 1400 4287 serentur
1417 4228 1477 4295 tui,
1499 4225 1755 4302 multiplicetque
1771 4234 1799 4283 u
1814 4240 1948 4284 numero
1962 4240 1999 4283 uc

440 4352 443 4359 ·
457 4321 561 4398 furiat
576 4321 747 4397 quidpiam
762 4322 861 4398 liujus
876 4324 924 4381 rei
938 4323 1028 4383 simil
1039 4369 1054 4383 ..
1257 4324 1376 4387 virtute
1393 4340 1403 4384 τ
1419 4322 1510 4404 quasi
1531 4321 1626 4398 dicat,
1643 4320 1713 4383 Noli
1730 4320 1842 4383 timere
1860 4320 1947 4401 cuod
1961 4338 1999 4381 cx

498 4418 733 4498 Consequenter
749 4418 833 4481 idem
845 4420 1026 4502 praecipitur
1036 4421 1075 4483 de
1091 4421 1204 4503 politia
1258 4421 1480 4484 interiectione
1503 4419 1771 4482 idololatrantium
1788 4418 1999 4480 israelitarum

460 4535 514 4578 seu
531 4516 758 4580 communitate
778 4518 1009 4599 cujuscumque
1024 4519 1146 4601 oppidi.
1164 4522 1203 4581 Si
1257 4521 1419 4582 minuetur
1443 4538 1479 4580 ac
1505 4516 1724 4580 debilitabitur
1748 4516 1887 4598 populus
1914 4524 1997 4591 tuuS,

459 4616 605 4675 audieris
620 4618 657 4675 iu
680 4636 748 4676 uuo
767 4618 899 4676 urbium
922 4628 1054 4678 luorum
1077 4621 1203 4698 aliquos
1257 4618 1333 4700 quia
1358 4617 1509 4680 Dominus
1533 4615 1647 4678 meritc
1669 4614 1858 4677 obedientiae
1882 4623 1942 4676 turn
1965 4614 1999 4675 in

459 4715 598 4774 diceutes
612 4735 623 4774 .·
639 4717 769 4790 Egressi
786 4726 862 4775 suut
881 4704 949 4792 filii
963 4719 1070 4776 Belial
1085 4720 1124 4776 de
1141 4738 1204 4776 mc-
1257 4717 1313 4778 illa
1328 4714 1499 4792 occisione,
1515 4714 1644 4795 augebit
1659 4722 1689 4776 tc
1707 4731 1840 4775 numero
1856 4730 2000 4795 perseue-

458 4814 513 4873 dio
526 4814 582 4884 tui,
590 4823 620 4874 rt
630 4816 1018 4875 averteruutlrobitetores
1029 4817 1119 4875 urbis
1127 4836 1202 4886 sure,
1258 4834 1340 4892 rum,
1368 4814 1525 4895 donisque
1547 4813 1720 4892 gratiarum
1739 4838 1747 4888 ς
1766 4814 1851 4871 sicut
1867 4812 2000 4888 juravit

460 4920 555 4991 etque
568 4914 738 4983 diruerunt,
755 4914 879 4973 Eamus
896 4923 926 4973 et
941 4916 1122 4974 serviemus
1137 4917 1204 4974 diis
1253 4914 1404 4991 patribus
1425 4914 1499 4980 luis,
1515 4914 1644 4990 quaudo
1659 4911 1805 4970 audieris
1820 4930 1923 4969 vocem
1938 4910 2001 4969 Do⁴

459 5012 590 5079 olienis,
602 5030 678 5087 quos
694 5012 852 5087 iquorolis
863 5030 875 5072 .·
890 5033 996 5091 quiere
1010 5015 1159 5083 sollicite,
1173 5023 1204 5073 et
1260 5014 1344 5071 mini
1359 5014 1419 5072 Dei
1440 5012 1501 5080 tui,
1517 5012 1696 5071 custodiens
1715 5010 1826 5069 omniu
1840 5017 2000 5085 proeoepto

459 5109 693 5184 diliqeutcrrei
704 5110 1021 5187 veritateperspeeto,
1032 5113 1062 5170 si
1078 5113 1205 5171 r'ooeue·
1258 5112 1341 5188 ejus,
1355 5130 1427 5190 quu’
1443 5129 1498 5185 eqo
1517 5110 1672 5187 precipio
1695 5109 1754 5169 tibi
1774 5108 1880 5175 leodic,
1895 5116 1931 5166 ut
1950 5107 2001 5181 sa-

461 5206 507 5265 ris
522 5216 646 5266 eertum
660 5226 723 5266 esse
738 5212 824 5287 quod
838 5210 973 5280 dicitur,
989 5219 1019 5269 et
1038 5212 1205 5270 abomino—
1258 5211 1325 5268 cios
1340 5211 1425 5287 quool
1432 5210 1594 5283 placitum
1608 5216 1653 5266 est
1669 5209 1706 5266 iu
1720 5214 1885 5281 conspectu
1893 5205 2001 5266 Douri-

439 5305 581 5365 —tiouem
606 5304 690 5365 borio
719 5322 811 5385 opere
834 5317 1069 5385 perpetratum,
1092 5309 1205 5369 stetim
1258 5309 1296 5368 ui
1312 5307 1374 5369 Dei
1393 5308 1454 5367 tui.
