4309 6259
560 465 734 511 manuario
755 465 786 511 ru
807 465 876 511 cnr.
898 463 941 512 xx
962 466 1099 512 xcmrrcr.
1122 487 1162 497 —
1182 468 1253 513 nnr.
1276 468 1373 515 xxxrx
1680 451 1736 514 att

185 642 247 710 est,
257 624 291 696 iu
307 634 363 696 tali
380 635 500 698 scelere
515 633 800 697 communicaverit
815 633 873 710 eis,
884 633 934 696 vel
952 632 1030 694 Ain
1050 639 1149 710 flacc
1167 647 1340 710 rnemtruo,
1365 637 1398 700 id
1421 645 1469 700 est
1491 639 1625 700 durante
1649 637 1739 700 lluxu

183 731 283 793 ctiam
299 735 402 813 magis
417 735 590 809 dumtaxat,
603 741 657 794 aut
672 726 781 795 ariolis
797 741 933 808 tantum,
993 734 1158 814 sanguinis
1174 735 1388 816 menstrualis,
1410 746 1440 797 at
1461 739 1652 797 revelaverit
1673 747 1740 797 tor-

182 831 271 909 quod
288 840 336 892 cst
352 831 523 894 fornicatio
537 830 724 913 spiritualis
743 839 820 912 puta
836 849 935 893 reces-
988 833 1177 909 pituitiuem
1191 836 1272 912 ejas,
1289 837 1421 914 ipsaque
1436 837 1600 920 aparuerit
1614 837 1737 912 fontem

181 947 238 988 sus
261 929 302 990 ab
324 930 443 993 uuionc
464 930 579 1011 Sponsi
601 930 752 1006 coelestis,
770 937 801 992 et
826 930 935 993 volun·

181 1026 260 1086 tatis
284 1028 470 1091 commixtio
494 1049 568 1090 oum
594 1028 794 1091 adulterante
825 1046 933 1089 secum

179 1124 329 1200 diabolo;
338 1148 461 1204 ponam
476 1129 594 1205 faeiem
606 1149 710 1188 meam
725 1137 838 1187 contra
849 1148 931 1197 eam,

178 1233 209 1282 et
225 1225 428 1302 interficiam
443 1229 538 1286 illam
552 1229 592 1286 <te
607 1227 712 1285 taedio
723 1227 841 1302 populi
857 1227 911 1285 sui
922 1243 934 1286 .·

180 1321 263 1400 quia
278 1321 392 1384 faciam
408 1342 478 1386 eam
494 1323 597 1386 occidi
613 1341 670 1405 per
685 1323 833 1386 homines
848 1321 934 1402 judi-

181 1438 250 1496 oeS‚
273 1430 327 1482 aut
346 1441 404 1503 per
418 1423 566 1502 angelum
589 1421 710 1486 bonum
725 1422 775 1484 vel
799 1422 931 1498 malum,

182 1518 250 1579 nisi
268 1518 376 1581 forsan
393 1521 577 1601 poenitendo
593 1521 789 1583 evaserumt
799 1519 935 1581 sumitur

183 1635 275 1679 uunc
295 1618 402 1680 anima
421 1638 479 1700 pro
505 1619 645 1681 homine.
662 1619 742 1693 Ouid
768 1627 872 1682 autem
894 1619 935 1680 sit

184 1714 350 1778 declinare
364 1716 404 1777 ad
427 1735 536 1797 magos
554 1717 622 1779 sive
643 1717 771 1795 ariolos,
789 1718 823 1779 in
843 1735 936 1800 expo

54 1820 169 1866 canan.
183 1813 305 1876 sitione
322 1815 531 1895 praecedentis
548 1816 681 1898 capituli
698 1817 811 1898 patuit.

224 1916 495 1990 Sarwtificcmirai
509 1925 538 1974 et
559 1924 653 1974 estote
673 1918 791 1983 sancti,
806 1918 886 1995 quia
905 1926 935 1976 et

181 2031 241 2087 eqo
266 2022 397 2072 caoctus
423 2033 497 2073 arem
520 2015 681 2073 Dominus
705 2017 791 2075 Deus
820 2025 932 2075 vester.

184 2111 349 2169 t'ustodite
359 2121 522 2188 precepta
537 2131 621 2181 ntea,
636 2122 666 2172 et
685 2115 785 2191 facite
799 2133 847 2173 ca.
866 2115 933 2189 Epo

180 2209 348 2267 Dominus
364 2210 424 2288 qui
437 2211 603 2287 sanctifico
622 2231 685 2270 voa.
701 2246 740 2255 -
759 2212 822 2279 Qut
840 2215 935 2270 ancie-

181 2308 310 2366 dicerit
327 2309 421 2385 patri
439 2327 496 2367 suo
517 2318 575 2368 aut
596 2312 710 2378 matri,
727 2317 838 2371 contra
858 2327 934 2390 prae·

181 2413 314 2485 ceptum
337 2406 529 2486 praecedenti
554 2407 695 2488 capitulo
718 2406 804 2470 etin
826 2407 933 2469 Exodo

183 2503 338 2584 positum,
356 2515 457 2564 coorta
471 2508 643 2575 moriatur,
661 2506 837 2587 praescrtim
853 2506 880 2567 si
896 2525 935 2569 cx

182 2601 418 2665 deliberatione
433 2611 488 2665 aut
503 2613 590 2666 certa
605 2605 728 2666 malitia
739 2605 789 2669 vel
805 2625 935 2690 consue

182 2700 296 2763 tudine
312 2699 425 2764 fecerit
444 2702 515 2765 hoc.
533 2701 599 2776 Quo
618 2712 743 2766 constat
761 2704 934 2767 enormitas

181 2799 315 2861 sceleris
331 2800 439 2881 hujus,
457 2802 542 2881 quod
558 2809 590 2862 et
606 2801 867 2880 ingratitudinem
888 2802 934 2864 ni-

181 2897 285 2959 mium
303 2917 451 2978 maguam
469 2898 615 2961 includit.
632 2900 721 2962 Unde
739 2919 798 2982 pro
816 2900 935 2964 confir-

990 934 1163 1008 sonpoinis
1177 935 1241 1003 sot,
1258 932 1302 995 ita
1322 933 1407 1013 quod
1429 941 1542 1015 sponte
1564 933 1624 996 hoc
1645 934 1740 995 susti-

992 1038 1057 1105 net,
1075 1032 1315 1108 interficientur
1330 1034 1432 1102 amic,
1449 1051 1547 1112 quum
1569 1033 1601 1094 in
1616 1032 1738 1112 judicio

992 1126 1089 1190 luerit
1104 1129 1355 1210 comprobatum,
1373 1139 1404 1192 et
1420 1130 1556 1192 scienter
1571 1131 1738 1194 commise-

991 1226 1114 1289 rintlJe
1130 1227 1225 1308 hujus
1241 1228 1385 1291 criminis
1401 1228 1738 1311 prohibitioneprobi-

990 1323 1186 1407 bitionisque
1205 1345 1310 1402 causa,
1329 1327 1362 1389 in
1385 1327 1583 1409 expositione
1603 1327 1736 1410 capituli

991 1424 1213 1504 quintidccimi
1243 1425 1363 1488 dictum
1393 1434 1451 1488 est.
1484 1429 1735 1504 Turpitadinem

991 1533 1170 1584 oraterterce
1186 1535 1248 1584 tum
1261 1535 1291 1584 ct
1307 1528 1416 1586 omitte
1433 1536 1494 1586 turc
1510 1545 1574 1585 nort
1586 1528 1739 1603 discoope-

991 1623 1065 1682 ries.
1090 1625 1153 1690 Qut
1172 1625 1229 1682 boc
1248 1625 1369 1699 fircerit,
1392 1625 1609 1700 ignominiam
1627 1627 1737 1685 cornis

990 1740 1057 1780 suec
1066 1721 1226 1792 cadomi,-
1232 1724 1408 1798 portabunt
1422 1724 1512 1782 ambo
1528 1724 1737 1802 iniquitatem

950 1820 1095 1880 Roriam.
1115 1821 1178 1886 Qut
1199 1821 1311 1880 coierit
1332 1840 1406 1880 cum
1431 1840 1531 1880 umore
1550 1822 1666 1899 potami
1688 1825 1738 1880 ccl

990 1918 1149 1976 courtculi
1169 1919 1234 1986 sui,
1254 1927 1283 1977 et
1306 1920 1497 1978 revelaverit
1520 1920 1737 1996 ignominiam

990 2017 1189 2090 cognationis
1204 2035 1281 2086 cuce,
1297 2014 1329 2077 id
1350 2024 1397 2077 est
1417 2035 1561 2097 personae
1581 2016 1642 2078 sibi
1665 2016 1738 2079 atti-

991 2111 1111 2188 niS,vel
1121 2113 1193 2193 ejus
1205 2132 1276 2193 quac
1292 2112 1353 2175 luit
1369 2134 1432 2176 una
1447 2134 1521 2177 caro
1536 2134 1609 2177 cum
1625 2124 1738 2197 patruo

989 2219 1044 2271 aut
1063 2212 1223 2273 avunculo
1249 2230 1317 2290 suo,
1336 2211 1445 2293 sicque
1467 2213 1643 2293 ignominia
1665 2214 1738 2277 talis

991 2307 1130 2384 laminae,
1150 2307 1210 2370 luit
1225 2309 1402 2389 ignominia
1418 2311 1479 2373 viri
1496 2311 1544 2373 sui
1565 2311 1738 2395 propinqui

989 2407 1135 2470 coeuntis
1152 2427 1224 2469 cum
1240 2392 1295 2470 illa
1308 2431 1315 2483 ς
1329 2412 1506 2486 portabunt
1525 2413 1615 2471 ambo
1629 2431 1738 2488 pecea-

991 2515 1058 2565 tum
1074 2526 1183 2577 soom,
1200 2505 1233 2568 id
1256 2513 1303 2568 cst
1325 2515 1471 2584 mortem,
1490 2527 1561 2588 quae
1580 2509 1627 2572 eis
1650 2508 1738 2570 inhi-

989 2612 1081 2684 getur
1098 2623 1154 2685 pro
1173 2604 1226 2666 tali
1242 2605 1365 2668 incestu
1380 2615 1435 2668 aut
1450 2608 1546 2670 etiam
1568 2609 1735 2685 adulterio,

990 2701 1017 2762 si
1033 2701 1132 2783 priori
1149 2703 1263 2766 marito
1277 2704 1405 2768 vivente
1420 2706 1595 2787 contingat.
1612 2709 1737 2784 Absque

990 2802 1110 2872 tiberis,
1121 2800 1153 2863 id
1165 2809 1213 2864 est
1229 2801 1299 2864 sine
1310 2801 1453 2882 legitimo
1469 2813 1561 2885 partu
1573 2812 1604 2866 ct
1615 2823 1739 2867 succes-

990 2917 1061 2961 sore
1081 2897 1278 2975 bercditatis,
1300 2903 1480 2961 coorientur
1496 2923 1507 2962 :
1523 2901 1574 2964 rel
1596 2901 1736 2965 sobolem

180 2997 326 3060 mationa
341 3007 373 3059 et
392 2999 635 3079 exaggeratione
658 2999 742 3061 istud
765 3000 930 3082 repetitur.
950 2994 972 3057 C
989 2995 1155 3077 acquirere
1178 3006 1252 3059 sunt
1274 2997 1410 3079 indigni,
1431 3017 1486 3062 seu
1509 3001 1595 3080 justo
1616 2999 1737 3080 judicio

181 3098 282 3156 Patri
301 3099 466 3175 auctrique
486 3099 545 3176 qai
564 3101 782 3171 maledicerit,
799 3108 854 3160 aut
877 3099 932 3160 uni
990 3093 1289 3163 subtrahentem
1309 3099 1442 3157 demerit
1465 3118 1597 3158 umorem
1619 3101 1737 3178 fratris

180 3198 455 3273 commanente
469 3198 539 3273 ejus
557 3198 600 3256 sit
614 3217 711 3274 saper
727 3219 814 3268 eona,
823 3198 855 3259 id
871 3207 929 3276 est,
988 3195 1052 3265 aui,
1070 3192 1127 3256 illo
1142 3193 1281 3270 vivente,
1298 3202 1353 3255 aut
1372 3195 1467 3258 etiam
1490 3204 1625 3272 mortuo,
1644 3197 1670 3258 si
1692 3216 1738 3258 se-

180 3313 278 3355 causa
293 3313 360 3356 suae
374 3292 545 3356 occisionis
564 3294 739 3377 imputetur
754 3296 795 3358 ei.

221 3392 464 3473 Consequenter
487 3393 520 3453 in
543 3393 649 3455 littera
671 3413 729 3475 pro
751 3394 848 3458 variis
873 3397 933 3459 cri-

179 3491 327 3552 minibus
347 3509 434 3554 mors
454 3491 560 3573 infligi
580 3491 722 3573 jubetur,
739 3501 771 3555 et
792 3495 933 3575 capitulo

124 3606 130 3615 ·
179 3589 422 3653 octavodecimo
447 3598 604 3671 praeopta
628 3590 780 3653 vitiorum
804 3592 932 3655 illorum

179 3688 390 3770 prohibitiva,
407 3689 551 3769 exposita
566 3697 651 3751 sunt.
668 3690 702 3751 ln
718 3689 934 3773 duobusque

178 3807 243 3867 quc
258 3787 388 3849 casibus
403 3787 533 3867 jubetur
548 3806 737 3868 pecussum
749 3808 812 3869 quo
823 3808 934 3871 pecca-

178 3894 245 3947 tum
265 3885 475 3948 commissum
491 3893 550 3961 est,
567 3886 681 3962 occidi,
700 3887 733 3948 in
750 3889 932 3951 detestatio

177 4003 250 4046 ncm
268 3984 426 4065 maiorem
442 3993 506 4045 tam
523 3983 750 4047 innaturalium
766 3985 929 4064 vitiorum,

176 4091 209 4144 et
235 4101 276 4144 ne
301 4081 461 4163 inspectio
485 4080 572 4143 bruti
596 4083 680 4159 talis,
707 4083 803 4146 alicui
829 4085 932 4167 pariat

989 3309 1063 3353 men
1085 3291 1271 3372 reliquerit;
1293 3314 1362 3355 rem
1376 3296 1458 3372 facit
1473 3297 1647 3368 illicitam·
1669 3300 1737 3357 abs-

989 3411 1050 3469 que
1065 3392 1175 3450 liberis
1190 3401 1297 3461 erunt,
1309 3391 1397 3472 juxta
1413 3392 1642 3474 expositionem
1662 3413 1736 3475 prae-

990 3495 1106 3550 tactam
1117 3512 1124 3562 ;
1136 3495 1169 3550 et
1179 3488 1262 3552 inter
1274 3490 1351 3553 tales
1363 3510 1426 3555 non
1437 3501 1485 3554 est
1496 3493 1735 3556 matrimonium

989 3604 1112 3663 verum,
1132 3594 1167 3648 ut
1186 3595 1272 3668 patet
1287 3607 1324 3651 ex
1340 3589 1529 3653 introductis
1546 3592 1579 3652 in
1596 3592 1735 3654 elucida-

989 3684 1076 3746 tione
1091 3685 1223 3766 capituli
1239 3687 1471 3750 octavidecimi.

1031 3785 1190 3844 Custodite
1201 3789 1280 3862 leges
1291 3807 1376 3846 meos
1391 3789 1634 3866 atquejrtdicia,
1643 3799 1673 3850 et
1683 3791 1735 3867 fa-

988 3883 1049 3941 cite
1063 3903 1125 3953 ea;
1139 3903 1179 3942 rte
1199 3892 1229 3942 et
1245 3903 1298 3943 vos
1313 3895 1437 3945 evomat
1456 3895 1552 3960 terra,
1571 3908 1669 3966 quum
1685 3891 1735 3948 irt-

989 3981 1111 4039 traturi
1120 3981 1193 4040 estis
1204 3991 1233 4040 ct
1243 3983 1436 4054 habitaturi,
1442 3983 1475 4045 id
1486 3993 1542 4060 est,
1551 4002 1590 4046 ne
1604 3993 1734 4067 propter

988 4076 1066 4141 vitia
1088 4085 1192 4140 vestra
1215 4078 1354 4142 violenta
1375 4090 1477 4144 morte
1499 4081 1672 4162 ejiciamini
1696 4101 1734 4144 ex

177 4180 445 4260 imaginationem
462 4179 686 4244 ioedissimam.
698 4185 762 4250 oar·
774 4188 931 4261 acceperit
946 4181 970 4242 ll
987 4176 1047 4239 hae
1063 4183 1157 4252 terra,
1174 4184 1326 4259 tanquam
1342 4180 1404 4244 vile
1419 4187 1514 4262 atque
1530 4180 1731 4263 superfluum

175 4300 318 4339 sororem
333 4300 442 4348 suam,
447 4280 555 4356 filiam
566 4282 674 4356 patris
688 4282 809 4351 estivel
822 4284 931 4359 filiam

177 4379 296 4438 amoris
310 4397 391 4447 sure,
408 4387 438 4437 et
454 4380 575 4438 viderit
591 4380 830 4456 turpitudinem
847 4382 928 4456 ejus,

176 4477 304 4555 ittaque
328 4478 529 4553 conspeeerit
549 4462 777 4553 ignominiam*
790 4479 932 4552 fratris,-

176 4577 348 4654 ncforiam
373 4595 442 4634 rem
470 4580 595 4650 operati
618 4586 694 4636 aurat
710 4593 721 4634 .·
746 4577 932 4638 occidentur

178 4675 216 4732 in
240 4682 413 4752 conspectu
430 4675 559 4751 populi,
584 4693 619 4732 eo
644 4677 730 4753 quod
755 4677 931 4751 tur-pitacii-

178 4793 251 4831 rcem
271 4793 369 4832 auam
389 4781 502 4831 rnuttto
528 4773 754 4842 revelaverint,
771 4783 801 4832 et
820 4784 931 4849 porta-

177 4871 259 4930 bunt
273 4871 487 4947 iniquitatem
501 4890 595 4928 suem
606 4887 617 4928 .·
632 4869 658 4929 si
675 4888 771 4951 super
787 4870 847 4932 hoo
864 4869 930 4934 iuc-

179 4967 244 5028 riut
264 4966 407 5030 convicti
425 4966 457 5028 in
479 4965 549 5030 ioro
568 4966 680 5048 judicii
698 4975 730 5029 et
747 4967 926 5050 dijudicati,

177 5074 211 5126 et
229 5085 269 5127 ex
289 5065 467 5147 proposito,
486 5065 592 5142 idest,
610 5065 731 5146 absque
747 5066 929 5130 rationabili

178 5182 277 5225 causa
297 5164 331 5225 id
354 5164 489 5242 egerint.
508 5163 615 5239 Secus,
634 5162 660 5223 si
682 5163 855 5245 improvise
876 5175 931 5228 aut

179 5262 362 5324 necessaria
376 5280 483 5323 causa.
503 5264 566 5330 Qut
579 5263 692 5322 coierit
707 5283 780 5322 cum
795 5266 931 5325 muliere

986 4279 1062 4361 quid
1082 4279 1114 4339 in
1130 4297 1177 4355 ca,
1195 4279 1277 4341 sicut
1293 4281 1332 4342 de
1351 4298 1484 4361 corpore
1502 4278 1650 4342 animalis
1667 4281 1734 4344 vio

987 4377 1088 4439 lenter
1117 4376 1246 4458 ejicitur
1274 4376 1438 4458 superflua
1463 4376 1621 4457 indigesta
1648 4378 1733 4442 loeda

986 4475 1129 4538 materia.
1148 4478 1256 4539 Nolite
1271 4479 1438 4536 ambulare
1453 4478 1488 4535 in
1506 4479 1659 4552 legitimis
1674 4499 1734 4539 rta-

987 4576 1124 4644 tiortum,
1152 4595 1232 4652 paras
1257 4593 1312 4650 epo
1336 4579 1531 4651 expulsurus
1555 4595 1626 4636 suan
1657 4587 1732 4637 onte

986 4692 1049 4731 cor.
1070 4674 1189 4733 Omnia
1207 4674 1294 4732 enim
1315 4675 1380 4734 lrcec
1394 4676 1550 4752 fecerunt,
1567 4683 1596 4734 et
1612 4676 1732 4735 abomi-

985 4783 1170 4833 natussum
1190 4795 1253 4833 eae.
1271 4776 1359 4834 Vobis
1374 4784 1482 4834 cratem
1500 4777 1610 4853 loquor
1627 4797 1638 4835 .·
1654 4779 1732 4837 Pos-

985 4873 1085 4930 sirlete
1105 4881 1224 4932 terram
1243 4893 1364 4943 cortem,
1381 4893 1479 4952 quom
1494 4875 1574 4932 stato
1591 4876 1676 4933 cobis
1692 4877 1727 4934 in

986 4971 1206 5041 meditatam,
1220 4979 1339 5030 terram
1353 4974 1506 5046 fluentem
1522 4975 1602 5031 lacte
1617 4981 1646 5031 et
1658 4977 1732 5033 mel-

988 5071 1026 5128 le.
1051 5070 1119 5144 Epo
1138 5071 1226 5127 enim
1247 5072 1406 5129 Dominus
1430 5073 1515 5131 Deus
1540 5081 1649 5140 vester,
1673 5073 1732 5148 qui

984 5169 1136 5244 separavi
1151 5187 1203 5225 cos
1223 5188 1244 5226 a
1262 5170 1373 5227 ceteris
1384 5171 1517 5246 populis·
1533 5167 1729 5231 habitatione

986 5273 1017 5327 et
1037 5265 1117 5342 loco,
1134 5263 1376 5328 circumcisione
1396 5275 1427 5328 et
1448 5266 1525 5346 legis
1545 5267 1725 5344 traditione,
