4309 6259
558 511 734 576 autumno
755 530 786 575 ur
808 529 876 575 car.
899 528 954 574 xxx
975 528 1111 575 narrator.
1134 548 1175 558 —
1195 528 1266 574 aar.
1290 528 1397 576 xxxru

1687 511 1745 576 att

193 721 268 764 esse
290 701 413 766 faustos
432 711 464 766 et
484 703 684 765 fortunatos:
703 702 774 765 ideo
794 701 947 764 Dominus
961 699 987 761 A
1002 700 1150 764 homines
1165 701 1266 777 vivos,
1283 709 1319 763 ut
1339 719 1395 783 per
1415 701 1611 783 arrepticios,
1633 711 1665 765 et
1680 703 1747 766 hae

193 802 300 865 voluit
323 801 449 864 lruetus
472 801 568 863 trium
590 803 767 882 primorum
789 819 946 863 annorum

192 901 313 984 projici
331 921 350 964 a
366 901 486 983 populo
509 919 577 977 suo,
595 910 753 982 quatenus
776 900 857 961 nihil
881 899 947 962 iau-

191 1009 251 1063 staa
266 1001 399 1062 virtutis
413 1008 468 1062 aut
485 997 620 1062 lortunae
636 999 802 1062 crederent
821 1019 892 1062 esse
912 998 944 1060 in

192 1099 273 1160 illis.
293 1099 348 1160 llis
363 1108 541 1162 consonant
556 1099 654 1161 verba
669 1099 808 1175 Thamar,
820 1098 876 1179 qui
892 1099 946 1160 ad-

193 1198 255 1274 dit,
268 1198 356 1279 quod
371 1197 503 1279 quidam
519 1196 655 1277 gentiles
672 1195 795 1259 fructus
812 1195 946 1277 primiti-

192 1315 253 1359 vos
268 1295 512 1373 comburebant,
529 1296 568 1358 ad
585 1295 730 1376 quadam
754 1295 876 1375 magica
900 1294 946 1356 la-

191 1394 321 1457 cienda.
339 1394 447 1475 Aliqui
463 1412 539 1456 vero
554 1393 589 1456 al
592 1393 735 1468 firmant,
748 1393 832 1474 quod
848 1393 944 1455 etiam

190 1492 267 1555 ideo
285 1491 440 1554 Dominus
459 1491 555 1571 jussit
569 1492 619 1571 (ut
636 1499 753 1554 tactum
769 1492 831 1570 est)
848 1490 944 1553 llores

189 1598 223 1652 et
233 1609 380 1672 gemmas
391 1589 569 1672 primorum
584 1607 741 1651 annorum
753 1588 945 1670 deleriquia

190 1691 271 1752 dum
286 1688 419 1752 arbores
440 1687 537 1750 nimis
557 1688 621 1752 aito
641 1696 770 1770 portant
790 1687 942 1764 fructum,

189 1796 306 1870 postea
321 1786 430 1848 minus
445 1786 564 1849 valent.

1002 808 1050 862 cst
1071 798 1226 862 divinatio
1250 818 1306 881 per
1328 800 1496 881 pythones.-
1512 801 1745 883 Nonnunquam

1002 897 1110 960 sutura
1126 897 1342 980 praenuntiant
1362 917 1418 980 per
1438 898 1568 978 liguras,
1586 908 1641 962 aut
1655 900 1746 980 signa

1002 997 1035 1059 in
1061 997 1156 1058 rehus
1182 995 1366 1060 inanimatis
1390 997 1587 1080 apparentia,
1610 1006 1686 1080 puta
1712 999 1744 1060 in
1821 1001 1829 1016 ’

1001 1095 1087 1175 igne,
1106 1094 1202 1172 lerro,
1224 1096 1364 1176 speculo,
1387 1096 1502 1178 lapide,
1520 1115 1602 1178 aqua
1625 1098 1674 1161 vel
1696 1117 1746 1160 ae·

1000 1195 1104 1271 re,vel
1123 1193 1155 1255 in
1172 1193 1348 1257 visceribus
1364 1193 1562 1272 animalium,
1580 1195 1674 1259 idolis
1689 1215 1744 1259 seu

999 1292 1197 1355 daemonibus
1213 1291 1402 1355 oblatorum.

1052 1390 1221 1468 Praeterea,
1250 1398 1285 1451 ut
1315 1391 1432 1454 clarius
1459 1399 1579 1472 pateat,
1607 1391 1744 1473 qualiter

999 1488 1197 1571 prohibitum
1218 1487 1259 1550 sit
1275 1488 1399 1551 somnia
1419 1490 1600 1565 observare,
1612 1509 1744 1570 pensan·

1000 1589 1088 1663 dum,
1107 1588 1192 1668 quod
1213 1590 1263 1665 (ut
1281 1587 1312 1649 S.
1330 1587 1466 1650 Thomas
1486 1587 1519 1648 iu
1538 1588 1677 1650 secunda
1696 1607 1744 1652 se-

999 1686 1128 1761 cunda,
1155 1684 1332 1766 quaestione
1361 1685 1400 1746 95
1431 1684 1594 1765 disseruit)
1620 1685 1744 1749 somnia

999 1793 1073 1846 sunt
1095 1783 1253 1846 interdum
1275 1782 1455 1846 futurorum
1475 1781 1651 1846 effectuum
1671 1803 1743 1846 eau-

232 1889 311 1948 Nora
331 1888 500 1946 comedetis·
521 1907 653 1946 caraem
672 1906 746 1946 cam
767 1887 940 1962 sanquine.
961 1890 982 1951 B
998 1903 1043 1959 sa,
1061 1883 1331 1964 quemadmodum
1352 1883 1426 1944 dum
1446 1882 1540 1944 homo
1556 1899 1594 1944 ex
1613 1882 1653 1944 iis
1672 1901 1743 1964 quat

189 1986 256 2047 lloc
281 1984 476 2067 precedenti
502 1983 643 2066 capitulo
668 1982 745 2045 satis
775 1991 941 2044 tractatum

189 2093 251 2146 est.
276 2086 353 2145 Non
376 2083 638 2160 augurabimini,
660 2102 717 2143 nec
738 2083 943 2141 observabitis

188 2187 332 2244 scannia.
357 2181 533 2263 Augurium
557 2188 605 2243 θεῖ
626 2180 748 2263 species
774 2179 944 2242 divinatio

190 2282 255 2344 nis
279 2280 442 2343 Divinatio
456 2287 565 2342 autem
585 2288 632 2342 est
648 2278 770 2362 speeies
791 2279 943 2360 supersti-

190 2381 303 2445 tionis.
321 2380 430 2461 ltaque
445 2377 612 2460 augurium
634 2386 692 2454 est,
711 2379 787 2440 dum
807 2377 846 2438 ad
864 2397 943 2459 prae

189 2479 452 2562 cognoscendum
465 2475 712 2558 futura,aliquid
723 2475 943 2539 consideratur

190 2579 223 2641 iu
241 2587 345 2653 motu,
361 2576 494 2657 garritu,
513 2595 568 2638 seu
584 2575 717 2638 vocibus
732 2574 850 2651 avium,
868 2575 943 2637 alie

189 2697 306 2739 rumve
322 2675 522 2752 animalium,
540 2682 595 2736 aut
610 2674 643 2735 in
656 2672 942 2736 sternutationibus

190 2773 374 2850 hominum,
396 2772 572 2835 saltibusve
597 2764 813 2834 membrorum
830 2788 838 2832 :
855 2772 941 2853 quod

188 2882 294 2936 totum
316 2880 366 2934 est
387 2869 655 2953 superstitiosum.
673 2871 710 2931 Εῖ
735 2870 882 2951 quamvis
907 2870 940 2931 in

187 2971 311 3034 talibus
328 2989 393 3033 non
409 2969 451 3031 sit
465 2967 626 3031 invocatio
644 2968 824 3030 damonum
840 2967 942 3030 mani-

998 1979 1079 2043 vidit
1094 1988 1149 2042 aut
1165 1979 1321 2042 intellexit
1336 1979 1369 2041 in
1385 1979 1672 2056 somno‚sollicitus
1682 1985 1740 2052 est,

998 2087 1030 2143 er
1045 2079 1207 2142 inuncan—
1218 2079 1256 2140 aa
1272 2077 1394 2159 aliquid
1411 2077 1593 2141 taciendam
1608 2061 1662 2141 alt
1677 2081 1743 2145 au-

999 2177 1308 2240 tandum.lnterdum
1325 2176 1448 2240 somnia
1464 2176 1555 2258 signa
1570 2187 1644 2240 sunt
1660 2177 1743 2240 sutu-

999 2295 1106 2339 rarum
1136 2284 1319 2350 eventuum,
1346 2275 1379 2336 in
1405 2283 1560 2357 quantum
1585 2276 1743 2339 reducun-

998 2385 1049 2437 tur
1064 2376 1103 2437 ad
1120 2393 1247 2437 causam
1263 2373 1342 2455 ipsis
1358 2373 1491 2436 somniis
1510 2373 1742 2456 eventibusque

998 2473 1116 2536 suturis
1131 2491 1344 2536 communem.
1363 2473 1462 2535 Causa
1482 2480 1588 2535 autem
1603 2473 1742 2536 somnio-

998 2592 1067 2636 rum
1090 2581 1139 2635 est
1162 2572 1304 2653 duplex:
1326 2591 1389 2632 una
1410 2570 1554 2648 interior,
1576 2571 1638 2635 alia
1659 2580 1742 2635 exte·-

997 2671 1072 2734 rinr.
1090 2670 1224 2751 interior
1238 2689 1366 2751 quoque
1381 2679 1430 2732 est
1445 2669 1572 2752 duplex.
1591 2671 1658 2733 Una
1673 2671 1741 2733 ani-

996 2769 1102 2846 malie,
1114 2777 1149 2831 ut
1165 2770 1240 2831 dum
1258 2767 1432 2850 phantasia
1448 2786 1504 2830 seu
1519 2768 1740 2848 imaginationi

996 2866 1184 2930 dormientis
1200 2866 1256 2928 illa
1271 2873 1452 2942 occurrunt,
1470 2865 1554 2928 circa
1570 2885 1642 2947 quae
1658 2869 1741 2948 cogi·

997 2967 1075 3029 tatio
1093 2965 1142 3028 vel
1164 2963 1294 3028 allectio
1309 2983 1366 3026 sua
1382 2972 1525 3046 tempore
1539 2964 1659 3044 vigiliae
1675 2965 1740 3030 lue

189 3070 285 3146 fasta,
303 3070 467 3132 demones
484 3076 589 3130 tamen
607 3066 640 3128 in
658 3066 775 3129 talibus
791 3066 941 3147 ingerunt
956 3067 978 3130 C
996 3073 1072 3126 runt
1094 3063 1235 3126 intentae.
1257 3063 1296 3124 Et
1317 3060 1389 3124 talis
1411 3081 1506 3124 causa
1528 3061 1736 3140 somniorum,

188 3189 223 3232 se
238 3174 374 3230 secrete.
392 3165 501 3228 Omnis
522 3164 642 3247 quippe
658 3164 813 3228 divinatio
829 3184 867 3226 ex
882 3165 941 3227 dae

188 3265 343 3330 monibus
369 3263 528 3345 provenit,
546 3263 596 3325 vel
623 3262 699 3343 quia
723 3269 831 3343 aperte
851 3262 941 3326 inve

187 3373 317 3438 eantur,
329 3362 381 3425 vel
397 3361 551 3443 quoniam
568 3380 657 3423 vanae
673 3359 875 3442 inquisitioni
890 3378 940 3423 oe·

188 3463 275 3526 culte
295 3481 332 3523 se
354 3461 515 3540 ingerunt.
532 3460 664 3541 Propter
684 3459 769 3539 quod
792 3459 825 3520 in
848 3458 940 3521 libris

186 3560 382 3624 Periarchon
398 3558 512 3621 asserit
527 3557 678 3638 Origenes
696 3574 703 3618 :
720 3558 775 3618 Est
795 3557 939 3638 quadam

187 3659 334 3742 operatio
357 3657 513 3720 demonis
540 3656 573 3717 in
598 3659 750 3738 mysterio
775 3655 939 3738 praeseien-

188 3757 250 3834 tirc,
268 3776 343 3838 quaa
357 3754 482 3822 artibus
497 3754 690 3836 quibusdam
710 3754 752 3816 ab
767 3754 817 3815 his
833 3754 888 3836 qui
905 3773 939 3816 se

187 3854 390 3919 damonibus
405 3853 640 3934 manciparunt,
651 3852 877 3934 comprehendi
893 3850 939 3913 vi-

187 3956 291 4031 detur,
317 3972 403 4016 nuuc
429 3970 485 4034 per
511 3959 624 4026 sortes,
649 3969 734 4013 nunc
760 3969 816 4032 per
840 3970 939 4031 augu-

188 4054 245 4131 ria,
264 4071 353 4115 nunc
374 4071 412 4114 ex
432 4049 713 4133 contemplatione.
736 4048 810 4123 Quae
829 4049 938 4112 omnia

186 4152 376 4234 operatione
391 4150 572 4212 daemonum
589 4167 653 4210 non
666 4147 777 4210 dubito
790 4146 873 4209 lieri.

997 3181 1060 3225 non
1077 3171 1126 3224 est
1140 3180 1235 3225 causa
1254 3160 1434 3223 luturorum
1454 3169 1651 3225 eventuum:
1674 3161 1739 3225 imo

996 3261 1120 3323 somnia
1143 3259 1228 3335 talia,
1246 3259 1366 3321 hahent
1388 3277 1422 3322 se
1448 3278 1503 3341 per
1528 3258 1674 3322 accidens
1699 3261 1738 3322 ad

995 3361 1120 3422 futuros
1137 3358 1324 3434 allectus,ct
1339 3357 1465 3420 casuale
1480 3356 1613 3434 exsistit,
1623 3357 1650 3420 si
1666 3378 1737 3421 cum

995 3458 1041 3521 eis
1056 3465 1258 3534 concurrant,
1276 3457 1308 3518 id
1328 3466 1386 3532 est,
1405 3456 1451 3518 sic
1472 3455 1529 3518 liat
1547 3465 1581 3517 ut
1601 3457 1739 3538 somnia·

995 3564 1062 3618 tum
1073 3563 1132 3618 est.
1145 3555 1215 3617 Alia
1230 3553 1363 3617 interior
1373 3573 1468 3616 eausa
1483 3553 1680 3617 somniorum
1691 3563 1740 3617 est

994 3654 1179 3737 corporalia,
1197 3653 1272 3734 quia
1293 3672 1331 3716 ex
1353 3652 1498 3715 interiori
1514 3653 1656 3734 corporis
1675 3653 1738 3715 dis-

994 3753 1152 3836 positione
1183 3751 1222 3812 iit
1251 3759 1355 3814 motus
1385 3769 1441 3813 seu
1465 3750 1676 3833 apprehensio
1704 3750 1737 3812 in

995 3851 1171 3933 phantasia,
1186 3849 1241 3913 tali
1257 3848 1459 3930 dispositioni
1476 3847 1735 3930 proportionata:

993 3949 1261 4031 quemadmodum
1278 3947 1401 4011 homini
1417 3947 1451 4008 in
1472 3946 1659 4010 humoribus
1680 3946 1737 4008 lri-

992 4048 1076 4128 gidis
1098 4047 1285 4123 abundanti,
1303 4054 1435 4128 apparet
1459 4044 1492 4106 in
1517 4063 1630 4109 somno
1651 4046 1736 4128 quod

993 4147 1035 4208 sit
1051 4146 1084 4207 in
1107 4164 1189 4226 aqua
1210 4153 1265 4206 aut
1281 4145 1375 4222 nive;
1392 4153 1423 4207 et
1444 4144 1473 4206 ei
1494 4143 1549 4224 qui
1571 4143 1604 4205 in
1623 4144 1736 4207 calidis

226 4251 394 4324 Praeterea,
407 4248 568 4310 daemones
584 4264 732 4328 expresse
747 4245 857 4308 multis
874 4264 938 4308 ma·
953 4243 978 4306 D
992 4245 1135 4308 abundat
1166 4242 1365 4318 humoribus,
1393 4242 1518 4306 videtur
1546 4241 1578 4304 in
1595 4237 1734 4316 somno,

186 4349 237 4410 dis
254 4349 364 4410 lutura
380 4345 608 4428 praenuntiant,
620 4345 813 4426 quandoque
829 4343 938 4406 videli-

186 4455 237 4510 eet
262 4442 473 4528 praestigiosis
496 4440 750 4525 apparitionibus
773 4442 936 4523 adspectui

188 4553 286 4627 alque
300 4542 427 4607 auditui
443 4542 610 4604 hominum
627 4560 660 4604 se
676 4540 865 4621 objicientes
882 4559 938 4603 seu

190 4650 432 4726 prasentantes,
450 4648 482 4702 et
501 4639 568 4703 haec
590 4639 798 4702 divinationis
815 4640 937 4721 species

188 4751 322 4804 vocatur
342 4738 546 4822 presagium.
568 4737 763 4819 Quandoque
783 4756 858 4801 vero
881 4757 938 4819 per

189 4837 450 4918 somnia,sicque
472 4843 604 4898 vocatur
626 4836 781 4898 divinatio
799 4836 939 4898 somnio-

188 4959 270 5000 rum.
281 4936 446 5000 luterdum
462 4952 589 5017 quoque
600 4952 657 5017 per
672 4942 869 4997 mortuorum
885 4952 938 5014 ap

188 5036 384 5118 paritionem
400 5052 457 5096 seu
472 5032 711 5109 allocutionem,
728 5033 813 5114 quod
829 5050 937 5095 neore

187 5136 311 5198 mantia
336 5141 470 5196 vocatur
496 5153 503 5196 :
530 5153 638 5193 rrecroa
668 5132 787 5194 etenim
817 5131 934 5207 Graece,

188 5235 301 5296 Latine
331 5231 647 5304 diciturssmortuus3
674 5233 801 5291 tarentin
830 5239 937 5292 autam

187 5331 346 5394 divinatio
363 5337 577 5411 nuncupatur.
594 5327 774 5410 Aliquando
790 5346 865 5392 vero
881 5347 936 5410 per

993 4344 1078 4425 quod
1100 4343 1231 4405 exsistat
1252 4350 1307 4403 aut
1328 4343 1423 4404 vadat
1443 4340 1476 4403 in
1498 4339 1582 4424 igne.
1608 4340 1737 4403 Talibus

992 4450 1099 4505 autem
1121 4439 1254 4504 somniis
1273 4448 1322 4502 est
1341 4439 1515 4502 secundum
1535 4437 1675 4502 medicos
1691 4439 1738 4500 in-

994 4540 1199 4616 tendendum,
1226 4540 1265 4601 ad
1290 4538 1545 4617 cognoscendum
1570 4536 1737 4600 interiores

994 4638 1231 4721 dispositioncs.
1258 4637 1352 4700 Porro
1377 4655 1471 4699 causa
1496 4635 1631 4698 exterior
1656 4653 1737 4698 som-

994 4740 1131 4812 niorum,
1159 4746 1206 4799 est
1236 4736 1363 4818 duplex.
1389 4735 1457 4797 Una
1485 4734 1671 4816 corporalis,
1701 4733 1735 4796 in

993 4845 1148 4918 quantum
1164 4835 1332 4918 phantasia
1346 4833 1534 4898 dormientis
1550 4832 1737 4895 immutatur

993 4934 1033 4997 ab
1048 4952 1121 4997 aere
1136 4933 1330 5010 continente,
1348 4940 1403 4994 aut
1419 4930 1628 5013 impressione
1642 4931 1737 4993 coele-

993 5033 1090 5094 stium
1111 5049 1291 5114 corporum,
1309 5050 1347 5093 ex
1367 5048 1431 5112 qua
1450 5027 1619 5092 dormienti
1640 5047 1737 5110 appa-

993 5139 1065 5193 rent
1085 5131 1200 5211 aliquaa
1218 5127 1447 5190 similitudines
1468 5128 1517 5191 vel
1539 5126 1738 5206 imaginatio-

994 5247 1062 5304 nes,-
1089 5224 1274 5290 elementari
1304 5233 1359 5286 aut
1382 5224 1504 5288 eoelesti
1534 5223 1736 5306 dispositioni

992 5324 1184 5391 conformes
1197 5324 1266 5386 Alia
1277 5323 1414 5386 exterior
1430 5315 1627 5386 somniorum
1642 5339 1737 5383 causa
