<?xml version="1.0" encoding="UTF-8"?>
<!DOCTYPE html PUBLIC "-//W3C//DTD XHTML 1.0 Transitional//EN"
    "http://www.w3.org/TR/xhtml1/DTD/xhtml1-transitional.dtd">
<html xmlns="http://www.w3.org/1999/xhtml" xml:lang="en" lang="en">
 <head>
  <title>
</title>
<meta http-equiv="Content-Type" content="text/html;charset=utf-8" />
  <meta name='ocr-system' content='tesseract 3.04.00' />
  <meta name='ocr-capabilities' content='ocr_page ocr_carea ocr_par ocr_line ocrx_word'/>
</head>
<body>
  <div class='ocr_page' id='page_1' title='image "./doctorisecstati00unkngoog_0751.png"; bbox 0 0 4309 6259; ppageno 0'>
   <div class='ocr_carea' id='block_1_1' title="bbox 491 523 1432 570">
    <p class='ocr_par' dir='ltr' id='par_1_1' title="bbox 491 523 1432 570">
     <span class='ocr_line' id='line_1_1' title="bbox 491 523 1432 570; baseline -0.004 0"><span class='ocrx_word' id='word_1_1' title='bbox 491 524 665 570; x_wconf 73' lang='lat' dir='ltr'><strong>unaunatto</strong></span> <span class='ocrx_word' id='word_1_2' title='bbox 687 525 717 570; x_wconf 86' lang='grc' dir='ltr'><strong>ΙΝ</strong></span> <span class='ocrx_word' id='word_1_3' title='bbox 738 523 805 570; x_wconf 79' lang='lat' dir='ltr'>CAP.</span> <span class='ocrx_word' id='word_1_4' title='bbox 830 523 915 568; x_wconf 79' lang='lat' dir='ltr'><strong>xxttt</strong></span> <span class='ocrx_word' id='word_1_5' title='bbox 937 523 1171 568; x_wconf 77' lang='lat' dir='ltr'><strong>nnorauonotttt.</strong></span> <span class='ocrx_word' id='word_1_6' title='bbox 1194 543 1234 552; x_wconf 90' lang='lat'>-</span> <span class='ocrx_word' id='word_1_7' title='bbox 1254 524 1324 569; x_wconf 75' lang='lat' dir='ltr'><strong>ant.</strong></span> <span class='ocrx_word' id='word_1_8' title='bbox 1349 524 1432 568; x_wconf 74' lang='lat' dir='ltr'><strong>XXXV</strong></span> 
     </span>
    </p>
   </div>
   <div class='ocr_carea' id='block_1_2' title="bbox 1672 505 1732 568">
    <p class='ocr_par' dir='ltr' id='par_1_2' title="bbox 1672 505 1732 568">
     <span class='ocr_line' id='line_1_2' title="bbox 1672 505 1732 568; baseline 0.017 -1"><span class='ocrx_word' id='word_1_9' title='bbox 1672 505 1732 568; x_wconf 82' lang='lat' dir='ltr'><strong>ott</strong></span> 
     </span>
    </p>
   </div>
   <div class='ocr_carea' id='block_1_3' title="bbox 184 693 1733 780">
    <p class='ocr_par' dir='ltr' id='par_1_3' title="bbox 184 693 1733 780">
     <span class='ocr_line' id='line_1_3' title="bbox 184 693 1733 780; baseline 0 -22"><span class='ocrx_word' id='word_1_10' title='bbox 184 697 361 780; x_wconf 91' lang='lat' dir='ltr'><strong>impiorum</strong></span> <span class='ocrx_word' id='word_1_11' title='bbox 389 717 426 760; x_wconf 89' lang='lat' dir='ltr'><strong>ac</strong></span> <span class='ocrx_word' id='word_1_12' title='bbox 454 697 636 761; x_wconf 79' lang='lat' dir='ltr'><strong>infidelium</strong></span> <span class='ocrx_word' id='word_1_13' title='bbox 661 698 851 774; x_wconf 80' lang='lat' dir='ltr'><strong>ludaeorum,</strong></span> <span class='ocrx_word' id='word_1_14' title='bbox 879 699 933 780; x_wconf 88' lang='lat' dir='ltr'><strong>qni</strong></span> <span class='ocrx_word' id='word_1_15' title='bbox 950 693 974 754; x_wconf 85' lang='grc' dir='ltr'>Α</span> <span class='ocrx_word' id='word_1_16' title='bbox 990 697 1127 778; x_wconf 89' lang='lat' dir='ltr'><strong>subjecit</strong></span> <span class='ocrx_word' id='word_1_17' title='bbox 1140 698 1264 760; x_wconf 83' lang='lat' dir='ltr'><strong>lndaeos</strong></span> <span class='ocrx_word' id='word_1_18' title='bbox 1280 696 1419 779; x_wconf 90' lang='lat' dir='ltr'><strong>iniquos,</strong></span> <span class='ocrx_word' id='word_1_19' title='bbox 1430 697 1653 777; x_wconf 83' lang='lat' dir='ltr'><strong>judicaverunt</strong></span> <span class='ocrx_word' id='word_1_20' title='bbox 1666 715 1733 760; x_wconf 91' lang='lat' dir='ltr'><strong>eos-</strong></span> 
     </span>
    </p>
   </div>
   <div class='ocr_carea' id='block_1_4' title="bbox 183 796 936 1866">
    <p class='ocr_par' dir='ltr' id='par_1_4' title="bbox 183 796 936 1866">
     <span class='ocr_line' id='line_1_4' title="bbox 184 796 935 880; baseline 0.001 -22"><span class='ocrx_word' id='word_1_21' title='bbox 184 796 422 879; x_wconf 92' lang='lat' dir='ltr'><strong>insuperabiles</strong></span> <span class='ocrx_word' id='word_1_22' title='bbox 438 807 528 860; x_wconf 90' lang='lat' dir='ltr'><strong>erant</strong></span> <span class='ocrx_word' id='word_1_23' title='bbox 544 799 697 880; x_wconf 87' lang='lat' dir='ltr'><strong>quamdiu</strong></span> <span class='ocrx_word' id='word_1_24' title='bbox 717 800 779 861; x_wconf 90' lang='lat' dir='ltr'><strong>Deo</strong></span> <span class='ocrx_word' id='word_1_25' title='bbox 795 798 935 861; x_wconf 78' lang='lat' dir='ltr'><strong>fideliter</strong></span> 
     </span>
     <span class='ocr_line' id='line_1_5' title="bbox 183 897 935 980; baseline 0.001 -23"><span class='ocrx_word' id='word_1_26' title='bbox 183 897 397 959; x_wconf 79' lang='lat' dir='ltr'><strong>servierunt?</strong></span> <span class='ocrx_word' id='word_1_27' title='bbox 420 897 466 958; x_wconf 81' lang='lat' dir='ltr'><strong>Ad</strong></span> <span class='ocrx_word' id='word_1_28' title='bbox 492 897 578 978; x_wconf 92' lang='lat' dir='ltr'><strong>quod</strong></span> <span class='ocrx_word' id='word_1_29' title='bbox 606 899 800 980; x_wconf 80' lang='lat' dir='ltr'>respondet:</span> <span class='ocrx_word' id='word_1_30' title='bbox 823 901 935 960; x_wconf 80' lang='lat' dir='ltr'><strong>Nomre</strong></span> 
     </span>
     <span class='ocr_line' id='line_1_6' title="bbox 184 998 932 1076; baseline 0.005 -22"><span class='ocrx_word' id='word_1_31' title='bbox 184 999 271 1066; x_wconf 79' lang='lat' dir='ltr'><strong>ideo,</strong></span> <span class='ocrx_word' id='word_1_32' title='bbox 283 999 363 1076; x_wconf 84' lang='lat' dir='ltr'><strong>quio</strong></span> <span class='ocrx_word' id='word_1_33' title='bbox 380 1000 465 1058; x_wconf 78' lang='lat' dir='ltr'><strong>Deus</strong></span> <span class='ocrx_word' id='word_1_34' title='bbox 479 1018 557 1058; x_wconf 80' lang='lat' dir='ltr'><strong>suus</strong></span> <span class='ocrx_word' id='word_1_35' title='bbox 573 1000 721 1058; x_wconf 80' lang='lat' dir='ltr'><strong>uendidit</strong></span> <span class='ocrx_word' id='word_1_36' title='bbox 736 1001 811 1058; x_wconf 85' lang='lat' dir='ltr'><strong>eos?</strong></span> <span class='ocrx_word' id='word_1_37' title='bbox 827 998 858 1060; x_wconf 94' lang='lat' dir='ltr'><strong>id</strong></span> <span class='ocrx_word' id='word_1_38' title='bbox 875 1005 932 1076; x_wconf 85' lang='lat' dir='ltr'><strong>est,</strong></span> 
     </span>
     <span class='ocr_line' id='line_1_7' title="bbox 184 1095 934 1179; baseline 0.004 -23"><span class='ocrx_word' id='word_1_39' title='bbox 184 1095 337 1157; x_wconf 88' lang='lat' dir='ltr'><strong>manibus</strong></span> <span class='ocrx_word' id='word_1_40' title='bbox 361 1095 501 1158; x_wconf 93' lang='lat' dir='ltr'><strong>hostium</strong></span> <span class='ocrx_word' id='word_1_41' title='bbox 524 1096 654 1158; x_wconf 72' lang='lat' dir='ltr'><strong>tradidit</strong></span> <span class='ocrx_word' id='word_1_42' title='bbox 677 1105 807 1179; x_wconf 89' lang='lat' dir='ltr'><strong>propter</strong></span> <span class='ocrx_word' id='word_1_43' title='bbox 826 1116 934 1160; x_wconf 90' lang='lat' dir='ltr'><strong>eorum</strong></span> 
     </span>
     <span class='ocr_line' id='line_1_8' title="bbox 185 1194 936 1278; baseline 0.004 -22"><span class='ocrx_word' id='word_1_44' title='bbox 185 1194 381 1276; x_wconf 90' lang='lat' dir='ltr'><strong>impietates,</strong></span> <span class='ocrx_word' id='word_1_45' title='bbox 392 1194 475 1257; x_wconf 91' lang='lat' dir='ltr'><strong>sicut</strong></span> <span class='ocrx_word' id='word_1_46' title='bbox 486 1195 579 1257; x_wconf 91' lang='lat' dir='ltr'><strong>datur</strong></span> <span class='ocrx_word' id='word_1_47' title='bbox 596 1215 645 1258; x_wconf 91' lang='lat' dir='ltr'><strong>res</strong></span> <span class='ocrx_word' id='word_1_48' title='bbox 661 1196 782 1258; x_wconf 90' lang='lat' dir='ltr'><strong>venalis</strong></span> <span class='ocrx_word' id='word_1_49' title='bbox 799 1215 855 1278; x_wconf 92' lang='lat' dir='ltr'><strong>pro</strong></span> <span class='ocrx_word' id='word_1_50' title='bbox 872 1215 936 1278; x_wconf 86' lang='lat' dir='ltr'><strong>pre</strong></span> 
     </span>
     <span class='ocr_line' id='line_1_9' title="bbox 185 1292 936 1376; baseline 0.004 -22"><span class='ocrx_word' id='word_1_51' title='bbox 185 1292 243 1368; x_wconf 88' lang='lat' dir='ltr'><strong>tic,</strong></span> <span class='ocrx_word' id='word_1_52' title='bbox 262 1301 294 1355; x_wconf 85' lang='lat' dir='ltr'><strong>et</strong></span> <span class='ocrx_word' id='word_1_53' title='bbox 316 1311 438 1356; x_wconf 78' lang='lat' dir='ltr'><strong>merces</strong></span> <span class='ocrx_word' id='word_1_54' title='bbox 462 1311 519 1375; x_wconf 92' lang='lat' dir='ltr'><strong>pro</strong></span> <span class='ocrx_word' id='word_1_55' title='bbox 542 1292 666 1356; x_wconf 90' lang='lat' dir='ltr'><strong>merito.</strong></span> <span class='ocrx_word' id='word_1_56' title='bbox 685 1293 772 1356; x_wconf 91' lang='lat' dir='ltr'><strong>Unde</strong></span> <span class='ocrx_word' id='word_1_57' title='bbox 795 1294 936 1376; x_wconf 91' lang='lat' dir='ltr'><strong>loquitur</strong></span> 
     </span>
     <span class='ocr_line' id='line_1_10' title="bbox 185 1390 936 1473; baseline 0.005 -20"><span class='ocrx_word' id='word_1_58' title='bbox 185 1390 284 1453; x_wconf 84' lang='lat' dir='ltr'><strong>isaias</strong></span> <span class='ocrx_word' id='word_1_59' title='bbox 303 1409 309 1452; x_wconf 92' lang='lat'><strong>:</strong></span> <span class='ocrx_word' id='word_1_60' title='bbox 330 1391 411 1454; x_wconf 87' lang='lat' dir='ltr'><strong>Ecce</strong></span> <span class='ocrx_word' id='word_1_61' title='bbox 435 1391 468 1453; x_wconf 93' lang='lat' dir='ltr'><strong>in</strong></span> <span class='ocrx_word' id='word_1_62' title='bbox 495 1391 720 1473; x_wconf 91' lang='lat' dir='ltr'><strong>iniquitatibus</strong></span> <span class='ocrx_word' id='word_1_63' title='bbox 745 1393 858 1456; x_wconf 87' lang='lat' dir='ltr'><strong>vestris</strong></span> <span class='ocrx_word' id='word_1_64' title='bbox 884 1413 936 1457; x_wconf 92' lang='lat' dir='ltr'><strong>ve-</strong></span> 
     </span>
     <span class='ocr_line' id='line_1_11' title="bbox 186 1489 936 1553; baseline 0.004 -3"><span class='ocrx_word' id='word_1_65' title='bbox 186 1489 323 1551; x_wconf 88' lang='lat' dir='ltr'><strong>nundati</strong></span> <span class='ocrx_word' id='word_1_66' title='bbox 340 1490 427 1551; x_wconf 79' lang='lat' dir='ltr'><strong>estis</strong></span> <span class='ocrx_word' id='word_1_67' title='bbox 440 1493 481 1551; x_wconf 78' lang='lat' dir='ltr'><strong>m</strong></span> <span class='ocrx_word' id='word_1_68' title='bbox 497 1493 658 1551; x_wconf 77' lang='lat' dir='ltr'><strong>Dominus</strong></span> <span class='ocrx_word' id='word_1_69' title='bbox 671 1493 825 1552; x_wconf 73' lang='lat' dir='ltr'><em>conclusit</em></span> <span class='ocrx_word' id='word_1_70' title='bbox 841 1494 936 1553; x_wconf 82' lang='lat' dir='ltr'><strong>illos?</strong></span> 
     </span>
     <span class='ocr_line' id='line_1_12' title="bbox 186 1588 935 1671; baseline 0.005 -21"><span class='ocrx_word' id='word_1_71' title='bbox 186 1588 220 1650; x_wconf 93' lang='lat' dir='ltr'><strong>id</strong></span> <span class='ocrx_word' id='word_1_72' title='bbox 236 1596 297 1664; x_wconf 90' lang='lat' dir='ltr'><strong>est,</strong></span> <span class='ocrx_word' id='word_1_73' title='bbox 310 1589 514 1670; x_wconf 90' lang='lat' dir='ltr'><strong>omnipotens</strong></span> <span class='ocrx_word' id='word_1_74' title='bbox 530 1589 612 1650; x_wconf 91' lang='lat' dir='ltr'><strong>Deus</strong></span> <span class='ocrx_word' id='word_1_75' title='bbox 626 1590 750 1652; x_wconf 83' lang='lat' dir='ltr'><strong>Judaeos</strong></span> <span class='ocrx_word' id='word_1_76' title='bbox 765 1591 935 1671; x_wconf 89' lang='lat' dir='ltr'><strong>sacrilegos</strong></span> 
     </span>
     <span class='ocr_line' id='line_1_13' title="bbox 185 1686 936 1771; baseline 0.003 -21"><span class='ocrx_word' id='word_1_77' title='bbox 185 1687 362 1750; x_wconf 89' lang='lat' dir='ltr'><strong>coarctavit</strong></span> <span class='ocrx_word' id='word_1_78' title='bbox 378 1686 463 1749; x_wconf 88' lang='lat' dir='ltr'><strong>inira</strong></span> <span class='ocrx_word' id='word_1_79' title='bbox 474 1688 729 1750; x_wconf 89' lang='lat' dir='ltr'><strong>adversariorum</strong></span> <span class='ocrx_word' id='word_1_80' title='bbox 742 1707 872 1751; x_wconf 91' lang='lat' dir='ltr'><strong>suorum</strong></span> <span class='ocrx_word' id='word_1_81' title='bbox 883 1707 936 1771; x_wconf 93' lang='lat' dir='ltr'><strong>po-</strong></span> 
     </span>
     <span class='ocr_line' id='line_1_14' title="bbox 187 1785 936 1866; baseline 0 -18"><span class='ocrx_word' id='word_1_82' title='bbox 187 1785 335 1862; x_wconf 85' lang='lat' dir='ltr'><strong>tentiam,</strong></span> <span class='ocrx_word' id='word_1_83' title='bbox 353 1785 397 1848; x_wconf 89' lang='lat' dir='ltr'><strong>ita</strong></span> <span class='ocrx_word' id='word_1_84' title='bbox 417 1786 504 1866; x_wconf 93' lang='lat' dir='ltr'><strong>quod</strong></span> <span class='ocrx_word' id='word_1_85' title='bbox 525 1805 583 1848; x_wconf 90' lang='lat' dir='ltr'><strong>nec</strong></span> <span class='ocrx_word' id='word_1_86' title='bbox 604 1786 751 1849; x_wconf 89' lang='lat' dir='ltr'><strong>resistcre</strong></span> <span class='ocrx_word' id='word_1_87' title='bbox 774 1805 831 1849; x_wconf 94' lang='lat' dir='ltr'><strong>nec</strong></span> <span class='ocrx_word' id='word_1_88' title='bbox 853 1785 936 1849; x_wconf 85' lang='lat' dir='ltr'><strong>cllu-</strong></span> 
     </span>
    </p>
   </div>
   <div class='ocr_carea' id='block_1_5' title="bbox 990 796 1736 1852">
    <p class='ocr_par' dir='ltr' id='par_1_5' title="bbox 990 796 1736 1852">
     <span class='ocr_line' id='line_1_15' title="bbox 990 796 1734 880; baseline -0.003 -19"><span class='ocrx_word' id='word_1_89' title='bbox 990 800 1073 876; x_wconf 91' lang='lat' dir='ltr'><strong>dem,</strong></span> <span class='ocrx_word' id='word_1_90' title='bbox 1093 807 1124 861; x_wconf 90' lang='lat' dir='ltr'><strong>ot</strong></span> <span class='ocrx_word' id='word_1_91' title='bbox 1139 817 1241 879; x_wconf 90' lang='lat' dir='ltr'><strong>usqne</strong></span> <span class='ocrx_word' id='word_1_92' title='bbox 1258 818 1344 861; x_wconf 91' lang='lat' dir='ltr'><strong>nunc</strong></span> <span class='ocrx_word' id='word_1_93' title='bbox 1357 798 1503 878; x_wconf 89' lang='lat' dir='ltr'><strong>judicant</strong></span> <span class='ocrx_word' id='word_1_94' title='bbox 1517 817 1571 861; x_wconf 91' lang='lat' dir='ltr'><strong>eos</strong></span> <span class='ocrx_word' id='word_1_95' title='bbox 1587 817 1644 880; x_wconf 93' lang='lat' dir='ltr'><strong>pro</strong></span> <span class='ocrx_word' id='word_1_96' title='bbox 1663 796 1734 859; x_wconf 95' lang='lat' dir='ltr'><strong>libi-</strong></span> 
     </span>
     <span class='ocr_line' id='line_1_16' title="bbox 993 893 1735 978; baseline -0.003 -19"><span class='ocrx_word' id='word_1_97' title='bbox 993 893 1023 959; x_wconf 90' lang='lat' dir='ltr'><strong>tu</strong></span> <span class='ocrx_word' id='word_1_98' title='bbox 1046 917 1104 959; x_wconf 91' lang='lat' dir='ltr'><strong>suo</strong></span> <span class='ocrx_word' id='word_1_99' title='bbox 1124 916 1160 959; x_wconf 86' lang='lat' dir='ltr'><strong>ac</strong></span> <span class='ocrx_word' id='word_1_100' title='bbox 1180 896 1329 978; x_wconf 90' lang='lat' dir='ltr'><strong>puniunt.</strong></span> <span class='ocrx_word' id='word_1_101' title='bbox 1347 897 1429 959; x_wconf 88' lang='lat' dir='ltr'><strong>Deus</strong></span> <span class='ocrx_word' id='word_1_102' title='bbox 1452 915 1589 978; x_wconf 88' lang='lat' dir='ltr'><strong>namque</strong></span> <span class='ocrx_word' id='word_1_103' title='bbox 1610 905 1735 958; x_wconf 78' lang='lat' dir='ltr'>exercet</span> 
     </span>
     <span class='ocr_line' id='line_1_17' title="bbox 991 994 1735 1077; baseline 0 -20"><span class='ocrx_word' id='word_1_104' title='bbox 991 1015 1047 1058; x_wconf 88' lang='lat' dir='ltr'><strong>sua</strong></span> <span class='ocrx_word' id='word_1_105' title='bbox 1068 995 1189 1076; x_wconf 87' lang='lat' dir='ltr'><strong>judicia</strong></span> <span class='ocrx_word' id='word_1_106' title='bbox 1216 995 1375 1057; x_wconf 88' lang='lat' dir='ltr'><strong>interdum</strong></span> <span class='ocrx_word' id='word_1_107' title='bbox 1397 1014 1455 1077; x_wconf 90' lang='lat' dir='ltr'><strong>per</strong></span> <span class='ocrx_word' id='word_1_108' title='bbox 1476 995 1621 1058; x_wconf 89' lang='lat' dir='ltr'><strong>homines</strong></span> <span class='ocrx_word' id='word_1_109' title='bbox 1643 994 1735 1057; x_wconf 81' lang='lat' dir='ltr'><strong>vitio</strong></span> 
     </span>
     <span class='ocr_line' id='line_1_18' title="bbox 991 1093 1736 1176; baseline -0.004 -18"><span class='ocrx_word' id='word_1_110' title='bbox 991 1114 1053 1172; x_wconf 80' lang='lat' dir='ltr'><strong>sOS,</strong></span> <span class='ocrx_word' id='word_1_111' title='bbox 1072 1103 1104 1157; x_wconf 89' lang='lat' dir='ltr'><strong>et</strong></span> <span class='ocrx_word' id='word_1_112' title='bbox 1125 1094 1237 1157; x_wconf 81' lang='lat' dir='ltr'><strong>fideles</strong></span> <span class='ocrx_word' id='word_1_113' title='bbox 1257 1103 1425 1176; x_wconf 78' lang='lat' dir='ltr'>peccantes</span> <span class='ocrx_word' id='word_1_114' title='bbox 1445 1093 1629 1176; x_wconf 81' lang='lat' dir='ltr'><strong>frequenter</strong></span> <span class='ocrx_word' id='word_1_115' title='bbox 1644 1093 1736 1175; x_wconf 93' lang='lat' dir='ltr'><strong>puni·</strong></span> 
     </span>
     <span class='ocr_line' id='line_1_19' title="bbox 991 1191 1736 1278; baseline -0.003 -21"><span class='ocrx_word' id='word_1_116' title='bbox 991 1193 1037 1278; x_wconf 84' lang='lat' dir='ltr'><strong>vit</strong></span> <span class='ocrx_word' id='word_1_117' title='bbox 1053 1213 1110 1276; x_wconf 93' lang='lat' dir='ltr'><strong>per</strong></span> <span class='ocrx_word' id='word_1_118' title='bbox 1126 1193 1286 1255; x_wconf 79' lang='lat' dir='ltr'><strong>infideles.</strong></span> <span class='ocrx_word' id='word_1_119' title='bbox 1304 1193 1409 1256; x_wconf 89' lang='lat' dir='ltr'><strong>Potest</strong></span> <span class='ocrx_word' id='word_1_120' title='bbox 1424 1201 1456 1256; x_wconf 91' lang='lat' dir='ltr'><strong>et</strong></span> <span class='ocrx_word' id='word_1_121' title='bbox 1471 1192 1564 1255; x_wconf 89' lang='lat' dir='ltr'><strong>tertio</strong></span> <span class='ocrx_word' id='word_1_122' title='bbox 1580 1191 1626 1254; x_wconf 91' lang='lat' dir='ltr'><strong>sic</strong></span> <span class='ocrx_word' id='word_1_123' title='bbox 1641 1211 1736 1274; x_wconf 81' lang='lat' dir='ltr'><strong>expo</strong></span> 
     </span>
     <span class='ocr_line' id='line_1_20' title="bbox 991 1291 1735 1374; baseline -0.004 -20"><span class='ocrx_word' id='word_1_124' title='bbox 991 1292 1035 1362; x_wconf 80' lang='lat' dir='ltr'><strong>ni,</strong></span> <span class='ocrx_word' id='word_1_125' title='bbox 1046 1293 1131 1374; x_wconf 92' lang='lat' dir='ltr'><strong>quod</strong></span> <span class='ocrx_word' id='word_1_126' title='bbox 1148 1291 1272 1373; x_wconf 85' lang='lat' dir='ltr'><strong>praelati</strong></span> <span class='ocrx_word' id='word_1_127' title='bbox 1287 1291 1460 1354; x_wconf 88' lang='lat' dir='ltr'><strong>adversarii</strong></span> <span class='ocrx_word' id='word_1_128' title='bbox 1475 1292 1665 1366; x_wconf 75' lang='lat' dir='ltr'><strong>ludaeorum,</strong></span> <span class='ocrx_word' id='word_1_129' title='bbox 1677 1309 1735 1372; x_wconf 91' lang='lat' dir='ltr'><strong>per</strong></span> 
     </span>
     <span class='ocr_line' id='line_1_21' title="bbox 991 1388 1736 1472; baseline -0.004 -19"><span class='ocrx_word' id='word_1_130' title='bbox 991 1390 1151 1453; x_wconf 89' lang='lat' dir='ltr'><strong>mirabilia</strong></span> <span class='ocrx_word' id='word_1_131' title='bbox 1166 1409 1263 1472; x_wconf 90' lang='lat' dir='ltr'><strong>opera</strong></span> <span class='ocrx_word' id='word_1_132' title='bbox 1273 1391 1327 1453; x_wconf 90' lang='lat' dir='ltr'><strong>Dei</strong></span> <span class='ocrx_word' id='word_1_133' title='bbox 1343 1398 1505 1472; x_wconf 92' lang='lat' dir='ltr'><strong>atqnoper</strong></span> <span class='ocrx_word' id='word_1_134' title='bbox 1515 1388 1660 1470; x_wconf 89' lang='lat' dir='ltr'><strong>proprias</strong></span> <span class='ocrx_word' id='word_1_135' title='bbox 1672 1405 1736 1471; x_wconf 74' lang='lat' dir='ltr'><strong>pm</strong></span> 
     </span>
     <span class='ocr_line' id='line_1_22' title="bbox 991 1488 1735 1571; baseline -0.005 -18"><span class='ocrx_word' id='word_1_136' title='bbox 991 1510 1058 1566; x_wconf 77' lang='lat' dir='ltr'><strong>naS,</strong></span> <span class='ocrx_word' id='word_1_137' title='bbox 1072 1509 1151 1571; x_wconf 90' lang='lat' dir='ltr'><strong>quas</strong></span> <span class='ocrx_word' id='word_1_138' title='bbox 1168 1490 1294 1552; x_wconf 87' lang='lat' dir='ltr'><strong>tandem</strong></span> <span class='ocrx_word' id='word_1_139' title='bbox 1309 1491 1396 1570; x_wconf 86' lang='lat' dir='ltr'><strong>justo</strong></span> <span class='ocrx_word' id='word_1_140' title='bbox 1410 1488 1530 1570; x_wconf 84' lang='lat' dir='ltr'><strong>judicio</strong></span> <span class='ocrx_word' id='word_1_141' title='bbox 1547 1495 1735 1570; x_wconf 87' lang='lat' dir='ltr'><strong>receperunt</strong></span> 
     </span>
     <span class='ocr_line' id='line_1_23' title="bbox 990 1586 1735 1667; baseline -0.007 -15"><span class='ocrx_word' id='word_1_142' title='bbox 990 1608 1094 1652; x_wconf 87' lang='lat' dir='ltr'><strong>avaro</strong></span> <span class='ocrx_word' id='word_1_143' title='bbox 1105 1590 1403 1667; x_wconf 88' lang='lat' dir='ltr'><strong>Deo‚cognovernnt</strong></span> <span class='ocrx_word' id='word_1_144' title='bbox 1417 1595 1449 1649; x_wconf 89' lang='lat' dir='ltr'><strong>et</strong></span> <span class='ocrx_word' id='word_1_145' title='bbox 1464 1586 1540 1649; x_wconf 85' lang='lat' dir='ltr'><strong>lassi</strong></span> <span class='ocrx_word' id='word_1_146' title='bbox 1552 1596 1627 1649; x_wconf 91' lang='lat' dir='ltr'><strong>sunt</strong></span> <span class='ocrx_word' id='word_1_147' title='bbox 1637 1605 1735 1667; x_wconf 91' lang='lat' dir='ltr'><strong>quan·</strong></span> 
     </span>
     <span class='ocr_line' id='line_1_24' title="bbox 992 1685 1733 1766; baseline -0.004 -15"><span class='ocrx_word' id='word_1_148' title='bbox 992 1699 1022 1751; x_wconf 89' lang='lat' dir='ltr'><strong>ta</strong></span> <span class='ocrx_word' id='word_1_149' title='bbox 1044 1688 1086 1750; x_wconf 89' lang='lat' dir='ltr'><strong>sit</strong></span> <span class='ocrx_word' id='word_1_150' title='bbox 1108 1687 1306 1764; x_wconf 83' lang='lat' dir='ltr'><strong>excellentia,</strong></span> <span class='ocrx_word' id='word_1_151' title='bbox 1324 1687 1475 1750; x_wconf 90' lang='lat' dir='ltr'><strong>sanctitas</strong></span> <span class='ocrx_word' id='word_1_152' title='bbox 1495 1694 1526 1748; x_wconf 91' lang='lat' dir='ltr'><strong>et</strong></span> <span class='ocrx_word' id='word_1_153' title='bbox 1539 1685 1663 1766; x_wconf 90' lang='lat' dir='ltr'><strong>justitia</strong></span> <span class='ocrx_word' id='word_1_154' title='bbox 1679 1685 1733 1748; x_wconf 91' lang='lat' dir='ltr'><strong>Dei</strong></span> 
     </span>
     <span class='ocr_line' id='line_1_25' title="bbox 990 1788 1213 1852; baseline -0.022 0"><span class='ocrx_word' id='word_1_155' title='bbox 990 1788 1213 1852; x_wconf 84' lang='lat' dir='ltr'><strong>Israelitarum.</strong></span> 
     </span>
    </p>
   </div>
   <div class='ocr_carea' id='block_1_6' title="bbox 186 1878 1735 1966">
    <p class='ocr_par' dir='ltr' id='par_1_6' title="bbox 186 1878 1735 1966">
     <span class='ocr_line' id='line_1_26' title="bbox 186 1878 1735 1966; baseline -0.001 -20"><span class='ocrx_word' id='word_1_156' title='bbox 186 1902 262 1965; x_wconf 85' lang='lat' dir='ltr'><strong>gere</strong></span> <span class='ocrx_word' id='word_1_157' title='bbox 279 1892 436 1966; x_wconf 87' lang='lat' dir='ltr'><strong>poterant,</strong></span> <span class='ocrx_word' id='word_1_158' title='bbox 453 1884 543 1965; x_wconf 83' lang='lat' dir='ltr'><strong>juxta</strong></span> <span class='ocrx_word' id='word_1_159' title='bbox 558 1883 638 1946; x_wconf 94' lang='lat' dir='ltr'><strong>illud</strong></span> <span class='ocrx_word' id='word_1_160' title='bbox 654 1884 769 1947; x_wconf 86' lang='lat' dir='ltr'><strong>Psalmi</strong></span> <span class='ocrx_word' id='word_1_161' title='bbox 784 1903 790 1946; x_wconf 90' lang='lat'>:</span> <span class='ocrx_word' id='word_1_162' title='bbox 803 1885 936 1948; x_wconf 87' lang='lat' dir='ltr'><strong>Conclu-</strong></span> <span class='ocrx_word' id='word_1_163' title='bbox 954 1878 975 1938; x_wconf 77' lang='grc' dir='ltr'><strong>Β</strong></span> <span class='ocrx_word' id='word_1_164' title='bbox 1031 1891 1077 1948; x_wconf 85' lang='lat' dir='ltr'><strong>De</strong></span> <span class='ocrx_word' id='word_1_165' title='bbox 1098 1889 1195 1947; x_wconf 84' lang='lat' dir='ltr'><strong>vineo</strong></span> <span class='ocrx_word' id='word_1_166' title='bbox 1215 1889 1441 1954; x_wconf 81' lang='lat' dir='ltr'><strong>Sodomorum,</strong></span> <span class='ocrx_word' id='word_1_167' title='bbox 1458 1887 1553 1945; x_wconf 78' lang='lat' dir='ltr'><strong>vineo</strong></span> <span class='ocrx_word' id='word_1_168' title='bbox 1568 1905 1691 1954; x_wconf 82' lang='lat' dir='ltr'><strong>eorum,</strong></span> <span class='ocrx_word' id='word_1_169' title='bbox 1705 1895 1735 1944; x_wconf 89' lang='lat' dir='ltr'><strong>et</strong></span> 
     </span>
    </p>
   </div>
   <div class='ocr_carea' id='block_1_7' title="bbox 186 1982 938 3052">
    <p class='ocr_par' dir='ltr' id='par_1_7' title="bbox 187 1982 696 2065">
     <span class='ocr_line' id='line_1_27' title="bbox 187 1982 696 2065; baseline 0 -20"><span class='ocrx_word' id='word_1_170' title='bbox 187 1984 230 2045; x_wconf 90' lang='lat' dir='ltr'><strong>sit</strong></span> <span class='ocrx_word' id='word_1_171' title='bbox 246 1983 280 2044; x_wconf 92' lang='lat' dir='ltr'><strong>in</strong></span> <span class='ocrx_word' id='word_1_172' title='bbox 296 1982 403 2063; x_wconf 87' lang='lat' dir='ltr'><strong>gladio</strong></span> <span class='ocrx_word' id='word_1_173' title='bbox 420 1983 574 2065; x_wconf 91' lang='lat' dir='ltr'><strong>populum</strong></span> <span class='ocrx_word' id='word_1_174' title='bbox 592 2002 696 2045; x_wconf 90' lang='lat' dir='ltr'><strong>suum.</strong></span> 
     </span>
    </p>

    <p class='ocr_par' dir='ltr' id='par_1_8' title="bbox 186 2082 938 3052">
     <span class='ocr_line' id='line_1_28' title="bbox 222 2082 936 2148; baseline 0 -4"><span class='ocrx_word' id='word_1_175' title='bbox 222 2084 299 2145; x_wconf 85' lang='lat' dir='ltr'><strong>Non</strong></span> <span class='ocrx_word' id='word_1_176' title='bbox 309 2084 397 2142; x_wconf 85' lang='lat' dir='ltr'><strong>enim</strong></span> <span class='ocrx_word' id='word_1_177' title='bbox 410 2085 547 2143; x_wconf 80' lang='lat' dir='ltr'><strong>estDeus</strong></span> <span class='ocrx_word' id='word_1_178' title='bbox 558 2092 663 2142; x_wconf 85' lang='lat' dir='ltr'><strong>noster</strong></span> <span class='ocrx_word' id='word_1_179' title='bbox 675 2093 711 2144; x_wconf 80' lang='lat' dir='ltr'><strong>tet</strong></span> <span class='ocrx_word' id='word_1_180' title='bbox 720 2085 773 2143; x_wconf 81' lang='lat' dir='ltr'><strong>dii</strong></span> <span class='ocrx_word' id='word_1_181' title='bbox 782 2082 936 2148; x_wconf 76' lang='lat' dir='ltr'><strong>cornmid</strong></span> 
     </span>
     <span class='ocr_line' id='line_1_29' title="bbox 186 2181 938 2258; baseline 0.003 -14"><span class='ocrx_word' id='word_1_182' title='bbox 186 2181 340 2258; x_wconf 88' lang='lat' dir='ltr'><strong>est,Dcus</strong></span> <span class='ocrx_word' id='word_1_183' title='bbox 356 2190 542 2243; x_wconf 87' lang='lat' dir='ltr'><strong>nosternon</strong></span> <span class='ocrx_word' id='word_1_184' title='bbox 559 2181 753 2243; x_wconf 89' lang='lat' dir='ltr'><strong>assimilatur</strong></span> <span class='ocrx_word' id='word_1_185' title='bbox 763 2181 824 2243; x_wconf 91' lang='lat' dir='ltr'><strong>diis</strong></span> <span class='ocrx_word' id='word_1_186' title='bbox 841 2181 938 2246; x_wconf 84' lang='lat' dir='ltr'><strong>idolo</strong></span> 
     </span>
     <span class='ocr_line' id='line_1_30' title="bbox 187 2280 933 2361; baseline 0.001 -19"><span class='ocrx_word' id='word_1_187' title='bbox 187 2280 507 2361; x_wconf 82' lang='lat' dir='ltr'><strong>latraremqnoniam</strong></span> <span class='ocrx_word' id='word_1_188' title='bbox 520 2281 601 2342; x_wconf 90' lang='lat' dir='ltr'><strong>Deus</strong></span> <span class='ocrx_word' id='word_1_189' title='bbox 618 2288 724 2343; x_wconf 89' lang='lat' dir='ltr'><strong>noster</strong></span> <span class='ocrx_word' id='word_1_190' title='bbox 734 2290 783 2343; x_wconf 92' lang='lat' dir='ltr'><strong>est</strong></span> <span class='ocrx_word' id='word_1_191' title='bbox 798 2289 933 2355; x_wconf 73' lang='lat' dir='ltr'><strong>sanctus</strong></span> 
     </span>
     <span class='ocr_line' id='line_1_31' title="bbox 186 2377 936 2460; baseline 0.001 -20"><span class='ocrx_word' id='word_1_192' title='bbox 186 2397 284 2441; x_wconf 80' lang='lat' dir='ltr'><strong>verax</strong></span> <span class='ocrx_word' id='word_1_193' title='bbox 295 2386 327 2440; x_wconf 94' lang='lat' dir='ltr'><strong>ct</strong></span> <span class='ocrx_word' id='word_1_194' title='bbox 336 2379 458 2458; x_wconf 90' lang='lat' dir='ltr'><strong>justus:</strong></span> <span class='ocrx_word' id='word_1_195' title='bbox 472 2377 591 2441; x_wconf 91' lang='lat' dir='ltr'><strong>idcirco</strong></span> <span class='ocrx_word' id='word_1_196' title='bbox 607 2397 671 2441; x_wconf 93' lang='lat' dir='ltr'><strong>non</strong></span> <span class='ocrx_word' id='word_1_197' title='bbox 689 2379 774 2441; x_wconf 88' lang='lat' dir='ltr'><strong>levet</strong></span> <span class='ocrx_word' id='word_1_198' title='bbox 785 2379 936 2460; x_wconf 89' lang='lat' dir='ltr'><strong>populum</strong></span> 
     </span>
     <span class='ocr_line' id='line_1_32' title="bbox 188 2475 937 2558; baseline 0 -19"><span class='ocrx_word' id='word_1_199' title='bbox 188 2495 284 2539; x_wconf 88' lang='lat' dir='ltr'><strong>suum</strong></span> <span class='ocrx_word' id='word_1_200' title='bbox 306 2475 455 2550; x_wconf 75' lang='lat' dir='ltr'><strong>insiliis,</strong></span> <span class='ocrx_word' id='word_1_201' title='bbox 474 2495 533 2539; x_wconf 90' lang='lat' dir='ltr'><strong>nec</strong></span> <span class='ocrx_word' id='word_1_202' title='bbox 550 2476 719 2540; x_wconf 89' lang='lat' dir='ltr'><strong>sceleratos</strong></span> <span class='ocrx_word' id='word_1_203' title='bbox 735 2476 937 2558; x_wconf 91' lang='lat' dir='ltr'><strong>impoeniten-</strong></span> 
     </span>
     <span class='ocr_line' id='line_1_33' title="bbox 188 2573 934 2656; baseline 0 -20"><span class='ocrx_word' id='word_1_204' title='bbox 188 2584 235 2638; x_wconf 89' lang='lat' dir='ltr'><strong>tes</strong></span> <span class='ocrx_word' id='word_1_205' title='bbox 263 2583 370 2637; x_wconf 89' lang='lat' dir='ltr'><strong>tuetur</strong></span> <span class='ocrx_word' id='word_1_206' title='bbox 393 2573 433 2636; x_wconf 90' lang='lat' dir='ltr'><strong>ab</strong></span> <span class='ocrx_word' id='word_1_207' title='bbox 459 2574 616 2651; x_wconf 86' lang='lat' dir='ltr'><strong>hostibus,</strong></span> <span class='ocrx_word' id='word_1_208' title='bbox 635 2574 782 2656; x_wconf 89' lang='lat' dir='ltr'><strong>quamvis</strong></span> <span class='ocrx_word' id='word_1_209' title='bbox 808 2575 934 2656; x_wconf 90' lang='lat' dir='ltr'><strong>iniquis,</strong></span> 
     </span>
     <span class='ocr_line' id='line_1_34' title="bbox 186 2673 936 2754; baseline 0.001 -18"><span class='ocrx_word' id='word_1_210' title='bbox 186 2675 242 2737; x_wconf 89' lang='lat' dir='ltr'><strong>sed</strong></span> <span class='ocrx_word' id='word_1_211' title='bbox 260 2673 294 2734; x_wconf 93' lang='lat' dir='ltr'><strong>in</strong></span> <span class='ocrx_word' id='word_1_212' title='bbox 312 2673 459 2754; x_wconf 71' lang='lat' dir='ltr'><strong>praesenti</strong></span> <span class='ocrx_word' id='word_1_213' title='bbox 480 2674 613 2754; x_wconf 77' lang='lat' dir='ltr'><strong>corripit</strong></span> <span class='ocrx_word' id='word_1_214' title='bbox 633 2682 664 2735; x_wconf 90' lang='lat' dir='ltr'><strong>et</strong></span> <span class='ocrx_word' id='word_1_215' title='bbox 682 2675 824 2754; x_wconf 87' lang='lat' dir='ltr'><strong>castigat.</strong></span> <span class='ocrx_word' id='word_1_216' title='bbox 842 2674 936 2737; x_wconf 91' lang='lat' dir='ltr'><strong>Porro</strong></span> 
     </span>
     <span class='ocr_line' id='line_1_35' title="bbox 186 2771 936 2851; baseline -0.001 -16"><span class='ocrx_word' id='word_1_217' title='bbox 186 2773 231 2835; x_wconf 92' lang='lat' dir='ltr'><strong>dii</strong></span> <span class='ocrx_word' id='word_1_218' title='bbox 255 2771 400 2851; x_wconf 87' lang='lat' dir='ltr'><strong>gentium</strong></span> <span class='ocrx_word' id='word_1_219' title='bbox 424 2771 496 2833; x_wconf 86' lang='lat' dir='ltr'><strong>lalsi</strong></span> <span class='ocrx_word' id='word_1_220' title='bbox 521 2790 595 2834; x_wconf 93' lang='lat' dir='ltr'><strong>suos</strong></span> <span class='ocrx_word' id='word_1_221' title='bbox 616 2772 755 2835; x_wconf 87' lang='lat' dir='ltr'><strong>cultores</strong></span> <span class='ocrx_word' id='word_1_222' title='bbox 777 2771 886 2835; x_wconf 85' lang='lat' dir='ltr'><strong>fovent</strong></span> <span class='ocrx_word' id='word_1_223' title='bbox 903 2772 936 2834; x_wconf 91' lang='lat' dir='ltr'><strong>in</strong></span> 
     </span>
     <span class='ocr_line' id='line_1_36' title="bbox 186 2868 935 2952; baseline -0.004 -18"><span class='ocrx_word' id='word_1_224' title='bbox 186 2890 299 2934; x_wconf 89' lang='lat' dir='ltr'><strong>corum</strong></span> <span class='ocrx_word' id='word_1_225' title='bbox 322 2868 508 2946; x_wconf 83' lang='lat' dir='ltr'><strong>sceleribus,</strong></span> <span class='ocrx_word' id='word_1_226' title='bbox 527 2888 585 2932; x_wconf 93' lang='lat' dir='ltr'><strong>nec</strong></span> <span class='ocrx_word' id='word_1_227' title='bbox 610 2871 695 2952; x_wconf 91' lang='lat' dir='ltr'><strong>ipsos</strong></span> <span class='ocrx_word' id='word_1_228' title='bbox 716 2888 773 2951; x_wconf 92' lang='lat' dir='ltr'><strong>pro</strong></span> <span class='ocrx_word' id='word_1_229' title='bbox 794 2871 935 2952; x_wconf 93' lang='lat' dir='ltr'><strong>ipsorum</strong></span> 
     </span>
     <span class='ocr_line' id='line_1_37' title="bbox 186 2968 937 3052; baseline 0 -20"><span class='ocrx_word' id='word_1_230' title='bbox 186 2968 327 3052; x_wconf 90' lang='lat' dir='ltr'><strong>peccatis</strong></span> <span class='ocrx_word' id='word_1_231' title='bbox 352 2968 385 3029; x_wconf 93' lang='lat' dir='ltr'><strong>in</strong></span> <span class='ocrx_word' id='word_1_232' title='bbox 407 2968 556 3049; x_wconf 78' lang='lat' dir='ltr'><strong>presenti</strong></span> <span class='ocrx_word' id='word_1_233' title='bbox 578 2970 772 3048; x_wconf 86' lang='lat' dir='ltr'><strong>redarguunt</strong></span> <span class='ocrx_word' id='word_1_234' title='bbox 787 2977 818 3032; x_wconf 92' lang='lat' dir='ltr'><strong>et</strong></span> <span class='ocrx_word' id='word_1_235' title='bbox 834 2988 937 3032; x_wconf 89' lang='lat' dir='ltr'><strong>omen-</strong></span> 
     </span>
    </p>
   </div>
   <div class='ocr_carea' id='block_1_8' title="bbox 991 1982 1882 3034">
    <p class='ocr_par' dir='ltr' id='par_1_9' title="bbox 991 1982 1882 3034">
     <span class='ocr_line' id='line_1_38' title="bbox 991 1982 1736 2059; baseline -0.004 -12"><span class='ocrx_word' id='word_1_236' title='bbox 991 1989 1030 2047; x_wconf 85' lang='lat' dir='ltr'><strong>de</strong></span> <span class='ocrx_word' id='word_1_237' title='bbox 1043 1987 1238 2046; x_wconf 79' lang='lat' dir='ltr'><strong>suburbanis</strong></span> <span class='ocrx_word' id='word_1_238' title='bbox 1250 1987 1444 2054; x_wconf 77' lang='lat' dir='ltr'><strong>Gomorrlroe,</strong></span> <span class='ocrx_word' id='word_1_239' title='bbox 1458 1984 1489 2045; x_wconf 90' lang='lat' dir='ltr'><strong>id</strong></span> <span class='ocrx_word' id='word_1_240' title='bbox 1505 1991 1563 2059; x_wconf 85' lang='lat' dir='ltr'><strong>est,</strong></span> <span class='ocrx_word' id='word_1_241' title='bbox 1577 1982 1671 2045; x_wconf 85' lang='lat' dir='ltr'><strong>vinca</strong></span> <span class='ocrx_word' id='word_1_242' title='bbox 1684 1982 1736 2044; x_wconf 89' lang='lat' dir='ltr'><strong>Ju-</strong></span> 
     </span>
     <span class='ocr_line' id='line_1_39' title="bbox 991 2081 1736 2148; baseline -0.008 0"><span class='ocrx_word' id='word_1_243' title='bbox 991 2086 1131 2148; x_wconf 79' lang='lat' dir='ltr'><strong>daeorum</strong></span> <span class='ocrx_word' id='word_1_244' title='bbox 1142 2092 1190 2146; x_wconf 89' lang='lat' dir='ltr'><strong>est</strong></span> <span class='ocrx_word' id='word_1_245' title='bbox 1199 2084 1239 2146; x_wconf 89' lang='lat' dir='ltr'><strong>de</strong></span> <span class='ocrx_word' id='word_1_246' title='bbox 1251 2101 1382 2145; x_wconf 92' lang='lat' dir='ltr'><strong>numero</strong></span> <span class='ocrx_word' id='word_1_247' title='bbox 1393 2083 1494 2146; x_wconf 84' lang='lat' dir='ltr'><strong>vinea</strong></span> <span class='ocrx_word' id='word_1_248' title='bbox 1506 2081 1736 2145; x_wconf 67' lang='lat' dir='ltr'><strong>Sodomitarum</strong></span> 
     </span>
     <span class='ocr_line' id='line_1_40' title="bbox 992 2179 1736 2259; baseline -0.009 -13"><span class='ocrx_word' id='word_1_249' title='bbox 992 2203 1027 2246; x_wconf 89' lang='lat' dir='ltr'><strong>ac</strong></span> <span class='ocrx_word' id='word_1_250' title='bbox 1051 2182 1338 2245; x_wconf 82' lang='lat' dir='ltr'><strong>Gomorrhaeorum.</strong></span> <span class='ocrx_word' id='word_1_251' title='bbox 1364 2180 1421 2243; x_wconf 88' lang='lat' dir='ltr'><strong>Per</strong></span> <span class='ocrx_word' id='word_1_252' title='bbox 1445 2179 1572 2242; x_wconf 88' lang='lat' dir='ltr'><strong>vineam</strong></span> <span class='ocrx_word' id='word_1_253' title='bbox 1598 2197 1736 2259; x_wconf 90' lang='lat' dir='ltr'><strong>namque</strong></span> 
     </span>
     <span class='ocr_line' id='line_1_41' title="bbox 992 2277 1736 2362; baseline -0.003 -20"><span class='ocrx_word' id='word_1_254' title='bbox 992 2279 1182 2360; x_wconf 80' lang='lat' dir='ltr'><strong>intelligitur</strong></span> <span class='ocrx_word' id='word_1_255' title='bbox 1208 2279 1297 2362; x_wconf 90' lang='lat' dir='ltr'><strong>plebs</strong></span> <span class='ocrx_word' id='word_1_256' title='bbox 1322 2297 1542 2361; x_wconf 75' lang='lat' dir='ltr'><strong>quaecumque,</strong></span> <span class='ocrx_word' id='word_1_257' title='bbox 1561 2277 1736 2360; x_wconf 74' lang='lat' dir='ltr'><strong>praesertim</strong></span> 
     </span>
     <span class='ocr_line' id='line_1_42' title="bbox 992 2376 1737 2460; baseline -0.003 -18"><span class='ocrx_word' id='word_1_258' title='bbox 992 2380 1076 2443; x_wconf 88' lang='lat' dir='ltr'><strong>bona</strong></span> <span class='ocrx_word' id='word_1_259' title='bbox 1091 2387 1122 2441; x_wconf 91' lang='lat' dir='ltr'><strong>et</strong></span> <span class='ocrx_word' id='word_1_260' title='bbox 1139 2377 1312 2442; x_wconf 78' lang='lat' dir='ltr'><strong>fructuosa.</strong></span> <span class='ocrx_word' id='word_1_261' title='bbox 1329 2378 1417 2441; x_wconf 87' lang='lat' dir='ltr'><strong>Unde</strong></span> <span class='ocrx_word' id='word_1_262' title='bbox 1432 2378 1472 2440; x_wconf 90' lang='lat' dir='ltr'><strong>de</strong></span> <span class='ocrx_word' id='word_1_263' title='bbox 1486 2378 1604 2460; x_wconf 92' lang='lat' dir='ltr'><strong>populo</strong></span> <span class='ocrx_word' id='word_1_264' title='bbox 1619 2376 1737 2440; x_wconf 77' lang='lat' dir='ltr'><strong>ludaeo-</strong></span> 
     </span>
     <span class='ocr_line' id='line_1_43' title="bbox 993 2476 1882 2557; baseline 0 -17"><span class='ocrx_word' id='word_1_265' title='bbox 993 2497 1062 2540; x_wconf 93' lang='lat' dir='ltr'><strong>rum</strong></span> <span class='ocrx_word' id='word_1_266' title='bbox 1081 2477 1181 2540; x_wconf 85' lang='lat' dir='ltr'><strong>iertur</strong></span> <span class='ocrx_word' id='word_1_267' title='bbox 1196 2477 1229 2538; x_wconf 95' lang='lat' dir='ltr'><strong>in</strong></span> <span class='ocrx_word' id='word_1_268' title='bbox 1245 2476 1388 2540; x_wconf 90' lang='lat' dir='ltr'><strong>Psalmo:</strong></span> <span class='ocrx_word' id='word_1_269' title='bbox 1406 2476 1538 2539; x_wconf 86' lang='lat' dir='ltr'><strong>Vincam</strong></span> <span class='ocrx_word' id='word_1_270' title='bbox 1554 2476 1736 2557; x_wconf 75' lang='lat' dir='ltr'><strong>deAEgypto</strong></span> <span class='ocrx_word' id='word_1_271' title='bbox 1750 2498 1882 2550; x_wconf 62' lang='lat' dir='ltr'><strong>eamus.</strong></span> 
     </span>
     <span class='ocr_line' id='line_1_44' title="bbox 992 2574 1865 2645; baseline -0.002 -6"><span class='ocrx_word' id='word_1_272' title='bbox 992 2576 1195 2639; x_wconf 88' lang='lat' dir='ltr'><strong>transtulisti.</strong></span> <span class='ocrx_word' id='word_1_273' title='bbox 1205 2576 1243 2636; x_wconf 89' lang='lat' dir='ltr'><strong>Et</strong></span> <span class='ocrx_word' id='word_1_274' title='bbox 1255 2575 1287 2637; x_wconf 91' lang='lat' dir='ltr'><strong>in</strong></span> <span class='ocrx_word' id='word_1_275' title='bbox 1300 2574 1502 2638; x_wconf 76' lang='lat' dir='ltr'><strong>lsaiazvinea</strong></span> <span class='ocrx_word' id='word_1_276' title='bbox 1512 2574 1637 2638; x_wconf 86' lang='lat' dir='ltr'><strong>Domini</strong></span> <span class='ocrx_word' id='word_1_277' title='bbox 1652 2592 1738 2636; x_wconf 86' lang='lat' dir='ltr'><strong>exer·</strong></span> <span class='ocrx_word' id='word_1_278' title='bbox 1766 2595 1799 2638; x_wconf 81' lang='lat' dir='ltr'><strong>n.</strong></span> <span class='ocrx_word' id='word_1_279' title='bbox 1813 2609 1834 2645; x_wconf 74' lang='lat' dir='ltr'><strong>v.</strong></span> <span class='ocrx_word' id='word_1_280' title='bbox 1845 2599 1865 2637; x_wconf 87' lang='lat' dir='ltr'><strong>r.</strong></span> 
     </span>
     <span class='ocr_line' id='line_1_45' title="bbox 992 2671 1875 2750; baseline 0 -13"><span class='ocrx_word' id='word_1_281' title='bbox 992 2675 1248 2750; x_wconf 88' lang='lat' dir='ltr'><strong>citunm‚domus</strong></span> <span class='ocrx_word' id='word_1_282' title='bbox 1264 2674 1358 2736; x_wconf 90' lang='lat' dir='ltr'><strong>lsrael</strong></span> <span class='ocrx_word' id='word_1_283' title='bbox 1374 2681 1432 2736; x_wconf 91' lang='lat' dir='ltr'><strong>est.</strong></span> <span class='ocrx_word' id='word_1_284' title='bbox 1443 2673 1480 2734; x_wconf 85' lang='lat' dir='ltr'><strong>Et</strong></span> <span class='ocrx_word' id='word_1_285' title='bbox 1491 2672 1568 2736; x_wconf 87' lang='lat' dir='ltr'><strong>Osco</strong></span> <span class='ocrx_word' id='word_1_286' title='bbox 1583 2671 1736 2734; x_wconf 77' lang='lat' dir='ltr'><strong>aittllitis</strong></span> <span class='ocrx_word' id='word_1_287' title='bbox 1766 2693 1875 2743; x_wconf 59' lang='lat' dir='ltr'><strong>oreas.</strong></span> 
     </span>
     <span class='ocr_line' id='line_1_46' title="bbox 993 2772 1738 2853; baseline -0.004 -17"><span class='ocrx_word' id='word_1_288' title='bbox 993 2774 1143 2836; x_wconf 79' lang='lat' dir='ltr'><strong>frondosa</strong></span> <span class='ocrx_word' id='word_1_289' title='bbox 1153 2772 1258 2834; x_wconf 89' lang='lat' dir='ltr'><strong>lsrael.</strong></span> <span class='ocrx_word' id='word_1_290' title='bbox 1268 2773 1375 2853; x_wconf 87' lang='lat' dir='ltr'><strong>ltaque</strong></span> <span class='ocrx_word' id='word_1_291' title='bbox 1391 2791 1503 2834; x_wconf 91' lang='lat' dir='ltr'><strong>sensus</strong></span> <span class='ocrx_word' id='word_1_292' title='bbox 1519 2772 1673 2853; x_wconf 72' lang='lat' dir='ltr'><strong>estquod</strong></span> <span class='ocrx_word' id='word_1_293' title='bbox 1685 2788 1738 2852; x_wconf 84' lang='lat' dir='ltr'><strong>po</strong></span> 
     </span>
     <span class='ocr_line' id='line_1_47' title="bbox 992 2868 1739 2955; baseline -0.003 -21"><span class='ocrx_word' id='word_1_294' title='bbox 992 2873 1088 2955; x_wconf 90' lang='lat' dir='ltr'><strong>pulus</strong></span> <span class='ocrx_word' id='word_1_295' title='bbox 1099 2870 1192 2934; x_wconf 87' lang='lat' dir='ltr'><strong>lsrael</strong></span> <span class='ocrx_word' id='word_1_296' title='bbox 1204 2870 1397 2932; x_wconf 86' lang='lat' dir='ltr'><strong>assimilatus</strong></span> <span class='ocrx_word' id='word_1_297' title='bbox 1408 2879 1456 2932; x_wconf 89' lang='lat' dir='ltr'><strong>est</strong></span> <span class='ocrx_word' id='word_1_298' title='bbox 1467 2869 1635 2933; x_wconf 91' lang='lat' dir='ltr'><strong>Sodomitis</strong></span> <span class='ocrx_word' id='word_1_299' title='bbox 1645 2868 1739 2932; x_wconf 80' lang='lat' dir='ltr'><strong>etGo</strong></span> 
     </span>
     <span class='ocr_line' id='line_1_48' title="bbox 992 2966 1735 3034; baseline -0.008 -1"><span class='ocrx_word' id='word_1_300' title='bbox 992 2970 1156 3034; x_wconf 76' lang='lat' dir='ltr'><strong>morrhaeis</strong></span> <span class='ocrx_word' id='word_1_301' title='bbox 1172 2969 1204 3030; x_wconf 91' lang='lat' dir='ltr'><strong>in</strong></span> <span class='ocrx_word' id='word_1_302' title='bbox 1222 2969 1288 3030; x_wconf 91' lang='lat' dir='ltr'><strong>suis</strong></span> <span class='ocrx_word' id='word_1_303' title='bbox 1304 2967 1484 3031; x_wconf 88' lang='lat' dir='ltr'><strong>sceleribus.</strong></span> <span class='ocrx_word' id='word_1_304' title='bbox 1495 2969 1614 3031; x_wconf 93' lang='lat' dir='ltr'><strong>ldcirco</strong></span> <span class='ocrx_word' id='word_1_305' title='bbox 1625 2966 1735 3029; x_wconf 88' lang='lat' dir='ltr'><strong>lsaias:</strong></span> 
     </span>
    </p>
   </div>
   <div class='ocr_carea' id='block_1_9' title="bbox 186 3063 1870 3148">
    <p class='ocr_par' dir='ltr' id='par_1_10' title="bbox 186 3063 1870 3148">
     <span class='ocr_line' id='line_1_49' title="bbox 186 3063 1870 3148; baseline -0.001 -18"><span class='ocrx_word' id='word_1_306' title='bbox 186 3070 275 3130; x_wconf 88' lang='lat' dir='ltr'><strong>dant.</strong></span> <span class='ocrx_word' id='word_1_307' title='bbox 295 3070 336 3129; x_wconf 79' lang='lat' dir='ltr'><strong>nt</strong></span> <span class='ocrx_word' id='word_1_308' title='bbox 357 3068 489 3126; x_wconf 79' lang='lat' dir='ltr'><strong>inimici</strong></span> <span class='ocrx_word' id='word_1_309' title='bbox 509 3069 701 3128; x_wconf 77' lang='lat' dir='ltr'><strong>nostrimet</strong></span> <span class='ocrx_word' id='word_1_310' title='bbox 714 3069 855 3144; x_wconf 78' lang='lat' dir='ltr'><strong>judices.</strong></span> <span class='ocrx_word' id='word_1_311' title='bbox 873 3068 937 3130; x_wconf 92' lang='lat' dir='ltr'><strong>Hoc</strong></span> <span class='ocrx_word' id='word_1_312' title='bbox 954 3071 975 3136; x_wconf 85' lang='lat' dir='ltr'>C</span> <span class='ocrx_word' id='word_1_313' title='bbox 992 3069 1117 3143; x_wconf 74' lang='lat' dir='ltr'><strong>Audite,</strong></span> <span class='ocrx_word' id='word_1_314' title='bbox 1136 3066 1251 3148; x_wconf 89' lang='lat' dir='ltr'><strong>inquit,</strong></span> <span class='ocrx_word' id='word_1_315' title='bbox 1269 3066 1401 3129; x_wconf 86' lang='lat' dir='ltr'><strong>verbnm</strong></span> <span class='ocrx_word' id='word_1_316' title='bbox 1421 3065 1558 3142; x_wconf 91' lang='lat' dir='ltr'><strong>Domini,</strong></span> <span class='ocrx_word' id='word_1_317' title='bbox 1575 3063 1737 3148; x_wconf 88' lang='lat' dir='ltr'><strong>principos</strong></span> <span class='ocrx_word' id='word_1_318' title='bbox 1771 3084 1870 3137; x_wconf 67' lang='lat' dir='ltr'><strong>reato.</strong></span> 
     </span>
    </p>
   </div>
   <div class='ocr_carea' id='block_1_10' title="bbox 71 3165 940 4227">
    <p class='ocr_par' dir='ltr' id='par_1_11' title="bbox 71 3165 940 4227">
     <span class='ocr_line' id='line_1_50' title="bbox 189 3165 938 3248; baseline 0 -21"><span class='ocrx_word' id='word_1_319' title='bbox 189 3165 360 3248; x_wconf 89' lang='lat' dir='ltr'><strong>tripliciter</strong></span> <span class='ocrx_word' id='word_1_320' title='bbox 377 3173 481 3246; x_wconf 90' lang='lat' dir='ltr'><strong>potest</strong></span> <span class='ocrx_word' id='word_1_321' title='bbox 495 3165 622 3245; x_wconf 88' lang='lat' dir='ltr'><strong>exponi.</strong></span> <span class='ocrx_word' id='word_1_322' title='bbox 639 3165 755 3242; x_wconf 88' lang='lat' dir='ltr'><strong>Primo,</strong></span> <span class='ocrx_word' id='word_1_323' title='bbox 774 3167 858 3246; x_wconf 96' lang='lat' dir='ltr'><strong>quod</strong></span> <span class='ocrx_word' id='word_1_324' title='bbox 874 3166 938 3247; x_wconf 91' lang='lat' dir='ltr'><strong>spi-</strong></span> 
     </span>
     <span class='ocr_line' id='line_1_51' title="bbox 188 3261 937 3344; baseline 0 -20"><span class='ocrx_word' id='word_1_325' title='bbox 188 3264 269 3325; x_wconf 90' lang='lat' dir='ltr'><strong>ritus</strong></span> <span class='ocrx_word' id='word_1_326' title='bbox 285 3262 419 3343; x_wconf 86' lang='lat' dir='ltr'><strong>maligni</strong></span> <span class='ocrx_word' id='word_1_327' title='bbox 433 3261 600 3343; x_wconf 89' lang='lat' dir='ltr'><strong>loquentes</strong></span> <span class='ocrx_word' id='word_1_328' title='bbox 612 3281 668 3344; x_wconf 90' lang='lat' dir='ltr'><strong>per</strong></span> <span class='ocrx_word' id='word_1_329' title='bbox 679 3262 764 3326; x_wconf 91' lang='lat' dir='ltr'><strong>idola</strong></span> <span class='ocrx_word' id='word_1_330' title='bbox 774 3282 829 3325; x_wconf 88' lang='lat' dir='ltr'><strong>scu</strong></span> <span class='ocrx_word' id='word_1_331' title='bbox 841 3264 937 3326; x_wconf 90' lang='lat' dir='ltr'><strong>etiam</strong></span> 
     </span>
     <span class='ocr_line' id='line_1_52' title="bbox 188 3361 938 3443; baseline -0.003 -19"><span class='ocrx_word' id='word_1_332' title='bbox 188 3362 305 3424; x_wconf 74' lang='lat' dir='ltr'><strong>animat</strong></span> <span class='ocrx_word' id='word_1_333' title='bbox 325 3361 492 3424; x_wconf 91' lang='lat' dir='ltr'><strong>hominum</strong></span> <span class='ocrx_word' id='word_1_334' title='bbox 515 3361 740 3424; x_wconf 91' lang='lat' dir='ltr'><strong>sceleratorum</strong></span> <span class='ocrx_word' id='word_1_335' title='bbox 757 3361 811 3443; x_wconf 92' lang='lat' dir='ltr'><strong>qui</strong></span> <span class='ocrx_word' id='word_1_336' title='bbox 829 3361 938 3425; x_wconf 90' lang='lat' dir='ltr'><strong>colun-</strong></span> 
     </span>
     <span class='ocr_line' id='line_1_53' title="bbox 188 3459 939 3543; baseline 0 -21"><span class='ocrx_word' id='word_1_337' title='bbox 188 3470 240 3523; x_wconf 93' lang='lat' dir='ltr'><strong>tur</strong></span> <span class='ocrx_word' id='word_1_338' title='bbox 257 3468 292 3522; x_wconf 92' lang='lat' dir='ltr'><strong>ut</strong></span> <span class='ocrx_word' id='word_1_339' title='bbox 306 3459 363 3536; x_wconf 94' lang='lat' dir='ltr'><strong>dii,</strong></span> <span class='ocrx_word' id='word_1_340' title='bbox 374 3459 436 3541; x_wconf 89' lang='lat' dir='ltr'><strong>ipsi</strong></span> <span class='ocrx_word' id='word_1_341' title='bbox 454 3477 583 3541; x_wconf 92' lang='lat' dir='ltr'><strong>quoque</strong></span> <span class='ocrx_word' id='word_1_342' title='bbox 599 3460 773 3523; x_wconf 77' lang='lat' dir='ltr'><strong>idololatrae</strong></span> <span class='ocrx_word' id='word_1_343' title='bbox 789 3470 820 3522; x_wconf 91' lang='lat' dir='ltr'><strong>ct</strong></span> <span class='ocrx_word' id='word_1_344' title='bbox 835 3479 939 3543; x_wconf 90' lang='lat' dir='ltr'><strong>perse-</strong></span> 
     </span>
     <span class='ocr_line' id='line_1_54' title="bbox 189 3558 938 3639; baseline -0.003 -17"><span class='ocrx_word' id='word_1_345' title='bbox 189 3567 316 3622; x_wconf 88' lang='lat' dir='ltr'><strong>cutores</strong></span> <span class='ocrx_word' id='word_1_346' title='bbox 341 3565 541 3639; x_wconf 89' lang='lat' dir='ltr'><strong>agnoverunt</strong></span> <span class='ocrx_word' id='word_1_347' title='bbox 556 3558 654 3620; x_wconf 91' lang='lat' dir='ltr'><strong>Deum</strong></span> <span class='ocrx_word' id='word_1_348' title='bbox 680 3558 773 3622; x_wconf 88' lang='lat' dir='ltr'><strong>lsrael</strong></span> <span class='ocrx_word' id='word_1_349' title='bbox 797 3578 866 3621; x_wconf 89' lang='lat' dir='ltr'><strong>esse</strong></span> <span class='ocrx_word' id='word_1_350' title='bbox 888 3579 938 3620; x_wconf 88' lang='lat' dir='ltr'><strong>ve·</strong></span> 
     </span>
     <span class='ocr_line' id='line_1_55' title="bbox 190 3657 938 3733; baseline -0.001 -15"><span class='ocrx_word' id='word_1_351' title='bbox 190 3677 260 3719; x_wconf 93' lang='lat' dir='ltr'><strong>rum</strong></span> <span class='ocrx_word' id='word_1_352' title='bbox 284 3665 316 3720; x_wconf 90' lang='lat' dir='ltr'><strong>et</strong></span> <span class='ocrx_word' id='word_1_353' title='bbox 339 3665 483 3718; x_wconf 91' lang='lat' dir='ltr'><strong>sanctum</strong></span> <span class='ocrx_word' id='word_1_354' title='bbox 507 3657 618 3733; x_wconf 86' lang='lat' dir='ltr'><strong>Deum,</strong></span> <span class='ocrx_word' id='word_1_355' title='bbox 636 3675 708 3719; x_wconf 91' lang='lat' dir='ltr'><strong>suos</strong></span> <span class='ocrx_word' id='word_1_356' title='bbox 735 3658 872 3719; x_wconf 92' lang='lat' dir='ltr'><strong>cultores</strong></span> <span class='ocrx_word' id='word_1_357' title='bbox 895 3657 938 3718; x_wconf 90' lang='lat' dir='ltr'><strong>ita</strong></span> 
     </span>
     <span class='ocr_line' id='line_1_56' title="bbox 191 3755 939 3836; baseline 0 -20"><span class='ocrx_word' id='word_1_358' title='bbox 191 3763 392 3831; x_wconf 88' lang='lat' dir='ltr'><strong>tractantem,</strong></span> <span class='ocrx_word' id='word_1_359' title='bbox 411 3755 538 3836; x_wconf 89' lang='lat' dir='ltr'><strong>qnando</strong></span> <span class='ocrx_word' id='word_1_360' title='bbox 563 3763 725 3817; x_wconf 90' lang='lat' dir='ltr'><strong>merentur</strong></span> <span class='ocrx_word' id='word_1_361' title='bbox 751 3765 782 3817; x_wconf 91' lang='lat' dir='ltr'><strong>et</strong></span> <span class='ocrx_word' id='word_1_362' title='bbox 807 3763 939 3836; x_wconf 90' lang='lat' dir='ltr'><strong>peceant</strong></span> 
     </span>
     <span class='ocr_line' id='line_1_57' title="bbox 191 3853 940 3934; baseline -0.001 -18"><span class='ocrx_word' id='word_1_363' title='bbox 191 3865 256 3917; x_wconf 87' lang='lat' dir='ltr'><strong>tam</strong></span> <span class='ocrx_word' id='word_1_364' title='bbox 277 3853 427 3934; x_wconf 89' lang='lat' dir='ltr'><strong>graviter.</strong></span> <span class='ocrx_word' id='word_1_365' title='bbox 445 3854 533 3916; x_wconf 90' lang='lat' dir='ltr'><strong>Unde</strong></span> <span class='ocrx_word' id='word_1_366' title='bbox 555 3863 586 3916; x_wconf 89' lang='lat' dir='ltr'><strong>et</strong></span> <span class='ocrx_word' id='word_1_367' title='bbox 601 3854 717 3916; x_wconf 81' lang='lat' dir='ltr'><strong>Acbior</strong></span> <span class='ocrx_word' id='word_1_368' title='bbox 732 3855 812 3916; x_wconf 81' lang='lat' dir='ltr'><strong>dixit</strong></span> <span class='ocrx_word' id='word_1_369' title='bbox 826 3856 865 3917; x_wconf 87' lang='lat' dir='ltr'><strong>ad</strong></span> <span class='ocrx_word' id='word_1_370' title='bbox 880 3855 940 3916; x_wconf 91' lang='lat' dir='ltr'><strong>Ho-</strong></span> 
     </span>
     <span class='ocr_line' id='line_1_58' title="bbox 192 3949 937 4031; baseline -0.001 -18"><span class='ocrx_word' id='word_1_371' title='bbox 192 3950 349 4015; x_wconf 82' lang='lat' dir='ltr'><strong>lofernem</strong></span> <span class='ocrx_word' id='word_1_372' title='bbox 380 3967 387 4011; x_wconf 90' lang='lat'>:</span> <span class='ocrx_word' id='word_1_373' title='bbox 413 3949 678 4030; x_wconf 85' lang='lat' dir='ltr'><strong>Quotiescumque</strong></span> <span class='ocrx_word' id='word_1_374' title='bbox 704 3959 817 4031; x_wconf 79' lang='lat' dir='ltr'><strong>praetcr</strong></span> <span class='ocrx_word' id='word_1_375' title='bbox 842 3952 937 4014; x_wconf 89' lang='lat' dir='ltr'><strong>Deum</strong></span> 
     </span>
     <span class='ocr_line' id='line_1_59' title="bbox 71 4043 940 4131; baseline -0.002 -19"><span class='ocrx_word' id='word_1_376' title='bbox 71 4043 124 4073; x_wconf 68' lang='lat'><strong>“¹¹</strong></span> <span class='ocrx_word' id='word_1_377' title='bbox 191 4069 284 4112; x_wconf 91' lang='lat' dir='ltr'><strong>snum</strong></span> <span class='ocrx_word' id='word_1_378' title='bbox 302 4048 436 4110; x_wconf 88' lang='lat' dir='ltr'><strong>alterum</strong></span> <span class='ocrx_word' id='word_1_379' title='bbox 454 4049 631 4124; x_wconf 89' lang='lat' dir='ltr'><strong>coluerunt,</strong></span> <span class='ocrx_word' id='word_1_380' title='bbox 642 4048 706 4110; x_wconf 89' lang='lat' dir='ltr'><strong>dati</strong></span> <span class='ocrx_word' id='word_1_381' title='bbox 724 4050 845 4110; x_wconf 92' lang='lat' dir='ltr'><strong>suntin</strong></span> <span class='ocrx_word' id='word_1_382' title='bbox 863 4068 940 4131; x_wconf 72' lang='lat' dir='ltr'><strong>prae</strong></span> 
     </span>
     <span class='ocr_line' id='line_1_60' title="bbox 191 4145 940 4227; baseline -0.004 -16"><span class='ocrx_word' id='word_1_383' title='bbox 191 4151 264 4211; x_wconf 91' lang='lat' dir='ltr'><strong>dam</strong></span> <span class='ocrx_word' id='word_1_384' title='bbox 286 4156 318 4210; x_wconf 87' lang='lat' dir='ltr'><strong>et</strong></span> <span class='ocrx_word' id='word_1_385' title='bbox 336 4145 491 4227; x_wconf 84' lang='lat' dir='ltr'><strong>gladium.</strong></span> <span class='ocrx_word' id='word_1_386' title='bbox 510 4148 590 4210; x_wconf 91' lang='lat' dir='ltr'><strong>Deus</strong></span> <span class='ocrx_word' id='word_1_387' title='bbox 613 4147 698 4209; x_wconf 91' lang='lat' dir='ltr'><strong>enim</strong></span> <span class='ocrx_word' id='word_1_388' title='bbox 724 4147 848 4210; x_wconf 93' lang='lat' dir='ltr'><strong>illorum</strong></span> <span class='ocrx_word' id='word_1_389' title='bbox 873 4148 940 4210; x_wconf 93' lang='lat' dir='ltr'><strong>odit</strong></span> 
     </span>
    </p>
   </div>
   <div class='ocr_carea' id='block_1_11' title="bbox 993 3161 1884 4134">
    <p class='ocr_par' dir='ltr' id='par_1_12' title="bbox 993 3161 1737 3247">
     <span class='ocr_line' id='line_1_61' title="bbox 993 3161 1737 3247; baseline -0.008 -17"><span class='ocrx_word' id='word_1_390' title='bbox 993 3167 1213 3242; x_wconf 89' lang='lat' dir='ltr'><strong>Sodomorum,</strong></span> <span class='ocrx_word' id='word_1_391' title='bbox 1233 3165 1365 3227; x_wconf 89' lang='lat' dir='ltr'><strong>auribus</strong></span> <span class='ocrx_word' id='word_1_392' title='bbox 1387 3164 1543 3247; x_wconf 90' lang='lat' dir='ltr'><strong>percipite</strong></span> <span class='ocrx_word' id='word_1_393' title='bbox 1564 3164 1666 3245; x_wconf 89' lang='lat' dir='ltr'><strong>legem</strong></span> <span class='ocrx_word' id='word_1_394' title='bbox 1682 3161 1737 3226; x_wconf 91' lang='lat' dir='ltr'><strong>Doi</strong></span> 
     </span>
    </p>

    <p class='ocr_par' dir='ltr' id='par_1_13' title="bbox 993 3261 1884 3643">
     <span class='ocr_line' id='line_1_62' title="bbox 993 3261 1739 3346; baseline -0.004 -19"><span class='ocrx_word' id='word_1_395' title='bbox 993 3265 1105 3341; x_wconf 91' lang='lat' dir='ltr'><strong>nostri,</strong></span> <span class='ocrx_word' id='word_1_396' title='bbox 1130 3263 1267 3346; x_wconf 93' lang='lat' dir='ltr'><strong>populus</strong></span> <span class='ocrx_word' id='word_1_397' title='bbox 1287 3263 1479 3327; x_wconf 72' lang='lat' dir='ltr'><strong>Gomorrha.</strong></span> <span class='ocrx_word' id='word_1_398' title='bbox 1497 3264 1561 3326; x_wconf 94' lang='lat' dir='ltr'><strong>lmo</strong></span> <span class='ocrx_word' id='word_1_399' title='bbox 1586 3281 1643 3344; x_wconf 91' lang='lat' dir='ltr'><strong>per</strong></span> <span class='ocrx_word' id='word_1_400' title='bbox 1667 3261 1739 3324; x_wconf 88' lang='lat' dir='ltr'><strong>Eze-</strong></span> 
     </span>
     <span class='ocr_line' id='line_1_63' title="bbox 993 3359 1884 3443; baseline -0.006 -18"><span class='ocrx_word' id='word_1_401' title='bbox 993 3363 1128 3426; x_wconf 89' lang='lat' dir='ltr'><strong>chielem</strong></span> <span class='ocrx_word' id='word_1_402' title='bbox 1138 3361 1290 3425; x_wconf 90' lang='lat' dir='ltr'><strong>Dominus</strong></span> <span class='ocrx_word' id='word_1_403' title='bbox 1301 3362 1424 3425; x_wconf 90' lang='lat' dir='ltr'><strong>locutus</strong></span> <span class='ocrx_word' id='word_1_404' title='bbox 1435 3370 1483 3423; x_wconf 94' lang='lat' dir='ltr'><strong>est</strong></span> <span class='ocrx_word' id='word_1_405' title='bbox 1493 3359 1739 3443; x_wconf 76' lang='lat' dir='ltr'><strong>Synagogoe280·</strong></span> <span class='ocrx_word' id='word_1_406' title='bbox 1759 3377 1884 3430; x_wconf 65' lang='lat' dir='ltr'><strong>uzarae,</strong></span> 
     </span>
     <span class='ocr_line' id='line_1_64' title="bbox 993 3444 1787 3543; baseline -0.005 -19"><span class='ocrx_word' id='word_1_407' title='bbox 993 3463 1086 3524; x_wconf 86' lang='lat' dir='ltr'><strong>doma</strong></span> <span class='ocrx_word' id='word_1_408' title='bbox 1111 3460 1279 3524; x_wconf 93' lang='lat' dir='ltr'><strong>dimidium</strong></span> <span class='ocrx_word' id='word_1_409' title='bbox 1302 3469 1503 3543; x_wconf 85' lang='lat' dir='ltr'><strong>pcccatorum</strong></span> <span class='ocrx_word' id='word_1_410' title='bbox 1526 3468 1651 3522; x_wconf 93' lang='lat' dir='ltr'><strong>tuorum</strong></span> <span class='ocrx_word' id='word_1_411' title='bbox 1674 3477 1738 3521; x_wconf 89' lang='lat' dir='ltr'><strong>nou</strong></span> <span class='ocrx_word' id='word_1_412' title='bbox 1753 3444 1787 3484; x_wconf 82' lang='lat'><strong>⁵¹·</strong></span> 
     </span>
     <span class='ocr_line' id='line_1_65' title="bbox 993 3557 1739 3643; baseline -0.005 -21"><span class='ocrx_word' id='word_1_413' title='bbox 993 3558 1426 3643; x_wconf 85' lang='lat' dir='ltr'><strong>peccavithristusquoque</strong></span> <span class='ocrx_word' id='word_1_414' title='bbox 1438 3558 1470 3620; x_wconf 94' lang='lat' dir='ltr'><strong>in</strong></span> <span class='ocrx_word' id='word_1_415' title='bbox 1483 3557 1655 3639; x_wconf 88' lang='lat' dir='ltr'><strong>Evangelio</strong></span> <span class='ocrx_word' id='word_1_416' title='bbox 1666 3575 1739 3620; x_wconf 93' lang='lat' dir='ltr'><strong>con·</strong></span> 
     </span>
    </p>

    <p class='ocr_par' dir='ltr' id='par_1_14' title="bbox 993 3654 1883 4134">
     <span class='ocr_line' id='line_1_66' title="bbox 994 3654 1883 3724; baseline -0.003 -4"><span class='ocrx_word' id='word_1_417' title='bbox 994 3666 1125 3722; x_wconf 89' lang='lat' dir='ltr'><strong>testatus</strong></span> <span class='ocrx_word' id='word_1_418' title='bbox 1142 3666 1209 3720; x_wconf 90' lang='lat' dir='ltr'><strong>est:</strong></span> <span class='ocrx_word' id='word_1_419' title='bbox 1227 3658 1330 3720; x_wconf 76' lang='lat' dir='ltr'><strong>Terrae</strong></span> <span class='ocrx_word' id='word_1_420' title='bbox 1346 3657 1554 3720; x_wconf 90' lang='lat' dir='ltr'><strong>Sodomorum</strong></span> <span class='ocrx_word' id='word_1_421' title='bbox 1574 3654 1739 3718; x_wconf 91' lang='lat' dir='ltr'><strong>remissius</strong></span> <span class='ocrx_word' id='word_1_422' title='bbox 1766 3673 1883 3724; x_wconf 54' lang='lat' dir='ltr'><strong>norant,</strong></span> 
     </span>
     <span class='ocr_line' id='line_1_67' title="bbox 993 3737 1788 3837; baseline -0.009 -18"><span class='ocrx_word' id='word_1_423' title='bbox 993 3758 1053 3820; x_wconf 89' lang='lat' dir='ltr'><strong>orit</strong></span> <span class='ocrx_word' id='word_1_424' title='bbox 1075 3758 1108 3819; x_wconf 95' lang='lat' dir='ltr'><strong>in</strong></span> <span class='ocrx_word' id='word_1_425' title='bbox 1129 3757 1181 3819; x_wconf 89' lang='lat' dir='ltr'><strong>die</strong></span> <span class='ocrx_word' id='word_1_426' title='bbox 1198 3754 1310 3835; x_wconf 89' lang='lat' dir='ltr'><strong>judicii</strong></span> <span class='ocrx_word' id='word_1_427' title='bbox 1327 3775 1422 3837; x_wconf 90' lang='lat' dir='ltr'><strong>quam</strong></span> <span class='ocrx_word' id='word_1_428' title='bbox 1440 3755 1509 3817; x_wconf 92' lang='lat' dir='ltr'><strong>tibi.</strong></span> <span class='ocrx_word' id='word_1_429' title='bbox 1534 3758 1599 3816; x_wconf 82' lang='lat' dir='ltr'><strong>Uoc</strong></span> <span class='ocrx_word' id='word_1_430' title='bbox 1614 3775 1736 3824; x_wconf 81' lang='lat' dir='ltr'><strong>eorum,</strong></span> <span class='ocrx_word' id='word_1_431' title='bbox 1752 3737 1788 3782; x_wconf 76' lang='lat'><strong>²⁴·</strong></span> 
     </span>
     <span class='ocr_line' id='line_1_68' title="bbox 993 3852 1739 3932; baseline -0.007 -16"><span class='ocrx_word' id='word_1_432' title='bbox 993 3878 1057 3916; x_wconf 82' lang='lat' dir='ltr'><strong>ooo</strong></span> <span class='ocrx_word' id='word_1_433' title='bbox 1079 3857 1179 3932; x_wconf 76' lang='lat' dir='ltr'><strong>fellis.</strong></span> <span class='ocrx_word' id='word_1_434' title='bbox 1197 3855 1253 3916; x_wconf 91' lang='lat' dir='ltr'><strong>Per</strong></span> <span class='ocrx_word' id='word_1_435' title='bbox 1275 3873 1368 3916; x_wconf 87' lang='lat' dir='ltr'><strong>uvam</strong></span> <span class='ocrx_word' id='word_1_436' title='bbox 1392 3852 1584 3932; x_wconf 89' lang='lat' dir='ltr'><strong>intelligitur</strong></span> <span class='ocrx_word' id='word_1_437' title='bbox 1605 3852 1739 3915; x_wconf 89' lang='lat' dir='ltr'><strong>vitiosus</strong></span> 
     </span>
     <span class='ocr_line' id='line_1_69' title="bbox 993 3950 1736 4031; baseline -0.008 -14"><span class='ocrx_word' id='word_1_438' title='bbox 993 3955 1172 4016; x_wconf 81' lang='lat' dir='ltr'><strong>Judaeorum</strong></span> <span class='ocrx_word' id='word_1_439' title='bbox 1196 3951 1346 4026; x_wconf 85' lang='lat' dir='ltr'><strong>allectus,</strong></span> <span class='ocrx_word' id='word_1_440' title='bbox 1373 3970 1428 4013; x_wconf 92' lang='lat' dir='ltr'><strong>seu</strong></span> <span class='ocrx_word' id='word_1_441' title='bbox 1453 3950 1602 4030; x_wconf 86' lang='lat' dir='ltr'><strong>cogitatio</strong></span> <span class='ocrx_word' id='word_1_442' title='bbox 1629 3968 1736 4031; x_wconf 87' lang='lat' dir='ltr'><strong>prava,</strong></span> 
     </span>
     <span class='ocr_line' id='line_1_70' title="bbox 993 4048 1740 4134; baseline -0.007 -20"><span class='ocrx_word' id='word_1_443' title='bbox 993 4071 1066 4134; x_wconf 75' lang='lat' dir='ltr'><strong>quae</strong></span> <span class='ocrx_word' id='word_1_444' title='bbox 1089 4051 1149 4113; x_wconf 90' lang='lat' dir='ltr'><strong>luit</strong></span> <span class='ocrx_word' id='word_1_445' title='bbox 1171 4051 1203 4112; x_wconf 95' lang='lat' dir='ltr'><strong>in</strong></span> <span class='ocrx_word' id='word_1_446' title='bbox 1226 4049 1453 4113; x_wconf 86' lang='lat' dir='ltr'><strong>communitate</strong></span> <span class='ocrx_word' id='word_1_447' title='bbox 1468 4057 1500 4111; x_wconf 89' lang='lat' dir='ltr'><strong>et</strong></span> <span class='ocrx_word' id='word_1_448' title='bbox 1520 4049 1552 4110; x_wconf 94' lang='lat' dir='ltr'><strong>in</strong></span> <span class='ocrx_word' id='word_1_449' title='bbox 1571 4048 1740 4131; x_wconf 89' lang='lat' dir='ltr'><strong>particula-</strong></span> 
     </span>
    </p>
   </div>
   <div class='ocr_carea' id='block_1_12' title="bbox 995 4147 1740 4232">
    <p class='ocr_par' dir='ltr' id='par_1_15' title="bbox 995 4147 1740 4232">
     <span class='ocr_line' id='line_1_71' title="bbox 995 4147 1740 4232; baseline -0.005 -20"><span class='ocrx_word' id='word_1_450' title='bbox 995 4150 1083 4212; x_wconf 88' lang='lat' dir='ltr'><strong>ribus</strong></span> <span class='ocrx_word' id='word_1_451' title='bbox 1098 4150 1168 4230; x_wconf 89' lang='lat' dir='ltr'><strong>cjus</strong></span> <span class='ocrx_word' id='word_1_452' title='bbox 1184 4149 1340 4232; x_wconf 92' lang='lat' dir='ltr'><strong>personis.</strong></span> <span class='ocrx_word' id='word_1_453' title='bbox 1357 4148 1446 4211; x_wconf 89' lang='lat' dir='ltr'><strong>Unde</strong></span> <span class='ocrx_word' id='word_1_454' title='bbox 1467 4147 1692 4228; x_wconf 87' lang='lat' dir='ltr'><strong>subjungitur:</strong></span> <span class='ocrx_word' id='word_1_455' title='bbox 1710 4158 1740 4208; x_wconf 86' lang='lat' dir='ltr'><strong>et</strong></span> 
     </span>
    </p>
   </div>
   <div class='ocr_carea' id='block_1_13' title="bbox 193 4245 1737 4328">
    <p class='ocr_par' dir='ltr' id='par_1_16' title="bbox 193 4245 1737 4328">
     <span class='ocr_line' id='line_1_72' title="bbox 193 4245 1737 4328; baseline -0.001 -20"><span class='ocrx_word' id='word_1_456' title='bbox 193 4247 407 4328; x_wconf 88' lang='lat' dir='ltr'><strong>iniquitatem.</strong></span> <span class='ocrx_word' id='word_1_457' title='bbox 425 4246 458 4307; x_wconf 93' lang='lat' dir='ltr'><strong>ln</strong></span> <span class='ocrx_word' id='word_1_458' title='bbox 481 4247 616 4309; x_wconf 88' lang='lat' dir='ltr'><strong>Jeremia</strong></span> <span class='ocrx_word' id='word_1_459' title='bbox 636 4265 763 4327; x_wconf 91' lang='lat' dir='ltr'><strong>quoque</strong></span> <span class='ocrx_word' id='word_1_460' title='bbox 786 4246 938 4328; x_wconf 92' lang='lat' dir='ltr'><strong>scriptum</strong></span> <span class='ocrx_word' id='word_1_461' title='bbox 955 4251 979 4312; x_wconf 90' lang='lat' dir='ltr'>D</span> <span class='ocrx_word' id='word_1_462' title='bbox 995 4253 1101 4309; x_wconf 76' lang='lat' dir='ltr'><strong>botrus</strong></span> <span class='ocrx_word' id='word_1_463' title='bbox 1118 4250 1354 4316; x_wconf 77' lang='lat' dir='ltr'><strong>arrmrissr&#39;mos,</strong></span> <span class='ocrx_word' id='word_1_464' title='bbox 1365 4267 1432 4323; x_wconf 88' lang='lat' dir='ltr'><strong>seu,</strong></span> <span class='ocrx_word' id='word_1_465' title='bbox 1451 4254 1486 4308; x_wconf 89' lang='lat' dir='ltr'><strong>ut</strong></span> <span class='ocrx_word' id='word_1_466' title='bbox 1501 4245 1600 4327; x_wconf 89' lang='lat' dir='ltr'><strong>aliqui</strong></span> <span class='ocrx_word' id='word_1_467' title='bbox 1616 4246 1737 4328; x_wconf 87' lang='lat' dir='ltr'><strong>legunt,</strong></span> 
     </span>
    </p>
   </div>
   <div class='ocr_carea' id='block_1_14' title="bbox 60 4344 944 5411">
    <p class='ocr_par' dir='ltr' id='par_1_17' title="bbox 60 4344 944 5411">
     <span class='ocr_line' id='line_1_73' title="bbox 192 4344 940 4425; baseline -0.001 -18"><span class='ocrx_word' id='word_1_468' title='bbox 192 4353 252 4420; x_wconf 90' lang='lat' dir='ltr'><strong>est,</strong></span> <span class='ocrx_word' id='word_1_469' title='bbox 272 4344 542 4425; x_wconf 90' lang='lat' dir='ltr'><strong>quemadmodum</strong></span> <span class='ocrx_word' id='word_1_470' title='bbox 565 4344 770 4406; x_wconf 88' lang='lat' dir='ltr'><strong>Nabuzardan</strong></span> <span class='ocrx_word' id='word_1_471' title='bbox 791 4344 940 4425; x_wconf 85' lang='lat' dir='ltr'><strong>princeps</strong></span> 
     </span>
     <span class='ocr_line' id='line_1_74' title="bbox 193 4442 937 4522; baseline -0.003 -18"><span class='ocrx_word' id='word_1_472' title='bbox 193 4443 318 4505; x_wconf 80' lang='lat' dir='ltr'><strong>militiae</strong></span> <span class='ocrx_word' id='word_1_473' title='bbox 335 4442 417 4521; x_wconf 87' lang='lat' dir='ltr'><strong>regis</strong></span> <span class='ocrx_word' id='word_1_474' title='bbox 429 4442 603 4522; x_wconf 78' lang='lat' dir='ltr'><strong>Babylonis,</strong></span> <span class='ocrx_word' id='word_1_475' title='bbox 614 4442 694 4504; x_wconf 85' lang='lat' dir='ltr'><strong>dixit</strong></span> <span class='ocrx_word' id='word_1_476' title='bbox 709 4442 748 4503; x_wconf 88' lang='lat' dir='ltr'><strong>ad</strong></span> <span class='ocrx_word' id='word_1_477' title='bbox 758 4442 937 4505; x_wconf 89' lang='lat' dir='ltr'><strong>Jeremiam:</strong></span> 
     </span>
     <span class='ocr_line' id='line_1_75' title="bbox 60 4539 940 4608; baseline 0.008 -14"><span class='ocrx_word' id='word_1_478' title='bbox 60 4554 169 4608; x_wconf 60' lang='lat' dir='ltr'><strong>ranas</strong></span> <span class='ocrx_word' id='word_1_479' title='bbox 194 4541 346 4604; x_wconf 82' lang='lat' dir='ltr'><strong>Dominus</strong></span> <span class='ocrx_word' id='word_1_480' title='bbox 358 4540 440 4602; x_wconf 87' lang='lat' dir='ltr'><strong>Deus</strong></span> <span class='ocrx_word' id='word_1_481' title='bbox 456 4547 528 4602; x_wconf 91' lang='lat' dir='ltr'><strong>tuns</strong></span> <span class='ocrx_word' id='word_1_482' title='bbox 545 4540 669 4602; x_wconf 91' lang='lat' dir='ltr'><strong>locutus</strong></span> <span class='ocrx_word' id='word_1_483' title='bbox 683 4549 729 4602; x_wconf 84' lang='lat' dir='ltr'><strong>est</strong></span> <span class='ocrx_word' id='word_1_484' title='bbox 745 4540 864 4602; x_wconf 88' lang='lat' dir='ltr'><strong>malum</strong></span> <span class='ocrx_word' id='word_1_485' title='bbox 880 4539 940 4601; x_wconf 91' lang='lat' dir='ltr'><strong>hoc</strong></span> 
     </span>
     <span class='ocr_line' id='line_1_76' title="bbox 193 4639 941 4720; baseline -0.003 -19"><span class='ocrx_word' id='word_1_486' title='bbox 193 4659 291 4720; x_wconf 90' lang='lat' dir='ltr'><strong>super</strong></span> <span class='ocrx_word' id='word_1_487' title='bbox 314 4639 419 4701; x_wconf 91' lang='lat' dir='ltr'><strong>locum</strong></span> <span class='ocrx_word' id='word_1_488' title='bbox 441 4639 548 4714; x_wconf 89' lang='lat' dir='ltr'><strong>istum,</strong></span> <span class='ocrx_word' id='word_1_489' title='bbox 567 4639 642 4719; x_wconf 88' lang='lat' dir='ltr'><strong>quia</strong></span> <span class='ocrx_word' id='word_1_490' title='bbox 663 4639 817 4719; x_wconf 86' lang='lat' dir='ltr'><strong>peccastis</strong></span> <span class='ocrx_word' id='word_1_491' title='bbox 837 4639 941 4701; x_wconf 92' lang='lat' dir='ltr'><strong>Domi-</strong></span> 
     </span>
     <span class='ocr_line' id='line_1_77' title="bbox 195 4737 941 4802; baseline -0.003 -2"><span class='ocrx_word' id='word_1_492' title='bbox 195 4757 247 4802; x_wconf 87' lang='lat' dir='ltr'><strong>no.</strong></span> <span class='ocrx_word' id='word_1_493' title='bbox 265 4739 345 4800; x_wconf 92' lang='lat' dir='ltr'><strong>Hinc</strong></span> <span class='ocrx_word' id='word_1_494' title='bbox 368 4738 446 4800; x_wconf 92' lang='lat' dir='ltr'><strong>dicit</strong></span> <span class='ocrx_word' id='word_1_495' title='bbox 460 4737 589 4800; x_wconf 88' lang='lat' dir='ltr'><strong>Glossa:</strong></span> <span class='ocrx_word' id='word_1_496' title='bbox 608 4737 730 4800; x_wconf 91' lang='lat' dir='ltr'><strong>lnimici</strong></span> <span class='ocrx_word' id='word_1_497' title='bbox 748 4738 847 4799; x_wconf 93' lang='lat' dir='ltr'><strong>nostri</strong></span> <span class='ocrx_word' id='word_1_498' title='bbox 868 4747 941 4798; x_wconf 92' lang='lat' dir='ltr'><strong>sunt</strong></span> 
     </span>
     <span class='ocr_line' id='line_1_78' title="bbox 193 4836 943 4920; baseline -0.003 -20"><span class='ocrx_word' id='word_1_499' title='bbox 193 4839 318 4920; x_wconf 87' lang='lat' dir='ltr'><strong>judices</strong></span> <span class='ocrx_word' id='word_1_500' title='bbox 333 4839 572 4918; x_wconf 88' lang='lat' dir='ltr'><strong>approbatores.</strong></span> <span class='ocrx_word' id='word_1_501' title='bbox 584 4837 658 4898; x_wconf 88' lang='lat' dir='ltr'><strong>Nam</strong></span> <span class='ocrx_word' id='word_1_502' title='bbox 675 4845 706 4899; x_wconf 88' lang='lat' dir='ltr'><strong>et</strong></span> <span class='ocrx_word' id='word_1_503' title='bbox 721 4837 776 4917; x_wconf 92' lang='lat' dir='ltr'><strong>qui</strong></span> <span class='ocrx_word' id='word_1_504' title='bbox 794 4836 878 4898; x_wconf 87' lang='lat' dir='ltr'><strong>idola</strong></span> <span class='ocrx_word' id='word_1_505' title='bbox 893 4855 943 4898; x_wconf 93' lang='lat' dir='ltr'><strong>co-</strong></span> 
     </span>
     <span class='ocr_line' id='line_1_79' title="bbox 195 4935 943 5018; baseline -0.001 -20"><span class='ocrx_word' id='word_1_506' title='bbox 195 4936 277 5013; x_wconf 91' lang='lat' dir='ltr'><strong>lunt,</strong></span> <span class='ocrx_word' id='word_1_507' title='bbox 286 4954 384 4997; x_wconf 92' lang='lat' dir='ltr'><strong>unum</strong></span> <span class='ocrx_word' id='word_1_508' title='bbox 397 4937 494 4998; x_wconf 91' lang='lat' dir='ltr'><strong>Deum</strong></span> <span class='ocrx_word' id='word_1_509' title='bbox 507 4955 577 4998; x_wconf 92' lang='lat' dir='ltr'><strong>esse</strong></span> <span class='ocrx_word' id='word_1_510' title='bbox 593 4935 847 5018; x_wconf 86' lang='lat' dir='ltr'><strong>intelligunt,qui</strong></span> <span class='ocrx_word' id='word_1_511' title='bbox 859 4955 943 4997; x_wconf 89' lang='lat' dir='ltr'><strong>crea-</strong></span> 
     </span>
     <span class='ocr_line' id='line_1_80' title="bbox 195 5034 942 5098; baseline -0.001 0"><span class='ocrx_word' id='word_1_512' title='bbox 195 5037 241 5098; x_wconf 84' lang='lat' dir='ltr'><strong>vit</strong></span> <span class='ocrx_word' id='word_1_513' title='bbox 256 5035 374 5098; x_wconf 76' lang='lat' dir='ltr'><strong>eoelum</strong></span> <span class='ocrx_word' id='word_1_514' title='bbox 391 5043 422 5098; x_wconf 90' lang='lat' dir='ltr'><strong>et</strong></span> <span class='ocrx_word' id='word_1_515' title='bbox 440 5043 565 5098; x_wconf 87' lang='lat' dir='ltr'><strong>terram.</strong></span> <span class='ocrx_word' id='word_1_516' title='bbox 576 5035 720 5097; x_wconf 91' lang='lat' dir='ltr'><strong>Secundo</strong></span> <span class='ocrx_word' id='word_1_517' title='bbox 736 5035 801 5097; x_wconf 90' lang='lat' dir='ltr'><strong>sic:</strong></span> <span class='ocrx_word' id='word_1_518' title='bbox 820 5034 942 5097; x_wconf 90' lang='lat' dir='ltr'><strong>lnimici</strong></span> 
     </span>
     <span class='ocr_line' id='line_1_81' title="bbox 197 5133 944 5214; baseline -0.001 -18"><span class='ocrx_word' id='word_1_519' title='bbox 197 5134 298 5197; x_wconf 90' lang='lat' dir='ltr'><strong>nostri</strong></span> <span class='ocrx_word' id='word_1_520' title='bbox 320 5142 396 5196; x_wconf 91' lang='lat' dir='ltr'><strong>sunt</strong></span> <span class='ocrx_word' id='word_1_521' title='bbox 414 5134 549 5214; x_wconf 89' lang='lat' dir='ltr'><strong>judices,</strong></span> <span class='ocrx_word' id='word_1_522' title='bbox 570 5133 600 5195; x_wconf 95' lang='lat' dir='ltr'><strong>id</strong></span> <span class='ocrx_word' id='word_1_523' title='bbox 627 5142 684 5210; x_wconf 89' lang='lat' dir='ltr'><strong>est,</strong></span> <span class='ocrx_word' id='word_1_524' title='bbox 703 5134 873 5195; x_wconf 87' lang='lat' dir='ltr'><strong>adversarii</strong></span> <span class='ocrx_word' id='word_1_525' title='bbox 894 5134 944 5196; x_wconf 88' lang='lat' dir='ltr'><strong>Ju-</strong></span> 
     </span>
     <span class='ocr_line' id='line_1_82' title="bbox 197 5231 943 5312; baseline -0.001 -17"><span class='ocrx_word' id='word_1_526' title='bbox 197 5233 339 5296; x_wconf 84' lang='lat' dir='ltr'><strong>daeorum</strong></span> <span class='ocrx_word' id='word_1_527' title='bbox 368 5231 444 5295; x_wconf 88' lang='lat' dir='ltr'><strong>iacti</strong></span> <span class='ocrx_word' id='word_1_528' title='bbox 471 5240 546 5294; x_wconf 91' lang='lat' dir='ltr'><strong>sunt</strong></span> <span class='ocrx_word' id='word_1_529' title='bbox 571 5231 695 5312; x_wconf 86' lang='lat' dir='ltr'><strong>judices</strong></span> <span class='ocrx_word' id='word_1_530' title='bbox 720 5251 841 5308; x_wconf 90' lang='lat' dir='ltr'><strong>corum,</strong></span> <span class='ocrx_word' id='word_1_531' title='bbox 869 5232 943 5312; x_wconf 87' lang='lat' dir='ltr'><strong>quio</strong></span> 
     </span>
     <span class='ocr_line' id='line_1_83' title="bbox 197 5329 943 5411; baseline -0.005 -17"><span class='ocrx_word' id='word_1_532' title='bbox 197 5330 347 5406; x_wconf 81' lang='lat' dir='ltr'><strong>Cbaldmi,</strong></span> <span class='ocrx_word' id='word_1_533' title='bbox 373 5331 516 5406; x_wconf 87' lang='lat' dir='ltr'><strong>Romani,</strong></span> <span class='ocrx_word' id='word_1_534' title='bbox 541 5339 572 5392; x_wconf 92' lang='lat' dir='ltr'><strong>et</strong></span> <span class='ocrx_word' id='word_1_535' title='bbox 597 5329 693 5392; x_wconf 92' lang='lat' dir='ltr'><strong>cctcri</strong></span> <span class='ocrx_word' id='word_1_536' title='bbox 720 5329 837 5411; x_wconf 89' lang='lat' dir='ltr'><strong>quibus</strong></span> <span class='ocrx_word' id='word_1_537' title='bbox 863 5331 943 5392; x_wconf 90' lang='lat' dir='ltr'><strong>Dcus</strong></span> 
     </span>
    </p>
   </div>
   <div class='ocr_carea' id='block_1_15' title="bbox 994 4344 1799 5410">
    <p class='ocr_par' dir='ltr' id='par_1_18' title="bbox 994 4344 1799 5410">
     <span class='ocr_line' id='line_1_84' title="bbox 994 4344 1738 4426; baseline -0.004 -16"><span class='ocrx_word' id='word_1_538' title='bbox 994 4348 1078 4410; x_wconf 92' lang='lat' dir='ltr'><strong>botri</strong></span> <span class='ocrx_word' id='word_1_539' title='bbox 1108 4344 1310 4409; x_wconf 88' lang='lat' dir='ltr'><strong>amarissimi.</strong></span> <span class='ocrx_word' id='word_1_540' title='bbox 1336 4346 1444 4426; x_wconf 87' lang='lat' dir='ltr'><strong>ltaque</strong></span> <span class='ocrx_word' id='word_1_541' title='bbox 1472 4344 1604 4408; x_wconf 92' lang='lat' dir='ltr'><strong>interior</strong></span> <span class='ocrx_word' id='word_1_542' title='bbox 1628 4363 1738 4408; x_wconf 90' lang='lat' dir='ltr'><strong>eorum</strong></span> 
     </span>
     <span class='ocr_line' id='line_1_85' title="bbox 995 4442 1740 4527; baseline -0.001 -20"><span class='ocrx_word' id='word_1_543' title='bbox 995 4445 1148 4527; x_wconf 90' lang='lat' dir='ltr'><strong>iniquitas</strong></span> <span class='ocrx_word' id='word_1_544' title='bbox 1165 4443 1232 4506; x_wconf 90' lang='lat' dir='ltr'><strong>lelli</strong></span> <span class='ocrx_word' id='word_1_545' title='bbox 1249 4442 1740 4524; x_wconf 88' lang='lat' dir='ltr'><strong>comparatur,acerbissimoque</strong></span> 
     </span>
     <span class='ocr_line' id='line_1_86' title="bbox 995 4541 1738 4624; baseline -0.001 -17"><span class='ocrx_word' id='word_1_546' title='bbox 995 4543 1166 4619; x_wconf 90' lang='lat' dir='ltr'><strong>absinthio,</strong></span> <span class='ocrx_word' id='word_1_547' title='bbox 1184 4543 1259 4624; x_wconf 91' lang='lat' dir='ltr'><strong>quia</strong></span> <span class='ocrx_word' id='word_1_548' title='bbox 1282 4541 1414 4618; x_wconf 87' lang='lat' dir='ltr'><strong>invidia,</strong></span> <span class='ocrx_word' id='word_1_549' title='bbox 1433 4541 1489 4617; x_wconf 88' lang='lat' dir='ltr'><strong>ira,</strong></span> <span class='ocrx_word' id='word_1_550' title='bbox 1509 4542 1738 4620; x_wconf 87' lang='lat' dir='ltr'><strong>indignatione,</strong></span> 
     </span>
     <span class='ocr_line' id='line_1_87' title="bbox 995 4639 1741 4724; baseline -0.007 -19"><span class='ocrx_word' id='word_1_551' title='bbox 995 4642 1206 4724; x_wconf 86' lang='lat' dir='ltr'><strong>impatientia,</strong></span> <span class='ocrx_word' id='word_1_552' title='bbox 1225 4640 1411 4703; x_wconf 88' lang='lat' dir='ltr'><strong>crudelitate</strong></span> <span class='ocrx_word' id='word_1_553' title='bbox 1427 4641 1514 4722; x_wconf 89' lang='lat' dir='ltr'><strong>pleni</strong></span> <span class='ocrx_word' id='word_1_554' title='bbox 1531 4639 1670 4703; x_wconf 87' lang='lat' dir='ltr'><strong>luerunt.</strong></span> <span class='ocrx_word' id='word_1_555' title='bbox 1685 4645 1741 4702; x_wconf 84' lang='lat' dir='ltr'><strong>Fet</strong></span> 
     </span>
     <span class='ocr_line' id='line_1_88' title="bbox 995 4741 1743 4816; baseline -0.007 -14"><span class='ocrx_word' id='word_1_556' title='bbox 995 4746 1174 4802; x_wconf 79' lang='lat' dir='ltr'><strong>drocortctm</strong></span> <span class='ocrx_word' id='word_1_557' title='bbox 1189 4742 1304 4799; x_wconf 77' lang='lat' dir='ltr'><strong>einum</strong></span> <span class='ocrx_word' id='word_1_558' title='bbox 1314 4749 1474 4809; x_wconf 79' lang='lat' dir='ltr'><strong>eorem,et</strong></span> <span class='ocrx_word' id='word_1_559' title='bbox 1488 4759 1646 4799; x_wconf 83' lang='lat' dir='ltr'><strong>cenenum</strong></span> <span class='ocrx_word' id='word_1_560' title='bbox 1659 4741 1743 4816; x_wconf 82' lang='lat' dir='ltr'><strong>ospi-</strong></span> 
     </span>
     <span class='ocr_line' id='line_1_89' title="bbox 996 4836 1799 4917; baseline -0.002 -18"><span class='ocrx_word' id='word_1_561' title='bbox 996 4844 1075 4900; x_wconf 78' lang='lat' dir='ltr'><strong>clnm</strong></span> <span class='ocrx_word' id='word_1_562' title='bbox 1091 4840 1283 4898; x_wconf 82' lang='lat' dir='ltr'><strong>r&#39;nsonobile.</strong></span> <span class='ocrx_word' id='word_1_563' title='bbox 1302 4836 1388 4899; x_wconf 90' lang='lat' dir='ltr'><strong>Sicut</strong></span> <span class='ocrx_word' id='word_1_564' title='bbox 1410 4855 1448 4898; x_wconf 83' lang='lat' dir='ltr'><strong>ex</strong></span> <span class='ocrx_word' id='word_1_565' title='bbox 1469 4855 1531 4898; x_wconf 86' lang='lat' dir='ltr'><strong>uva</strong></span> <span class='ocrx_word' id='word_1_566' title='bbox 1554 4836 1743 4917; x_wconf 78' lang='lat' dir='ltr'><strong>exprimitur</strong></span> <span class='ocrx_word' id='word_1_567' title='bbox 1793 4909 1799 4916; x_wconf 35' lang='lat'>‚</span> 
     </span>
     <span class='ocr_line' id='line_1_90' title="bbox 997 4934 1744 5017; baseline -0.007 -18"><span class='ocrx_word' id='word_1_568' title='bbox 997 4937 1120 5011; x_wconf 86' lang='lat' dir='ltr'><strong>vinnm,</strong></span> <span class='ocrx_word' id='word_1_569' title='bbox 1135 4937 1178 4998; x_wconf 88' lang='lat' dir='ltr'><strong>ita</strong></span> <span class='ocrx_word' id='word_1_570' title='bbox 1194 4955 1232 4997; x_wconf 88' lang='lat' dir='ltr'><strong>ex</strong></span> <span class='ocrx_word' id='word_1_571' title='bbox 1248 4934 1347 5017; x_wconf 87' lang='lat' dir='ltr'><strong>impia</strong></span> <span class='ocrx_word' id='word_1_572' title='bbox 1362 4934 1555 5014; x_wconf 84' lang='lat' dir='ltr'><strong>cogitatione</strong></span> <span class='ocrx_word' id='word_1_573' title='bbox 1570 4942 1601 4997; x_wconf 92' lang='lat' dir='ltr'><strong>et</strong></span> <span class='ocrx_word' id='word_1_574' title='bbox 1617 4954 1744 5017; x_wconf 87' lang='lat' dir='ltr'><strong>perver-</strong></span> 
     </span>
     <span class='ocr_line' id='line_1_91' title="bbox 998 5033 1744 5115; baseline -0.004 -17"><span class='ocrx_word' id='word_1_575' title='bbox 998 5054 1033 5098; x_wconf 93' lang='lat' dir='ltr'><strong>so</strong></span> <span class='ocrx_word' id='word_1_576' title='bbox 1058 5034 1177 5097; x_wconf 83' lang='lat' dir='ltr'><strong>aflectu</strong></span> <span class='ocrx_word' id='word_1_577' title='bbox 1203 5035 1339 5097; x_wconf 79' lang='lat' dir='ltr'><strong>exterior</strong></span> <span class='ocrx_word' id='word_1_578' title='bbox 1361 5033 1468 5115; x_wconf 94' lang='lat' dir='ltr'><strong>prodit</strong></span> <span class='ocrx_word' id='word_1_579' title='bbox 1490 5033 1744 5115; x_wconf 67' lang='lat' dir='ltr'><strong>iniquitasque</strong></span> 
     </span>
     <span class='ocr_line' id='line_1_92' title="bbox 998 5130 1743 5213; baseline -0.007 -17"><span class='ocrx_word' id='word_1_580' title='bbox 998 5153 1083 5196; x_wconf 93' lang='lat' dir='ltr'><strong>nunc</strong></span> <span class='ocrx_word' id='word_1_581' title='bbox 1109 5132 1239 5195; x_wconf 91' lang='lat' dir='ltr'><strong>nomine</strong></span> <span class='ocrx_word' id='word_1_582' title='bbox 1263 5132 1331 5194; x_wconf 91' lang='lat' dir='ltr'><strong>vini</strong></span> <span class='ocrx_word' id='word_1_583' title='bbox 1357 5132 1569 5212; x_wconf 78' lang='lat' dir='ltr'><strong>significatur,</strong></span> <span class='ocrx_word' id='word_1_584' title='bbox 1592 5130 1743 5213; x_wconf 90' lang='lat' dir='ltr'><strong>quoniam</strong></span> 
     </span>
     <span class='ocr_line' id='line_1_93' title="bbox 998 5230 1741 5312; baseline -0.003 -18"><span class='ocrx_word' id='word_1_585' title='bbox 998 5232 1081 5294; x_wconf 88' lang='lat' dir='ltr'><strong>malo</strong></span> <span class='ocrx_word' id='word_1_586' title='bbox 1104 5232 1239 5294; x_wconf 87' lang='lat' dir='ltr'><strong>delectat</strong></span> <span class='ocrx_word' id='word_1_587' title='bbox 1260 5239 1356 5312; x_wconf 89' lang='lat' dir='ltr'><strong>atque</strong></span> <span class='ocrx_word' id='word_1_588' title='bbox 1379 5230 1516 5293; x_wconf 90' lang='lat' dir='ltr'><strong>inebriat</strong></span> <span class='ocrx_word' id='word_1_589' title='bbox 1537 5240 1741 5312; x_wconf 88' lang='lat' dir='ltr'><strong>operantem;</strong></span> 
     </span>
     <span class='ocr_line' id='line_1_94' title="bbox 999 5328 1744 5410; baseline -0.003 -18"><span class='ocrx_word' id='word_1_590' title='bbox 999 5339 1030 5392; x_wconf 89' lang='lat' dir='ltr'><strong>et</strong></span> <span class='ocrx_word' id='word_1_591' title='bbox 1048 5328 1113 5390; x_wconf 87' lang='lat' dir='ltr'><strong>lolli</strong></span> <span class='ocrx_word' id='word_1_592' title='bbox 1134 5330 1318 5403; x_wconf 89' lang='lat' dir='ltr'><strong>draconum,</strong></span> <span class='ocrx_word' id='word_1_593' title='bbox 1335 5346 1522 5409; x_wconf 87' lang='lat' dir='ltr'><strong>venenoque</strong></span> <span class='ocrx_word' id='word_1_594' title='bbox 1536 5328 1682 5410; x_wconf 90' lang='lat' dir='ltr'><strong>aspidum</strong></span> <span class='ocrx_word' id='word_1_595' title='bbox 1696 5347 1744 5390; x_wconf 80' lang='lat' dir='ltr'><strong>as</strong></span> 
     </span>
    </p>
   </div>
   <div class='ocr_carea' id='block_1_16' title="bbox 0 0 2174 6259">
    <p class='ocr_par' dir='ltr' id='par_1_19' title="bbox 0 0 2174 6259">
     <span class='ocr_line' id='line_1_95' title="bbox 0 0 2174 6259; baseline 0 0"><span class='ocrx_word' id='word_1_596' title='bbox 0 0 2174 6259; x_wconf 95' lang='lat' dir='ltr'><strong> </strong></span> 
     </span>
    </p>
   </div>
  </div>
 </body>
</html>
