4309 6259
320 1461 439 1510 Erotium,

305 1525 436 1576 caseata

312 1587 394 1630 Sensus
399 1588 441 1642 spl-

305 1650 399 1692 ritualia.

323 2059 407 2102 uarat.
416 2073 436 2112 r,

328 2259 392 2302 Rom.
403 2272 437 2309 ιιι,

304 2324 338 2364 21.

297 4911 428 4966 &odana

297 4977 329 5024 10,
344 4978 376 5018 ll.

454 479 514 546 ’292

826 501 999 548 ENARRATlO
1020 502 1051 547 ΙΝ
1072 501 1141 548 CAP.
1164 502 1226 548 XXV
1248 502 1383 549 tuvlrtct.
1406 521 1446 532 -
1467 503 1538 549 aar.
1562 503 1630 550 utvt

451 680 558 735 autem
574 672 883 754 multiplicatamlld
899 674 984 754 quod
1000 673 1063 735 diei
1079 680 1194 754 potest,
1212 673 1346 755 liopera
1361 674 1496 756 pietatis,
1507 675 1623 756 quibus
1638 673 1683 735 nil
1699 671 1850 735 vanitatis
1865 671 1907 733 sit
1922 670 1998 733 mix-

451 770 537 850 quod
552 769 698 833 homiues
716 769 881 852 proniores
898 771 1028 831 suntad
1044 768 1197 850 diripien-

452 868 526 929 dum
552 868 675 931 occulte
697 868 781 930 bona
802 867 950 945 aliorum,
963 887 1060 948 quam
1082 867 1122 928 ad
1146 867 1198 928 laa-

452 967 591 1029 dendum
601 985 655 1030 eos
665 975 773 1048 aperte
784 967 817 1028 in
830 966 958 1048 propria
969 985 1079 1028 eorum
1092 983 1198 1046 perso-

452 1083 503 1126 na.
516 1065 588 1128 ldeo
603 1064 682 1126 illud
699 1065 867 1146 oportebat
883 1083 940 1146 per
951 1062 1197 1145 multiplicatam

452 1182 579 1245 poenam
602 1164 762 1244 restringi.
784 1164 840 1224 Est
864 1171 971 1225 autem
994 1163 1139 1243 queastio,
1156 1181 1197 1224 au

453 1261 545 1324 laesus
562 1263 595 1324 in
611 1281 745 1344 corpore
759 1270 813 1324 aut
829 1260 1010 1342 injuriatus,
1025 1269 1149 1342 poterat
1164 1278 1197 1322 se

454 1360 577 1436 ulcisci,
593 1359 715 1441 absque
740 1360 859 1442 praevia
884 1359 1001 1439 judicis
1027 1359 1194 1421 sententia.

456 1457 516 1520 Sed
531 1458 570 1520 de
587 1458 648 1520 boc
663 1477 758 1540 super
774 1458 916 1520 Exodum
933 1458 1052 1519 dictum
1069 1465 1128 1519 est.

494 1556 655 1620 Postremo
670 1557 709 1618 de
725 1556 883 1638 spirituali
898 1556 994 1637 hujus
1004 1556 1137 1637 capituli
1153 1556 1198 1617 in·

455 1653 631 1734 telligentia
646 1654 826 1716 introducta
845 1662 920 1715 sunt
935 1653 1046 1730 multa,
1067 1673 1198 1736 praeser-

453 1752 511 1814 tim
534 1771 630 1834 super
648 1752 801 1815 Exodum.
823 1751 1049 1832 cognoscimus
1069 1771 1196 1834 quoque

453 1849 867 1932 existocapitul0,rigorcm
879 1859 909 1912 et
921 1849 1194 1932 imperfectionem
1212 1860 1235 1920 Β
1251 1851 1371 1927 ctrina,
1390 1853 1534 1927 virtutes,
1551 1851 1704 1933 exempla,
1723 1868 1779 1912 nec
1800 1865 1993 1929 quemquam
2030 1869 2133 1910 namn.

453 1949 532 2029 legis
546 1948 686 2011 Mosaicae
699 1971 706 2023 3
724 1947 873 2028 pietatem
890 1967 965 2011 vero
980 1958 1012 2010 ct
1027 1949 1195 2031 perfectio

453 2066 525 2109 nem
545 2047 737 2126 evangelica
757 2045 846 2126 legis,
865 2046 898 2107 in
918 2065 982 2127 qua
1003 2047 1194 2128 percutienti

453 2164 548 2206 unam
565 2145 726 2206 maxillam
736 2144 914 2206 consulitur
928 2145 1027 2207 altera
1040 2145 1193 2224 exbiberi,

451 2242 714 2324 adversariosque
737 2242 868 2323 jubetur
891 2242 1002 2318 amari,
1024 2251 1056 2305 et
1075 2244 1195 2306 malum

451 2342 537 2404 vinei
562 2342 595 2403 in
620 2341 767 2404 bonollt
792 2359 866 2403 vero
891 2359 948 2422 per
972 2340 1194 2422 blasphemum

450 2439 542 2501 illum
565 2459 603 2502 ex
623 2447 713 2521 parte
733 2439 925 2520 AEgyptium,
942 2447 973 2501 et
993 2459 1030 2502 ex
1051 2448 1139 2521 parte
1155 2441 1196 2502 ls-

450 2537 606 2613 melitam,
630 2537 812 2618 jurgantem
838 2545 946 2599 contra
977 2557 1051 2601 eum
1075 2538 1132 2619 qui
1157 2557 1194 2601 ex

450 2645 540 2719 parte
556 2637 655 2718 patris
675 2642 707 2698 et
726 2635 836 2697 matris
856 2634 918 2697 luit
932 2636 1083 2713 lsraelita‚
1102 2637 1195 2699 intel·

449 2733 594 2816 liguntur
607 2734 747 2797 baeretici
763 2742 795 2797 et
810 2732 886 2796 ficte
901 2735 1021 2811 devoti,
1040 2755 1078 2799 ac
1095 2733 1194 2797 lorin-

449 2851 540 2894 secus
554 2831 644 2913 justi,
655 2832 711 2914 qui
732 2851 806 2896 vere
820 2832 993 2895 catholicos
1009 2841 1041 2895 et
1060 2834 1191 2896 devotos

448 2949 485 2992 ao
499 2931 601 3012 justos
617 2931 818 3013 impugnant.
835 2931 942 3012 ltaque
961 2930 1136 2994 alleramus
1160 2931 1192 2993 in

447 3029 621 3093 Ecclesiam
632 3030 747 3093 Christi
753 3031 970 3109 purissimum
979 3030 1134 3101 oleum,id
1145 3040 1193 3093 est
1208 3031 1230 3094 C
1249 3040 1298 3093 tur
1319 3031 1422 3094 vobis,

1252 781 1329 848 tum,
1347 792 1385 834 ex
1405 772 1523 854 quibus
1544 771 1713 835 foveantur
1729 776 1881 840 lacerare,
1898 769 1930 832 id
1951 777 1997 831 est

1252 871 1378 934 claritas
1398 869 1490 934 bonae
1511 870 1614 947 lamae,
1628 889 1731 933 sermo
1748 867 1995 950 praedicationis,

1251 979 1282 1032 et
1312 969 1419 1032 lumen
1449 970 1591 1032 scientia
1616 968 1775 1031 salutaris.
1803 966 1860 1040 Qui
1891 974 1997 1029 autem

1253 1068 1394 1131 nondum
1411 1069 1632 1149 equanimiter
1645 1066 1729 1129 serre
1745 1072 1849 1148 potest
1863 1075 1919 1126 aut
1930 1065 1998 1125 vult

1252 1166 1357 1229 illatas
1373 1166 1434 1228 sibi
1451 1166 1714 1248 injurias‚saltem
1731 1183 1795 1226 non
1811 1163 1920 1244 cupiat
1936 1181 2000 1223 ma-

1251 1264 1302 1344 jus
1330 1265 1447 1327 malum
1476 1265 1660 1346 rependere,
1688 1281 1747 1325 nec
1772 1261 1903 1342 gravius
1930 1260 1998 1322 rin-

1253 1359 1369 1424 dicare.
1397 1361 1503 1424 Potius
1528 1380 1603 1424 vero
1627 1361 1726 1423 simus
1755 1366 1864 1422 eontra
1890 1357 1998 1420 omnia

1253 1460 1402 1522 vitiorum
1419 1469 1450 1522 et
1467 1459 1676 1522 tentationum
1694 1457 1812 1538 prelia,
1832 1455 1999 1537 impugna-

1254 1557 1355 1620 tiones
1371 1567 1403 1620 et
1418 1558 1480 1620 tela
1489 1557 1576 1620 omni
1592 1558 1710 1618 virtute
1723 1554 1835 1617 armati
1848 1578 1856 1627 3
1869 1553 1998 1634 sintque

1251 1659 1419 1716 (laodociae
1433 1677 1534 1733 parrer
1555 1674 1679 1737 semper
1700 1655 1733 1716 in
1753 1671 1863 1715 mensa
1880 1651 1997 1714 anima

1252 1763 1378 1832 nostra,
1389 1754 1448 1818 hoc
1463 1763 1511 1817 est
1525 1754 1692 1816 duodecim
1703 1750 1928 1834 Apostolorum
1943 1750 1996 1811 do

1250 1949 1492 2011 scandalizando
1503 1946 1753 2010 laedamuS.Nulli
1764 1944 1893 2008 oculum
1905 1962 1995 2006 erua-
2009 1934 2045 1975 ²¹·

1250 2067 1332 2124 mus,
1350 2048 1530 2111 inducendo
1550 2047 1678 2110 eumad
1695 2045 1799 2109 cordis
1814 2041 1997 2107 excaecatio

1251 2165 1334 2222 nem,
1358 2147 1570 2228 ignorantiam
1586 2146 1635 2208 vel
1657 2162 1807 2208 errorem.
1825 2143 1886 2204 Nec
1902 2160 1997 2204 excu-

1252 2246 1367 2308 tiamus
1396 2246 1491 2309 alicui
1517 2247 1644 2308 dentem
1674 2263 1737 2325 quo
1764 2243 1874 2305 teritur
1904 2240 1995 2303 cibus

1250 2344 1432 2421 cordis,nec
1447 2344 1563 2406 mentis
1579 2343 1791 2423 integritatem
1809 2340 1994 2420 frangamus

1250 2442 1282 2502 in
1299 2443 1454 2524 proximo,
1465 2461 1522 2504 nec
1538 2441 1694 2504 maculam
1706 2439 1881 2502 inleramus
1897 2436 1993 2500 alicui

1249 2558 1305 2620 per
1320 2540 1548 2602 detractionem
1568 2546 1623 2601 aut
1645 2537 1774 2619 impiam
1799 2534 1995 2598 dillamatiu

1248 2657 1321 2698 nem
1340 2655 1346 2698 :
1365 2637 1429 2699 imo
1454 2638 1509 2718 qui
1534 2636 1699 2718 quidpiam
1726 2634 1836 2697 lecerit
1862 2633 1988 2708 horum,

1248 2735 1365 2816 ipsese
1381 2736 1485 2818 ipsum
1503 2735 1659 2812 vulnerat,
1671 2741 1777 2810 caecat,
1795 2731 1967 2815 prosternit
1982 2755 1990 2804 3

1246 2843 1278 2896 ct
1292 2838 1375 2896 sieut
1389 2836 1479 2911 fecit,
1493 2840 1548 2911 fiet
1563 2836 1606 2904 ci,
1617 2834 1706 2914 juxta
1721 2833 1806 2914 quod
1822 2831 1867 2893 all
1884 2831 1992 2893 Salva-

1245 2941 1316 2994 tor:
1333 2931 1398 3006 Qua
1414 2951 1562 2997 mensura
1577 2931 1679 2994 mensi
1696 2928 1829 3004 fueritis,
1848 2929 1992 2992 remetie-
2017 2949 2088 2991 uara
2091 2963 2126 2995 .....

2006 3013 2028 3054 ἲ.

972 3461 1295 3550 ARTICULUS
1333 3462 1466 3549 XLVI

472 3734 648 3782 atuffloarlo
674 3736 848 3784 amabatis
869 3737 1007 3784 caetrati
1029 3737 1159 3784 vrcustlt
1180 3737 1281 3791 OUlN'l'l
1303 3737 1310 3781 :
1336 3737 1525 3792 tocurusouu
1546 3738 1600 3782 EST
1620 3734 1751 3784 DOMINUS
1773 3739 1815 3782 Al)
1835 3736 1966 3784 HOYSEN.

516 4013 669 4076 lVERSll
699 4013 732 4075 in
762 4014 822 4076 hoe
852 4014 992 4096 capitulo
1023 4015 1191 4077 traduntur

526 4120 695 4193 praecepta,
708 4130 843 4192 quorum
860 4113 1003 4193 quaedam
1020 4112 1192 4176 suntcaeri-

446 4208 609 4284 monialia‚
627 4210 772 4290 quaedam
796 4209 971 4290 judicialia.
988 4214 1190 4290 hortatusque

443 4316 490 4366 est
504 4309 664 4367 Dominus
683 4311 727 4368 art
747 4311 892 4383 Moysen,
906 4311 1036 4372 dicens:
1047 4313 1190 4388 Loquere

443 4406 526 4481 filiis
540 4409 653 4475 Israel,
669 4415 699 4464 et
717 4407 804 4464 dices
822 4409 866 4466 cul
886 4427 936 4465 eos
951 4423 963 4467 .·
981 4410 1116 4475 Quando
1140 4409 1189 4467 in-

441 4504 544 4578 pressi
558 4504 691 4579 sumitis
709 4513 842 4573 tauram,
856 4525 954 4584 quem
969 4525 1024 4581 egro
1039 4507 1121 4564 cicade
1138 4527 1188 4565 eo-

444 4601 501 4672 tis,
517 4602 721 4661 sabbatizetis
735 4603 901 4661 sabbatum
915 4604 1065 4672 Domine,
1079 4601 1111 4662 id
1128 4611 1185 4679 est,

443 4697 483 4758 ad
509 4697 563 4760 llei
594 4697 747 4761 bonorem
775 4697 919 4778 quiescat
945 4708 1028 4761 terra
1051 4719 1070 4761 a
1096 4699 1188 4762 solita

443 4795 568 4857 cultura
592 4805 624 4858 et
648 4796 870 4871 seminatione,
888 4797 970 4858 sicut
995 4797 1029 4858 in
1055 4797 1187 4861 sabbato

443 4901 584 4955 cessatur
598 4893 639 4956 ab
653 4913 749 4977 opere
766 4895 853 4956 omni
870 4896 990 4959 servili.
1008 4901 1074 4958 Sec
1089 4899 1187 4957 caninis

441 5013 524 5051 seres
547 5013 664 5069 aprum
691 5003 795 5053 tuere.
822 4992 907 5054 lstud
933 5003 1126 5074 praeceptum
1153 4996 1185 5056 in

1245 4014 1509 4096 opinionem,non
1527 4014 1627 4078 fiebat
1641 4014 1748 4096 aliqua
1763 4033 1910 4096 agrorum
1926 4037 1990 4080 ara-

1246 4114 1301 4191 tio,
1320 4114 1499 4190 seminatio,
1512 4114 1628 4177 messio
1644 4115 1676 4175 in
1692 4115 1826 4195 septimo
1842 4135 1938 4180 anno.
1953 4117 1989 4177 Et

1245 4211 1327 4274 bane
1342 4211 1525 4294 opinionem
1534 4214 1643 4293 (quam
1660 4221 1691 4276 et
1704 4214 1860 4294 losephus
1874 4234 1989 4296 appro-

1245 4311 1311 4391 bat)
1336 4320 1513 4393 sequuntur
1538 4311 1681 4390 Magister
1711 4311 1743 4373 in
1774 4312 1928 4390 historiis,
1956 4325 1987 4376 ot

1243 4407 1394 4485 Andreas,
1407 4428 1444 4472 ac
1454 4409 1509 4471 alii
1525 4409 1655 4491 quidam
1671 4410 1864 4493 expositores
1880 4412 1986 4475 calbo

1243 4505 1307 4568 lici.
1334 4506 1529 4584 Augustinus
1557 4525 1631 4570 vero
1661 4514 1693 4569 et
1715 4509 1836 4586 Glossa‚
1862 4529 1899 4572 ac
1928 4511 1983 4572 alii

1242 4604 1371 4684 quidam
1390 4605 1511 4682 dicunt,
1528 4606 1615 4687 quod
1637 4607 1772 4687 septimo
1794 4627 1878 4672 anno
1902 4617 1984 4672 terra

1241 4703 1458 4766 seminabatur
1476 4725 1513 4767 ae
1529 4704 1715 4782 metebatur,
1735 4724 1798 4769 nou
1816 4713 1923 4770 tamen
1943 4709 1982 4770 ad

1238 4801 1401 4882 propriam
1418 4802 1643 4865 seminantium
1656 4805 1981 4882 commoditatem,scd

1242 4899 1346 4980 potius
1367 4901 1406 4962 ad
1429 4921 1603 4983 pauperum
1627 4921 1704 4963 usus
1725 4922 1760 4964 ac
1781 4905 1981 4968 sustentatio

1241 5017 1324 5060 nem.
1337 4999 1560 5062 Verumtamen
1583 5020 1621 5063 ex
1644 5000 1704 5063 isto
1720 5021 1814 5082 passu
1832 5003 1975 5078 habetur,

441 5090 549 5154 Exodo
563 5090 716 5172 scriptum
733 5100 791 5168 est,
814 5100 845 5154 et
865 5091 909 5154 ibi
927 5091 1047 5154 dillusc
1062 5095 1187 5175 exposi-
1201 5099 1225 5159 D
1240 5097 1324 5178 quod
1340 5116 1376 5159 ea
1391 5117 1462 5179 quaa
1484 5100 1618 5180 septimo
1639 5118 1723 5163 anno
1743 5109 1856 5182 sponte
1877 5121 1981 5165 nasce·

442 5197 534 5263 tum;·
556 5198 667 5271 estque
691 5197 854 5253 ostensum
879 5191 1010 5267 ibidem,
1037 5194 1186 5273 quemad·

440 5289 570 5351 modum
587 5289 762 5351 secuudum
772 5307 972 5352 communem
982 5289 1184 5353 llebraeorum

1240 5195 1355 5257 bantur
1371 5196 1404 5257 iu
1415 5197 1675 5275 agriS‚venerunt
1689 5198 1723 5259 in
1738 5218 1829 5261 usum
1847 5209 1877 5262 et
1892 5220 1978 5264 esum

1239 5311 1451 5372 communem,
1466 5305 1527 5357 tam
1548 5295 1774 5358 seminantium
1800 5317 1856 5361 seu
1881 5299 1980 5361 domi-
