4309 6259
422 475 481 540 ost
732 498 906 546 miniario
926 500 957 546 m
979 499 1048 546 car.
1071 499 1158 546 xxvu
1178 499 1411 546 namanouomr.
1434 519 1475 530 —
1495 499 1566 544 aar.
1589 499 1652 547 xxx

422 668 546 743 or'pobis
566 689 627 740 eos,
645 677 680 728 ut
698 673 799 748 possis
825 673 860 730 in
884 673 930 730 eis
949 672 1086 730 scribere
1110 688 1168 751 per
1182 669 1208 732 Α
1222 668 1294 732 ideo
1309 669 1473 732 mandavit
1488 669 1641 732 Dominus
1657 669 1742 749 quod
1757 667 1851 730 fieret
1864 667 1965 730 altare

423 765 618 846 sculpturam
635 771 745 828 ortun'a
756 771 850 829 cerba
861 772 939 846 lepis
950 771 1049 847 liujus
1061 769 1167 850 :quod
1222 768 1477 831 holocaustorum
1493 769 1711 849 decerequod
1723 775 1806 831 esset
1820 767 1879 830 toti
1892 786 1967 829 con

422 864 551 945 qnidam
568 874 729 947 exponunt
745 867 785 929 de
800 867 908 930 decem
924 867 1092 949 praeceptis
1111 868 1168 930 De-
1222 866 1369 948 spicuum
1395 867 1525 948 populo,
1552 876 1583 929 et
1607 867 1706 929 altare
1736 866 1963 948 thymiamatis,

422 963 535 1044 calogi.
549 963 625 1026 llam
641 973 744 1027 cetera
760 966 867 1029 omnia
884 965 927 1028 ibi
941 984 1005 1029 non
1022 974 1168 1047 poterant
1222 965 1306 1047 quod
1332 966 1391 1029 soli
1417 967 1596 1030 sacerdotes
1621 966 1792 1039 ridehaut3
1814 984 1874 1028 nec
1897 974 1967 1027 erat

422 1063 519 1126 scribi
533 1083 539 1126 :
552 1072 583 1126 et
600 1065 748 1144 quamvis
764 1073 867 1127 cetera
883 1063 926 1127 ibi
943 1063 1039 1127 scribi
1057 1065 1169 1144 nequi·
1223 1073 1309 1126 tanta
1324 1065 1504 1146 pretiositas
1525 1065 1607 1140 aeris,
1626 1074 1661 1126 ut
1676 1084 1732 1146 per
1747 1065 1806 1127 hoc
1827 1064 1967 1145 populus

423 1161 511 1236 haut,
529 1169 634 1224 tamen
658 1163 831 1224 secundum
846 1162 1017 1244 losephum
1034 1171 1065 1225 et
1087 1163 1168 1225 alios
1221 1163 1260 1226 ad
1285 1162 1497 1226 idololatriam
1522 1171 1758 1245 provocaretur.
1786 1163 1857 1224 Haec
1882 1162 1965 1224 Tho-

424 1261 551 1336 mnltos‚
570 1269 660 1324 erant
684 1260 717 1323 in
743 1261 790 1324 eis
815 1263 933 1343 scripta
953 1263 1053 1324 multo
1076 1263 1168 1344 plura
1222 1281 1299 1323 mas.
1323 1265 1367 1322 m
1391 1265 1501 1340 offeres
1524 1283 1621 1339 super
1644 1283 1692 1331 eo,
1716 1261 1776 1324 hoc
1801 1269 1966 1342 estsuper

423 1379 518 1441 qnam
544 1359 653 1422 decem
674 1369 841 1442 praecepta,
867 1361 1014 1422 videlicet
1040 1359 1168 1422 benedi·
1221 1360 1321 1422 altare
1344 1362 1384 1422 de
1410 1360 1567 1442 impolitis
1592 1358 1753 1442 lapidibus
1785 1359 1903 1422 laetum
1932 1359 1965 1420 in

422 1459 544 1522 ctiones
566 1467 597 1520 et
623 1458 872 1522 maledictiones.
891 1459 991 1533 Quum
1012 1459 1100 1522 enim
1120 1477 1168 1520 es·
1222 1468 1329 1522 monte
1346 1458 1453 1529 hebal,
1467 1461 1651 1520 humectum
1665 1463 1803 1521 Domino
1819 1463 1883 1520 Deo
1898 1470 1964 1528 tuo,

423 1567 493 1621 sent
510 1566 572 1621 tam
584 1558 716 1640 grandia
729 1567 966 1640 saxa,poleranl
979 1557 1058 1620 inibi
1070 1556 1166 1621 scribi
1220 1569 1250 1618 rt
1265 1561 1446 1618 immolabis
1457 1561 1576 1619 hostias
1588 1561 1754 1637 pacificas,
1765 1561 1967 1635 eotriedesqae

423 1657 626 1738 pluraquam
642 1656 750 1719 decem
773 1657 931 1718 mandata.
951 1655 1065 1738 Sicque
1081 1657 1166 1738 quod
1221 1658 1280 1726 ibi,
1300 1666 1329 1716 ct
1349 1658 1530 1732 epulaberis
1543 1677 1653 1716 coram
1666 1658 1803 1717 Domino
1817 1658 1883 1716 Deo
1899 1664 1964 1714 tuo.

422 1754 477 1830 ait,
496 1753 620 1816 Scribas
644 1753 677 1815 in
699 1754 745 1817 eis
767 1755 875 1818 omnia
891 1753 986 1816 verba
1008 1754 1088 1834 legis
1109 1754 1167 1816 hu·
1221 1755 1284 1816 Hoc
1306 1754 1433 1816 videtur
1459 1753 1557 1817 luisse
1581 1763 1692 1817 contra
1717 1754 1761 1830 id,
1778 1753 1863 1834 quod
1888 1752 1966 1815 alibi

422 1854 485 1935 jus,
503 1861 608 1935 potest
627 1852 763 1933 intelligi
790 1872 846 1934 per
866 1853 995 1915 modurn
1015 1852 1167 1915 distribu-
1186 1849 1374 1916 BDominus
1397 1852 1503 1933 jussit,
1529 1871 1591 1916 non
1619 1852 1739 1914 nisi=in
1761 1850 1967 1914 tabernaculo

423 1953 519 2014 tionis
534 1952 756 2028 accommode,
774 1971 829 2015 sen
846 1970 903 2034 pro
917 1952 1088 2030 generibus
1103 1952 1165 2013 sin·
1222 1952 1283 2014 sibi
1309 1951 1496 2014 sacrificari.
1523 1952 1562 2012 Et
1586 1952 1854 2033 respondendnm,
1881 1950 1966 2030 quod

422 2052 580 2130 gulorum,
599 2051 643 2113 ita
659 2051 743 2132 quod
768 2050 810 2112 ibi
836 2050 1056 2112 scribebantur
1071 2050 1166 2112 etiam
1223 2053 1357 2133 ipsemet
1372 2050 1525 2113 Dominus
1546 2052 1577 2112 in
1601 2051 1670 2132 lege
1695 2070 1752 2113 sna
1777 2049 1879 2132 potuit
1902 2049 1968 2111 dis-

422 2151 567 2232 quaedam
581 2148 757 2231 judicialia,
767 2157 798 2211 rt
813 2149 957 2230 quaedam
974 2149 1168 2212 caerimonia-
1222 2169 1368 2234 pensare,
1385 2169 1424 2212 ex
1448 2151 1540 2230 cujus
1558 2149 1795 2231 dispensatione
1816 2149 1901 2210 Elias
1917 2167 1968 2210 sa·

424 2249 466 2311 lia
482 2257 650 2330 praecepta.
1222 2248 1381 2313 criticavit
1397 2249 1430 2311 in
1442 2259 1550 2311 monte
1560 2249 1774 2312 CarmeliNec
1790 2246 1967 2310 immolatio

464 2350 601 2416 Quando
615 2366 687 2424 erpo
705 2348 873 2406 transieris
887 2349 1168 2423 Jordanemaertpe
1223 2349 1284 2412 isla
1300 2349 1332 2410 in
1350 2356 1458 2411 monte
1472 2348 1583 2423 nebat,
1602 2347 1684 2410 lacta
1698 2357 1746 2410 est
1760 2347 1877 2428 sapius
1894 2367 1902 2409 τ
1919 2365 1968 2408 re-

423 2449 546 2524 lopidcs
571 2466 648 2525 quos
671 2465 726 2522 epo
745 2448 898 2524 principio
923 2447 982 2504 tibi
1006 2448 1112 2515 dedic,
1136 2445 1167 2507 id
1222 2448 1375 2530 gulariter
1397 2455 1503 2510 antem
1527 2466 1590 2509 non
1615 2446 1714 2510 fiebat
1734 2445 1832 2521 licite,
1850 2445 1911 2506 nisi
1932 2445 1967 2506 in

423 2554 482 2620 est,
508 2562 593 2605 nunc
612 2543 709 2623 jubeo
731 2551 765 2604 ut
787 2561 841 2606 eos
864 2551 1006 2624 tempore
1026 2561 1168 2623 congruo
1224 2545 1439 2608 tabernaculo.
1456 2549 1499 2606 Et
1520 2547 1634 2606 scribes
1653 2565 1749 2622 super
1770 2547 1895 2622 laptiles
1908 2543 1969 2604 hu-

423 2642 537 2722 erigas,
561 2644 597 2702 (ἠ
622 2652 726 2702 morale
747 2644 860 2712 chol,
881 2652 911 2702 et
935 2644 1099 2717 laevioabis
1119 2662 1168 2702 cos
1221 2643 1394 2726 insultatis
1409 2646 1520 2704 onznia
1536 2645 1643 2713 υθνὸα,
1658 2643 1718 2706 hoo
1733 2651 1782 2705 esi
1796 2649 1966 2723 praecepta,

423 2745 507 2802 calce
534 2747 619 2802 tratis
644 2739 813 2802 Iordanem
834 2763 841 2812 3
868 2750 898 2799 ct
921 2742 1098 2816 (edificabis
1123 2742 1169 2799 ibi
1224 2747 1303 2821 lepis
1317 2745 1416 2821 liujus
1429 2743 1518 2824 juxta
1539 2743 1768 2824 expositionem
1791 2740 1967 2816 inductum,

423 2843 529 2900 altore
545 2840 682 2900 Domino
704 2840 743 2897 de
765 2839 931 2915 lapidibus
945 2857 1021 2916 quos
1043 2839 1170 2914 ferrum
1220 2849 1322 2922 plane
1334 2853 1364 2903 et
1380 2845 1497 2903 luer'de.

411 2945 488 2998 'non
510 2939 625 3013 tctipit,
641 2946 684 3006 et,
704 2951 762 3018 pro
777 2935 810 2997 id
831 2943 886 3012 est,
903 2940 943 2996 dc
957 2939 1045 2996 senis
1066 2938 1170 3013 infor·
1265 2943 1492 3020 iiieceruntque
1508 2945 1631 3018 Moyses
1645 2949 1675 3000 et
1696 2942 1897 3000 sacerdotes:
1912 2942 1970 2999 At-

424 3038 542 3105 mibus,
558 3035 617 3097 hoc
643 3042 692 3096 est
711 3053 775 3096 non
801 3034 931 3110 ornatis,
948 3045 977 3094 ct
1000 3037 1168 3112 impolitis.
1187 3032 1209 3096 C
1226 3043 1317 3101 tende
1332 3051 1361 3099 ct
1377 3042 1472 3109 eruli,
1487 3043 1591 3100 Israel
1603 3060 1614 3098 .·
1631 3041 1736 3100 Hodie
1750 3039 1858 3114 factus
1871 3058 1903 3097 es
1913 3057 1970 3114 po

425 3135 510 3196 lstud
526 3141 679 3196 consonat
695 3132 792 3196 verbo
808 3134 893 3214 quod
909 3133 1061 3195 Dominus
1074 3133 1171 3214 jussit
1221 3143 1322 3216 pullas
1337 3140 1472 3200 Domini
1483 3140 1543 3200 Det
1559 3139 1619 3198 tut
1631 3139 1755 3198 Audies
1769 3155 1873 3196 vocem
1884 3138 1967 3212 ey'm,

362 3257 410 3290 .xx.
426 3232 458 3293 in
470 3231 577 3293 Exodo
590 3249 597 3293 :
611 3229 643 3292 si
659 3231 757 3293 altare
774 3231 934 3312 lapideum
953 3229 1066 3294 iecoris
1077 3230 1169 3308 mihi,
1224 3235 1364 3310 Qualiter
1385 3236 1471 3298 istud
1493 3235 1659 3317 impletum
1680 3233 1732 3309 sit,
1750 3234 1860 3296 recitat
1874 3234 1969 3296 Josue

279 3311 313 3350 ⁹·
426 3348 489 3393 non
516 3327 690 3392 edificabis
713 3329 793 3391 illud
817 3330 972 3392 desectis
996 3329 1168 3410 lapidibus.
1224 3354 1324 3416 quum
1348 3335 1392 3396 ait
1415 3351 1422 3394 :
1445 3334 1533 3395 Tunc
1557 3331 1730 3396 edificavit
1751 3333 1846 3395 losne
1868 3333 1969 3394 altare
1995 3356 2117 3397 amu...

426 3427 542 3490 Eadem
562 3444 689 3508 quoquc
711 3426 743 3487 in
764 3427 869 3490 Exodo
886 3427 1037 3489 Dominus
1058 3427 1168 3508 jubet:
1225 3433 1359 3497 Domino
1370 3433 1402 3494 in
1415 3440 1523 3494 monte
1533 3431 1639 3494 Hebal.
1649 3433 1868 3509 Praecepitpuc
1879 3433 1969 3508 Moy·
1983 3421 2020 3461 ³⁰·

426 3526 531 3588 Allato
551 3525 592 3586 de
612 3533 694 3587 terra
717 3525 850 3588 iacietis,
868 3525 984 3588 Horum
1009 3525 1090 3588 ratio
1110 3526 1171 3588 tuit
1225 3555 1271 3593 ses
1285 3536 1403 3611 populo
1419 3534 1455 3591 iu
1470 3533 1524 3591 die
1540 3533 1610 3598 illo,
1625 3533 1734 3590 dicens
1749 3549 1760 3588 .·
1777 3532 1824 3590 Hi
1838 3531 1969 3588 stabunt

425 3625 464 3687 ad
481 3624 630 3698 litteram,
644 3623 794 3704 quoniam
809 3623 961 3686 Dominus
972 3624 1072 3686 voluit
1083 3644 1172 3687 sacra
1225 3635 1268 3691 ad
1284 3633 1533 3690 benedicendum
1549 3628 1716 3698 Dornr'no‘,
1735 3627 1766 3690 id
1783 3636 1831 3688 est
1851 3627 1891 3688 ad
1912 3628 1970 3688 im·
1998 3653 2008 3668 ·
2023 3653 2113 3703 We

426 3741 483 3784 sua
498 3720 661 3784 dillerrea
677 3722 776 3785 sacris
793 3721 1044 3797 idololatrarum,
1060 3723 1116 3804 qui
1132 3724 1172 3785 dc
1227 3728 1421 3811 precandum
1442 3726 1526 3790 bona
1542 3725 1764 3788 obedientibus
1780 3727 1865 3788 Deo:
1884 3726 1968 3806 quod

427 3820 574 3902 pretiosis
586 3827 617 3882 et
633 3818 741 3901 politis
752 3839 788 3882 ac
798 3820 931 3901 sculptis
947 3821 1088 3883 materiis
1099 3840 1173 3883 con·
1228 3825 1290 3887 luit
1314 3824 1542 3907 aequivalenler
1567 3823 1664 3885 Deum
1691 3823 1832 3897 laudare,
1860 3830 1970 3903 utpote

426 3926 608 3981 struxerunt
624 3919 754 3981 deorum
772 3938 899 3981 suorum
917 3918 1174 3982 altariallerum-
1226 3944 1298 3988 eum
1324 3923 1488 3986 insinuare
1512 3941 1582 3985 esse
1609 3930 1672 3984 tam
1698 3930 1842 3984 sanctum
1868 3930 1900 3984 et
1922 3921 1971 3982 di·

427 4025 532 4079 tamen
548 4017 647 4079 Exodi
664 4016 726 4080 alio
743 4017 812 4080 loco
827 4017 980 4078 Dominus
990 4017 1051 4079 ait:
1065 4016 1172 4080 Facies
1225 4040 1336 4102 gnum,
1349 4022 1434 4103 quod
1450 4020 1673 4084 benedictione
1687 4029 1793 4083 esseut
1806 4019 1970 4099 condigni,

427 4125 458 4178 ct
473 4116 572 4178 altare
587 4116 626 4178 de
649 4116 746 4196 lignis
768 4116 872 4178 setim.
891 4116 1053 4197 Siquidem
1074 4116 1172 4179 altare
1227 4121 1282 4203 qui
1307 4122 1336 4184 ei
1362 4121 1468 4184 debite
1493 4121 1699 4196 deservirent,
1721 4129 1752 4182 et
1777 4119 1974 4182 maledictio

427 4216 604 4279 holocausti
621 4215 681 4276 tuit
692 4216 731 4279 de
748 4215 843 4295 lignis
855 4216 946 4278 setim
963 4234 1025 4277 aare
1040 4216 1170 4298 opertis,
1188 4219 1212 4280 D
1228 4238 1278 4296 ne,
1301 4220 1357 4301 qni
1378 4220 1406 4282 ei
1431 4237 1493 4282 non
1514 4218 1701 4290 obedirent;
1722 4228 1975 4297 supermontem

426 4316 526 4378 altare
549 4333 624 4378 vcro
650 4315 865 4397 thymiamatis
892 4315 931 4377 de
957 4314 1053 4394 lignis
1079 4316 1172 4378 setim
1230 4321 1390 4389 Gorr'zim,
1407 4317 1461 4398 qui
1479 4335 1589 4398 parum
1607 4316 1745 4378 distabat
1759 4336 1778 4379 a
1792 4325 1903 4378 monte
1919 4316 1975 4376 lle

427 4434 504 4479 auro
520 4415 622 4477 tectis.
649 4415 826 4496 Dicuntque
841 4413 952 4495 aliqui,
974 4415 1059 4496 quod
1076 4414 1172 4476 etiam
1229 4415 1279 4478 bal
1291 4434 1298 4476 :
1309 4419 1450 4486 Sr'noeou,
1463 4418 1553 4485 Levi,
1564 4419 1678 4486 Iudas,
1690 4416 1973 4491 leactaraosept

426 4515 526 4578 altaro
541 4514 717 4577 holocausti
735 4514 795 4577 luit
810 4515 849 4577 do
865 4522 958 4590 terra,
969 4513 1044 4594 quia
1059 4515 1097 4576 ad
1115 4513 1174 4575 mi·
1227 4525 1256 4574 et
1272 4516 1462 4592 Berp'omin,
1479 4513 1570 4576 idest
1582 4512 1647 4574 nati
1664 4511 1763 4574 exhis
1774 4531 1828 4574 sex
1842 4512 1975 4573 Patriar-

428 4632 487 4674 uus
507 4612 618 4676 habuit
645 4622 759 4676 tcrram
786 4631 844 4694 pro
871 4611 983 4688 londo,
1002 4630 1060 4674 nec
1085 4612 1173 4674 aliud
1228 4612 1307 4675 chis.
1325 4615 1543 4688 Etcreolone
1560 4614 1616 4673 isti
1633 4615 1763 4672 stabunt
1779 4615 1824 4671 od
1838 4614 1975 4671 moledi-

427 4711 657 4792 pavimentum.
680 4711 741 4772 dlii
767 4711 889 4786 dicunt,
915 4710 994 4772 illud
1020 4710 1059 4773 de
1081 4710 1172 4773 altari
1228 4714 1366 4770 centlum
1381 4709 1640 4774 inobedientibus
1657 4713 1692 4770 in
1716 4720 1822 4770 moute
1843 4711 1947 4769 Hebcl
1962 4731 1974 4768 .·

427 4819 540 4885 torreo,
555 4810 799 4890 intelligendum
822 4811 861 4872 dc
877 4809 968 4871 altari
991 4810 1078 4890 quod
1100 4817 1173 4872 ante
1229 4811 1351 4881 Ruben,
1376 4812 1459 4881 Geel,
1482 4819 1512 4869 ct
1533 4813 1625 4879 Aser,
1650 4810 1806 4879 Zabulon,
1831 4811 1916 4879 Dan,
1942 4818 1975 4867 et

427 4908 690 4970 constructionem
703 4906 1028 4969 tabernaculi-exstitit
1041 4907 1171 4969 lactum:
1229 4909 1411 4984 rl'rpdtdalt.
1423 4906 1454 4968 ld
1465 4916 1521 4982 cst,
1530 4905 1648 4988 posteri
1660 4904 1973 4982 horum(secundum

427 5007 510 5086 quod
528 5017 559 5070 et
575 5006 710 5068 Thomas
735 5005 765 5066 in
790 5006 894 5087 prima
910 5007 1066 5082 secundae,
1089 5024 1174 5087 quae-
1228 5005 1385 5084 lllossam)
1411 5004 1595 5081 nobiliores,
1623 5002 1751 5066 stabunt
1776 5004 1815 5064 ad
1841 5002 1975 5064 benedi-

428 5103 531 5168 stionc
543 5103 610 5178 l02,
630 5104 748 5166 sentire
765 5104 902 5181 videtur,
911 5104 1046 5168 dicendo
1058 5125 1064 5170 :
1078 5105 1173 5166 Facto
1228 5103 1386 5178 cendum;
1404 5103 1621 5183 ignobiliores,
1638 5103 1677 5164 ad
1693 5100 1971 5163 maledicendum:

428 5201 633 5264 tabernaculo
658 5201 697 5263 ad
723 5201 876 5264 honorem
901 5202 968 5276 Dei,
995 5211 1174 5265 nouerant
1227 5201 1304 5283 quia
1319 5201 1401 5264 inter
1412 5200 1637 5264 maledicentes
1651 5207 1740 5263 erant
1754 5207 1892 5280 quatuor
1908 5196 1973 5260 lilii
2003 5229 2123 5272 emm,

427 5301 577 5364 timendae
587 5299 770 5381 hujusmodi
783 5300 965 5364 occasiones
976 5299 1171 5364 idololatria.
1227 5299 1428 5374 ancillarum,
1453 5308 1484 5363 et
1509 5299 1619 5362 huben
1645 5298 1873 5382 primogenitus
1895 5296 1972 5373 hiat,
1988 5291 2068 5333 Μ’
