4309 6259
519 525 693 572 mannarro
714 526 744 571 m
766 525 833 571 car.
858 520 930 569 xxiv
952 522 1148 571 nuncnonuu.
1171 544 1211 553 —
1232 526 1303 571 aar.
1327 525 1364 570 xa
1653 506 1712 569 ttttt

166 717 251 760 rum.
268 697 342 772 Quae
357 697 466 761 omnia
486 710 585 779 super¹
597 697 757 760 Danielem
774 694 916 777 exposita
930 692 956 753 Α
970 693 1074 757 dendo
1090 695 1214 757 locutus
1230 705 1288 773 cst,
1307 696 1357 760 vcl
1378 696 1483 777 potius
1499 703 1618 777 postea.
1635 694 1713 756 Nam

166 804 244 859 sunt
267 796 397 860 diffuse.
416 798 454 858 Et
476 804 631 878 quantum
653 797 692 858 ad
712 796 790 871 haec,
807 794 915 875 aliquo
970 794 1121 875 praedicta
1143 803 1175 857 et
1196 793 1331 858 forsitan
1353 795 1454 857 multo
1475 795 1567 876 plura
1590 794 1715 856 videtur

165 896 264 959 modo
287 904 395 977 posset
417 895 533 958 salvari
558 896 644 977 quod
665 895 698 955 in
722 892 916 957 Scholastica
971 894 1084 957 stando
1105 894 1240 971 locutus,
1262 894 1351 975 juxta
1376 892 1510 975 prolana
1529 893 1620 955 Balac
1638 892 1715 954 alta-

164 995 302 1057 bistoria
322 1014 360 1057 ex
381 995 518 1076 losepho
538 994 694 1074 allegatur
716 994 774 1055 hoc
798 992 912 1054 modo:
970 991 1027 1054 ria.
1046 996 1089 1054 dt
1104 1013 1249 1053 reversus
1263 1003 1318 1063 est,
1337 992 1369 1054 id
1391 999 1449 1068 cst,
1465 991 1564 1072 coepit
1585 988 1713 1064 reverti,

163 1094 250 1155 Dicit
263 1093 420 1175 Josephus
442 1094 548 1175 ipsum
564 1093 690 1155 Balaam
709 1092 915 1173 prophetasse
969 1093 1005 1149 in
1018 1096 1239 1153 locumsuum.
1252 1092 1368 1153 Tamen
1378 1091 1428 1170 (ut
1439 1089 1523 1151 inira
1533 1087 1716 1167 habebitur)

162 1192 400 1269 adtractatum
416 1191 814 1267 orbemluturumeorum,
832 1190 916 1253 vide-
969 1189 1003 1250 in
1024 1190 1074 1251 via
1095 1190 1134 1251 ad
1157 1189 1248 1252 Balac
1270 1209 1325 1251 seu
1348 1187 1531 1251 Madianitas
1553 1204 1715 1266 regressus

164 1290 467 1367 licetHebraeorum,
481 1290 707 1365 habitaculum,
718 1290 812 1352 ctiam
829 1289 916 1350 insu·
970 1296 1028 1351 cst.
1042 1292 1144 1349 Βαίας
1158 1308 1281 1368 quoque
1297 1289 1352 1348 via
1367 1308 1432 1367 qua
1447 1295 1591 1354 venerat,
1601 1286 1711 1344 rediit.

164 1389 226 1466 las,
242 1389 275 1451 iu
293 1397 446 1453 aeternum
461 1414 468 1465 ;
486 1399 517 1453 ct
531 1409 632 1471 quum
650 1408 723 1471 pars
740 1388 916 1471 prophetiae
969 1387 1145 1471 Deduxerat
1173 1386 1292 1468 quippe
1322 1406 1393 1449 cum
1419 1383 1617 1467 principibus
1647 1382 1713 1443 suis

164 1489 207 1551 sit
224 1488 361 1570 expleta,
375 1488 533 1571 reliquum
546 1507 604 1570 pro
619 1498 706 1551 certo
717 1488 915 1570 implendum
970 1486 1076 1567 ipsum
1094 1487 1219 1549 Balaam
1235 1487 1391 1567 usquead
1413 1482 1565 1546 terminos
1581 1480 1711 1555 Madian,

165 1597 227 1651 est.
247 1588 319 1651 llaec
335 1588 391 1651 ibi.
970 1594 1066 1668 prout
1094 1585 1128 1647 in
1157 1585 1287 1648 cxordio
1316 1580 1523 1667 expositionis
1552 1578 1715 1661 sequentis

176 1718 178 1721 ·
206 1690 428 1767 Suraeaitqae
443 1691 595 1759 Balaam,
612 1694 780 1769 postquam
797 1686 857 1748 ista
868 1705 917 1749 se·
970 1693 1118 1765 tangetur
1133 1682 1276 1766 capituli.

727 2104 1050 2192 ARTICULUS
1089 2105 1162 2190 XL

450 2380 608 2427 Exroslrlo
634 2378 820 2426 sulmtuauts
846 2378 979 2425 stusuau
1004 2381 1142 2428 cautium
1163 2382 1294 2429 vtcastltt
1318 2384 1440 2440 Quanrt.

234 2662 386 2725 Athhl
406 2671 490 2725 recte
512 2662 631 2743 ligurat
652 2680 716 2739 cos,
734 2661 790 2743 qui
813 2661 920 2724 anirno
937 2661 959 2722 B
974 2660 1161 2740 allectuum,
1180 2682 1243 2726 non
1266 2674 1445 2746 sequuntur
1460 2667 1647 2732 instinctum
1666 2688 1720 2730 an-

244 2760 407 2825 obstinato
429 2770 570 2825 renuunt
589 2761 732 2824 converti
756 2760 795 2822 ad
817 2759 921 2823 Bomi—
974 2760 1113 2840 gelicum
1135 2780 1193 2825 nec
1214 2762 1371 2842 divinum,
1390 2784 1448 2827 nec
1467 2766 1718 2829 admonitionem

168 2880 259 2938 num,
278 2869 311 2923 et
332 2860 426 2941 quasi
447 2860 487 2923 de
507 2859 666 2922 industria
684 2859 725 2921 ab
744 2858 814 2941 ipso
835 2877 920 2921 rece
975 2857 1156 2937 fraternam,
1169 2860 1235 2924 imo
1250 2880 1309 2924 nec
1323 2863 1526 2927 conscientia
1542 2883 1606 2927 sua
1621 2866 1720 2928 dicta-

38 2982 153 3029 mina.
169 2961 262 3037 dunt,
281 2960 373 3040 juxta
398 2958 478 3021 illud
503 2959 536 3020 in
560 2958 643 3023 Job:
668 2958 819 3021 Bixcrunt
844 2958 917 3035 Deo,
974 2977 1047 3021 men
1061 2975 1068 3019 :
1081 2958 1197 3040 quibus
1214 2958 1362 3023 informis
1382 2962 1515 3025 scicntia
1537 2962 1719 3026 intolerabi-

170 3059 327 3123 Becedea
346 3057 450 3133 nobis,
470 3056 635 3121 scientiam
653 3057 777 3119 viarum
795 3065 919 3118 tuarum
974 3057 1036 3119 lius
1057 3058 1140 3138 parit
1159 3058 1323 3139 judicium.
1338 3058 1476 3133 Quorum
1498 3061 1718 3143 unusquisque

171 3159 334 3222 nolumus.
354 3156 518 3237 Siquidem
540 3155 658 3238 impius
673 3156 798 3218 Balaam
814 3155 918 3217 vitans
974 3155 1079 3219 dicere
1095 3165 1199 3237 potest
1212 3174 1218 3217 :
1232 3156 1327 3219 Dicit
1341 3162 1433 3219 doato
1443 3161 1536 3237 cujus
1550 3162 1718 3221 obturatus

169 3257 276 3337 angeli
294 3254 397 3319 sancti
413 3274 591 3331 occursum,
606 3254 718 3317 maluit
733 3254 795 3317 sibi
811 3272 920 3318 occur·
973 3265 1017 3315 cst
1032 3260 1143 3315 accitus
1153 3279 1166 3326 ,·
1182 3257 1271 3317 diatt
1292 3260 1425 3318 auditor
1445 3279 1628 3320 samonum
1643 3261 1717 3330 Dei,

169 3372 240 3418 rore
264 3356 456 3429 tlaemoncm,
481 3352 542 3415 sibi
567 3371 720 3435 apparere
744 3360 916 3415 assuetum.
973 3355 1032 3431 qui
1056 3355 1211 3414 visionem
1227 3356 1461 3432 Omnipotcntis
1485 3358 1719 3429 miditatem:

170 3452 221 3517 Sic
237 3452 369 3535 quidam
395 3451 497 3513 vitant
515 3452 666 3515 accedere
687 3469 751 3527 cos,
769 3449 918 3531 aquibus
973 3452 1031 3531 qai
1055 3453 1157 3522 cadit,
1175 3462 1205 3513 et
1229 3454 1276 3512 stc
1299 3456 1496 3530 aperiantur
1525 3458 1612 3515 ocuti
1634 3457 1716 3533 ejas.

170 3572 204 3613 se
220 3551 383 3614 aestimant
397 3550 617 3631 corripiendos
637 3557 733 3631 atque
750 3547 919 3611 salubriter
974 3549 1057 3611 Talis
1078 3549 1209 3632 quippe,
1228 3551 1343 3613 mentis
1363 3553 1491 3615 oculum
1514 3553 1610 3616 habet
1630 3554 1718 3617 vitiis

172 3647 412 3725 informandos,
439 3648 638 3729 cupiuntque
665 3647 727 3709 sibi
753 3664 919 3710 occurrere
973 3658 1005 3710 et
1027 3648 1227 3729 passionibus
1249 3650 1464 3727 obscuratum,
1487 3650 1588 3714 nihilo
1611 3651 1718 3714 minus

170 3749 361 3823 daemonem,
379 3745 411 3808 id
432 3754 480 3808 est
498 3746 711 3809 consultorem
733 3746 919 3825 sociumque
973 3746 1096 3809 audivit
1117 3766 1280 3810 sermones
1301 3748 1367 3824 bei,
1385 3767 1444 3811 nec
1466 3748 1587 3833 implet,
1605 3750 1657 3812 cui
1671 3751 1718 3812 Ja-

170 3843 377 3927 pestiierum3
394 3852 425 3906 et
440 3843 597 3925 quidquid
614 3843 754 3924 suggerit
770 3843 919 3906 inimicus
937 3848 958 3910 C
974 3844 1071 3909 cobus
1097 3845 1141 3907 ait
1164 3846 1352 3927 apostolus:
1375 3845 1407 3908 Si
1430 3846 1503 3927 quis
1524 3847 1650 3911 auditor
1669 3858 1718 3911 est
1737 3868 1862 3920 assotana

170 3943 295 4018 salutis,
323 3961 397 4005 mox
422 3941 670 4023 amplectuntur.
693 3941 918 4004 Verumtamen
974 3943 1061 4006 verbi
1078 3942 1144 4020 Dei,
1161 3952 1193 4006 ct
1208 3961 1272 4007 non
1289 3942 1401 4020 lactor,
1415 3944 1467 4007 hic
1482 3945 1717 4027 comparabitur
1731 3933 1764 3973 ²⁴·

49 4052 157 4141 fra-uu.
170 4042 254 4105 sicut
270 4042 378 4124 ipsum
394 4041 518 4103 Balaam
539 4040 683 4115 cohibuit
698 4040 830 4119 angelus
845 4059 918 4102 san·
974 4042 1043 4104 viro
1065 4042 1279 4105 consideranti
1304 4042 1428 4105 vultum
1454 4042 1630 4106 nativitatis
1651 4064 1717 4108 suae

40 4118 67 4157 ²''
171 4150 241 4203 ctus
263 4160 282 4203 a
304 4139 393 4202 vitiis
413 4139 534 4217 multis,
553 4139 599 4203 sic
621 4139 726 4218 angeli
749 4138 850 4203 sancti
866 4139 919 4201 ho
975 4141 1007 4203 in
1029 4141 1179 4223 speculo;
1200 4141 1414 4205 consideravit
1436 4142 1522 4205 enim
1545 4161 1589 4220 sc,
1610 4151 1642 4205 et
1662 4144 1717 4206 ab

171 4240 296 4302 minum
313 4238 461 4301 custodes
476 4237 668 4311 fidelissimi,
678 4238 842 4301 retrahunt
857 4237 919 4299 sibi
974 4240 1022 4317 iit,
1040 4248 1071 4302 et
1091 4240 1198 4301 statim
1218 4239 1337 4303 oblitus
1357 4248 1405 4303 cst
1424 4241 1528 4322 qualis
1549 4240 1621 4304 luit.
1643 4242 1716 4306 ldeo

170 4338 373 4414 commissos,
385 4336 622 4418 quantumlibet
637 4355 794 4418 pravosa
809 4338 918 4400 multis
973 4357 1083 4400 rursus
1106 4338 1249 4401 hortatur
1266 4356 1273 4399 :
1290 4338 1397 4401 Estote
1420 4338 1554 4402 lactoros
1577 4340 1667 4421 logis,
1684 4349 1717 4403 ct
1743 4361 1803 4405 rata
1817 4364 1851 4404 aa.

168 4435 364 4501 excessibus.
973 4452 1037 4498 non
1062 4434 1223 4497 auditores
1248 4442 1382 4512 tantum,
1408 4434 1555 4499 fallentes
1580 4447 1718 4501 vosmct-

197 4538 353 4613 uiridem
363 4532 918 4597 Balaamcontradesertumvattam
972 4532 1166 4614 ipsosl'alis
1180 4551 1309 4613 quoque
1318 4532 1473 4596 visionem
1483 4533 1717 4617 Omnipotcntis

169 4655 282 4703 suum,
294 4634 380 4693 cidit
396 4636 498 4693 Israel
514 4634 550 4693 in
568 4635 713 4693 tentoriis
723 4654 919 4695 commorda-
974 4631 1126 4706 intuctur,
1138 4632 1215 4693 dum
1230 4650 1267 4694 ea
1282 4651 1353 4713 qum
1363 4631 1396 4693 in
1406 4632 1505 4695 ueteri
1517 4632 1717 4698 Testamenta

171 4743 245 4793 tem.
263 4731 316 4793 Sic
341 4730 501 4793 interdum
527 4730 684 4811 contingit
709 4732 793 4812 quod
818 4732 918 4813 aliqui
973 4732 1012 4793 de
1027 4729 1152 4792 Christo
1167 4738 1199 4792 et
1221 4730 1403 4811 evangelica
1423 4731 1492 4811 lege
1513 4740 1588 4793 sunt
1607 4732 1719 4814 praedi·

171 4829 316 4906 littcrati,
335 4829 391 4891 sed
411 4836 519 4891 mente
534 4829 677 4892 carnales
699 4839 730 4893 ct
752 4831 916 4908 mundani,
974 4838 1034 4906 cta,
1052 4828 1204 4910 iutelligit
1227 4829 1278 4893 vel
1300 4830 1389 4892 audit
1408 4830 1534 4912 exponi,
1552 4831 1620 4894 sive
1641 4832 1717 4894 dum

170 4924 486 4989 considerantvitam
509 4934 691 4989 sanctorum
706 4927 917 5003 eremitarum,
974 4928 1144 5011 specialem
1160 4928 1300 5009 aliquam
1321 4929 1360 4990 do
1374 4928 1436 4992 Deo
1459 4929 1604 4992 notitiam
1620 4931 1719 4993 susci-

171 5024 417 5105 rcgularcmque
432 5023 668 5087 observantiam
679 5024 916 5105 religiosorum:
935 5035 959 5096 D
975 5028 1032 5109 pit.
1059 5028 1125 5101 Quo
1151 5029 1284 5090 cadente
1309 5028 1343 5089 in
1368 5027 1506 5109 culpam,
1531 5028 1719 5110 aperiuntur

171 5143 209 5185 en
240 5121 360 5204 quibus
386 5130 646 5203 compunguntur
676 5124 714 5185 ad
740 5124 861 5201 horam,
888 5134 919 5187 ct
975 5125 1058 5189 oculi
1085 5125 1290 5189 conscientiae
1310 5126 1405 5206 ejus:
1427 5126 1504 5206 quia
1523 5136 1595 5208 post
1618 5128 1719 5209 culpae

171 5220 398 5303 hujuscemodi
420 5227 575 5302 appetunt
596 5221 646 5284 vel
663 5222 769 5304 potius
791 5222 921 5285 laudant
976 5224 1241 5306 perpetrationem
1254 5223 1518 5285 habetinterdum
1534 5242 1662 5303 gravem
1675 5244 1720 5287 re

172 5320 271 5385 vitam
285 5328 446 5394 3attamen
461 5320 602 5402 pondere
616 5320 804 5385 vitiosorum
820 5322 920 5403 pressi
977 5342 1129 5400 morsum,
1148 5321 1210 5384 nisi
1228 5321 1311 5384 lorte
1331 5322 1411 5384 adeo
1430 5321 1472 5383 sit
1487 5340 1667 5403 perversus,
1684 5331 1720 5385 ut
