4309 6259
558 530 734 576 nnaannrto
755 531 786 575 llll
807 532 875 577 GAl’.
898 531 952 577 xlx
973 531 1109 576 tavtrtct.
1134 551 1172 561 -
1193 533 1265 578 aut.
1288 531 1394 578 xxxvlt

1688 511 1747 576 263

197 699 343 778 guinem.
357 701 448 763 Unde
462 697 668 781 subjungitur
681 718 688 762 :
700 703 744 762 Et
758 721 853 777 super
870 721 947 760 mor-
961 700 987 762 Α
1003 700 1065 762 lem
1094 701 1335 764 fornicationem
1361 721 1416 764 sau
1442 701 1652 764 idololatriam
1677 719 1746 764 eor-

198 809 251 859 tuo
264 821 331 860 rrorr
344 801 495 860 incidetis
505 820 617 858 carnes
627 809 758 860 vestras.
768 799 829 861 Hoc
841 806 945 861 lamen

196 899 372 979 exponitur
387 898 513 972 melius,
526 907 561 958 ut
577 898 699 960 scilicet
721 897 781 959 filii
802 899 895 960 lsrael
913 899 945 959 in

198 995 312 1059 furrere
337 997 593 1080 propinquorum
619 1015 750 1060 suorum
780 1016 845 1060 non
870 997 946 1060 inei-

195 1097 311 1158 dcrent
332 1113 450 1176 eorpus
473 1113 566 1157 sunm
593 1113 694 1176 usque
720 1097 760 1157 ad
781 1095 945 1176 sanguinis

195 1191 407 1268 effusionem,
425 1193 525 1255 instar
544 1194 725 1272 gentilium,
747 1195 803 1275 qui
828 1195 867 1256 ad
893 1195 947 1256 de-

196 1292 443 1353 monstrandum
460 1292 694 1354 vehementiam
712 1294 761 1355 sui
777 1293 895 1355 doloris
912 1292 944 1353 in

196 1397 301 1451 morte
317 1407 460 1465 suorum,
471 1390 516 1452 ita
530 1409 564 1452 se
579 1391 859 1454 inciderunt.llinc
870 1391 947 1453 scri·

196 1496 287 1568 ptum
305 1496 355 1549 est
372 1487 406 1549 iu
422 1488 543 1550 Baruoh
560 1489 599 1551 de
614 1489 830 1552 sacerdotibus
845 1490 946 1570 genti-

196 1582 276 1646 lium
295 1603 303 1645 :
321 1585 507 1648 Sacerdotes
522 1587 806 1663 sedent,habentes
822 1588 946 1650 tunicas

197 1683 315 1745 scissas
330 1693 363 1746 et
377 1684 483 1766 capita
502 1694 534 1747 et
553 1685 684 1748 barbam
708 1705 822 1748 rasam.
841 1686 945 1749 Tertio

194 1801 327 1864 quoque
341 1783 461 1862 Regum
483 1784 523 1846 de
545 1786 762 1848 sacerdotibus
782 1786 854 1848 Baal
877 1804 946 1846 nar-

1003 819 1095 862 ruere
1117 800 1223 874 sinas3
1250 804 1306 862 ct*
1329 804 1567 862 contaminatur
1593 811 1691 870 tarra,
1715 811 1745 862 et
1781 817 1833 861 ‘aa

1004 900 1178 974 implectur·
1194 901 1338 976 piaculo,
1356 899 1389 960 id
1412 907 1469 975 esl,
1488 918 1527 964 116
1543 917 1581 961 ex
1602 898 1657 960 tali
1674 917 1745 980 pro·

1001 997 1168 1060 stitutione
1193 997 1322 1079 plurimi
1354 997 1573 1077 inquinentur,
1600 1005 1632 1060 61
1662 1005 1745 1060 terra

1001 1095 1206 1158 habitationis
1223 1105 1334 1158 vestrae
1350 1095 1450 1176 pollui
1464 1094 1746 1158 affirmetur.Sab-

1001 1195 1074 1254 buta
1091 1215 1160 1253 orrea
1176 1197 1341 1264 custodite,
1352 1204 1382 1254 et
1396 1196 1622 1254 sartctuarium
1638 1215 1745 1256 mcum

1000 1295 1142 1362 rnernr'te,
1168 1291 1199 1353 id
1221 1301 1279 1368 est,
1301 1292 1454 1374 templum
1478 1311 1533 1354 seu
1557 1292 1744 1355 tabernacu-

1001 1387 1067 1449 lum
1084 1388 1138 1452 Dei
1161 1391 1193 1450 in
1215 1391 1390 1454 reverentia
1412 1388 1572 1466 habetote,
1586 1409 1643 1454 nec
1663 1391 1743 1453 illud

1001 1485 1120 1549 intrare
1135 1488 1344 1568 presumatis,
1364 1488 1425 1550 uisi
1443 1488 1553 1551 mundi
1571 1489 1638 1551 sive
1654 1509 1744 1552 mun·
1799 1551 1800 1554 ,

999 1583 1076 1645 dati.
1096 1587 1165 1664 Epo
1181 1588 1349 1648 Dominus.
1369 1589 1418 1649 Nc
1433 1589 1601 1647 declinetis
1617 1591 1661 1648 ad
1676 1611 1743 1650 rna·

996 1703 1063 1757 pos,
1080 1683 1113 1744 id
1136 1693 1184 1746 est
1206 1684 1370 1748 maleficos
1391 1683 1457 1747 sive
1478 1685 1662 1767 astrologos,
1687 1687 1742 1768 qui

999 1782 1136 1860 genetioi
1154 1785 1165 1808 *
1180 1782 1391 1864 appellantur,
1413 1791 1543 1865 propter
1564 1786 1744 1850 considera-
1770 1804 1896 1878 ''pleun-

195 1889 284 1942 ratur
304 1899 312 1944 ε
329 1881 515 1944 lucidebaut
534 1901 569 1944 se
583 1883 693 1945 cultris
713 1892 809 1963 atque
825 1883 946 1946 lancee
964 1885 987 1946 B
1002 1880 1120 1943 tionem
1146 1881 1268 1944 dierum
1295 1881 1459 1957 natalium,
1483 1891 1579 1964 atque
1604 1903 1642 1946 ex
1667 1885 1740 1962 situ,
1757 1880 1790 1910 ⁸⁰¹

101 1989 106 2004 ¹
142 1990 148 2002 ·
194 1979 245 2057 lis,
256 1981 361 2043 donoc
376 1980 647 2062 perfunderentur
661 1982 827 2062 sanguiue.
837 1984 946 2060 Neque

192 2086 321 2157 floreres
336 2083 506 2159 attpamer
520 2083 674 2158 stigmata
683 2083 814 2162 societis
829 2083 917 2141 ochis
933 2098 944 2140 :

193 2176 391 2241 confidendo
407 2177 442 2239 iu
465 2178 592 2255 talibus,
609 2181 695 2259 qnod
717 2178 750 2240 in
773 2179 851 2261 ipsis
871 2179 945 2242 cha-

192 2275 371 2339 racteribus
382 2285 414 2338 et
425 2276 694 2357 protractionibus
710 2277 944 2354 linearum,seu

192 2375 288 2438 modo
314 2373 486 2454 effigiandi
511 2374 553 2436 sit
575 2375 687 2452 virtus,
706 2375 867 2458 praecipue
888 2395 944 2458 per

191 2481 373 2555 respectum
395 2474 434 2535 ad
456 2481 551 2550 astra,
568 2474 618 2538 vel
639 2494 677 2537 ex
701 2483 790 2557 parte
812 2473 874 2538 loci
889 2483 943 2536 aut

192 2572 369 2654 temporis:
387 2573 582 2654 quaomnia
598 2583 672 2635 sunt
689 2573 941 2636 idololatriarum

136 2697 141 2702 ·
190 2672 338 2751 quaedam
355 2671 628 2752 reliquiae,contra
644 2691 714 2752 quaa
730 2672 873 2753 loquitur
883 2672 943 2733 llu-

188 2770 338 2848 gustinus
355 2770 438 2833 libro
453 2770 496 2832 (16
509 2771 657 2834 Doctrina
673 2770 857 2833 christiana.

228 2868 310 2930 llinc
336 2868 449 2930 scribit
472 2867 660 2930 Guillelmus
679 2886 686 2930 :
704 2869 751 2931 Ad
776 2869 940 2931 vitandam

189 2985 320 3029 omnem
332 2967 521 3030 idololatriae
536 2967 766 3044 exsistentiam,
785 2987 940 3050 apparen-

1000 1989 1100 2057 motu,
1114 1999 1169 2042 seu
1185 1979 1395 2062 dispositione
1410 2000 1445 2042 ac
1466 1981 1654 2046 habitudine
1671 1983 1744 2045 stel-

998 2077 1101 2139 larum
1118 2078 1357 2160 prognosticam
1372 2080 1455 2141 ultra
1475 2087 1506 2142 et
1525 2079 1628 2156 aliter,
1647 2099 1743 2161 quam

999 2177 1137 2239 naturali
1153 2177 1286 2240 scientia
1302 2177 1375 2240 seiri
1393 2186 1507 2260 potest,
1521 2179 1571 2241 vel
1590 2179 1691 2242 virtus
1706 2199 1743 2242 ac

999 2275 1171 2339 influentia
1201 2275 1330 2339 illorum
1360 2276 1502 2338 extendit
1532 2295 1566 2339 se
1589 2301 1597 2352 3
1624 2299 1680 2340 nec
1705 2281 1744 2339 ab

999 2377 1114 2434 ariolis
1129 2377 1259 2455 aliquid
1274 2376 1493 2447 sciscitemini,
1511 2374 1542 2437 1(1
1558 2384 1617 2452 est,
1630 2375 1744 2439 verita-

1000 2480 1062 2534 tem
1079 2481 1285 2548 sccretorum,
1307 2481 1362 2534 aut
1383 2471 1564 2536 futurorum
1581 2483 1741 2550 eventum,

998 2589 1062 2632 nou
1078 2570 1282 2651 interrogetis
1298 2571 1337 2633 ab
1353 2570 1413 2648 his,
1431 2571 1486 2653 qui
1509 2571 1583 2634 talia
1598 2571 1743 2636 divinare

996 2689 1033 2732 ac
1049 2668 1213 2731 insinuare
1235 2679 1432 2750 praesumunt
1451 2689 1489 2732 cx
1509 2670 1627 2734 intuitu
1644 2669 1742 2734 visee-

997 2786 1066 2828 rum
1093 2776 1124 2830 61
1153 2777 1296 2830 extorum
1327 2767 1513 2830 animalium
1544 2769 1742 2833 daemonibus

996 2866 1196 2940 oblatorum3
1225 2878 1260 2928 111
1282 2869 1483 2946 polluamini
1503 2889 1564 2946 per
1588 2889 1645 2930 cos.
1675 2873 1742 2946 1196

996 2967 1154 3026 domarius
1168 2969 1254 3027 Deus
1271 2965 1428 3035 oester,ad
1444 2984 1540 3046 quom
1555 2975 1741 3030 convertere

188 3065 277 3141 tiam,
305 3073 338 3127 et
363 3066 455 3146 signa
479 3067 550 3146 ejus
575 3085 612 3128 ac
637 3075 760 3143 nutum,
787 3065 975 3149 praecepitii
995 3083 1051 3127 vos
1067 3063 1200 3140 debetis,
1219 3065 1258 3126 ad
1276 3064 1537 3144 interrogandum
1554 3065 1593 3127 (16
1610 3064 1737 3142 talibus,

188 3163 344 3226 Dominus
367 3163 446 3225 liliis
466 3164 562 3225 lsrael
585 3183 650 3227 non
672 3165 838 3228 consulere
857 3165 939 3228 ario-

189 3262 247 3338 los,
266 3281 327 3324 nec
347 3263 517 3325 observare
537 3264 662 3325 somnia
675 3264 725 3326 vel
746 3264 889 3345 auguria,
906 3274 938 3327 61

188 3379 226 3422 116
247 3361 449 3424 inveniretur
470 3361 503 3423 in
528 3371 611 3424 terra
629 3362 723 3424 lsrael
745 3362 935 3440 incantator,

187 3477 292 3540 neque
309 3458 490 3536 maleficus,
508 3469 564 3522 aut
578 3460 633 3540 qui
649 3459 777 3524 divinos
791 3460 937 3524 consule

186 3566 244 3619 ret.
263 3556 410 3638 Speciem
421 3577 550 3639 quoque
567 3559 754 3622 idololatriae
772 3559 937 3642 prohibuit

184 3656 252 3718 zelo
274 3657 401 3732 eodem,
423 3656 535 3719 dicens
553 3676 560 3720 ε
578 3657 686 3739 Neque
705 3658 736 3718 in
763 3659 934 3720 rotundum

184 3754 396 3817 attondebitis
416 3773 552 3831 comam,
572 3775 631 3819 uec
651 3756 782 3818 barbam
804 3755 932 3818 radetis.

185 3853 361 3916 lucisiones
371 3863 478 3916 autom
491 3873 588 3936 super
598 3863 759 3917 mortuum
776 3854 935 3917 faciehant

184 3952 373 4026 idololatrae,
392 3952 435 4014 ita
451 3961 664 4014 monstrantes
681 3952 933 4032 magnitudinem

183 4050 231 4111 sui
249 4050 399 4112 moeroris
416 4051 449 4111 in
466 4059 568 4113 morte
582 4069 739 4126 carorum,
752 4051 791 4112 ad
808 4051 934 4132 placan-

182 4148 257 4209 dum
283 4149 362 4210 deos
388 4148 566 4211 inferorum
585 4167 593 4209 :
609 4149 695 4229 quod
719 4149 811 4210 multi
831 4151 933 4213 adhuc

994 3161 1020 3223 si
1041 3161 1136 3225 luerit
1152 3171 1378 3245 opportunum,
1398 3162 1480 3225 sicut
1496 3182 1552 3244 per
1567 3163 1678 3226 lsaiam
1694 3163 1740 3226 ait

994 3260 1130 3342 Spiritus
1147 3260 1281 3324 Sanctus
1294 3277 1301 3322 :
1315 3260 1474 3342 Numquid
1491 3279 1554 3324 uon
1570 3262 1665 3326 alleo
1681 3280 1738 3325 suo
1755 3275 1786 3318 n.
1798 3289 1840 3328 11,
1854 3280 1884 3320 u.
1910 3285 1915 3296 ·

992 3359 1129 3441 populus
1145 3368 1266 3440 quaeret
1281 3362 1293 3420 l

1035 3462 1148 3520 Coram
1158 3477 1237 3518 carro
1248 3477 1307 3535 cap
1312 3460 1353 3518 ite
1363 3478 1527 3536 consurpc.
1536 3457 1632 3520 Senes
1643 3459 1736 3534 enlm,

992 3555 1105 3618 ceteris
1124 3555 1266 3637 paribus,
1285 3564 1359 3618 suut
1379 3555 1621 3637 praehonorandi
1644 3559 1739 3621 eorde

991 3662 1023 3716 61
1047 3654 1139 3734 signo
1160 3654 1307 3717 exteriori
1326 3674 1332 3717 :
1352 3673 1425 3715 nam
1446 3661 1477 3716 et
1500 3653 1569 3735 ipsa
1592 3664 1737 3718 senectus

991 3761 1040 3814 est
1060 3771 1159 3814 unum
1183 3771 1291 3814 eorum
1312 3771 1383 3833 quae
1405 3751 1568 3814 hominem
1585 3750 1737 3817 efficiunt

990 3851 1217 3913 venerandum.
1231 3850 1264 3911 ln
1280 3849 1409 3912 senibus
1424 3866 1552 3931 quoquc
1566 3849 1672 3913 solent
1687 3870 1736 3912 ex-

990 3948 1147 4031 perientia
1167 3959 1198 4010 61
1219 3947 1374 4030 sapientia
1394 3947 1568 4025 abundare,
1587 3949 1734 4030 quamvis

989 4048 1023 4109 in
1040 4047 1211 4128 decrepitis
1227 4046 1316 4126 vigor
1336 4063 1486 4108 sensuum
1508 4046 1621 4128 visque
1641 4047 1734 4110 intel-

988 4146 1090 4210 lectus
1111 4143 1263 4226 paulatim
1284 4144 1477 4206 decrescant.
1495 4143 1526 4206 Si
1549 4153 1654 4208 autem
1676 4146 1732 4227 qui

183 4245 307 4308 faciunt
332 4247 366 4307 in
390 4255 492 4309 morte
514 4265 660 4309 carorum
686 4265 828 4324 suorum,
846 4251 931 4330 quod
948 4251 971 4312 D
986 4245 1092 4326 eapite
1107 4261 1205 4305 canus
1221 4243 1367 4318 est,levis
1383 4242 1425 4304 sit
1440 4243 1582 4307 moribus
1598 4253 1629 4306 61
1644 4243 1733 4309 vitiis

181 4343 293 4424 utique
316 4352 367 4406 est
388 4345 429 4406 (16
451 4344 595 4424 reliquiis
621 4344 810 4407 idololatrian
831 4355 862 4408 61
887 4365 932 4408 ε6-

180 4459 310 4504 crorum
328 4441 482 4504 Plutonis.
502 4441 654 4522 Stigmata
670 4461 745 4505 vcro
761 4452 793 4506 ct
812 4442 932 4522 figuras

180 4539 286 4602 adhue
303 4537 428 4602 faciunt
438 4539 540 4619 aliqui
550 4539 931 4617 Christiani,otdefer'unt

180 4655 227 4710 ra,
255 4646 439 4717 vocantque
469 4637 592 4713 brevia,
619 4646 652 4701 et
681 4640 713 4700 iu
744 4641 930 4720 corporibus

180 4737 333 4818 propriis,
360 4744 394 4798 et
414 4737 447 4797 in
472 4737 591 4799 chartis
616 4757 653 4800 ac
679 4738 816 4800 metallis
834 4757 841 4799 ε
859 4758 930 4819 quur

178 4835 287 4896 omnia
310 4843 367 4897 aut
388 4843 462 4896 sunt
486 4835 666 4899 idololatria
685 4854 769 4912 vera,
791 4845 845 4898 aut
860 4855 929 4917 spe-

178 4933 245 4995 eies
260 4934 343 5013 ejus,
355 4952 393 4996 ae
410 4933 554 5014 reliquiar.
569 4935 772 5011 detestanda,
786 4934 929 4997 christia-

179 5050 228 5094 nae
244 5031 396 5111 religioni
408 5033 585 5093 contrariae.

208 5133 278 5206 Epo
287 5133 410 5190 Domr'rr
416 5133 512 5192 usNr
520 5133 696 5207 prostituas
705 5135 812 5209 filiam
825 5143 925 5206 trram,

179 5227 211 5289 id
236 5237 296 5302 est,
318 5246 390 5290 ram
417 5227 451 5289 in
478 5227 623 5308 lupanari
650 5247 713 5292 non
739 5249 850 5312 ponas,
869 5250 926 5292 uec

179 5324 306 5387 lihidiui
322 5324 465 5404 generali
481 5344 632 5406 exponas,
651 5346 708 5390 nec
723 5328 763 5389 ad
779 5329 927 5410 spiritua-

986 4344 1164 4419 induratus,
1187 4342 1256 4422 ipse
1272 4359 1306 4403 se
1321 4340 1425 4422 privat
1440 4342 1613 4406 senectutis
1630 4343 1731 4407 bono·

986 4461 1030 4503 re.
1057 4440 1117 4514 Qui
1142 4458 1217 4503 voro
1241 4459 1279 4502 ex
1309 4439 1445 4501 naturali
1471 4449 1525 4502 aut
1550 4441 1729 4504 inevitabili

985 4559 1080 4601 causa
1096 4539 1260 4621 puerilizat
1271 4539 1304 4599 iu
1320 4538 1477 4616 scuio‚est
1491 4539 1544 4620 pie
1555 4541 1730 4620 portandus

984 4647 1015 4700 ot
1040 4639 1173 4700 honeste
1200 4639 1391 4700 tractandus.
1413 4640 1456 4699 Et
1481 4641 1602 4699 honam
1622 4659 1729 4716 perso-

984 4739 1160 4798 1116116111
1175 4759 1186 4796 .·
1206 4737 1291 4816 quod
1316 4756 1334 4799 a
1359 4736 1536 4799 minorihus
1552 4737 1727 4818 praesertim

985 4836 1177 4898 servandum
1208 4844 1266 4897 est.
1290 4835 1378 4897 Unde
1407 4844 1439 4897 61
1462 4834 1577 4896 Paulus
1602 4843 1727 4916 aposto-

983 4934 1032 4996 lus
1042 4952 1049 4995 :
1060 4934 1234 5010 Seniorem‚
1248 4933 1364 5015 inquit,
1377 4951 1417 4996 ue
1432 4933 1656 5015 increpaveris,
1670 4935 1725 4996 sed
1748 4944 1871 4994 111611-

982 5033 1114 5095 obsecra
1144 5041 1179 5093 ut
1209 5040 1341 5113 patrem.
1374 5031 1412 5092 111
1442 5031 1473 5091 in
1503 5030 1725 5094 Ecclesiastico

982 5130 1117 5193 hahetur
1144 5147 1150 5192 :
1178 5131 1209 5191 ln
1235 5129 1439 5191 multitudine
1469 5128 1724 5210 presbytororum
1761 5149 1870 5203 16111,

980 5229 1184 5312 prudentium
1197 5237 1255 5304 sta,
1269 5235 1300 5289 61
1314 5247 1352 5289 ex
1367 5228 1461 5290 corde
1477 5227 1640 5308 sapientiae
1655 5225 1725 5290 illo·
1739 5217 1772 5258 ³⁵·

982 5347 1050 5388 rum
1073 5327 1277 5407 conjungere.
1296 5325 1333 5387 Et
1355 5343 1464 5387 rursus
1485 5325 1723 5388 Ecclesiasticus
