4309 6259
758 803 1290 934 nnannnrro

358 1111 496 1278 IN
565 1112 1090 1284 LIBRUM
1157 1118 1688 1286 NUMERI

630 1463 957 1561 HEBRAICE
996 1467 1421 1563 VAIEDABBER

486 1739 522 1788 ln
555 1739 627 1799 QUO
656 1741 790 1794 AGlTUR
820 1742 866 1792 DE
897 1743 1169 1810 nonantulonus,
1202 1745 1566 1806 MURMURATlONEQUE
1627 1813 1630 1818 Ι

242 1866 380 1916 POPULl
413 1867 553 1934 isurun,
576 1868 623 1918 nu
652 1869 855 1919 PROPHETIA
882 1869 1037 1934 BALAAM,
1061 1870 1108 1919 DE
1133 1870 1375 1922 unns1onruus
1403 1872 1532 1924 POPULI
1557 1872 1593 1922 IN
1621 1870 1794 1935 ossuum,

572 1993 615 2042 ΕΤ
642 1993 808 2044 vtcrontn
834 1995 974 2045 CONTRA
1001 1995 1117 2046 REGES
1143 1996 1249 2046 eitun
1274 1996 1477 2047 JORDANEM.

740 2549 1064 2638 ARTICULUS
1102 2549 1320 2637 PRIMUS

368 2789 538 2866 ¹liXPOSl'lffl
560 2818 735 2864 tirrannus
757 2817 894 2862 onrtrutr
915 2814 999 2860 l'lllllll
1022 2814 1029 2859 :
1053 2815 1242 2870 nocurusoutt
1264 2817 1317 2862 EST
1338 2817 1470 2864 DOlllNUS
1491 2819 1533 2863 ΑΙ)
1554 2818 1673 2865 llOYSEN

879 2914 910 2959 ΙΝ
930 2912 1065 2959 passuro
1087 2913 1179 2960 SlNAl.

313 3191 395 3255 EGE
415 3190 481 3272 jorn
501 3189 584 3264 data,
602 3194 635 3250 et
650 3194 792 3268 tempore
807 3183 1001 3266 procedendi
1015 3183 1041 3246 A
1056 3193 1129 3267 post
1148 3185 1343 3249 tabernaculi
1364 3186 1566 3266 erectionem,
1584 3195 1616 3251 et
1635 3187 1721 3252 inira
1739 3188 1800 3252 hoc

324 3291 365 3353 ad
383 3297 499 3351 terram
515 3283 706 3368 promissam
716 3283 866 3359 instante,
877 3283 1001 3345 locutus
1057 3293 1182 3364 tempus
1203 3283 1327 3347 locutus
1349 3292 1397 3347 est
1415 3285 1497 3370 Deus
1512 3285 1608 3369 Moysi
1623 3306 1661 3350 ea
1675 3305 1746 3368 quau
1765 3286 1800 3349 iu

246 3399 300 3454 est
317 3386 472 3450 Dominus
487 3382 583 3466 lloysi
604 3383 643 3445 de
663 3380 854 3464 quibusdam
869 3398 1002 3461 praaam-
1055 3381 1196 3444 Levitico
1212 3381 1330 3464 scripta
1345 3392 1430 3444 sunt.

245 3487 351 3562 bulis,
369 3491 446 3568 puta
461 3484 501 3545 de
517 3481 628 3564 populi
645 3477 875 3556 numeratione,
894 3479 933 3540 de
948 3477 1002 3540 tri·
1096 3482 1213 3541 Dicens
1224 3502 1235 3540 .·
1249 3483 1363 3542 Tollite
1376 3501 1551 3555 summam,
1560 3482 1592 3544 id
1608 3491 1667 3561 est,
1677 3489 1800 3546 certum

246 3588 354 3650 buum
370 3581 515 3646 ordinata
529 3577 747 3655 collocatione,
755 3578 794 3640 de
804 3575 999 3639 tabernaculi
1056 3597 1225 3641 numerum
1246 3579 1391 3661 accipite,
1409 3584 1568 3643 universe
1584 3585 1801 3660 conpreqatio

245 3681 455 3748 dedicatione
470 3698 507 3742 ao
521 3676 753 3759 deportatione,
765 3677 805 3738 do
819 3675 1000 3738 Levitarum
1055 3680 1109 3738 nis
1123 3680 1269 3755 filiorum
1285 3681 1400 3749 Israel,
1411 3700 1472 3757 per
1487 3683 1689 3757 copnationcs
1702 3690 1733 3741 et
1747 3683 1800 3740 do

246 3779 455 3865 separatione
479 3775 666 3857 oiiiciisque
684 3773 855 3837 distinctis.
880 3773 998 3855 ltaquo,
1056 3797 1122 3837 mos
1142 3797 1218 3836 suas
1239 3786 1269 3836 et
1290 3795 1346 3857 per
1362 3778 1497 3838 nomina
1516 3780 1750 3868 eloquiorum:
1766 3777 1798 3840 id

246 3885 458 3957 Locutusque
477 3885 523 3936 est
542 3875 702 3936 Dominus
722 3890 778 3955 per
793 3871 941 3950 angelum
957 3875 1001 3932 ad
1055 3883 1114 3962 ¹est,
1132 3882 1233 3936 totum
1256 3873 1410 3956 populum
1433 3873 1529 3936 istum
1552 3874 1598 3938 sio
1621 3883 1797 3951 numerate,

247 3981 388 4054 Moysen
409 3977 446 4035 in
465 3978 586 4035 deserto
606 3973 717 4044 δίκαι’,
737 3971 796 4035 hoc
819 3977 868 4033 est
890 3970 923 4031 in
948 3971 1001 4032 de·
1057 3983 1092 4035 ut
1116 3973 1220 4055 primo
1245 3972 1420 4035 numeretis
1450 3991 1602 4056 personas
1627 3973 1800 4055 cujuslibet

247 4084 341 4139 serto
356 4073 389 4135 in
406 4090 472 4154 quo
487 4089 579 4134 mons
596 4069 683 4133 Sinai
699 4069 778 4131 situs
794 4077 852 4148 est,
869 4077 901 4132 et
918 4067 1001 4132 laeta
1057 4071 1171 4149 tribus,
1188 4072 1316 4152 dempta
1339 4079 1443 4134 tamen
1464 4071 1605 4136 Levitico
1624 4072 1708 4134 tribu
1722 4097 1730 4148 ς
1743 4092 1801 4134 nu-

245 4183 301 4238 est
318 4170 472 4234 allocutio
488 4169 559 4245 ista,
577 4171 614 4228 in
630 4170 834 4228 tabernaculo
848 4169 979 4244 soederis
990 4188 1001 4227 .·
1056 4189 1178 4233 merum
1195 4188 1271 4234 vero
1288 4187 1496 4251 personarum
1511 4170 1684 4252 cujuslibet
1700 4170 1802 4233 tribus

247 4274 368 4352 inquo
389 4267 514 4331 scilicet
532 4265 737 4330 tabernaculo
757 4265 1002 4330 continebantur
1056 4269 1201 4351 accipite,
1219 4268 1417 4331 numerando
1432 4287 1585 4350 personas
1599 4270 1804 4351 uniuscujus-

248 4368 372 4433 tabulae
386 4365 569 4430 testamenti
590 4383 646 4427 seu
666 4363 795 4427 ioederis
815 4363 870 4426 Dei
890 4364 929 4426 ad
949 4381 1003 4444 po-
1019 4368 1041 4430 B
1057 4387 1120 4451 que
1145 4366 1276 4430 lamiliae
1299 4366 1400 4448 ipsius
1427 4367 1540 4429 tribus.
1568 4368 1602 4429 ln
1627 4387 1691 4430 una
1715 4367 1801 4431 enim

247 4465 547 4552 pulumProoessit
561 4471 668 4527 autom
682 4480 743 4525 vox
759 4462 812 4524 llei
828 4461 1002 4542 adlloysen
1058 4465 1144 4529 tribu
1169 4472 1260 4528 erant
1284 4472 1331 4527 tot
1355 4463 1498 4542 lamiliae,
1521 4473 1601 4546 quot
1625 4475 1716 4528 erant
1740 4464 1802 4527 lilii

152 4619 160 4630 .
199 4597 228 4634 v,
248 4569 294 4630 de
316 4561 551 4648 propitiatorio,
568 4561 654 4642 quod
674 4569 741 4622 erat
759 4560 850 4642 quasi
872 4560 1003 4622 thronus
1057 4563 1245 4627 Patriarchaa
1265 4562 1367 4626 tribus
1388 4561 1500 4625 illius:
1518 4563 1716 4645 etquoniam
1736 4564 1802 4626 Dan

250 4685 312 4728 seu
329 4664 423 4726 sedes
438 4660 505 4738 Dei,
524 4669 559 4723 ut
573 4677 669 4741 super
684 4658 826 4722 Exodum
842 4667 937 4739 atque
952 4657 1005 4721 Lo
1059 4660 1239 4744 patriarcha
1261 4679 1325 4724 uon
1346 4660 1459 4724 habuit
1478 4661 1541 4724 nisi
1564 4659 1670 4724 lilium
1689 4681 1800 4738 unum,

250 4763 391 4827 viticum
408 4760 593 4841 frequenter
609 4765 656 4821 est
671 4757 803 4824 dictum.
820 4760 938 4820 Prima
951 4760 1006 4818 ctio
1059 4779 1123 4824 non
1145 4759 1208 4822 nisi
1228 4778 1292 4822 una
1312 4767 1379 4822 erat
1400 4759 1522 4823 familia
1537 4758 1570 4821 in
1588 4759 1673 4822 tribu
1688 4759 1801 4842 ipsius,

252 4862 377 4922 mensis
396 4859 543 4930 secundi,
565 4877 653 4918 anno
675 4861 787 4929 altero,
809 4855 869 4919 hoo
890 4863 939 4917 est
959 4874 1006 4918 se·
1060 4867 1095 4921 ut
1110 4855 1195 4920 inira
1211 4857 1355 4920 habetur.
1367 4857 1540 4921 Numerum
1556 4874 1685 4941 quoque
1699 4874 1804 4940 perso-

253 4959 375 5034 cundo,
397 4957 587 5034 eqressionis
608 4975 719 5015 eorum
740 4977 781 5014 ee
801 4957 954 5032 AEqypto.
972 4954 1005 5016 ln
1060 4975 1174 5019 narum
1189 4954 1321 5019 lamiliae
1336 4965 1511 5035 numerate,
1529 4957 1727 5019 numerando
1742 4954 1806 5018 sin-

128 5089 160 5116 .1
182 5105 187 5120 .
207 5071 233 5110 ⁵-
253 5057 367 5120 Exodo
392 5053 549 5135 scriptum
572 5061 621 5115 est
645 5070 652 5114 :
676 5052 780 5116 Mense
805 5053 908 5134 primo
929 5053 1006 5114 anni
1059 5055 1134 5135 gula
1150 5053 1280 5117 familiae
1295 5055 1471 5137 supposita,
1484 5055 1593 5137 sicque
1607 5073 1645 5118 ex
1660 5053 1806 5118 omnibus

253 5153 404 5230 secundi,
423 5152 457 5214 in
474 5151 578 5235 prima
597 5151 650 5216 die
670 5150 800 5227 mensis,
817 5151 1007 5215 collocatum
1060 5153 1111 5216 his
1131 5152 1248 5214 sumite
1268 5171 1426 5215 summam
1446 5153 1661 5216 multitudinis
1683 5152 1807 5214 univer-

253 5263 306 5318 est
333 5251 587 5315 tabernaculum.
611 5251 656 5313 Ex
678 5269 742 5332 quo
763 5259 898 5327 constat,
922 5252 1008 5332 quod
1062 5269 1180 5315 sorum.
1207 5252 1376 5330 Quidquid
1398 5271 1494 5311 semus
1517 5262 1562 5312 est
1586 5252 1762 5312 masculini
1785 5271 1807 5310 a

252 5350 412 5415 allocutio
429 5349 491 5412 ista
512 5348 595 5412 lacta
616 5347 658 5411 sit
677 5367 848 5430 perunum
865 5367 1008 5413 mensem
1063 5352 1212 5412 vicesimo
1228 5369 1316 5410 aeno
1330 5359 1360 5410 et
1374 5369 1485 5428 supra.
1503 5349 1570 5412 Non
1587 5348 1736 5432 exprimit
1756 5347 1808 5410 lit-
