4309 6259
476 519 650 568 manuario
672 522 702 569 ru
724 521 791 568 aar.
816 522 903 568 xxxn
924 521 1159 570 usursnouorm.
1181 543 1222 554 —
1241 523 1312 572 aur.
1336 525 1420 572 xxxv
1659 507 1719 572 653

167 709 260 754 mere
281 692 514 774 propheticum,
532 693 640 756 necin
664 693 734 775 ipso
757 703 920 777 ponuntur
935 693 960 756 Α
974 703 1082 758 currat
1104 705 1136 758 et
1166 695 1350 773 fructificet,
1377 696 1460 759 sieut
1489 697 1523 758 in
1549 697 1652 761 vobis.
1679 698 1718 759 Et

167 789 281 872 aliqua
300 791 472 854 monitoria
489 791 597 855 verba.
620 791 707 866 Quod
727 811 789 856 non
812 812 921 856 oense·
972 793 1139 857 Psalmista
1165 814 1172 858 :
1200 794 1357 858 Velocitcr
1381 795 1482 858 currit
1506 814 1611 859 sermo
1634 795 1715 876 ejus.
1745 824 1863 876 nemu,

169 897 223 950 tur
246 889 307 951 rite
329 890 500 972 prolatum,
518 910 618 971 quum
641 891 804 952 exordium
824 891 920 972 hujus
975 895 1185 961 Quicnomen
1194 895 1330 954 Domini
1341 894 1717 970 invocabaidestocum
1734 891 1766 928 ¹⁵·

167 988 291 1050 cantici
307 988 348 1050 sit
360 989 608 1060 exhortatorium
625 989 727 1069 magis
738 1010 834 1072 quam
850 1008 920 1072 pro
974 990 1121 1068 exorabo,
1137 999 1174 1053 ut
1189 991 1338 1072 dignetur
1358 991 1514 1055 adsistere
1530 1013 1537 1057 :
1556 992 1628 1057 ideo
1643 1013 1718 1057 con·

168 1085 312 1168 phetale,
329 1106 430 1168 quum
446 1087 585 1150 dicitur:
603 1087 728 1164 Audite,
747 1089 831 1166 eoeli,
849 1107 919 1170 quaa
975 1089 1113 1152 fidenter
1128 1098 1204 1172 opto
1220 1099 1252 1152 et
1273 1091 1384 1154 hortor
1402 1091 1499 1154 verba
1520 1111 1591 1156 mea
1607 1093 1654 1156 sic
1669 1112 1717 1156 re·

168 1184 296 1265 loquar,
323 1185 432 1246 audiat
457 1193 551 1262 terra,
580 1194 640 1248 etc.
669 1186 707 1248 Et
732 1185 816 1249 infre
838 1187 920 1248 :lde
974 1188 1048 1271 cipi,
1066 1208 1103 1251 ac
1125 1189 1229 1251 taliter
1252 1189 1460 1266 fructificare,
1478 1190 1554 1272 quia
1572 1191 1719 1274 omnipo-

167 1292 281 1346 mento
296 1282 421 1346 dierum
437 1283 655 1364 antiquorum.
673 1285 735 1347 Nec
750 1294 798 1348 est
814 1285 920 1349 incon·
965 1294 1044 1374 ,tens
1070 1287 1150 1350 Deus
1175 1288 1386 1370 pergratiam
1409 1308 1499 1351 suam
1527 1290 1587 1353 hoc
1612 1299 1718 1372 potest

168 1381 435 1459 veniens,eadem
452 1381 548 1446 verba
564 1401 633 1444 esse
648 1384 860 1447 exhortatoria
876 1391 921 1445 at·
974 1385 1130 1463 conferre,
1148 1394 1243 1467 atque
1260 1393 1295 1447 ut
1310 1386 1453 1450 conferat
1469 1406 1536 1451 oro.

168 1500 234 1561 quc
251 1481 449 1563 prophetica,
466 1489 502 1542 ut
517 1501 616 1562 quum
632 1481 749 1544 dicitur
765 1481 798 1544 in
814 1483 893 1544 lsaia
911 1501 917 1545 :
1013 1485 1294 1566 Consequentcrin
1311 1485 1437 1548 laudem
1453 1487 1507 1548 llei
1523 1488 1636 1550 devote
1647 1507 1719 1571 pro-

33 1597 152 1646 rem-nu.
169 1578 345 1654 Descende,
363 1579 438 1640 sede
458 1579 490 1640 in
511 1579 653 1660 pulvere,
678 1578 747 1642 filia
767 1579 917 1661 Babylon.
974 1583 1109 1664 rumpit,
1136 1592 1168 1645 et
1197 1583 1308 1646 rolens
1339 1585 1448 1665 populi
1479 1585 1717 1666 perversitatem

28 1685 151 1738 Zattara.
169 1675 208 1736 Et
226 1676 260 1737 in
272 1674 440 1738 Zacharia:
454 1676 584 1739 Exsulta
596 1676 684 1753 satis,
695 1675 764 1739 filia
780 1676 866 1753 Sion,
875 1677 921 1757 ju·
975 1679 1302 1761 ingratitudinemque
1322 1689 1505 1758 monstrare,
1530 1683 1716 1763 bonitatem,

169 1773 249 1851 bila,
270 1772 338 1834 filia
352 1773 536 1849 Jerusalem,
555 1791 628 1836 eece
644 1774 709 1836 Rex
725 1781 796 1836 tuus
812 1774 921 1837 veniet
974 1779 1173 1859 majestatem
1188 1798 1225 1840 ae
1240 1778 1497 1842 munificentiam
1512 1781 1567 1845 Dei
1590 1792 1719 1864 praetan·

169 1873 231 1935 tibi
247 1873 352 1954 justus
362 1881 394 1934 et
409 1872 554 1936 salvator.
569 1873 684 1935 lterum
694 1873 795 1936 Rabbi
805 1874 919 1936 Paulus
935 1881 958 1943 Β
972 1876 1029 1954 git.
1048 1881 1129 1937 Date
1145 1879 1422 1954 magnificentiam
1436 1881 1501 1939 Deo
1523 1891 1640 1941 nostro.
1659 1881 1717 1943 lfa·

167 1970 215 2032 ait
234 1989 241 2033 :
258 1971 303 2032 Ea
318 1989 390 2051 quae
410 1969 462 2033 bic
483 1970 759 2052 praenosticantur,
778 1980 920 2054 tempore
973 1973 1161 2054 gnificentia
1182 1974 1310 2052 dicitur,
1328 1975 1419 2056 quasi
1441 1994 1565 2058 magnae
1587 1978 1633 2041 rei
1659 1999 1716 2042 seu

167 2069 259 2131 lsaim
280 2071 320 2131 ad
342 2069 579 2132 exsecutionem
602 2071 772 2151 procedere
795 2070 920 2152 incepe-
974 2091 1160 2154 magnorum
1176 2073 1349 2136 effectuum
1365 2074 1555 2152 efficientia,
1564 2076 1596 2139 id
1607 2087 1655 2140 est
1667 2080 1716 2141 vis

168 2175 255 2228 runt.
274 2167 322 2229 Ad
342 2168 428 2248 quod
445 2167 527 2244 dico,
545 2168 629 2248 quod
655 2168 761 2229 statim
778 2176 920 2250 tempore
973 2171 1124 2235 effectiva
1149 2193 1254 2235 rerum
1280 2173 1478 2236 sublimium.
1496 2174 1614 2256 ltaque,
1641 2179 1717 2243 llate

165 2266 316 2328 iudicum
343 2273 511 2347 eoeperunt
537 2265 675 2347 impleri,
702 2286 773 2348 quae
800 2266 832 2327 in
859 2268 919 2329 isto
972 2270 1246 2352 magnificentiam
1262 2271 1325 2334 lleo
1346 2281 1463 2350 nostro,
1487 2273 1519 2334 id
1539 2282 1598 2350 est,
1615 2277 1718 2339 omni-

167 2365 296 2427 cantico
320 2364 537 2447 praedieuntur
559 2364 599 2426 de
612 2365 792 2428 ludaeorum
813 2366 920 2447 plage·
973 2368 1159 2450 potentiam,
1177 2368 1346 2450 omnisque
1361 2370 1504 2452 praeclari
1520 2371 1657 2436 effectus
1672 2374 1717 2438 ef-

168 2463 259 2527 tione
275 2471 406 2545 propter
418 2482 528 2525 eorum
545 2462 697 2526 facinora.
974 2465 1149 2529 ficientiam
1165 2485 1240 2530 vero
1255 2467 1318 2530 Deo
1342 2467 1526 2532 adscribite.
1545 2469 1659 2533 Subest
1674 2480 1717 2536 et·
1731 2497 1862 2554 Sar-¹¹¹³&

210 2563 397 2623 Concrescat
413 2573 449 2622 ut
468 2565 586 2638 pluvia
609 2564 757 2622 doctrina
774 2583 843 2623 mea
860 2583 871 2622 :
887 2562 918 2624 id
973 2566 1058 2628 enim
1074 2564 1115 2641 ei,
1133 2585 1232 2647 quum
1250 2566 1397 2643 voluerit,
1416 2586 1509 2648 posse
1526 2585 1533 2630 :
1551 2568 1609 2643 Qui
1625 2581 1717 2634 vocat
1731 2599 1862 2651 ampl,

167 2669 229 2738 est,
247 2661 517 2742 quemadmodum
542 2659 651 2741 pluvia
675 2661 790 2723 crescit
814 2670 846 2724 et
865 2681 920 2724 au·
973 2682 1009 2726 ea
1024 2683 1095 2744 quea
1111 2681 1175 2726 non
1191 2671 1276 2739 sunl,
1294 2671 1445 2745 tanquam
1461 2665 1544 2740 sint;
1562 2676 1595 2729 et
1609 2669 1717 2734 omnia
1741 2698 1862 2750 amn„

167 2769 262 2842 getur
279 2760 312 2822 in
329 2769 413 2823 terra
430 2778 467 2822 ex
490 2759 625 2822 nubium
650 2760 853 2836 resolutione,
873 2762 918 2824 sic
972 2780 1183 2843 quecumque
1198 2761 1310 2837 voluit,
1327 2761 1402 2825 fecit
1417 2763 1450 2824 in
1466 2772 1532 2828 toto
1549 2767 1714 2844 universo;
1731 2767 1751 2808 ⁶·

167 2879 240 2923 mea
256 2859 403 2923 doctrina
414 2859 446 2921 in
464 2859 614 2922 cordibus
631 2860 829 2924 audientium
845 2879 919 2942 aug-
972 2879 990 2922 a
1005 2878 1068 2941 quo
1084 2878 1178 2922 omne
1194 2860 1303 2921 datum
1319 2861 1487 2941 optimum,
1504 2871 1535 2925 et
1550 2881 1646 2928 omne
1660 2867 1716 2931 de-
1729 2888 1860 2942 iacetani.

168 2967 331 3022 mentetur
346 2967 378 3021 et
400 2958 574 3022 invalescat
594 2978 632 3021 ex
652 2979 790 3042 superna
805 2959 919 3022 infusi·
973 2978 1049 3020 num
1065 2957 1241 3040 perfeetum
1258 2967 1316 3020 est.
1335 2959 1406 3022 ldao
1421 2977 1516 3023 omne
1536 2961 1667 3042 bonum,
1684 2974 1716 3028 et

167 3056 309 3120 oneVel
326 3057 382 3134 sic,
395 3057 582 3120 Concrescat
597 3066 633 3119 ut
648 3058 758 3140 pluvia
773 3058 953 3128 doctrinae
973 3056 1128 3138 quidquid
1144 3056 1332 3138 preclarum
1346 3057 1651 3134 cst,attribuendum
1667 3073 1716 3126 est

167 3175 239 3218 mea
263 3156 350 3219 :boc
366 3164 424 3232 est,
443 3157 526 3218 sicut
546 3155 655 3237 pluvia
678 3164 794 3220 terram
810 3156 919 3220 fecun-
973 3156 1014 3218 ei.
1036 3157 1097 3216 Dei
1116 3156 1261 3232 perfecta
1284 3165 1360 3216 eunt
1384 3176 1490 3233 opera.
1518 3156 1550 3219 Si
1575 3159 1716 3240 perfecta

168 3256 234 3331 dat,
253 3255 300 3318 sic
316 3274 387 3318 mea
407 3254 554 3318 doctrina
576 3255 773 3318 audientium
796 3265 919 3319 mentes
974 3261 1048 3316 sunt
1069 3271 1167 3335 opera
1185 3252 1251 3328 Dei,
1269 3272 1327 3316 cur
1348 3262 1379 3316 ct
1394 3254 1531 3335 qualiter
1554 3256 1718 3322 invenitur

169 3353 296 3418 efficiat
327 3353 524 3430 fructuosas,
552 3362 710 3434 quatenus
735 3373 772 3416 ex
798 3355 919 3418 semine
975 3350 1174 3434 imperfectio
1193 3359 1280 3412 tanta
1295 3351 1329 3413 in
1344 3353 1521 3415 creaturis?
1536 3354 1575 3417 Et
1590 3375 1721 3440 respon·

169 3452 261 3516 verbi
277 3452 417 3515 coelestis
435 3453 607 3534 procedant
628 3450 660 3513 in
685 3451 807 3515 fructus
822 3454 920 3517 virtu·
975 3452 1126 3527 dandum,
1148 3451 1234 3530 quod
1252 3451 1503 3532 unumquodque
1525 3454 1558 3515 in
1574 3474 1632 3518 sua
1652 3476 1720 3539 spe

46 3573 112 3624 um,
123 3579 155 3627 m,
172 3561 253 3628 tum,
265 3551 355 3632 juxta
370 3550 451 3613 illud
466 3550 553 3613 lsaiae
564 3549 742 3624 :Quomodo
757 3552 921 3615 descendit
975 3549 1034 3626 cie,
1046 3557 1078 3611 et
1088 3556 1244 3630 quantum
1259 3548 1300 3610 ad
1316 3568 1409 3610 suum
1425 3549 1644 3630 substantiale,
1653 3575 1723 3637 per·

32 3639 60 3677 ¹¹·
172 3649 277 3713 imber
294 3650 333 3713 de
349 3649 430 3713 coelo
446 3657 477 3712 et
499 3649 638 3712 inebriat
659 3658 787 3726 terram,
806 3659 837 3712 et
853 3669 921 3732 ger·
976 3647 1096 3709 fectum
1111 3653 1160 3708 est
1172 3662 1178 3707 :
1191 3645 1266 3726 quia
1282 3647 1404 3729 species
1420 3665 1526 3709 rernm
1542 3651 1722 3716 consistunt

172 3750 297 3812 minare
323 3767 393 3810 eam
418 3747 505 3824 lacit,
524 3746 569 3809 sic
595 3747 655 3810 crit
677 3747 811 3810 verbum
835 3751 921 3830 quod
976 3747 1009 3808 in
1026 3744 1228 3821 indivisibili,
1246 3745 1323 3826 quia
1339 3763 1373 3806 se
1388 3744 1506 3808 babent
1525 3757 1561 3810 ut
1583 3753 1719 3829 numeri,

172 3846 355 3927 egredietur
379 3845 419 3908 de
444 3863 498 3908 ore
514 3863 596 3907 meo.
614 3848 714 3906 litarat
736 3855 773 3906 ut
793 3867 844 3906 ros
863 3851 922 3907 eto
977 3846 1010 3907 in
1026 3844 1143 3926 quibus
1153 3861 1364 3925 quacumque
1376 3844 1507 3907 unitatis
1522 3848 1643 3912 additio
1654 3851 1722 3916 sive

171 3948 290 4025 quium
315 3965 420 4005 meum
438 3965 449 4003 .·
471 3942 503 4004 id
529 3951 587 4019 est,
613 3961 716 4006 sermo
742 3963 831 4007 meus
857 3945 922 4008 fru-
977 3942 1152 4006 subtractio
1179 3941 1281 4004 variat
1306 3943 1458 4023 speciem.
1481 3943 1589 4026 ltaque
1607 3967 1723 4012 unum-

171 4053 283 4107 ctuose
298 4063 335 4106 ac
350 4041 488 4104 dulciter
510 4041 693 4124 recipiatur,
712 4042 795 4105 sicut
818 4062 921 4107 rorem
976 4042 1127 4124 quodque
1146 4040 1242 4103 babet
1261 4042 1347 4121 quod
1367 4041 1406 4103 ad
1428 4061 1518 4104 suam
1534 4046 1720 4127 specificam

172 4141 310 4224 suscipit
326 4141 429 4203 tellus.
440 4143 540 4210 Quasi
555 4142 656 4200 imber
670 4161 767 4219 super
778 4145 921 4213 beream,
976 4140 1150 4222 requiritur
1166 4139 1321 4202 rationem
1332 4148 1427 4221 atque
1438 4144 1640 4208 essentialem
1651 4167 1720 4230 per·

170 4253 200 4304 et
216 4242 313 4322 quasi
327 4243 418 4301 stitia
432 4260 529 4317 super
540 4239 755 4316 promtamid
771 4241 921 4316 est,sicut
937 4242 961 4303 ll
976 4239 1158 4302 lectionem.
1181 4239 1214 4300 ln
1234 4236 1485 4301 accidentalibus
1506 4251 1612 4306 autem
1627 4264 1720 4328 opor-

173 4341 277 4403 imber
292 4358 349 4402 seu
364 4339 479 4400 humor
494 4336 645 4420 pluvialis
659 4336 856 4400 diffunditur
871 4359 921 4402 su·
974 4347 1020 4401 tet
1044 4336 1213 4420 proficere.
1240 4337 1370 4413 Rursus,
1397 4337 1452 4400 Dei
1478 4340 1620 4422 perlecta
1643 4355 1719 4410 sunt

173 4459 230 4522 per
240 4437 368 4514 herbae,
386 4445 418 4498 et
435 4436 512 4499 lacit
526 4455 579 4498 eas
595 4435 698 4498 virere
712 4455 749 4498 ac
768 4438 920 4520 multipli-
973 4455 1082 4519 opera,
1097 4435 1173 4516 quia
1187 4434 1247 4497 etsi
1269 4436 1522 4518 unumquodque
1542 4445 1717 4508 secundum

173 4539 259 4614 cari;
278 4545 310 4600 et
325 4536 409 4598 sicut
424 4534 588 4598 stillicidia
609 4533 754 4597 influunt
771 4536 920 4617 gramini·
974 4555 1008 4598 se
1018 4534 1346 4617 sumptum,videatur
1361 4533 1597 4616 imperfectum,
1607 4544 1717 4607 omnia

172 4638 232 4700 bus
248 4637 396 4698 decorem
412 4641 443 4696 et
458 4633 634 4695 ubertatem
654 4651 661 4694 :
680 4631 725 4694 sic
742 4634 919 4699 verbamea
974 4641 1079 4696 tamen
1095 4631 1190 4693 simul
1206 4638 1345 4712 accepta,
1364 4630 1445 4693 sicut
1462 4642 1537 4695 sunt
1552 4636 1645 4702 valde
1663 4641 1717 4706 be

170 4733 372 4799 audientium
387 4732 511 4794 animas
526 4740 641 4794 ornent
661 4731 844 4808 virtutibus,
863 4733 918 4797 bo
973 4753 1025 4811 na,
1043 4733 1087 4795 ita
1108 4739 1140 4793 et
1159 4730 1252 4793 valde
1273 4729 1424 4810 praeclara
1444 4738 1540 4811 atque
1562 4736 1715 4821 perfecta,

171 4835 288 4915 nisque
304 4831 428 4894 actibus
444 4830 627 4893 facianteas
644 4829 772 4893 florere.
783 4831 821 4891 Et
837 4831 918 4896 sicut
972 4833 1048 4915 quie
1063 4851 1097 4894 se
1113 4830 1250 4893 invicem
1264 4829 1520 4910 juvant,ornant,
1528 4833 1713 4920 perficiunt,

170 4933 281 5017 pluvia
301 4930 453 4994 velociter
469 4929 624 5001 funditur,
642 4937 674 4991 et
696 4928 789 5007 longe
804 4949 840 4993 ac
856 4931 918 4996 late
972 4933 1054 4995 sicut
1077 4931 1108 4991 in
1128 4927 1243 4990 Genesi
1265 4927 1483 5008 scriptumest
1504 4949 1511 4993 :
1529 4931 1615 4998 Vidit
1630 4938 1713 5005 Deus
1741 4961 1862 5016 contar.

171 5053 205 5096 se
220 5030 354 5114 spargit,
372 5029 418 5091 sic
439 5028 622 5111 praedicatio
640 5046 709 5090 mea
731 5027 771 5090 ab
787 5030 918 5094 audien·
972 5038 1088 5095 cuncta
1107 5047 1178 5110 qum
1200 5027 1328 5102 fecerat,
1346 5035 1378 5088 et
1398 5035 1489 5090 crant
1504 5031 1597 5096 valde
1619 5037 1713 5107 bona.

89 5197 100 5210 ,
173 5133 253 5194 tium
276 5127 427 5192 cordibus
447 5126 592 5189 celeriter
616 5125 801 5207 accipiatur,
822 5137 917 5210 atque
972 5131 1137 5210 ltemque:
1159 5124 1293 5188 Perfecti
1318 5134 1393 5187 sunt
1417 5127 1489 5190 coeli
1510 5137 1541 5192 et
1567 5140 1660 5216 terra,
1684 5150 1716 5204 et
1744 5161 1864 5212 1an...,r.

172 5232 212 5294 dc
237 5247 303 5291 uno
325 5233 451 5290 emanet
472 5225 505 5286 in
526 5225 635 5302 alium,
654 5234 685 5288 et
706 5225 814 5289 multis
834 5246 920 5291 com·
973 5227 1077 5293 omnis
1093 5234 1224 5289 ornatus
1248 5243 1370 5288 eorum.
1395 5224 1471 5287 Nam
1496 5236 1529 5290 et
1554 5230 1623 5314 ipsc
1648 5241 1716 5319 put.

32 5293 156 5406 ederim
173 5329 367 5394 municetur.
379 5325 468 5388 Unde
484 5332 515 5388 et
529 5325 643 5388 Paulus
659 5325 703 5388 ait
716 5345 723 5390 :
737 5325 846 5390 Sermo
862 5328 917 5390 Dci
973 5325 1150 5391 cherrimus
1172 5343 1277 5386 rerum
1300 5323 1389 5400 ordo,
1410 5326 1540 5403 grandis
1561 5333 1716 5412 perfectio
