<?xml version="1.0" encoding="UTF-8"?>
<!DOCTYPE html PUBLIC "-//W3C//DTD XHTML 1.0 Transitional//EN"
    "http://www.w3.org/TR/xhtml1/DTD/xhtml1-transitional.dtd">
<html xmlns="http://www.w3.org/1999/xhtml" xml:lang="en" lang="en">
 <head>
  <title>
</title>
<meta http-equiv="Content-Type" content="text/html;charset=utf-8" />
  <meta name='ocr-system' content='tesseract 3.04.00' />
  <meta name='ocr-capabilities' content='ocr_page ocr_carea ocr_par ocr_line ocrx_word'/>
</head>
<body>
  <div class='ocr_page' id='page_1' title='image "./doctorisecstati00unkngoog_0614.png"; bbox 0 0 4309 6259; ppageno 0'>
   <div class='ocr_carea' id='block_1_1' title="bbox 447 486 1617 551">
    <p class='ocr_par' dir='ltr' id='par_1_1' title="bbox 447 486 1617 551">
     <span class='ocr_line' id='line_1_1' title="bbox 447 486 1617 551; baseline 0 0"><span class='ocrx_word' id='word_1_1' title='bbox 447 486 506 551; x_wconf 74' lang='grc'><strong>526</strong></span> <span class='ocrx_word' id='word_1_2' title='bbox 823 506 996 551; x_wconf 74' lang='lat' dir='ltr'><strong>annonario</strong></span> <span class='ocrx_word' id='word_1_3' title='bbox 1018 506 1049 551; x_wconf 85' lang='lat' dir='ltr'><strong>m</strong></span> <span class='ocrx_word' id='word_1_4' title='bbox 1070 502 1138 551; x_wconf 79' lang='lat' dir='ltr'><strong>cnr.</strong></span> <span class='ocrx_word' id='word_1_5' title='bbox 1163 502 1173 549; x_wconf 86' lang='lat' dir='ltr'><strong>r</strong></span> <span class='ocrx_word' id='word_1_6' title='bbox 1194 503 1428 550; x_wconf 83' lang='lat' dir='ltr'><strong>nsurunonomr.</strong></span> <span class='ocrx_word' id='word_1_7' title='bbox 1451 524 1492 534; x_wconf 93' lang='lat'>—</span> <span class='ocrx_word' id='word_1_8' title='bbox 1512 504 1583 551; x_wconf 78' lang='lat' dir='ltr'><strong>ner.</strong></span> <span class='ocrx_word' id='word_1_9' title='bbox 1599 506 1617 551; x_wconf 90' lang='lat' dir='ltr'><strong>r</strong></span> 
     </span>
    </p>
   </div>
   <div class='ocr_carea' id='block_1_2' title="bbox 313 672 1993 5202">
    <p class='ocr_par' dir='ltr' id='par_1_2' title="bbox 313 672 1993 5202">
     <span class='ocr_line' id='line_1_2' title="bbox 313 672 1991 758; baseline 0.001 -20"><span class='ocrx_word' id='word_1_10' title='bbox 313 690 432 742; x_wconf 73' lang='lat' dir='ltr'><strong>arctare.</strong></span> <span class='ocrx_word' id='word_1_11' title='bbox 447 676 533 758; x_wconf 90' lang='lat' dir='ltr'><strong>quod</strong></span> <span class='ocrx_word' id='word_1_12' title='bbox 549 676 701 758; x_wconf 90' lang='lat' dir='ltr'><strong>scriptum</strong></span> <span class='ocrx_word' id='word_1_13' title='bbox 718 684 765 740; x_wconf 90' lang='lat' dir='ltr'><strong>est</strong></span> <span class='ocrx_word' id='word_1_14' title='bbox 788 676 821 738; x_wconf 92' lang='lat' dir='ltr'><strong>in</strong></span> <span class='ocrx_word' id='word_1_15' title='bbox 844 676 1066 740; x_wconf 73' lang='lat' dir='ltr'><strong>Ecclesiastico</strong></span> <span class='ocrx_word' id='word_1_16' title='bbox 1084 694 1091 739; x_wconf 74' lang='grc' dir='ltr'><strong>ε</strong></span> <span class='ocrx_word' id='word_1_17' title='bbox 1108 677 1191 741; x_wconf 92' lang='lat' dir='ltr'><strong>Utile</strong></span> <span class='ocrx_word' id='word_1_18' title='bbox 1205 672 1231 733; x_wconf 84' lang='lat' dir='ltr'><strong>ll</strong></span> <span class='ocrx_word' id='word_1_19' title='bbox 1246 673 1381 754; x_wconf 84' lang='lat' dir='ltr'>quilibet</span> <span class='ocrx_word' id='word_1_20' title='bbox 1395 677 1434 739; x_wconf 89' lang='lat' dir='ltr'><strong>ad</strong></span> <span class='ocrx_word' id='word_1_21' title='bbox 1457 684 1562 740; x_wconf 87' lang='lat' dir='ltr'><strong>restra</strong></span> <span class='ocrx_word' id='word_1_22' title='bbox 1578 676 1699 758; x_wconf 82' lang='lat' dir='ltr'><strong>judicia</strong></span> <span class='ocrx_word' id='word_1_23' title='bbox 1721 684 1777 738; x_wconf 89' lang='lat' dir='ltr'><strong>aut</strong></span> <span class='ocrx_word' id='word_1_24' title='bbox 1798 678 1991 740; x_wconf 86' lang='lat' dir='ltr'><strong>documenta</strong></span> 
     </span>
     <span class='ocr_line' id='line_1_3' title="bbox 447 772 1991 858; baseline 0.001 -21"><span class='ocrx_word' id='word_1_25' title='bbox 447 784 494 837; x_wconf 92' lang='lat' dir='ltr'><strong>est</strong></span> <span class='ocrx_word' id='word_1_26' title='bbox 506 775 589 838; x_wconf 90' lang='lat' dir='ltr'><strong>mori</strong></span> <span class='ocrx_word' id='word_1_27' title='bbox 606 776 675 837; x_wconf 93' lang='lat' dir='ltr'><strong>sine</strong></span> <span class='ocrx_word' id='word_1_28' title='bbox 691 774 781 851; x_wconf 85' lang='lat' dir='ltr'><strong>liliis,</strong></span> <span class='ocrx_word' id='word_1_29' title='bbox 799 795 894 858; x_wconf 90' lang='lat' dir='ltr'><strong>quam</strong></span> <span class='ocrx_word' id='word_1_30' title='bbox 906 775 1089 857; x_wconf 89' lang='lat' dir='ltr'><strong>relinquere</strong></span> <span class='ocrx_word' id='word_1_31' title='bbox 1104 775 1191 839; x_wconf 87' lang='lat' dir='ltr'><strong>lilios</strong></span> <span class='ocrx_word' id='word_1_32' title='bbox 1245 772 1445 855; x_wconf 77' lang='lat' dir='ltr'><strong>confugiens,</strong></span> <span class='ocrx_word' id='word_1_33' title='bbox 1471 775 1575 849; x_wconf 92' lang='lat' dir='ltr'><strong>dicat;</strong></span> <span class='ocrx_word' id='word_1_34' title='bbox 1600 783 1632 837; x_wconf 92' lang='lat' dir='ltr'><strong>et</strong></span> <span class='ocrx_word' id='word_1_35' title='bbox 1655 775 1764 837; x_wconf 87' lang='lat' dir='ltr'><strong>ambas</strong></span> <span class='ocrx_word' id='word_1_36' title='bbox 1785 784 1890 857; x_wconf 86' lang='lat' dir='ltr'><strong>partes</strong></span> <span class='ocrx_word' id='word_1_37' title='bbox 1913 784 1991 838; x_wconf 89' lang='lat' dir='ltr'><strong>ante</strong></span> 
     </span>
     <span class='ocr_line' id='line_1_4' title="bbox 314 872 1990 955; baseline 0.005 -27"><span class='ocrx_word' id='word_1_38' title='bbox 314 884 375 929; x_wconf 80' lang='lat' dir='ltr'><strong>rua</strong></span> <span class='ocrx_word' id='word_1_39' title='bbox 385 901 398 936; x_wconf 78' lang='lat' dir='ltr'><strong>t,</strong></span> <span class='ocrx_word' id='word_1_40' title='bbox 409 889 430 931; x_wconf 86' lang='grc' dir='ltr'><strong>ε.</strong></span> <span class='ocrx_word' id='word_1_41' title='bbox 446 892 594 955; x_wconf 83' lang='lat' dir='ltr'><strong>nequam.</strong></span> <span class='ocrx_word' id='word_1_42' title='bbox 607 875 645 936; x_wconf 92' lang='lat' dir='ltr'><strong>Et</strong></span> <span class='ocrx_word' id='word_1_43' title='bbox 661 893 770 937; x_wconf 92' lang='lat' dir='ltr'><strong>rursus</strong></span> <span class='ocrx_word' id='word_1_44' title='bbox 786 874 902 937; x_wconf 82' lang='lat' dir='ltr'><strong>ibidem</strong></span> <span class='ocrx_word' id='word_1_45' title='bbox 923 894 929 937; x_wconf 94' lang='lat'><strong>:</strong></span> <span class='ocrx_word' id='word_1_46' title='bbox 947 874 991 937; x_wconf 92' lang='lat' dir='ltr'><strong>Ne</strong></span> <span class='ocrx_word' id='word_1_47' title='bbox 1005 872 1192 955; x_wconf 81' lang='lat' dir='ltr'><strong>jucunderis</strong></span> <span class='ocrx_word' id='word_1_48' title='bbox 1246 872 1456 953; x_wconf 88' lang='lat' dir='ltr'><strong>prolationem</strong></span> <span class='ocrx_word' id='word_1_49' title='bbox 1472 874 1638 937; x_wconf 80' lang='lat' dir='ltr'><strong>sententiae</strong></span> <span class='ocrx_word' id='word_1_50' title='bbox 1653 874 1687 936; x_wconf 93' lang='lat' dir='ltr'><strong>iu</strong></span> <span class='ocrx_word' id='word_1_51' title='bbox 1698 873 1990 949; x_wconf 85' lang='lat' dir='ltr'><strong>lorocontentioso,</strong></span> 
     </span>
     <span class='ocr_line' id='line_1_5' title="bbox 445 971 1992 1055; baseline 0.001 -19"><span class='ocrx_word' id='word_1_52' title='bbox 445 974 478 1036; x_wconf 93' lang='lat' dir='ltr'><strong>in</strong></span> <span class='ocrx_word' id='word_1_53' title='bbox 495 972 574 1035; x_wconf 90' lang='lat' dir='ltr'><strong>liliis</strong></span> <span class='ocrx_word' id='word_1_54' title='bbox 591 992 727 1055; x_wconf 91' lang='lat' dir='ltr'><strong>nequam</strong></span> <span class='ocrx_word' id='word_1_55' title='bbox 743 973 769 1035; x_wconf 89' lang='lat' dir='ltr'><strong>si</strong></span> <span class='ocrx_word' id='word_1_56' title='bbox 796 973 1060 1055; x_wconf 76' lang='lat' dir='ltr'><strong>multiplicentur.</strong></span> <span class='ocrx_word' id='word_1_57' title='bbox 1083 972 1190 1035; x_wconf 87' lang='lat' dir='ltr'><strong>llelior</strong></span> <span class='ocrx_word' id='word_1_58' title='bbox 1245 971 1352 1033; x_wconf 89' lang='lat' dir='ltr'><strong>audite</strong></span> <span class='ocrx_word' id='word_1_59' title='bbox 1373 972 1505 1034; x_wconf 90' lang='lat' dir='ltr'><strong>auribus</strong></span> <span class='ocrx_word' id='word_1_60' title='bbox 1529 972 1635 1036; x_wconf 91' lang='lat' dir='ltr'><strong>cordis</strong></span> <span class='ocrx_word' id='word_1_61' title='bbox 1659 981 1691 1035; x_wconf 92' lang='lat' dir='ltr'><strong>et</strong></span> <span class='ocrx_word' id='word_1_62' title='bbox 1716 973 1868 1055; x_wconf 89' lang='lat' dir='ltr'><strong>eorporis.</strong></span> <span class='ocrx_word' id='word_1_63' title='bbox 1892 974 1992 1037; x_wconf 87' lang='lat' dir='ltr'><strong>Nemo</strong></span> 
     </span>
     <span class='ocr_line' id='line_1_6' title="bbox 444 1070 1990 1154; baseline -0.001 -19"><span class='ocrx_word' id='word_1_64' title='bbox 444 1080 492 1135; x_wconf 87' lang='lat' dir='ltr'><strong>est</strong></span> <span class='ocrx_word' id='word_1_65' title='bbox 507 1092 590 1135; x_wconf 89' lang='lat' dir='ltr'><strong>unus</strong></span> <span class='ocrx_word' id='word_1_66' title='bbox 615 1072 731 1135; x_wconf 90' lang='lat' dir='ltr'><strong>timens</strong></span> <span class='ocrx_word' id='word_1_67' title='bbox 753 1073 862 1149; x_wconf 86' lang='lat' dir='ltr'><strong>Deum,</strong></span> <span class='ocrx_word' id='word_1_68' title='bbox 888 1091 984 1153; x_wconf 86' lang='lat' dir='ltr'><strong>quam</strong></span> <span class='ocrx_word' id='word_1_69' title='bbox 1010 1071 1101 1134; x_wconf 88' lang='lat' dir='ltr'><strong>mille</strong></span> <span class='ocrx_word' id='word_1_70' title='bbox 1126 1070 1189 1134; x_wconf 90' lang='lat' dir='ltr'><strong>lilii</strong></span> <span class='ocrx_word' id='word_1_71' title='bbox 1245 1070 1364 1132; x_wconf 87' lang='lat' dir='ltr'><strong>etenim</strong></span> <span class='ocrx_word' id='word_1_72' title='bbox 1375 1071 1568 1152; x_wconf 84' lang='lat' dir='ltr'><strong>judicandus</strong></span> <span class='ocrx_word' id='word_1_73' title='bbox 1584 1080 1642 1148; x_wconf 88' lang='lat' dir='ltr'><strong>est,</strong></span> <span class='ocrx_word' id='word_1_74' title='bbox 1662 1071 1723 1133; x_wconf 90' lang='lat' dir='ltr'><strong>uisi</strong></span> <span class='ocrx_word' id='word_1_75' title='bbox 1740 1072 1828 1154; x_wconf 90' lang='lat' dir='ltr'><strong>prius</strong></span> <span class='ocrx_word' id='word_1_76' title='bbox 1849 1072 1990 1148; x_wconf 89' lang='lat' dir='ltr'><strong>auditus,</strong></span> 
     </span>
     <span class='ocr_line' id='line_1_7' title="bbox 444 1168 1992 1254; baseline 0 -21"><span class='ocrx_word' id='word_1_77' title='bbox 444 1171 547 1254; x_wconf 94' lang='lat' dir='ltr'><strong>impii.</strong></span> <span class='ocrx_word' id='word_1_78' title='bbox 1246 1168 1308 1231; x_wconf 92' lang='lat' dir='ltr'><strong>nisi</strong></span> <span class='ocrx_word' id='word_1_79' title='bbox 1325 1169 1407 1234; x_wconf 91' lang='lat' dir='ltr'><strong>iorte</strong></span> <span class='ocrx_word' id='word_1_80' title='bbox 1423 1180 1553 1253; x_wconf 91' lang='lat' dir='ltr'><strong>propter</strong></span> <span class='ocrx_word' id='word_1_81' title='bbox 1577 1171 1772 1234; x_wconf 81' lang='lat' dir='ltr'><strong>evidentiam</strong></span> <span class='ocrx_word' id='word_1_82' title='bbox 1797 1170 1882 1249; x_wconf 90' lang='lat' dir='ltr'><strong>iacti,</strong></span> <span class='ocrx_word' id='word_1_83' title='bbox 1899 1190 1992 1235; x_wconf 85' lang='lat' dir='ltr'><strong>enor-</strong></span> 
     </span>
     <span class='ocr_line' id='line_1_8' title="bbox 324 1268 1993 1350; baseline -0.001 -17"><span class='ocrx_word' id='word_1_84' title='bbox 324 1280 407 1323; x_wconf 68' lang='lat' dir='ltr'><strong>&#39;ntro</strong></span> <span class='ocrx_word' id='word_1_85' title='bbox 485 1273 559 1333; x_wconf 89' lang='lat' dir='ltr'><strong>Non</strong></span> <span class='ocrx_word' id='word_1_86' title='bbox 570 1272 721 1349; x_wconf 82' lang='lat' dir='ltr'><strong>possam*</strong></span> <span class='ocrx_word' id='word_1_87' title='bbox 736 1275 820 1331; x_wconf 82' lang='lat' dir='ltr'><strong>solus</strong></span> <span class='ocrx_word' id='word_1_88' title='bbox 836 1272 961 1347; x_wconf 77' lang='lat' dir='ltr'><strong>nepotia</strong></span> <span class='ocrx_word' id='word_1_89' title='bbox 978 1280 1082 1331; x_wconf 86' lang='lat' dir='ltr'><strong>uestra</strong></span> <span class='ocrx_word' id='word_1_90' title='bbox 1096 1272 1190 1331; x_wconf 83' lang='lat' dir='ltr'><strong>susti·</strong></span> <span class='ocrx_word' id='word_1_91' title='bbox 1244 1268 1428 1333; x_wconf 87' lang='lat' dir='ltr'><strong>mitatemve</strong></span> <span class='ocrx_word' id='word_1_92' title='bbox 1443 1270 1573 1332; x_wconf 86' lang='lat' dir='ltr'><strong>sceleris</strong></span> <span class='ocrx_word' id='word_1_93' title='bbox 1589 1268 1765 1332; x_wconf 74' lang='lat' dir='ltr'><strong>manifesti.</strong></span> <span class='ocrx_word' id='word_1_94' title='bbox 1781 1272 1825 1331; x_wconf 81' lang='lat' dir='ltr'><strong>Ei</strong></span> <span class='ocrx_word' id='word_1_95' title='bbox 1840 1274 1993 1350; x_wconf 79' lang='lat' dir='ltr'><strong>quodju-</strong></span> 
     </span>
     <span class='ocr_line' id='line_1_9' title="bbox 443 1368 1990 1451; baseline 0.002 -22"><span class='ocrx_word' id='word_1_96' title='bbox 443 1390 530 1440; x_wconf 86' lang='lat' dir='ltr'><strong>nere,</strong></span> <span class='ocrx_word' id='word_1_97' title='bbox 545 1371 605 1433; x_wconf 88' lang='lat' dir='ltr'><strong>hoc</strong></span> <span class='ocrx_word' id='word_1_98' title='bbox 620 1379 679 1447; x_wconf 92' lang='lat' dir='ltr'><strong>est,</strong></span> <span class='ocrx_word' id='word_1_99' title='bbox 695 1388 806 1433; x_wconf 90' lang='lat' dir='ltr'><strong>causas</strong></span> <span class='ocrx_word' id='word_1_100' title='bbox 822 1378 942 1433; x_wconf 89' lang='lat' dir='ltr'><strong>vestras</strong></span> <span class='ocrx_word' id='word_1_101' title='bbox 964 1378 1102 1451; x_wconf 84' lang='lat' dir='ltr'><strong>portare,</strong></span> <span class='ocrx_word' id='word_1_102' title='bbox 1119 1387 1190 1431; x_wconf 80' lang='lat' dir='ltr'><strong>exa·</strong></span> <span class='ocrx_word' id='word_1_103' title='bbox 1243 1378 1329 1429; x_wconf 86' lang='lat' dir='ltr'><strong>stam</strong></span> <span class='ocrx_word' id='word_1_104' title='bbox 1343 1379 1401 1438; x_wconf 81' lang='lat' dir='ltr'><strong>est,</strong></span> <span class='ocrx_word' id='word_1_105' title='bbox 1409 1371 1569 1447; x_wconf 82' lang='lat' dir='ltr'><strong>judicate,</strong></span> <span class='ocrx_word' id='word_1_106' title='bbox 1581 1368 1642 1432; x_wconf 94' lang='lat' dir='ltr'><strong>boc</strong></span> <span class='ocrx_word' id='word_1_107' title='bbox 1652 1377 1711 1445; x_wconf 89' lang='lat' dir='ltr'><strong>est,</strong></span> <span class='ocrx_word' id='word_1_108' title='bbox 1727 1388 1784 1451; x_wconf 87' lang='lat' dir='ltr'><strong>per</strong></span> <span class='ocrx_word' id='word_1_109' title='bbox 1799 1369 1990 1432; x_wconf 80' lang='lat' dir='ltr'><strong>sententiam</strong></span> 
     </span>
     <span class='ocr_line' id='line_1_10' title="bbox 443 1467 1989 1551; baseline 0.001 -22"><span class='ocrx_word' id='word_1_110' title='bbox 443 1468 576 1547; x_wconf 88' lang='lat' dir='ltr'><strong>minare,</strong></span> <span class='ocrx_word' id='word_1_111' title='bbox 595 1477 626 1531; x_wconf 90' lang='lat' dir='ltr'><strong>ct</strong></span> <span class='ocrx_word' id='word_1_112' title='bbox 647 1469 789 1551; x_wconf 83' lang='lat' dir='ltr'><strong>exsequi,</strong></span> <span class='ocrx_word' id='word_1_113' title='bbox 810 1478 840 1529; x_wconf 86' lang='lat' dir='ltr'><strong>et</strong></span> <span class='ocrx_word' id='word_1_114' title='bbox 852 1471 992 1546; x_wconf 83' lang='lat' dir='ltr'><strong>pondus,</strong></span> <span class='ocrx_word' id='word_1_115' title='bbox 1013 1468 1045 1530; x_wconf 95' lang='lat' dir='ltr'><strong>id</strong></span> <span class='ocrx_word' id='word_1_116' title='bbox 1067 1476 1116 1531; x_wconf 92' lang='lat' dir='ltr'><strong>est</strong></span> <span class='ocrx_word' id='word_1_117' title='bbox 1135 1487 1190 1530; x_wconf 86' lang='lat' dir='ltr'><strong>cu·</strong></span> <span class='ocrx_word' id='word_1_118' title='bbox 1242 1467 1459 1549; x_wconf 86' lang='lat' dir='ltr'><strong>approbateet</strong></span> <span class='ocrx_word' id='word_1_119' title='bbox 1469 1467 1638 1544; x_wconf 89' lang='lat' dir='ltr'><strong>declarate,</strong></span> <span class='ocrx_word' id='word_1_120' title='bbox 1647 1486 1704 1531; x_wconf 89' lang='lat' dir='ltr'><strong>seu</strong></span> <span class='ocrx_word' id='word_1_121' title='bbox 1718 1467 1836 1548; x_wconf 84' lang='lat' dir='ltr'><strong>justam</strong></span> <span class='ocrx_word' id='word_1_122' title='bbox 1847 1468 1989 1550; x_wconf 73' lang='lat' dir='ltr'><strong>proiecte</strong></span> 
     </span>
     <span class='ocr_line' id='line_1_11' title="bbox 442 1565 1987 1646; baseline 0 -18"><span class='ocrx_word' id='word_1_123' title='bbox 442 1585 519 1645; x_wconf 89' lang='lat' dir='ltr'><strong>ram,</strong></span> <span class='ocrx_word' id='word_1_124' title='bbox 538 1588 576 1628; x_wconf 87' lang='lat' dir='ltr'><strong>ac</strong></span> <span class='ocrx_word' id='word_1_125' title='bbox 591 1570 725 1646; x_wconf 77' lang='lat' dir='ltr'><strong>jarpia,</strong></span> <span class='ocrx_word' id='word_1_126' title='bbox 751 1567 811 1631; x_wconf 90' lang='lat' dir='ltr'><strong>hoc</strong></span> <span class='ocrx_word' id='word_1_127' title='bbox 835 1575 884 1629; x_wconf 91' lang='lat' dir='ltr'><strong>est</strong></span> <span class='ocrx_word' id='word_1_128' title='bbox 907 1566 1131 1630; x_wconf 86' lang='lat' dir='ltr'><strong>contentiones</strong></span> <span class='ocrx_word' id='word_1_129' title='bbox 1156 1574 1188 1628; x_wconf 89' lang='lat' dir='ltr'><strong>et</strong></span> <span class='ocrx_word' id='word_1_130' title='bbox 1242 1565 1433 1627; x_wconf 84' lang='lat' dir='ltr'><strong>sententiam</strong></span> <span class='ocrx_word' id='word_1_131' title='bbox 1459 1565 1492 1627; x_wconf 90' lang='lat' dir='ltr'><strong>in</strong></span> <span class='ocrx_word' id='word_1_132' title='bbox 1517 1565 1605 1628; x_wconf 92' lang='lat' dir='ltr'><strong>omni</strong></span> <span class='ocrx_word' id='word_1_133' title='bbox 1631 1565 1759 1646; x_wconf 85' lang='lat' dir='ltr'><strong>negotio</strong></span> <span class='ocrx_word' id='word_1_134' title='bbox 1780 1567 1820 1628; x_wconf 94' lang='lat' dir='ltr'><strong>ad</strong></span> <span class='ocrx_word' id='word_1_135' title='bbox 1846 1575 1987 1629; x_wconf 82' lang='lat' dir='ltr'><strong>restrum</strong></span> 
     </span>
     <span class='ocr_line' id='line_1_12' title="bbox 440 1662 1988 1746; baseline 0.002 -21"><span class='ocrx_word' id='word_1_136' title='bbox 440 1664 522 1727; x_wconf 85' lang='lat' dir='ltr'><strong>lites.</strong></span> <span class='ocrx_word' id='word_1_137' title='bbox 540 1669 622 1727; x_wconf 65' lang='lat' dir='ltr'><strong>Dan*</strong></span> <span class='ocrx_word' id='word_1_138' title='bbox 636 1686 676 1725; x_wconf 80' lang='lat' dir='ltr'><strong>eac</strong></span> <span class='ocrx_word' id='word_1_139' title='bbox 692 1667 779 1726; x_wconf 83' lang='lat' dir='ltr'><strong>vobis</strong></span> <span class='ocrx_word' id='word_1_140' title='bbox 794 1667 879 1726; x_wconf 85' lang='lat' dir='ltr'><strong>viros</strong></span> <span class='ocrx_word' id='word_1_141' title='bbox 893 1668 1051 1743; x_wconf 86' lang='lat' dir='ltr'><strong>sapientes</strong></span> <span class='ocrx_word' id='word_1_142' title='bbox 1065 1676 1095 1725; x_wconf 88' lang='lat' dir='ltr'><strong>ct</strong></span> <span class='ocrx_word' id='word_1_143' title='bbox 1107 1684 1187 1742; x_wconf 64' lang='grc' dir='ltr'><strong>θεῖα·</strong></span> <span class='ocrx_word' id='word_1_144' title='bbox 1242 1662 1347 1726; x_wconf 86' lang='lat' dir='ltr'><strong>lorum</strong></span> <span class='ocrx_word' id='word_1_145' title='bbox 1363 1672 1547 1746; x_wconf 82' lang='lat' dir='ltr'><strong>spectante3</strong></span> <span class='ocrx_word' id='word_1_146' title='bbox 1562 1667 1630 1724; x_wconf 88' lang='lat' dir='ltr'><strong>sive</strong></span> <span class='ocrx_word' id='word_1_147' title='bbox 1644 1667 1724 1725; x_wconf 85' lang='lat' dir='ltr'><strong>ciuis</strong></span> <span class='ocrx_word' id='word_1_148' title='bbox 1738 1667 1781 1725; x_wconf 86' lang='lat' dir='ltr'><strong>sit</strong></span> <span class='ocrx_word' id='word_1_149' title='bbox 1796 1668 1863 1738; x_wconf 81' lang='lat' dir='ltr'><strong>itte,</strong></span> <span class='ocrx_word' id='word_1_150' title='bbox 1879 1665 1913 1728; x_wconf 97' lang='lat' dir='ltr'><strong>id</strong></span> <span class='ocrx_word' id='word_1_151' title='bbox 1937 1675 1988 1728; x_wconf 81' lang='lat' dir='ltr'><strong>est</strong></span> 
     </span>
     <span class='ocr_line' id='line_1_13' title="bbox 438 1762 1988 1845; baseline 0.003 -22"><span class='ocrx_word' id='word_1_152' title='bbox 438 1781 500 1836; x_wconf 79' lang='lat' dir='ltr'><strong>ros,</strong></span> <span class='ocrx_word' id='word_1_153' title='bbox 513 1765 544 1826; x_wconf 94' lang='lat' dir='ltr'><strong>id</strong></span> <span class='ocrx_word' id='word_1_154' title='bbox 561 1773 619 1841; x_wconf 92' lang='lat' dir='ltr'><strong>est,</strong></span> <span class='ocrx_word' id='word_1_155' title='bbox 632 1764 740 1845; x_wconf 84' lang='lat' dir='ltr'><strong>eligite</strong></span> <span class='ocrx_word' id='word_1_156' title='bbox 755 1784 793 1827; x_wconf 82' lang='lat' dir='ltr'><strong>ex</strong></span> <span class='ocrx_word' id='word_1_157' title='bbox 808 1764 955 1827; x_wconf 81' lang='lat' dir='ltr'><strong>tribubus</strong></span> <span class='ocrx_word' id='word_1_158' title='bbox 971 1764 1085 1827; x_wconf 87' lang='lat' dir='ltr'><strong>vestris</strong></span> <span class='ocrx_word' id='word_1_159' title='bbox 1101 1764 1185 1827; x_wconf 93' lang='lat' dir='ltr'><strong>viros</strong></span> <span class='ocrx_word' id='word_1_160' title='bbox 1241 1762 1370 1826; x_wconf 91' lang='lat' dir='ltr'><strong>natione</strong></span> <span class='ocrx_word' id='word_1_161' title='bbox 1383 1763 1520 1840; x_wconf 69' lang='lat' dir='ltr'><strong>Iudaeus,</strong></span> <span class='ocrx_word' id='word_1_162' title='bbox 1544 1771 1599 1825; x_wconf 88' lang='lat' dir='ltr'><strong>aut</strong></span> <span class='ocrx_word' id='word_1_163' title='bbox 1619 1763 1763 1844; x_wconf 87' lang='lat' dir='ltr'><strong>ejusdem</strong></span> <span class='ocrx_word' id='word_1_164' title='bbox 1786 1763 1874 1826; x_wconf 90' lang='lat' dir='ltr'><strong>urbis</strong></span> <span class='ocrx_word' id='word_1_165' title='bbox 1898 1764 1988 1827; x_wconf 89' lang='lat' dir='ltr'><strong>habi·</strong></span> 
     </span>
     <span class='ocr_line' id='line_1_14' title="bbox 438 1862 1987 1946; baseline 0.001 -22"><span class='ocrx_word' id='word_1_166' title='bbox 438 1862 471 1925; x_wconf 94' lang='lat' dir='ltr'><strong>in</strong></span> <span class='ocrx_word' id='word_1_167' title='bbox 497 1863 616 1926; x_wconf 91' lang='lat' dir='ltr'><strong>divinis</strong></span> <span class='ocrx_word' id='word_1_168' title='bbox 641 1883 677 1926; x_wconf 89' lang='lat' dir='ltr'><strong>ao</strong></span> <span class='ocrx_word' id='word_1_169' title='bbox 703 1862 931 1946; x_wconf 88' lang='lat' dir='ltr'><strong>temporalibus</strong></span> <span class='ocrx_word' id='word_1_170' title='bbox 953 1864 1095 1926; x_wconf 92' lang='lat' dir='ltr'><strong>eruditos</strong></span> <span class='ocrx_word' id='word_1_171' title='bbox 1120 1881 1185 1944; x_wconf 81' lang='lat' dir='ltr'><strong>prae</strong></span> <span class='ocrx_word' id='word_1_172' title='bbox 1201 1866 1223 1928; x_wconf 87' lang='grc' dir='ltr'><strong>Β</strong></span> <span class='ocrx_word' id='word_1_173' title='bbox 1241 1868 1332 1937; x_wconf 89' lang='lat' dir='ltr'><strong>tator,</strong></span> <span class='ocrx_word' id='word_1_174' title='bbox 1357 1864 1425 1922; x_wconf 85' lang='lat' dir='ltr'><strong>siae</strong></span> <span class='ocrx_word' id='word_1_175' title='bbox 1445 1864 1650 1941; x_wconf 73' lang='lat' dir='ltr'><strong>pereprinas,</strong></span> <span class='ocrx_word' id='word_1_176' title='bbox 1675 1862 1736 1925; x_wconf 94' lang='lat' dir='ltr'><strong>boc</strong></span> <span class='ocrx_word' id='word_1_177' title='bbox 1760 1870 1806 1924; x_wconf 84' lang='lat' dir='ltr'><strong>est</strong></span> <span class='ocrx_word' id='word_1_178' title='bbox 1830 1863 1869 1925; x_wconf 90' lang='lat' dir='ltr'><strong>ad</strong></span> <span class='ocrx_word' id='word_1_179' title='bbox 1893 1862 1987 1925; x_wconf 87' lang='lat' dir='ltr'><strong>luda-</strong></span> 
     </span>
     <span class='ocr_line' id='line_1_15' title="bbox 436 1960 1988 2047; baseline 0.001 -24"><span class='ocrx_word' id='word_1_180' title='bbox 436 1962 561 2039; x_wconf 90' lang='lat' dir='ltr'><strong>ceteris‚</strong></span> <span class='ocrx_word' id='word_1_181' title='bbox 590 1970 699 2047; x_wconf 89' lang='lat' dir='ltr'><strong>utpote</strong></span> <span class='ocrx_word' id='word_1_182' title='bbox 723 1962 862 2045; x_wconf 85' lang='lat' dir='ltr'><strong>aptiores</strong></span> <span class='ocrx_word' id='word_1_183' title='bbox 884 1962 924 2024; x_wconf 96' lang='lat' dir='ltr'><strong>ad</strong></span> <span class='ocrx_word' id='word_1_184' title='bbox 947 1962 1087 2042; x_wconf 80' lang='lat' dir='ltr'><strong>regimen</strong></span> <span class='ocrx_word' id='word_1_185' title='bbox 1109 1962 1185 2025; x_wconf 91' lang='lat' dir='ltr'><strong>alio·</strong></span> <span class='ocrx_word' id='word_1_186' title='bbox 1240 1960 1357 2023; x_wconf 90' lang='lat' dir='ltr'><strong>ismum</strong></span> <span class='ocrx_word' id='word_1_187' title='bbox 1381 1980 1565 2037; x_wconf 90' lang='lat' dir='ltr'><strong>conversus,</strong></span> <span class='ocrx_word' id='word_1_188' title='bbox 1582 1961 1632 2024; x_wconf 90' lang='lat' dir='ltr'><strong>vel</strong></span> <span class='ocrx_word' id='word_1_189' title='bbox 1659 1969 1837 2037; x_wconf 85' lang='lat' dir='ltr'><strong>extraneus,</strong></span> <span class='ocrx_word' id='word_1_190' title='bbox 1854 1971 1907 2024; x_wconf 89' lang='lat' dir='ltr'><strong>aut</strong></span> <span class='ocrx_word' id='word_1_191' title='bbox 1930 1963 1988 2024; x_wconf 86' lang='lat' dir='ltr'><strong>ad·</strong></span> 
     </span>
     <span class='ocr_line' id='line_1_16' title="bbox 437 2060 1985 2140; baseline 0.002 -20"><span class='ocrx_word' id='word_1_192' title='bbox 437 2078 519 2137; x_wconf 91' lang='lat' dir='ltr'><strong>rum,</strong></span> <span class='ocrx_word' id='word_1_193' title='bbox 536 2082 673 2140; x_wconf 80' lang='lat' dir='ltr'><strong>qnorum</strong></span> <span class='ocrx_word' id='word_1_194' title='bbox 697 2061 894 2121; x_wconf 83' lang='lat' dir='ltr'><strong>conversatio</strong></span> <span class='ocrx_word' id='word_1_195' title='bbox 919 2063 961 2121; x_wconf 87' lang='lat' dir='ltr'><strong>sit</strong></span> <span class='ocrx_word' id='word_1_196' title='bbox 984 2064 1121 2139; x_wconf 86' lang='lat' dir='ltr'><strong>probata</strong></span> <span class='ocrx_word' id='word_1_197' title='bbox 1147 2064 1183 2122; x_wconf 89' lang='lat' dir='ltr'><strong>in</strong></span> <span class='ocrx_word' id='word_1_198' title='bbox 1239 2076 1331 2122; x_wconf 84' lang='lat' dir='ltr'><strong>vena.</strong></span> <span class='ocrx_word' id='word_1_199' title='bbox 1345 2062 1450 2122; x_wconf 85' lang='lat' dir='ltr'><strong>Nulla</strong></span> <span class='ocrx_word' id='word_1_200' title='bbox 1463 2060 1526 2120; x_wconf 86' lang='lat' dir='ltr'><strong>erit</strong></span> <span class='ocrx_word' id='word_1_201' title='bbox 1536 2062 1697 2121; x_wconf 84' lang='lat' dir='ltr'><strong>distantia</strong></span> <span class='ocrx_word' id='word_1_202' title='bbox 1709 2080 1941 2137; x_wconf 81' lang='lat' dir='ltr'><strong>personarum:</strong></span> <span class='ocrx_word' id='word_1_203' title='bbox 1953 2062 1985 2123; x_wconf 91' lang='lat' dir='ltr'><strong>id</strong></span> 
     </span>
     <span class='ocr_line' id='line_1_17' title="bbox 439 2157 1988 2240; baseline 0.001 -21"><span class='ocrx_word' id='word_1_204' title='bbox 439 2161 582 2220; x_wconf 79' lang='lat' dir='ltr'><strong>tribubus</strong></span> <span class='ocrx_word' id='word_1_205' title='bbox 598 2162 721 2231; x_wconf 86' lang='lat' dir='ltr'><strong>vestris,</strong></span> <span class='ocrx_word' id='word_1_206' title='bbox 739 2159 846 2237; x_wconf 90' lang='lat' dir='ltr'><strong>idest,</strong></span> <span class='ocrx_word' id='word_1_207' title='bbox 864 2159 918 2240; x_wconf 91' lang='lat' dir='ltr'><strong>qui</strong></span> <span class='ocrx_word' id='word_1_208' title='bbox 935 2160 1097 2222; x_wconf 89' lang='lat' dir='ltr'><strong>communi</strong></span> <span class='ocrx_word' id='word_1_209' title='bbox 1118 2179 1185 2223; x_wconf 88' lang='lat' dir='ltr'><strong>om·</strong></span> <span class='ocrx_word' id='word_1_210' title='bbox 1239 2165 1298 2233; x_wconf 89' lang='lat' dir='ltr'><strong>est,</strong></span> <span class='ocrx_word' id='word_1_211' title='bbox 1311 2166 1466 2239; x_wconf 88' lang='lat' dir='ltr'><strong>quantum</strong></span> <span class='ocrx_word' id='word_1_212' title='bbox 1482 2158 1522 2227; x_wconf 89' lang='lat' dir='ltr'><strong>ad</strong></span> <span class='ocrx_word' id='word_1_213' title='bbox 1538 2157 1609 2234; x_wconf 91' lang='lat' dir='ltr'><strong>boc,</strong></span> <span class='ocrx_word' id='word_1_214' title='bbox 1627 2165 1662 2220; x_wconf 91' lang='lat' dir='ltr'><strong>ut</strong></span> <span class='ocrx_word' id='word_1_215' title='bbox 1676 2158 1717 2220; x_wconf 92' lang='lat' dir='ltr'><strong>de</strong></span> <span class='ocrx_word' id='word_1_216' title='bbox 1731 2176 1923 2240; x_wconf 84' lang='lat' dir='ltr'><strong>unoquoque</strong></span> <span class='ocrx_word' id='word_1_217' title='bbox 1940 2179 1988 2220; x_wconf 77' lang='lat' dir='ltr'><strong>re</strong></span> 
     </span>
     <span class='ocr_line' id='line_1_18' title="bbox 437 2255 1987 2340; baseline 0.002 -23"><span class='ocrx_word' id='word_1_218' title='bbox 437 2257 527 2319; x_wconf 91' lang='lat' dir='ltr'><strong>nium</strong></span> <span class='ocrx_word' id='word_1_219' title='bbox 543 2266 597 2320; x_wconf 92' lang='lat' dir='ltr'><strong>aut</strong></span> <span class='ocrx_word' id='word_1_220' title='bbox 613 2258 824 2340; x_wconf 90' lang='lat' dir='ltr'><strong>plurimorum</strong></span> <span class='ocrx_word' id='word_1_221' title='bbox 841 2258 1023 2321; x_wconf 92' lang='lat' dir='ltr'><strong>testimonio</strong></span> <span class='ocrx_word' id='word_1_222' title='bbox 1041 2258 1106 2320; x_wconf 90' lang='lat' dir='ltr'><strong>sint</strong></span> <span class='ocrx_word' id='word_1_223' title='bbox 1131 2257 1185 2321; x_wconf 83' lang='lat' dir='ltr'><strong>bo</strong></span> <span class='ocrx_word' id='word_1_224' title='bbox 1239 2264 1289 2319; x_wconf 91' lang='lat' dir='ltr'><strong>cte</strong></span> <span class='ocrx_word' id='word_1_225' title='bbox 1303 2264 1418 2320; x_wconf 88' lang='lat' dir='ltr'><strong>atvero</strong></span> <span class='ocrx_word' id='word_1_226' title='bbox 1432 2256 1661 2339; x_wconf 89' lang='lat' dir='ltr'><strong>judicetis,non</strong></span> <span class='ocrx_word' id='word_1_227' title='bbox 1673 2255 1927 2320; x_wconf 83' lang='lat' dir='ltr'><strong>eritdill&#39;erentia</strong></span> <span class='ocrx_word' id='word_1_228' title='bbox 1938 2258 1987 2320; x_wconf 91' lang='lat' dir='ltr'><strong>iu-</strong></span> 
     </span>
     <span class='ocr_line' id='line_1_19' title="bbox 438 2355 1986 2437; baseline 0.001 -20"><span class='ocrx_word' id='word_1_229' title='bbox 438 2376 486 2419; x_wconf 80' lang='lat' dir='ltr'><strong>nae</strong></span> <span class='ocrx_word' id='word_1_230' title='bbox 501 2357 573 2419; x_wconf 77' lang='lat' dir='ltr'><strong>vita</strong></span> <span class='ocrx_word' id='word_1_231' title='bbox 589 2376 625 2419; x_wconf 93' lang='lat' dir='ltr'><strong>ac</strong></span> <span class='ocrx_word' id='word_1_232' title='bbox 641 2356 733 2419; x_wconf 82' lang='lat' dir='ltr'><strong>lamae</strong></span> <span class='ocrx_word' id='word_1_233' title='bbox 749 2356 900 2433; x_wconf 74' lang='lat' dir='ltr'><strong>honestae,</strong></span> <span class='ocrx_word' id='word_1_234' title='bbox 911 2356 954 2419; x_wconf 88' lang='lat' dir='ltr'><strong>ita</strong></span> <span class='ocrx_word' id='word_1_235' title='bbox 969 2357 1054 2437; x_wconf 90' lang='lat' dir='ltr'><strong>quod</strong></span> <span class='ocrx_word' id='word_1_236' title='bbox 1070 2357 1183 2420; x_wconf 91' lang='lat' dir='ltr'><strong>sintin</strong></span> <span class='ocrx_word' id='word_1_237' title='bbox 1239 2361 1286 2416; x_wconf 91' lang='lat' dir='ltr'><strong>ter</strong></span> <span class='ocrx_word' id='word_1_238' title='bbox 1300 2355 1500 2435; x_wconf 87' lang='lat' dir='ltr'><strong>judicandos,</strong></span> <span class='ocrx_word' id='word_1_239' title='bbox 1518 2356 1669 2437; x_wconf 87' lang='lat' dir='ltr'><strong>quoniam</strong></span> <span class='ocrx_word' id='word_1_240' title='bbox 1690 2364 1986 2437; x_wconf 86' lang='lat' dir='ltr'><strong>quantumcumque</strong></span> 
     </span>
     <span class='ocr_line' id='line_1_20' title="bbox 438 2453 1984 2532; baseline -0.001 -13"><span class='ocrx_word' id='word_1_241' title='bbox 438 2454 609 2519; x_wconf 82' lang='lat' dir='ltr'><strong>virtutibus</strong></span> <span class='ocrx_word' id='word_1_242' title='bbox 634 2454 817 2517; x_wconf 88' lang='lat' dir='ltr'><strong>notabiliter</strong></span> <span class='ocrx_word' id='word_1_243' title='bbox 841 2454 1002 2517; x_wconf 81' lang='lat' dir='ltr'><strong>exercitati</strong></span> <span class='ocrx_word' id='word_1_244' title='bbox 1026 2464 1056 2517; x_wconf 87' lang='lat' dir='ltr'><strong>et</strong></span> <span class='ocrx_word' id='word_1_245' title='bbox 1077 2474 1184 2518; x_wconf 83' lang='lat' dir='ltr'><strong>exem·</strong></span> <span class='ocrx_word' id='word_1_246' title='bbox 1237 2453 1367 2517; x_wconf 87' lang='lat' dir='ltr'><strong>aliunde</strong></span> <span class='ocrx_word' id='word_1_247' title='bbox 1382 2454 1526 2517; x_wconf 88' lang='lat' dir='ltr'><strong>distincti</strong></span> <span class='ocrx_word' id='word_1_248' title='bbox 1542 2454 1734 2532; x_wconf 89' lang='lat' dir='ltr'><strong>sint,tameu</strong></span> <span class='ocrx_word' id='word_1_249' title='bbox 1750 2453 1784 2515; x_wconf 92' lang='lat' dir='ltr'><strong>in</strong></span> <span class='ocrx_word' id='word_1_250' title='bbox 1800 2454 1860 2518; x_wconf 90' lang='lat' dir='ltr'><strong>boc</strong></span> <span class='ocrx_word' id='word_1_251' title='bbox 1874 2456 1984 2518; x_wconf 86' lang='lat' dir='ltr'><strong>cuncti</strong></span> 
     </span>
     <span class='ocr_line' id='line_1_21' title="bbox 436 2552 1986 2636; baseline 0.001 -22"><span class='ocrx_word' id='word_1_252' title='bbox 436 2552 561 2635; x_wconf 90' lang='lat' dir='ltr'><strong>plares;</strong></span> <span class='ocrx_word' id='word_1_253' title='bbox 583 2564 613 2615; x_wconf 88' lang='lat' dir='ltr'><strong>et</strong></span> <span class='ocrx_word' id='word_1_254' title='bbox 635 2574 754 2631; x_wconf 87' lang='lat' dir='ltr'><strong>ponam</strong></span> <span class='ocrx_word' id='word_1_255' title='bbox 778 2573 827 2613; x_wconf 84' lang='lat' dir='ltr'><strong>eos</strong></span> <span class='ocrx_word' id='word_1_256' title='bbox 844 2556 930 2613; x_wconf 83' lang='lat' dir='ltr'><strong>vobis</strong></span> <span class='ocrx_word' id='word_1_257' title='bbox 950 2556 1127 2632; x_wconf 76' lang='lat' dir='ltr'><strong>principes,</strong></span> <span class='ocrx_word' id='word_1_258' title='bbox 1151 2556 1181 2617; x_wconf 87' lang='lat' dir='ltr'><strong>id</strong></span> <span class='ocrx_word' id='word_1_259' title='bbox 1238 2554 1443 2630; x_wconf 87' lang='lat' dir='ltr'><strong>conveniunt,</strong></span> <span class='ocrx_word' id='word_1_260' title='bbox 1465 2553 1550 2636; x_wconf 90' lang='lat' dir='ltr'><strong>quod</strong></span> <span class='ocrx_word' id='word_1_261' title='bbox 1566 2553 1606 2615; x_wconf 90' lang='lat' dir='ltr'><strong>de</strong></span> <span class='ocrx_word' id='word_1_262' title='bbox 1620 2570 1812 2634; x_wconf 91' lang='lat' dir='ltr'><strong>unoquoque</strong></span> <span class='ocrx_word' id='word_1_263' title='bbox 1825 2553 1986 2634; x_wconf 73' lang='lat' dir='ltr'><strong>judicabi-</strong></span> 
     </span>
     <span class='ocr_line' id='line_1_22' title="bbox 435 2651 1985 2734; baseline 0.001 -20"><span class='ocrx_word' id='word_1_264' title='bbox 435 2660 493 2729; x_wconf 89' lang='lat' dir='ltr'><strong>est,</strong></span> <span class='ocrx_word' id='word_1_265' title='bbox 513 2660 649 2715; x_wconf 89' lang='lat' dir='ltr'><strong>vestram</strong></span> <span class='ocrx_word' id='word_1_266' title='bbox 669 2651 854 2714; x_wconf 89' lang='lat' dir='ltr'><strong>electionem</strong></span> <span class='ocrx_word' id='word_1_267' title='bbox 875 2651 1059 2734; x_wconf 88' lang='lat' dir='ltr'><strong>approbabo</strong></span> <span class='ocrx_word' id='word_1_268' title='bbox 1079 2661 1112 2715; x_wconf 93' lang='lat' dir='ltr'><strong>et</strong></span> <span class='ocrx_word' id='word_1_269' title='bbox 1130 2673 1183 2716; x_wconf 90' lang='lat' dir='ltr'><strong>au·</strong></span> <span class='ocrx_word' id='word_1_270' title='bbox 1237 2658 1288 2712; x_wconf 91' lang='lat' dir='ltr'><strong>tur</strong></span> <span class='ocrx_word' id='word_1_271' title='bbox 1304 2652 1478 2715; x_wconf 91' lang='lat' dir='ltr'><strong>secundum</strong></span> <span class='ocrx_word' id='word_1_272' title='bbox 1499 2651 1689 2732; x_wconf 80' lang='lat' dir='ltr'><strong>exigentiam</strong></span> <span class='ocrx_word' id='word_1_273' title='bbox 1705 2651 1786 2733; x_wconf 89' lang='lat' dir='ltr'><strong>juris</strong></span> <span class='ocrx_word' id='word_1_274' title='bbox 1803 2670 1810 2714; x_wconf 76' lang='grc' dir='ltr'><strong>ε</strong></span> <span class='ocrx_word' id='word_1_275' title='bbox 1829 2651 1939 2734; x_wconf 87' lang='lat' dir='ltr'><strong>sicque</strong></span> <span class='ocrx_word' id='word_1_276' title='bbox 1965 2675 1985 2716; x_wconf 86' lang='lat' dir='ltr'><strong>a</strong></span> 
     </span>
     <span class='ocr_line' id='line_1_23' title="bbox 435 2750 1985 2831; baseline 0.002 -20"><span class='ocrx_word' id='word_1_277' title='bbox 435 2750 628 2828; x_wconf 90' lang='lat' dir='ltr'><strong>thentieabo,</strong></span> <span class='ocrx_word' id='word_1_278' title='bbox 645 2751 696 2813; x_wconf 86' lang='lat' dir='ltr'><strong>rel</strong></span> <span class='ocrx_word' id='word_1_279' title='bbox 712 2750 821 2813; x_wconf 91' lang='lat' dir='ltr'><strong>electis</strong></span> <span class='ocrx_word' id='word_1_280' title='bbox 838 2750 961 2813; x_wconf 88' lang='lat' dir='ltr'><strong>avobis</strong></span> <span class='ocrx_word' id='word_1_281' title='bbox 977 2750 1059 2813; x_wconf 92' lang='lat' dir='ltr'><strong>dabo</strong></span> <span class='ocrx_word' id='word_1_282' title='bbox 1074 2761 1182 2814; x_wconf 90' lang='lat' dir='ltr'><strong>aucto·</strong></span> <span class='ocrx_word' id='word_1_283' title='bbox 1236 2750 1397 2831; x_wconf 84' lang='lat' dir='ltr'><strong>judicibus</strong></span> <span class='ocrx_word' id='word_1_284' title='bbox 1412 2750 1609 2814; x_wconf 81' lang='lat' dir='ltr'><strong>excludenda</strong></span> <span class='ocrx_word' id='word_1_285' title='bbox 1623 2758 1671 2812; x_wconf 89' lang='lat' dir='ltr'><strong>est</strong></span> <span class='ocrx_word' id='word_1_286' title='bbox 1687 2750 1791 2813; x_wconf 91' lang='lat' dir='ltr'><strong>omnis</strong></span> <span class='ocrx_word' id='word_1_287' title='bbox 1808 2751 1930 2831; x_wconf 89' lang='lat' dir='ltr'><strong>privata</strong></span> <span class='ocrx_word' id='word_1_288' title='bbox 1951 2761 1985 2815; x_wconf 86' lang='lat' dir='ltr'><strong>ct</strong></span> 
     </span>
     <span class='ocr_line' id='line_1_24' title="bbox 434 2848 1983 2932; baseline 0.002 -23"><span class='ocrx_word' id='word_1_289' title='bbox 434 2850 568 2927; x_wconf 85' lang='lat' dir='ltr'><strong>ritatem,</strong></span> <span class='ocrx_word' id='word_1_290' title='bbox 587 2858 619 2912; x_wconf 87' lang='lat' dir='ltr'><strong>ot</strong></span> <span class='ocrx_word' id='word_1_291' title='bbox 633 2849 800 2931; x_wconf 89' lang='lat' dir='ltr'><strong>disponam</strong></span> <span class='ocrx_word' id='word_1_292' title='bbox 817 2849 850 2911; x_wconf 90' lang='lat' dir='ltr'><strong>in</strong></span> <span class='ocrx_word' id='word_1_293' title='bbox 866 2868 929 2929; x_wconf 88' lang='lat' dir='ltr'><strong>quo</strong></span> <span class='ocrx_word' id='word_1_294' title='bbox 949 2850 1050 2930; x_wconf 80' lang='lat' dir='ltr'><strong>gradu</strong></span> <span class='ocrx_word' id='word_1_295' title='bbox 1073 2850 1181 2932; x_wconf 87' lang='lat' dir='ltr'><strong>quiris</strong></span> <span class='ocrx_word' id='word_1_296' title='bbox 1237 2849 1418 2912; x_wconf 90' lang='lat' dir='ltr'><strong>inordinata</strong></span> <span class='ocrx_word' id='word_1_297' title='bbox 1445 2848 1590 2925; x_wconf 87' lang='lat' dir='ltr'><strong>allectio,</strong></span> <span class='ocrx_word' id='word_1_298' title='bbox 1617 2868 1680 2930; x_wconf 92' lang='lat' dir='ltr'><strong>qua</strong></span> <span class='ocrx_word' id='word_1_299' title='bbox 1709 2849 1743 2910; x_wconf 94' lang='lat' dir='ltr'><strong>in</strong></span> <span class='ocrx_word' id='word_1_300' title='bbox 1774 2848 1844 2912; x_wconf 89' lang='lat' dir='ltr'><strong>loro</strong></span> <span class='ocrx_word' id='word_1_301' title='bbox 1866 2850 1983 2931; x_wconf 83' lang='lat' dir='ltr'><strong>judicii</strong></span> 
     </span>
     <span class='ocr_line' id='line_1_25' title="bbox 432 2947 1985 3030; baseline 0 -19"><span class='ocrx_word' id='word_1_302' title='bbox 432 2966 542 3011; x_wconf 92' lang='lat' dir='ltr'><strong>eorum</strong></span> <span class='ocrx_word' id='word_1_303' title='bbox 558 2948 672 3011; x_wconf 90' lang='lat' dir='ltr'><strong>debeat</strong></span> <span class='ocrx_word' id='word_1_304' title='bbox 686 2948 869 3030; x_wconf 72' lang='lat' dir='ltr'><strong>praesidere.</strong></span> <span class='ocrx_word' id='word_1_305' title='bbox 1236 2949 1337 3028; x_wconf 81' lang='lat' dir='ltr'><strong>magis</strong></span> <span class='ocrx_word' id='word_1_306' title='bbox 1359 2948 1463 3011; x_wconf 91' lang='lat' dir='ltr'><strong>solent</strong></span> <span class='ocrx_word' id='word_1_307' title='bbox 1485 2947 1588 3011; x_wconf 80' lang='lat' dir='ltr'><strong>foveri</strong></span> <span class='ocrx_word' id='word_1_308' title='bbox 1610 2948 1707 3025; x_wconf 90' lang='lat' dir='ltr'><strong>cives,</strong></span> <span class='ocrx_word' id='word_1_309' title='bbox 1724 2966 1820 3029; x_wconf 86' lang='lat' dir='ltr'><strong>quam</strong></span> <span class='ocrx_word' id='word_1_310' title='bbox 1842 2950 1985 3030; x_wconf 76' lang='lat' dir='ltr'><strong>peregri-</strong></span> 
     </span>
     <span class='ocr_line' id='line_1_26' title="bbox 478 3046 1984 3129; baseline 0.002 -22"><span class='ocrx_word' id='word_1_311' title='bbox 478 3051 566 3107; x_wconf 84' lang='lat' dir='ltr'><strong>Tnne</strong></span> <span class='ocrx_word' id='word_1_312' title='bbox 580 3048 788 3123; x_wconf 80' lang='lat' dir='ltr'><strong>respondistis</strong></span> <span class='ocrx_word' id='word_1_313' title='bbox 800 3048 883 3107; x_wconf 79' lang='lat' dir='ltr'><strong>initii</strong></span> <span class='ocrx_word' id='word_1_314' title='bbox 893 3067 904 3106; x_wconf 91' lang='grc'><strong>.·</strong></span> <span class='ocrx_word' id='word_1_315' title='bbox 917 3050 1008 3107; x_wconf 82' lang='lat' dir='ltr'><strong>Bona</strong></span> <span class='ocrx_word' id='word_1_316' title='bbox 1022 3046 1217 3126; x_wconf 83' lang='lat' dir='ltr'><strong>resqnarnC</strong></span> <span class='ocrx_word' id='word_1_317' title='bbox 1236 3048 1288 3123; x_wconf 89' lang='lat' dir='ltr'><strong>ni;</strong></span> <span class='ocrx_word' id='word_1_318' title='bbox 1309 3056 1342 3110; x_wconf 90' lang='lat' dir='ltr'><strong>et</strong></span> <span class='ocrx_word' id='word_1_319' title='bbox 1361 3047 1499 3128; x_wconf 82' lang='lat' dir='ltr'><strong>cognati,</strong></span> <span class='ocrx_word' id='word_1_320' title='bbox 1521 3066 1617 3129; x_wconf 90' lang='lat' dir='ltr'><strong>quam</strong></span> <span class='ocrx_word' id='word_1_321' title='bbox 1639 3046 1747 3109; x_wconf 88' lang='lat' dir='ltr'><strong>alieni.</strong></span> <span class='ocrx_word' id='word_1_322' title='bbox 1773 3047 1798 3108; x_wconf 84' lang='lat' dir='ltr'><strong>lt</strong></span> <span class='ocrx_word' id='word_1_323' title='bbox 1816 3047 1984 3127; x_wconf 79' lang='lat' dir='ltr'><strong>judicibus</strong></span> 
     </span>
     <span class='ocr_line' id='line_1_27' title="bbox 433 3144 1979 3229; baseline 0.003 -24"><span class='ocrx_word' id='word_1_324' title='bbox 433 3147 482 3206; x_wconf 87' lang='lat' dir='ltr'><strong>vis</strong></span> <span class='ocrx_word' id='word_1_325' title='bbox 497 3147 613 3223; x_wconf 78' lang='lat' dir='ltr'><strong>faeere</strong></span> <span class='ocrx_word' id='word_1_326' title='bbox 635 3147 782 3225; x_wconf 77' lang='lat' dir='ltr'><strong>Titiique,</strong></span> <span class='ocrx_word' id='word_1_327' title='bbox 798 3144 858 3209; x_wconf 93' lang='lat' dir='ltr'><strong>hoc</strong></span> <span class='ocrx_word' id='word_1_328' title='bbox 874 3154 933 3222; x_wconf 87' lang='lat' dir='ltr'><strong>est,</strong></span> <span class='ocrx_word' id='word_1_329' title='bbox 946 3164 999 3209; x_wconf 88' lang='lat' dir='ltr'><strong>eos</strong></span> <span class='ocrx_word' id='word_1_330' title='bbox 1016 3164 1097 3228; x_wconf 88' lang='lat' dir='ltr'><strong>quos</strong></span> <span class='ocrx_word' id='word_1_331' title='bbox 1115 3147 1180 3210; x_wconf 91' lang='lat' dir='ltr'><strong>ele·</strong></span> <span class='ocrx_word' id='word_1_332' title='bbox 1234 3166 1363 3229; x_wconf 88' lang='lat' dir='ltr'><strong>quoque</strong></span> <span class='ocrx_word' id='word_1_333' title='bbox 1386 3146 1603 3209; x_wconf 84' lang='lat' dir='ltr'><strong>excludendus</strong></span> <span class='ocrx_word' id='word_1_334' title='bbox 1632 3153 1680 3209; x_wconf 87' lang='lat' dir='ltr'><strong>est</strong></span> <span class='ocrx_word' id='word_1_335' title='bbox 1707 3146 1802 3209; x_wconf 87' lang='lat' dir='ltr'><strong>timor</strong></span> <span class='ocrx_word' id='word_1_336' title='bbox 1829 3147 1979 3222; x_wconf 88' lang='lat' dir='ltr'><strong>carnalis,</strong></span> 
     </span>
     <span class='ocr_line' id='line_1_28' title="bbox 432 3243 1979 3326; baseline 0.003 -22"><span class='ocrx_word' id='word_1_337' title='bbox 432 3244 535 3323; x_wconf 86' lang='lat' dir='ltr'><strong>gistis,</strong></span> <span class='ocrx_word' id='word_1_338' title='bbox 553 3243 660 3325; x_wconf 89' lang='lat' dir='ltr'><strong>accepi</strong></span> <span class='ocrx_word' id='word_1_339' title='bbox 676 3251 708 3306; x_wconf 91' lang='grc' dir='ltr'><strong>εῖ</strong></span> <span class='ocrx_word' id='word_1_340' title='bbox 722 3244 896 3325; x_wconf 88' lang='lat' dir='ltr'><strong>acceptavi,</strong></span> <span class='ocrx_word' id='word_1_341' title='bbox 912 3248 952 3304; x_wconf 85' lang='lat' dir='ltr'><strong>de</strong></span> <span class='ocrx_word' id='word_1_342' title='bbox 968 3246 1115 3305; x_wconf 81' lang='lat' dir='ltr'><strong>tribubus</strong></span> <span class='ocrx_word' id='word_1_343' title='bbox 1131 3267 1179 3306; x_wconf 88' lang='lat' dir='ltr'><strong>ve·</strong></span> <span class='ocrx_word' id='word_1_344' title='bbox 1234 3246 1392 3307; x_wconf 91' lang='lat' dir='ltr'><strong>humanus</strong></span> <span class='ocrx_word' id='word_1_345' title='bbox 1411 3253 1443 3308; x_wconf 91' lang='lat' dir='ltr'><strong>et</strong></span> <span class='ocrx_word' id='word_1_346' title='bbox 1459 3244 1631 3321; x_wconf 78' lang='lat' dir='ltr'><strong>saecularis,</strong></span> <span class='ocrx_word' id='word_1_347' title='bbox 1650 3262 1713 3325; x_wconf 88' lang='lat' dir='ltr'><strong>quo</strong></span> <span class='ocrx_word' id='word_1_348' title='bbox 1731 3244 1856 3325; x_wconf 83' lang='lat' dir='ltr'><strong>judices</strong></span> <span class='ocrx_word' id='word_1_349' title='bbox 1874 3247 1979 3326; x_wconf 75' lang='lat' dir='ltr'><strong>magis</strong></span> 
     </span>
     <span class='ocr_line' id='line_1_29' title="bbox 431 3341 1979 3426; baseline 0.002 -23"><span class='ocrx_word' id='word_1_350' title='bbox 431 3344 507 3403; x_wconf 88' lang='lat' dir='ltr'><strong>stris</strong></span> <span class='ocrx_word' id='word_1_351' title='bbox 532 3362 543 3405; x_wconf 90' lang='lat'><strong>.·</strong></span> <span class='ocrx_word' id='word_1_352' title='bbox 568 3342 642 3423; x_wconf 88' lang='lat' dir='ltr'><strong>quia</strong></span> <span class='ocrx_word' id='word_1_353' title='bbox 665 3342 704 3404; x_wconf 90' lang='lat' dir='ltr'><strong>de</strong></span> <span class='ocrx_word' id='word_1_354' title='bbox 726 3341 868 3423; x_wconf 90' lang='lat' dir='ltr'><strong>qualibet</strong></span> <span class='ocrx_word' id='word_1_355' title='bbox 893 3341 978 3405; x_wconf 89' lang='lat' dir='ltr'><strong>tribu</strong></span> <span class='ocrx_word' id='word_1_356' title='bbox 1003 3341 1104 3425; x_wconf 90' lang='lat' dir='ltr'><strong>aliqui</strong></span> <span class='ocrx_word' id='word_1_357' title='bbox 1129 3364 1178 3406; x_wconf 90' lang='lat' dir='ltr'><strong>ac·</strong></span> <span class='ocrx_word' id='word_1_358' title='bbox 1234 3344 1338 3407; x_wconf 93' lang='lat' dir='ltr'><strong>solent</strong></span> <span class='ocrx_word' id='word_1_359' title='bbox 1348 3344 1478 3426; x_wconf 90' lang='lat' dir='ltr'><strong>palpare</strong></span> <span class='ocrx_word' id='word_1_360' title='bbox 1488 3352 1633 3425; x_wconf 89' lang='lat' dir='ltr'><strong>potentes</strong></span> <span class='ocrx_word' id='word_1_361' title='bbox 1643 3343 1860 3406; x_wconf 90' lang='lat' dir='ltr'><strong>eteminentes</strong></span> <span class='ocrx_word' id='word_1_362' title='bbox 1873 3362 1979 3425; x_wconf 83' lang='lat' dir='ltr'><strong>perse</strong></span> 
     </span>
     <span class='ocr_line' id='line_1_30' title="bbox 432 3440 1976 3524; baseline 0 -21"><span class='ocrx_word' id='word_1_363' title='bbox 432 3440 645 3523; x_wconf 88' lang='lat' dir='ltr'><strong>cipiebantur,</strong></span> <span class='ocrx_word' id='word_1_364' title='bbox 678 3459 717 3503; x_wconf 94' lang='lat' dir='ltr'><strong>ne</strong></span> <span class='ocrx_word' id='word_1_365' title='bbox 747 3440 854 3523; x_wconf 90' lang='lat' dir='ltr'><strong>aliqua</strong></span> <span class='ocrx_word' id='word_1_366' title='bbox 885 3440 986 3503; x_wconf 92' lang='lat' dir='ltr'><strong>tribus</strong></span> <span class='ocrx_word' id='word_1_367' title='bbox 1016 3442 1179 3505; x_wconf 87' lang='lat' dir='ltr'><strong>videretur</strong></span> <span class='ocrx_word' id='word_1_368' title='bbox 1234 3460 1301 3520; x_wconf 90' lang='lat' dir='ltr'><strong>nas,</strong></span> <span class='ocrx_word' id='word_1_369' title='bbox 1318 3461 1414 3524; x_wconf 87' lang='lat' dir='ltr'><strong>quam</strong></span> <span class='ocrx_word' id='word_1_370' title='bbox 1429 3442 1631 3524; x_wconf 89' lang='lat' dir='ltr'><strong>impotentes.</strong></span> <span class='ocrx_word' id='word_1_371' title='bbox 1649 3442 1728 3504; x_wconf 93' lang='lat' dir='ltr'><strong>Hinc</strong></span> <span class='ocrx_word' id='word_1_372' title='bbox 1743 3442 1888 3524; x_wconf 89' lang='lat' dir='ltr'><strong>sequitur</strong></span> <span class='ocrx_word' id='word_1_373' title='bbox 1907 3463 1914 3505; x_wconf 92' lang='lat'>:</span> <span class='ocrx_word' id='word_1_374' title='bbox 1930 3445 1976 3503; x_wconf 80' lang='lat' dir='ltr'><strong>ita</strong></span> 
     </span>
     <span class='ocr_line' id='line_1_31' title="bbox 431 3539 1973 3623; baseline 0.001 -21"><span class='ocrx_word' id='word_1_375' title='bbox 431 3548 622 3622; x_wconf 88' lang='lat' dir='ltr'><strong>contempta,</strong></span> <span class='ocrx_word' id='word_1_376' title='bbox 649 3548 681 3602; x_wconf 93' lang='lat' dir='ltr'><strong>et</strong></span> <span class='ocrx_word' id='word_1_377' title='bbox 705 3539 738 3602; x_wconf 92' lang='lat' dir='ltr'><strong>in</strong></span> <span class='ocrx_word' id='word_1_378' title='bbox 765 3558 955 3621; x_wconf 89' lang='lat' dir='ltr'><strong>unaquaque</strong></span> <span class='ocrx_word' id='word_1_379' title='bbox 976 3540 1062 3605; x_wconf 88' lang='lat' dir='ltr'><strong>tribu</strong></span> <span class='ocrx_word' id='word_1_380' title='bbox 1088 3550 1178 3604; x_wconf 91' lang='lat' dir='ltr'><strong>erant</strong></span> <span class='ocrx_word' id='word_1_381' title='bbox 1228 3564 1383 3621; x_wconf 85' lang='lat' dir='ltr'><strong>parvam,</strong></span> <span class='ocrx_word' id='word_1_382' title='bbox 1398 3542 1430 3605; x_wconf 96' lang='lat' dir='ltr'><strong>id</strong></span> <span class='ocrx_word' id='word_1_383' title='bbox 1445 3550 1493 3605; x_wconf 90' lang='lat' dir='ltr'><strong>est</strong></span> <span class='ocrx_word' id='word_1_384' title='bbox 1508 3542 1616 3618; x_wconf 73' lang='lat' dir='ltr'><strong>vilem</strong></span> <span class='ocrx_word' id='word_1_385' title='bbox 1629 3541 1813 3622; x_wconf 81' lang='lat' dir='ltr'><strong>ignobilem,</strong></span> <span class='ocrx_word' id='word_1_386' title='bbox 1825 3560 1973 3623; x_wconf 78' lang='lat' dir='ltr'><strong>egenum,</strong></span> 
     </span>
     <span class='ocr_line' id='line_1_32' title="bbox 430 3638 1975 3721; baseline 0.002 -22"><span class='ocrx_word' id='word_1_387' title='bbox 430 3638 592 3721; x_wconf 88' lang='lat' dir='ltr'><strong>principes</strong></span> <span class='ocrx_word' id='word_1_388' title='bbox 609 3638 674 3701; x_wconf 88' lang='lat' dir='ltr'><strong>nati</strong></span> <span class='ocrx_word' id='word_1_389' title='bbox 689 3657 727 3701; x_wconf 84' lang='lat' dir='ltr'><strong>ex</strong></span> <span class='ocrx_word' id='word_1_390' title='bbox 742 3638 905 3702; x_wconf 82' lang='lat' dir='ltr'><strong>ea‘lribus</strong></span> <span class='ocrx_word' id='word_1_391' title='bbox 921 3647 1026 3701; x_wconf 91' lang='lat' dir='ltr'><strong>tamen</strong></span> <span class='ocrx_word' id='word_1_392' title='bbox 1037 3640 1178 3703; x_wconf 86' lang='lat' dir='ltr'><strong>Levitico</strong></span> <span class='ocrx_word' id='word_1_393' title='bbox 1232 3643 1373 3702; x_wconf 78' lang='lat' dir='ltr'><strong>audietis</strong></span> <span class='ocrx_word' id='word_1_394' title='bbox 1388 3652 1424 3703; x_wconf 85' lang='lat' dir='ltr'><strong>at</strong></span> <span class='ocrx_word' id='word_1_395' title='bbox 1441 3661 1596 3718; x_wconf 73' lang='lat' dir='ltr'><strong>mappam</strong></span> <span class='ocrx_word' id='word_1_396' title='bbox 1611 3662 1622 3700; x_wconf 93' lang='lat'><strong>.·</strong></span> <span class='ocrx_word' id='word_1_397' title='bbox 1638 3640 1703 3703; x_wconf 91' lang='lat' dir='ltr'><strong>imo</strong></span> <span class='ocrx_word' id='word_1_398' title='bbox 1723 3649 1878 3721; x_wconf 88' lang='lat' dir='ltr'><strong>quantum</strong></span> <span class='ocrx_word' id='word_1_399' title='bbox 1905 3640 1975 3704; x_wconf 86' lang='lat' dir='ltr'><strong>lieri</strong></span> 
     </span>
     <span class='ocr_line' id='line_1_33' title="bbox 430 3736 1977 3822; baseline 0.002 -24"><span class='ocrx_word' id='word_1_400' title='bbox 430 3736 542 3799; x_wconf 93' lang='lat' dir='ltr'><strong>babuit</strong></span> <span class='ocrx_word' id='word_1_401' title='bbox 557 3736 727 3819; x_wconf 91' lang='lat' dir='ltr'><strong>specialem</strong></span> <span class='ocrx_word' id='word_1_402' title='bbox 744 3736 908 3818; x_wconf 85' lang='lat' dir='ltr'><strong>regiminis</strong></span> <span class='ocrx_word' id='word_1_403' title='bbox 931 3738 1175 3820; x_wconf 91' lang='lat' dir='ltr'><strong>dispositionem</strong></span> <span class='ocrx_word' id='word_1_404' title='bbox 1231 3749 1346 3822; x_wconf 91' lang='lat' dir='ltr'><strong>potest,</strong></span> <span class='ocrx_word' id='word_1_405' title='bbox 1359 3740 1446 3803; x_wconf 91' lang='lat' dir='ltr'><strong>salvo</strong></span> <span class='ocrx_word' id='word_1_406' title='bbox 1461 3740 1574 3803; x_wconf 92' lang='lat' dir='ltr'><strong>ordine</strong></span> <span class='ocrx_word' id='word_1_407' title='bbox 1587 3740 1680 3822; x_wconf 91' lang='lat' dir='ltr'><strong>juris,</strong></span> <span class='ocrx_word' id='word_1_408' title='bbox 1693 3739 1893 3803; x_wconf 88' lang='lat' dir='ltr'><strong>miserabiles</strong></span> <span class='ocrx_word' id='word_1_409' title='bbox 1909 3760 1977 3821; x_wconf 90' lang='lat' dir='ltr'><strong>per·</strong></span> 
     </span>
     <span class='ocr_line' id='line_1_34' title="bbox 429 3836 1973 3920; baseline 0.003 -23"><span class='ocrx_word' id='word_1_410' title='bbox 429 3844 461 3898; x_wconf 93' lang='lat' dir='ltr'><strong>et</strong></span> <span class='ocrx_word' id='word_1_411' title='bbox 480 3837 621 3898; x_wconf 91' lang='lat' dir='ltr'><strong>modum.</strong></span> <span class='ocrx_word' id='word_1_412' title='bbox 640 3838 728 3898; x_wconf 88' lang='lat' dir='ltr'><strong>Viros</strong></span> <span class='ocrx_word' id='word_1_413' title='bbox 749 3839 908 3914; x_wconf 85' lang='lat' dir='ltr'><strong>sapientes</strong></span> <span class='ocrx_word' id='word_1_414' title='bbox 932 3836 964 3898; x_wconf 92' lang='lat' dir='ltr'><strong>in</strong></span> <span class='ocrx_word' id='word_1_415' title='bbox 989 3836 1121 3914; x_wconf 88' lang='lat' dir='ltr'><strong>divinis,</strong></span> <span class='ocrx_word' id='word_1_416' title='bbox 1147 3848 1177 3899; x_wconf 85' lang='lat' dir='ltr'><strong>ei</strong></span> <span class='ocrx_word' id='word_1_417' title='bbox 1232 3857 1318 3903; x_wconf 78' lang='lat' dir='ltr'><strong>sona</strong></span> <span class='ocrx_word' id='word_1_418' title='bbox 1343 3839 1472 3902; x_wconf 92' lang='lat' dir='ltr'><strong>suntin</strong></span> <span class='ocrx_word' id='word_1_419' title='bbox 1495 3838 1692 3920; x_wconf 84' lang='lat' dir='ltr'><strong>lorojudieii</strong></span> <span class='ocrx_word' id='word_1_420' title='bbox 1717 3838 1770 3920; x_wconf 90' lang='lat' dir='ltr'><strong>pie</strong></span> <span class='ocrx_word' id='word_1_421' title='bbox 1795 3839 1973 3914; x_wconf 80' lang='lat' dir='ltr'><strong>tractandae,</strong></span> 
     </span>
     <span class='ocr_line' id='line_1_35' title="bbox 428 3934 1974 4020; baseline 0.005 -26"><span class='ocrx_word' id='word_1_422' title='bbox 428 3936 549 3995; x_wconf 85' lang='lat' dir='ltr'><strong>nobiles</strong></span> <span class='ocrx_word' id='word_1_423' title='bbox 570 3954 633 3998; x_wconf 92' lang='lat' dir='ltr'><strong>non</strong></span> <span class='ocrx_word' id='word_1_424' title='bbox 654 3935 757 3997; x_wconf 89' lang='lat' dir='ltr'><strong>solum</strong></span> <span class='ocrx_word' id='word_1_425' title='bbox 782 3934 887 3997; x_wconf 91' lang='lat' dir='ltr'><strong>carnis</strong></span> <span class='ocrx_word' id='word_1_426' title='bbox 911 3935 1098 4017; x_wconf 84' lang='lat' dir='ltr'><strong>propagine,</strong></span> <span class='ocrx_word' id='word_1_427' title='bbox 1121 3936 1176 3998; x_wconf 91' lang='lat' dir='ltr'><strong>sed</strong></span> <span class='ocrx_word' id='word_1_428' title='bbox 1232 3939 1408 4020; x_wconf 76' lang='lat' dir='ltr'><strong>prasertim</strong></span> <span class='ocrx_word' id='word_1_429' title='bbox 1423 3939 1499 4000; x_wconf 95' lang='lat' dir='ltr'><strong>dum</strong></span> <span class='ocrx_word' id='word_1_430' title='bbox 1514 3946 1613 4019; x_wconf 80' lang='lat' dir='ltr'><strong>agunt</strong></span> <span class='ocrx_word' id='word_1_431' title='bbox 1636 3945 1747 4000; x_wconf 88' lang='lat' dir='ltr'><strong>contra</strong></span> <span class='ocrx_word' id='word_1_432' title='bbox 1770 3938 1974 4019; x_wconf 89' lang='lat' dir='ltr'><strong>potentiores,</strong></span> 
     </span>
     <span class='ocr_line' id='line_1_36' title="bbox 430 4032 1879 4115; baseline 0.002 -20"><span class='ocrx_word' id='word_1_433' title='bbox 430 4041 461 4095; x_wconf 93' lang='lat' dir='ltr'><strong>et</strong></span> <span class='ocrx_word' id='word_1_434' title='bbox 477 4032 631 4096; x_wconf 90' lang='lat' dir='ltr'><strong>virtutum</strong></span> <span class='ocrx_word' id='word_1_435' title='bbox 647 4032 800 4110; x_wconf 89' lang='lat' dir='ltr'><strong>claritate,</strong></span> <span class='ocrx_word' id='word_1_436' title='bbox 809 4043 839 4094; x_wconf 88' lang='lat' dir='ltr'><strong>et</strong></span> <span class='ocrx_word' id='word_1_437' title='bbox 854 4036 1007 4095; x_wconf 83' lang='lat' dir='ltr'><strong>constitui</strong></span> <span class='ocrx_word' id='word_1_438' title='bbox 1020 4054 1070 4094; x_wconf 85' lang='lat' dir='ltr'><strong>eos</strong></span> <span class='ocrx_word' id='word_1_439' title='bbox 1083 4037 1177 4112; x_wconf 89' lang='lat' dir='ltr'><strong>prin·</strong></span> <span class='ocrx_word' id='word_1_440' title='bbox 1231 4056 1271 4099; x_wconf 92' lang='lat' dir='ltr'><strong>ne</strong></span> <span class='ocrx_word' id='word_1_441' title='bbox 1286 4056 1324 4099; x_wconf 85' lang='lat' dir='ltr'><strong>ex</strong></span> <span class='ocrx_word' id='word_1_442' title='bbox 1339 4036 1453 4099; x_wconf 89' lang='lat' dir='ltr'><strong>timore</strong></span> <span class='ocrx_word' id='word_1_443' title='bbox 1466 4055 1486 4098; x_wconf 90' lang='lat' dir='ltr'><strong>a</strong></span> <span class='ocrx_word' id='word_1_444' title='bbox 1500 4055 1557 4098; x_wconf 91' lang='lat' dir='ltr'><strong>sua</strong></span> <span class='ocrx_word' id='word_1_445' title='bbox 1573 4035 1728 4098; x_wconf 87' lang='lat' dir='ltr'><strong>desistant</strong></span> <span class='ocrx_word' id='word_1_446' title='bbox 1743 4034 1879 4115; x_wconf 80' lang='lat' dir='ltr'><strong>justitia.</strong></span> 
     </span>
     <span class='ocr_line' id='line_1_37' title="bbox 429 4131 1976 4214; baseline 0.006 -25"><span class='ocrx_word' id='word_1_447' title='bbox 429 4132 538 4208; x_wconf 89' lang='lat' dir='ltr'><strong>cipes:</strong></span> <span class='ocrx_word' id='word_1_448' title='bbox 555 4138 660 4194; x_wconf 67' lang='lat' dir='ltr'><strong>umen</strong></span> <span class='ocrx_word' id='word_1_449' title='bbox 677 4131 708 4193; x_wconf 90' lang='lat' dir='ltr'><strong>in</strong></span> <span class='ocrx_word' id='word_1_450' title='bbox 731 4132 858 4195; x_wconf 86' lang='lat' dir='ltr'><strong>diverso</strong></span> <span class='ocrx_word' id='word_1_451' title='bbox 879 4132 989 4213; x_wconf 81' lang='lat' dir='ltr'><strong>gradu,</strong></span> <span class='ocrx_word' id='word_1_452' title='bbox 1008 4141 1038 4195; x_wconf 89' lang='lat' dir='ltr'><strong>et</strong></span> <span class='ocrx_word' id='word_1_453' title='bbox 1063 4135 1176 4199; x_wconf 89' lang='lat' dir='ltr'><strong>ordine</strong></span> <span class='ocrx_word' id='word_1_454' title='bbox 1272 4138 1338 4200; x_wconf 86' lang='lat' dir='ltr'><strong>Nec</strong></span> <span class='ocrx_word' id='word_1_455' title='bbox 1353 4137 1517 4214; x_wconf 86' lang='lat' dir='ltr'><strong>accipietis</strong></span> <span class='ocrx_word' id='word_1_456' title='bbox 1531 4136 1725 4214; x_wconf 81' lang='lat' dir='ltr'><strong>cujusquam</strong></span> <span class='ocrx_word' id='word_1_457' title='bbox 1743 4154 1927 4212; x_wconf 83' lang='lat' dir='ltr'><strong>personam,</strong></span> <span class='ocrx_word' id='word_1_458' title='bbox 1945 4136 1976 4198; x_wconf 97' lang='lat' dir='ltr'><strong>id</strong></span> 
     </span>
     <span class='ocr_line' id='line_1_38' title="bbox 429 4230 1977 4316; baseline 0.004 -25"><span class='ocrx_word' id='word_1_459' title='bbox 429 4230 578 4310; x_wconf 91' lang='lat' dir='ltr'><strong>quodam.</strong></span> <span class='ocrx_word' id='word_1_460' title='bbox 596 4230 684 4292; x_wconf 90' lang='lat' dir='ltr'><strong>Unde</strong></span> <span class='ocrx_word' id='word_1_461' title='bbox 699 4230 903 4312; x_wconf 80' lang='lat' dir='ltr'><strong>subjungitur</strong></span> <span class='ocrx_word' id='word_1_462' title='bbox 921 4251 927 4295; x_wconf 94' lang='lat'>:</span> <span class='ocrx_word' id='word_1_463' title='bbox 947 4233 1102 4304; x_wconf 83' lang='lat' dir='ltr'><strong>tribanos,</strong></span> <span class='ocrx_word' id='word_1_464' title='bbox 1119 4234 1174 4316; x_wconf 91' lang='lat' dir='ltr'><strong>qui</strong></span> <span class='ocrx_word' id='word_1_465' title='bbox 1189 4240 1214 4303; x_wconf 81' lang='grc' dir='ltr'><strong>Ι)</strong></span> <span class='ocrx_word' id='word_1_466' title='bbox 1230 4243 1289 4312; x_wconf 88' lang='grc' dir='ltr'><strong>εεῖ,</strong></span> <span class='ocrx_word' id='word_1_467' title='bbox 1299 4234 1333 4296; x_wconf 90' lang='lat' dir='ltr'><strong>iu</strong></span> <span class='ocrx_word' id='word_1_468' title='bbox 1347 4234 1520 4314; x_wconf 84' lang='lat' dir='ltr'><strong>judicando</strong></span> <span class='ocrx_word' id='word_1_469' title='bbox 1535 4232 1689 4296; x_wconf 90' lang='lat' dir='ltr'><strong>attendite</strong></span> <span class='ocrx_word' id='word_1_470' title='bbox 1703 4251 1824 4309; x_wconf 89' lang='lat' dir='ltr'><strong>causas,</strong></span> <span class='ocrx_word' id='word_1_471' title='bbox 1840 4252 1906 4296; x_wconf 91' lang='lat' dir='ltr'><strong>nou</strong></span> <span class='ocrx_word' id='word_1_472' title='bbox 1922 4234 1977 4298; x_wconf 80' lang='lat' dir='ltr'><strong>bo</strong></span> 
     </span>
     <span class='ocr_line' id='line_1_39' title="bbox 428 4328 1976 4414; baseline 0.004 -25"><span class='ocrx_word' id='word_1_473' title='bbox 428 4328 600 4411; x_wconf 82' lang='lat' dir='ltr'><strong>praesident</strong></span> <span class='ocrx_word' id='word_1_474' title='bbox 615 4328 704 4392; x_wconf 89' lang='lat' dir='ltr'><strong>mille</strong></span> <span class='ocrx_word' id='word_1_475' title='bbox 719 4328 797 4392; x_wconf 90' lang='lat' dir='ltr'><strong>viris</strong></span> <span class='ocrx_word' id='word_1_476' title='bbox 816 4346 822 4391; x_wconf 94' lang='lat'><strong>:</strong></span> <span class='ocrx_word' id='word_1_477' title='bbox 841 4348 914 4392; x_wconf 91' lang='lat' dir='ltr'><strong>nam</strong></span> <span class='ocrx_word' id='word_1_478' title='bbox 930 4329 992 4391; x_wconf 90' lang='lat' dir='ltr'><strong>alia</strong></span> <span class='ocrx_word' id='word_1_479' title='bbox 1009 4332 1173 4396; x_wconf 89' lang='lat' dir='ltr'><strong>translatio</strong></span> <span class='ocrx_word' id='word_1_480' title='bbox 1229 4333 1333 4396; x_wconf 90' lang='lat' dir='ltr'><strong>mines</strong></span> <span class='ocrx_word' id='word_1_481' title='bbox 1348 4333 1523 4396; x_wconf 89' lang='lat' dir='ltr'><strong>secundum</strong></span> <span class='ocrx_word' id='word_1_482' title='bbox 1539 4332 1625 4414; x_wconf 90' lang='lat' dir='ltr'><strong>quod</strong></span> <span class='ocrx_word' id='word_1_483' title='bbox 1641 4330 1797 4408; x_wconf 89' lang='lat' dir='ltr'><strong>homines,</strong></span> <span class='ocrx_word' id='word_1_484' title='bbox 1811 4332 1863 4394; x_wconf 89' lang='lat' dir='ltr'><strong>vel</strong></span> <span class='ocrx_word' id='word_1_485' title='bbox 1878 4352 1976 4414; x_wconf 87' lang='lat' dir='ltr'><strong>quan-</strong></span> 
     </span>
     <span class='ocr_line' id='line_1_40' title="bbox 427 4427 1974 4513; baseline 0.003 -24"><span class='ocrx_word' id='word_1_486' title='bbox 427 4427 533 4506; x_wconf 82' lang='lat' dir='ltr'><strong>hahet,</strong></span> <span class='ocrx_word' id='word_1_487' title='bbox 550 4428 756 4505; x_wconf 88' lang='lat' dir='ltr'><strong>Chiliarchos,</strong></span> <span class='ocrx_word' id='word_1_488' title='bbox 775 4428 835 4491; x_wconf 89' lang='lat' dir='ltr'><strong>hoo</strong></span> <span class='ocrx_word' id='word_1_489' title='bbox 851 4436 899 4492; x_wconf 87' lang='lat' dir='ltr'><strong>est</strong></span> <span class='ocrx_word' id='word_1_490' title='bbox 915 4428 1112 4493; x_wconf 87' lang='lat' dir='ltr'><strong>millenarios</strong></span> <span class='ocrx_word' id='word_1_491' title='bbox 1123 4456 1130 4508; x_wconf 92' lang='lat'>;</span> <span class='ocrx_word' id='word_1_492' title='bbox 1142 4442 1172 4493; x_wconf 88' lang='lat' dir='ltr'><strong>et</strong></span> <span class='ocrx_word' id='word_1_493' title='bbox 1229 4440 1296 4494; x_wconf 92' lang='lat' dir='ltr'><strong>tum</strong></span> <span class='ocrx_word' id='word_1_494' title='bbox 1312 4432 1351 4495; x_wconf 91' lang='lat' dir='ltr'><strong>ad</strong></span> <span class='ocrx_word' id='word_1_495' title='bbox 1366 4450 1404 4494; x_wconf 92' lang='lat' dir='ltr'><strong>ea</strong></span> <span class='ocrx_word' id='word_1_496' title='bbox 1418 4450 1490 4513; x_wconf 79' lang='lat' dir='ltr'><strong>qua</strong></span> <span class='ocrx_word' id='word_1_497' title='bbox 1506 4429 1744 4512; x_wconf 88' lang='lat' dir='ltr'><strong>impertinentia</strong></span> <span class='ocrx_word' id='word_1_498' title='bbox 1759 4438 1837 4491; x_wconf 92' lang='lat' dir='ltr'><strong>sunt</strong></span> <span class='ocrx_word' id='word_1_499' title='bbox 1854 4429 1888 4491; x_wconf 91' lang='lat' dir='ltr'><strong>iu</strong></span> <span class='ocrx_word' id='word_1_500' title='bbox 1905 4428 1974 4494; x_wconf 82' lang='lat' dir='ltr'><strong>toro</strong></span> 
     </span>
     <span class='ocr_line' id='line_1_41' title="bbox 424 4526 1971 4613; baseline 0.003 -26"><span class='ocrx_word' id='word_1_501' title='bbox 424 4529 635 4600; x_wconf 83' lang='lat' dir='ltr'><strong>centuriones,</strong></span> <span class='ocrx_word' id='word_1_502' title='bbox 647 4526 703 4609; x_wconf 94' lang='lat' dir='ltr'><strong>qui</strong></span> <span class='ocrx_word' id='word_1_503' title='bbox 719 4536 860 4608; x_wconf 76' lang='lat' dir='ltr'><strong>presunt</strong></span> <span class='ocrx_word' id='word_1_504' title='bbox 875 4536 1015 4606; x_wconf 87' lang='lat' dir='ltr'><strong>centum,</strong></span> <span class='ocrx_word' id='word_1_505' title='bbox 1032 4541 1062 4590; x_wconf 86' lang='lat' dir='ltr'><strong>et</strong></span> <span class='ocrx_word' id='word_1_506' title='bbox 1077 4532 1173 4609; x_wconf 85' lang='lat' dir='ltr'><strong>qnin-</strong></span> <span class='ocrx_word' id='word_1_507' title='bbox 1226 4530 1351 4613; x_wconf 74' lang='lat' dir='ltr'><strong>iudicii.</strong></span> <span class='ocrx_word' id='word_1_508' title='bbox 1369 4530 1423 4592; x_wconf 81' lang='lat' dir='ltr'><strong>usi</strong></span> <span class='ocrx_word' id='word_1_509' title='bbox 1437 4546 1576 4611; x_wconf 89' lang='lat' dir='ltr'><strong>namque</strong></span> <span class='ocrx_word' id='word_1_510' title='bbox 1589 4544 1796 4610; x_wconf 88' lang='lat' dir='ltr'><strong>personarum</strong></span> <span class='ocrx_word' id='word_1_511' title='bbox 1812 4528 1971 4611; x_wconf 88' lang='lat' dir='ltr'><strong>acceptio,</strong></span> 
     </span>
     <span class='ocr_line' id='line_1_42' title="bbox 425 4625 1973 4709; baseline 0.001 -22"><span class='ocrx_word' id='word_1_512' title='bbox 425 4629 650 4706; x_wconf 78' lang='lat' dir='ltr'><strong>quapenarios,</strong></span> <span class='ocrx_word' id='word_1_513' title='bbox 666 4636 696 4687; x_wconf 87' lang='lat' dir='ltr'><strong>et</strong></span> <span class='ocrx_word' id='word_1_514' title='bbox 719 4630 866 4698; x_wconf 86' lang='lat' dir='ltr'><strong>decanos,</strong></span> <span class='ocrx_word' id='word_1_515' title='bbox 883 4628 941 4707; x_wconf 84' lang='lat' dir='ltr'><strong>qai</strong></span> <span class='ocrx_word' id='word_1_516' title='bbox 955 4630 1101 4689; x_wconf 85' lang='lat' dir='ltr'><strong>docerent</strong></span> <span class='ocrx_word' id='word_1_517' title='bbox 1117 4650 1170 4689; x_wconf 86' lang='lat' dir='ltr'><strong>cos</strong></span> <span class='ocrx_word' id='word_1_518' title='bbox 1228 4631 1304 4692; x_wconf 92' lang='lat' dir='ltr'><strong>dum</strong></span> <span class='ocrx_word' id='word_1_519' title='bbox 1320 4629 1354 4691; x_wconf 92' lang='lat' dir='ltr'><strong>iu</strong></span> <span class='ocrx_word' id='word_1_520' title='bbox 1369 4628 1477 4709; x_wconf 86' lang='lat' dir='ltr'><strong>aliquo</strong></span> <span class='ocrx_word' id='word_1_521' title='bbox 1491 4625 1676 4704; x_wconf 85' lang='lat' dir='ltr'><strong>attenditur,</strong></span> <span class='ocrx_word' id='word_1_522' title='bbox 1694 4645 1759 4690; x_wconf 88' lang='lat' dir='ltr'><strong>nou</strong></span> <span class='ocrx_word' id='word_1_523' title='bbox 1785 4626 1818 4688; x_wconf 92' lang='lat' dir='ltr'><strong>id</strong></span> <span class='ocrx_word' id='word_1_524' title='bbox 1845 4636 1973 4709; x_wconf 86' lang='lat' dir='ltr'><strong>propter</strong></span> 
     </span>
     <span class='ocr_line' id='line_1_43' title="bbox 423 4724 1972 4811; baseline 0.003 -27"><span class='ocrx_word' id='word_1_525' title='bbox 423 4728 555 4802; x_wconf 74' lang='lat' dir='ltr'><strong>sinpata</strong></span> <span class='ocrx_word' id='word_1_526' title='bbox 576 4733 733 4807; x_wconf 89' lang='lat' dir='ltr'><strong>quantum</strong></span> <span class='ocrx_word' id='word_1_527' title='bbox 758 4743 868 4787; x_wconf 92' lang='lat' dir='ltr'><strong>eorum</strong></span> <span class='ocrx_word' id='word_1_528' title='bbox 892 4725 995 4804; x_wconf 80' lang='lat' dir='ltr'><strong>exegit</strong></span> <span class='ocrx_word' id='word_1_529' title='bbox 1009 4724 1169 4805; x_wconf 86' lang='lat' dir='ltr'><strong>cilicium,</strong></span> <span class='ocrx_word' id='word_1_530' title='bbox 1227 4730 1312 4811; x_wconf 91' lang='lat' dir='ltr'><strong>quod</strong></span> <span class='ocrx_word' id='word_1_531' title='bbox 1328 4727 1450 4809; x_wconf 86' lang='lat' dir='ltr'><strong>aliquid</strong></span> <span class='ocrx_word' id='word_1_532' title='bbox 1464 4726 1494 4789; x_wconf 94' lang='lat' dir='ltr'><strong>ei</strong></span> <span class='ocrx_word' id='word_1_533' title='bbox 1509 4726 1624 4790; x_wconf 86' lang='lat' dir='ltr'><strong>merito</strong></span> <span class='ocrx_word' id='word_1_534' title='bbox 1638 4726 1780 4788; x_wconf 89' lang='lat' dir='ltr'><strong>dandum</strong></span> <span class='ocrx_word' id='word_1_535' title='bbox 1800 4733 1857 4788; x_wconf 90' lang='lat' dir='ltr'><strong>aut</strong></span> <span class='ocrx_word' id='word_1_536' title='bbox 1878 4726 1972 4807; x_wconf 86' lang='lat' dir='ltr'><strong>depu-</strong></span> 
     </span>
     <span class='ocr_line' id='line_1_44' title="bbox 426 4823 1971 4908; baseline 0.001 -25"><span class='ocrx_word' id='word_1_537' title='bbox 426 4823 469 4885; x_wconf 92' lang='lat' dir='ltr'><strong>ita</strong></span> <span class='ocrx_word' id='word_1_538' title='bbox 484 4824 569 4905; x_wconf 91' lang='lat' dir='ltr'><strong>quod</strong></span> <span class='ocrx_word' id='word_1_539' title='bbox 585 4825 805 4906; x_wconf 89' lang='lat' dir='ltr'><strong>unusquisque</strong></span> <span class='ocrx_word' id='word_1_540' title='bbox 820 4842 930 4887; x_wconf 90' lang='lat' dir='ltr'><strong>eorum</strong></span> <span class='ocrx_word' id='word_1_541' title='bbox 947 4824 1105 4887; x_wconf 90' lang='lat' dir='ltr'><strong>instruere</strong></span> <span class='ocrx_word' id='word_1_542' title='bbox 1121 4825 1172 4887; x_wconf 90' lang='lat' dir='ltr'><strong>ba·</strong></span> <span class='ocrx_word' id='word_1_543' title='bbox 1227 4828 1359 4890; x_wconf 88' lang='lat' dir='ltr'><strong>tandum</strong></span> <span class='ocrx_word' id='word_1_544' title='bbox 1381 4825 1429 4889; x_wconf 89' lang='lat' dir='ltr'><strong>vel</strong></span> <span class='ocrx_word' id='word_1_545' title='bbox 1455 4825 1702 4908; x_wconf 89' lang='lat' dir='ltr'><strong>adjudicandum</strong></span> <span class='ocrx_word' id='word_1_546' title='bbox 1726 4833 1785 4901; x_wconf 84' lang='lat' dir='ltr'><strong>est,</strong></span> <span class='ocrx_word' id='word_1_547' title='bbox 1802 4824 1860 4886; x_wconf 90' lang='lat' dir='ltr'><strong>sed</strong></span> <span class='ocrx_word' id='word_1_548' title='bbox 1886 4824 1971 4886; x_wconf 90' lang='lat' dir='ltr'><strong>aliud</strong></span> 
     </span>
     <span class='ocr_line' id='line_1_45' title="bbox 425 4920 1972 5007; baseline 0 -24"><span class='ocrx_word' id='word_1_549' title='bbox 425 4921 495 4984; x_wconf 92' lang='lat' dir='ltr'><strong>buit</strong></span> <span class='ocrx_word' id='word_1_550' title='bbox 519 4922 580 4986; x_wconf 91' lang='lat' dir='ltr'><strong>sibi</strong></span> <span class='ocrx_word' id='word_1_551' title='bbox 605 4924 776 5004; x_wconf 87' lang='lat' dir='ltr'><strong>subjectos,</strong></span> <span class='ocrx_word' id='word_1_552' title='bbox 804 4924 842 4986; x_wconf 90' lang='lat' dir='ltr'><strong>de</strong></span> <span class='ocrx_word' id='word_1_553' title='bbox 868 4922 1105 5005; x_wconf 92' lang='lat' dir='ltr'><strong>pertinentibus</strong></span> <span class='ocrx_word' id='word_1_554' title='bbox 1130 4925 1170 4987; x_wconf 89' lang='lat' dir='ltr'><strong>ad</strong></span> <span class='ocrx_word' id='word_1_555' title='bbox 1227 4944 1284 5007; x_wconf 91' lang='lat' dir='ltr'><strong>per</strong></span> <span class='ocrx_word' id='word_1_556' title='bbox 1298 4924 1383 5007; x_wconf 90' lang='lat' dir='ltr'><strong>quod</strong></span> <span class='ocrx_word' id='word_1_557' title='bbox 1399 4941 1464 4987; x_wconf 90' lang='lat' dir='ltr'><strong>non</strong></span> <span class='ocrx_word' id='word_1_558' title='bbox 1480 4921 1575 4986; x_wconf 90' lang='lat' dir='ltr'><strong>habet</strong></span> <span class='ocrx_word' id='word_1_559' title='bbox 1589 4922 1827 5005; x_wconf 87' lang='lat' dir='ltr'><strong>proportionem</strong></span> <span class='ocrx_word' id='word_1_560' title='bbox 1854 4931 1912 4984; x_wconf 88' lang='lat' dir='ltr'><strong>aot</strong></span> <span class='ocrx_word' id='word_1_561' title='bbox 1931 4920 1972 4983; x_wconf 91' lang='lat' dir='ltr'><strong>di·</strong></span> 
     </span>
     <span class='ocr_line' id='line_1_46' title="bbox 426 5020 1973 5104; baseline -0.002 -21"><span class='ocrx_word' id='word_1_562' title='bbox 426 5020 608 5085; x_wconf 87' lang='lat' dir='ltr'><strong>cathedram</strong></span> <span class='ocrx_word' id='word_1_563' title='bbox 630 5040 686 5085; x_wconf 91' lang='lat' dir='ltr'><strong>seu</strong></span> <span class='ocrx_word' id='word_1_564' title='bbox 710 5021 946 5104; x_wconf 75' lang='lat' dir='ltr'><strong>praesidentiam</strong></span> <span class='ocrx_word' id='word_1_565' title='bbox 972 5041 1062 5085; x_wconf 90' lang='lat' dir='ltr'><strong>suam</strong></span> <span class='ocrx_word' id='word_1_566' title='bbox 1087 5022 1173 5087; x_wconf 89' lang='lat' dir='ltr'><strong>circa</strong></span> <span class='ocrx_word' id='word_1_567' title='bbox 1225 5023 1391 5103; x_wconf 74' lang='lat' dir='ltr'><strong>gnitatem</strong></span> <span class='ocrx_word' id='word_1_568' title='bbox 1408 5041 1463 5085; x_wconf 89' lang='lat' dir='ltr'><strong>seu</strong></span> <span class='ocrx_word' id='word_1_569' title='bbox 1489 5020 1710 5085; x_wconf 89' lang='lat' dir='ltr'><strong>rationabilem</strong></span> <span class='ocrx_word' id='word_1_570' title='bbox 1734 5040 1864 5084; x_wconf 90' lang='lat' dir='ltr'><strong>causam</strong></span> <span class='ocrx_word' id='word_1_571' title='bbox 1887 5022 1926 5083; x_wconf 91' lang='lat' dir='ltr'><strong>ad</strong></span> <span class='ocrx_word' id='word_1_572' title='bbox 1940 5020 1973 5081; x_wconf 93' lang='lat' dir='ltr'><strong>il·</strong></span> 
     </span>
     <span class='ocr_line' id='line_1_47' title="bbox 428 5118 1969 5202; baseline -0.001 -21"><span class='ocrx_word' id='word_1_573' title='bbox 428 5119 490 5181; x_wconf 93' lang='lat' dir='ltr'><strong>sibi</strong></span> <span class='ocrx_word' id='word_1_574' title='bbox 506 5120 702 5183; x_wconf 86' lang='lat' dir='ltr'><strong>commissos.</strong></span> <span class='ocrx_word' id='word_1_575' title='bbox 1227 5122 1281 5184; x_wconf 96' lang='lat' dir='ltr'><strong>lud</strong></span> <span class='ocrx_word' id='word_1_576' title='bbox 1296 5142 1302 5186; x_wconf 94' lang='lat'>:</span> <span class='ocrx_word' id='word_1_577' title='bbox 1316 5129 1351 5184; x_wconf 90' lang='lat' dir='ltr'><strong>ut</strong></span> <span class='ocrx_word' id='word_1_578' title='bbox 1366 5121 1392 5183; x_wconf 90' lang='lat' dir='ltr'><strong>si</strong></span> <span class='ocrx_word' id='word_1_579' title='bbox 1408 5119 1504 5183; x_wconf 90' lang='lat' dir='ltr'><strong>alicui</strong></span> <span class='ocrx_word' id='word_1_580' title='bbox 1521 5120 1614 5183; x_wconf 90' lang='lat' dir='ltr'><strong>detur</strong></span> <span class='ocrx_word' id='word_1_581' title='bbox 1628 5118 1808 5202; x_wconf 82' lang='lat' dir='ltr'><strong>praebenda,</strong></span> <span class='ocrx_word' id='word_1_582' title='bbox 1818 5137 1883 5182; x_wconf 90' lang='lat' dir='ltr'><strong>uon</strong></span> <span class='ocrx_word' id='word_1_583' title='bbox 1899 5118 1969 5199; x_wconf 85' lang='lat' dir='ltr'><strong>qnia</strong></span> 
     </span>
    </p>
   </div>
   <div class='ocr_carea' id='block_1_3' title="bbox 428 5210 1968 5401">
    <p class='ocr_par' dir='ltr' id='par_1_3' title="bbox 428 5210 1968 5401">
     <span class='ocr_line' id='line_1_48' title="bbox 467 5210 1968 5303; baseline -0.002 -22"><span class='ocrx_word' id='word_1_584' title='bbox 467 5220 674 5298; x_wconf 82' lang='lat' dir='ltr'><strong>Proecepiqae</strong></span> <span class='ocrx_word' id='word_1_585' title='bbox 682 5221 738 5291; x_wconf 83' lang='lat' dir='ltr'><strong>eis,</strong></span> <span class='ocrx_word' id='word_1_586' title='bbox 750 5222 877 5282; x_wconf 78' lang='lat' dir='ltr'><strong>dicens:</strong></span> <span class='ocrx_word' id='word_1_587' title='bbox 888 5222 1010 5282; x_wconf 80' lang='lat' dir='ltr'><strong>Audite</strong></span> <span class='ocrx_word' id='word_1_588' title='bbox 1020 5221 1172 5294; x_wconf 86' lang='lat' dir='ltr'><strong>ilios,hoc</strong></span> <span class='ocrx_word' id='word_1_589' title='bbox 1227 5229 1357 5303; x_wconf 92' lang='lat' dir='ltr'><strong>propter</strong></span> <span class='ocrx_word' id='word_1_590' title='bbox 1371 5210 1537 5283; x_wconf 89' lang='lat' dir='ltr'><strong>scientiam</strong></span> <span class='ocrx_word' id='word_1_591' title='bbox 1552 5227 1607 5281; x_wconf 90' lang='lat' dir='ltr'><strong>aut</strong></span> <span class='ocrx_word' id='word_1_592' title='bbox 1622 5217 1755 5282; x_wconf 85' lang='lat' dir='ltr'><strong>virtutes</strong></span> <span class='ocrx_word' id='word_1_593' title='bbox 1770 5217 1887 5297; x_wconf 82' lang='lat' dir='ltr'><strong>dignus</strong></span> <span class='ocrx_word' id='word_1_594' title='bbox 1902 5234 1968 5279; x_wconf 83' lang='lat' dir='ltr'><strong>een</strong></span> 
     </span>
     <span class='ocr_line' id='line_1_49' title="bbox 428 5315 1966 5401; baseline -0.003 -20"><span class='ocrx_word' id='word_1_595' title='bbox 428 5325 486 5395; x_wconf 76' lang='lat' dir='ltr'><strong>est,</strong></span> <span class='ocrx_word' id='word_1_596' title='bbox 499 5318 655 5400; x_wconf 87' lang='lat' dir='ltr'><strong>patienter</strong></span> <span class='ocrx_word' id='word_1_597' title='bbox 665 5326 697 5382; x_wconf 90' lang='lat' dir='ltr'><strong>et</strong></span> <span class='ocrx_word' id='word_1_598' title='bbox 708 5320 881 5401; x_wconf 91' lang='lat' dir='ltr'><strong>prudenter</strong></span> <span class='ocrx_word' id='word_1_599' title='bbox 888 5319 1075 5397; x_wconf 86' lang='lat' dir='ltr'><strong>auscultate,</strong></span> <span class='ocrx_word' id='word_1_600' title='bbox 1089 5320 1169 5401; x_wconf 86' lang='lat' dir='ltr'><strong>quid</strong></span> <span class='ocrx_word' id='word_1_601' title='bbox 1227 5329 1324 5398; x_wconf 80' lang='lat' dir='ltr'><strong>setun,</strong></span> <span class='ocrx_word' id='word_1_602' title='bbox 1335 5320 1390 5383; x_wconf 88' lang='lat' dir='ltr'><strong>sed</strong></span> <span class='ocrx_word' id='word_1_603' title='bbox 1400 5319 1477 5401; x_wconf 90' lang='lat' dir='ltr'><strong>quia</strong></span> <span class='ocrx_word' id='word_1_604' title='bbox 1490 5325 1643 5399; x_wconf 80' lang='lat' dir='ltr'><strong>cognatus</strong></span> <span class='ocrx_word' id='word_1_605' title='bbox 1658 5325 1713 5379; x_wconf 88' lang='lat' dir='ltr'><strong>aut</strong></span> <span class='ocrx_word' id='word_1_606' title='bbox 1726 5324 1888 5379; x_wconf 85' lang='lat' dir='ltr'><strong>carus-est.</strong></span> <span class='ocrx_word' id='word_1_607' title='bbox 1900 5315 1966 5377; x_wconf 88' lang='lat' dir='ltr'><strong>ldoo</strong></span> 
     </span>
    </p>
   </div>
   <div class='ocr_carea' id='block_1_4' title="bbox 0 0 2160 6259">
    <p class='ocr_par' dir='ltr' id='par_1_4' title="bbox 0 0 2160 6259">
     <span class='ocr_line' id='line_1_50' title="bbox 0 0 2160 6259; baseline 0 8"><span class='ocrx_word' id='word_1_608' title='bbox 0 0 2160 6259; x_wconf 95' lang='lat' dir='ltr'><strong> </strong></span> 
     </span>
    </p>
   </div>
  </div>
 </body>
</html>
