4309 6259
428 493 487 558 262
781 514 954 560 annuorum
975 515 1005 559 ru
1028 515 1097 558 cur.
1120 513 1173 558 xtx
1197 514 1333 560 cuvrrrcr.
1357 535 1397 544 -
1417 518 1488 561 aur.
1511 517 1618 562 xxxvu

428 692 476 744 est
498 684 685 765 spiritualis
702 704 774 766 quae
793 685 965 766 aliquando
986 694 1033 748 est
1054 705 1073 747 a
1095 686 1168 757 Deo,
1186 686 1348 748 haudivit
1373 707 1502 751 corvum
1530 689 1647 770 sapius
1672 689 1891 751 crocitantem.
1917 689 1967 750 Sc

427 782 678 863 quiangelorum
695 782 873 846 ministerio
883 784 990 865 aliqua
1000 783 1171 846 dormienti
1226 785 1342 862 cundo,
1371 786 1541 850 instinctus
1570 788 1735 850 brutorum
1760 797 1807 849 est
1831 806 1850 848 a
1874 807 1966 848 causa

429 880 558 957 revelat,
576 882 749 943 secundum
766 883 851 961 quod
869 882 984 963 Ioseph
1005 881 1085 944 dixit
1106 882 1170 962 regi
1227 884 1385 964 spirituali
1417 884 1510 960 bona,
1538 885 1658 948 scilicet
1684 886 1756 961 Deo,
1781 885 1831 948 vel
1856 884 1966 964 angelo

284 972 408 1033 ⁶²¹¹·'1v225
428 980 554 1062 AEgppti
572 979 664 1054 :Qum
688 979 829 1042 facturus
851 989 899 1042 est
918 982 1010 1057 DeuS,
1032 981 1172 1044 ostendit
1227 991 1346 1059 sancto,
1364 992 1398 1043 ut
1413 984 1583 1045 descensus
1600 983 1755 1046 columbae
1775 1002 1871 1064 super
1885 983 2086 1051 Chri-mutu.

428 1079 762 1141 Pharaonilnlerdum
774 1097 849 1142 vero
860 1099 897 1141 ex
912 1079 1097 1162 operatione
1108 1081 1172 1142 dia·
1227 1089 1309 1141 stum
1332 1080 1537 1162 baptizatum,
1555 1089 1586 1143 et
1610 1081 1780 1143 instinctus
1802 1081 1890 1144 corvi
1914 1082 1966 1161 qui
2004 1099 2079 1152 tund.

429 1177 504 1253 boli,
521 1176 576 1257 qui
601 1176 634 1238 in
649 1177 836 1239 dormientis
858 1178 1063 1259 imaginativa
1081 1179 1170 1240 simi·
1226 1179 1313 1260 pavit
1338 1179 1448 1240 Eliam.
1473 1181 1632 1242 Interdum
1659 1198 1733 1242 vero
1757 1189 1804 1242 est
1829 1199 1847 1242 a
1874 1165 2052 1242 causa·“'¹'⁰·

427 1277 579 1338 litudiues
608 1284 704 1355 atque
732 1276 954 1357 phantasmata
985 1276 1110 1349 format,
1133 1297 1171 1340 ex
1226 1277 1384 1357 spirituali
1401 1276 1889 1359 mala‚videlicetdaemonc,qui
1906 1279 1966 1340 Deo

426 1392 562 1457 quorum
579 1372 697 1434 intuitu
717 1373 878 1436 dormiens
899 1373 1006 1436 lutura
1025 1376 1169 1456 quadam
1225 1376 1429 1457 permittente
1442 1385 1549 1440 movet
1563 1377 1735 1458 aliquando
1751 1378 1843 1439 bruta
1859 1379 1897 1438 ad
1914 1378 1967 1440 ho-

427 1471 595 1555 praeuoscit
608 1471 709 1552 :quod
725 1472 861 1534 maxime
876 1472 927 1534 his
942 1473 1099 1552 contingit
1114 1473 1170 1554 qui
1225 1474 1347 1535 minum
1364 1475 1577 1556 deceptiones.
1596 1475 1703 1556 ltaque
1723 1475 1906 1557 hujusmodi
1923 1475 1968 1536 di-

425 1590 496 1633 cum
520 1568 717 1632 damonibus
741 1579 831 1651 pacta
854 1570 982 1633 habeut.
1008 1571 1039 1633 Si
1062 1571 1170 1652 itaque
1225 1573 1388 1635 vinatione
1404 1573 1449 1634 uti
1471 1573 1565 1636 latius
1584 1593 1681 1655 quam
1703 1592 1736 1636 se
1752 1573 1892 1636 extendit
1915 1592 1969 1654 per

425 1667 559 1731 somniis
584 1668 656 1748 quis
680 1676 796 1744 utatur,
814 1677 909 1750 prout
931 1670 1108 1750 procedunt
1133 1689 1170 1732 ex
1225 1682 1381 1749 naturam,
1394 1683 1447 1734 aut
1464 1692 1520 1754 per
1536 1672 1651 1735 divinae
1666 1672 1874 1755 providentiae
1889 1672 1970 1736 ordi-

426 1766 617 1830 rcvelatione
646 1766 790 1847 angelica
815 1786 869 1829 seu
902 1767 1024 1843 divina,
1052 1777 1107 1830 aut
1133 1787 1170 1831 ex
1226 1791 1310 1847 uem,
1328 1773 1583 1852 superstitiosum
1604 1781 1761 1834 censetur.
1783 1772 1844 1834 Nec
1861 1772 1970 1834 obviat
2138 1839 2139 1842 Ἴ

425 1885 520 1928 causa
545 1864 681 1926 naturali
708 1864 891 1940 intrinseca,
918 1885 973 1927 seu
998 1867 1093 1929 etiam
1119 1886 1171 1930 ex·
1187 1867 1210 1928 B
1227 1871 1275 1932 his
1295 1872 1381 1952 qued
1401 1872 1517 1954 loseph
1539 1870 1620 1933 dixit
1641 1871 1702 1933 sibi
1726 1890 1790 1934 non
1810 1891 1880 1934 esse
1896 1891 1969 1934 con·
2000 1887 2090 1928 ceum

426 1964 564 2026 trinseca
589 1963 759 2045 corporali,
774 1963 805 2024 in
828 1972 984 2044 quantum
1007 1984 1041 2027 se
1067 1973 1171 2047 potest
1226 1969 1364 2032 similem
1385 1969 1416 2031 in
1441 1970 1616 2049 augurandi
1638 1969 1781 2032 scientia.
1797 1970 1863 2032 lloc
1883 1970 1968 2032 euim
1984 1953 2012 1990 ¹⁵·

425 2062 594 2125 extendere
604 2062 705 2123 virtus
721 2061 903 2142 hujusmodi
920 2081 1032 2139 causat,
1044 2082 1107 2126 nen
1124 2072 1172 2125 est
1226 2069 1413 2148 (secundum
1430 2068 1657 2148 Augustinum)
1670 2069 1741 2149 joco
1756 2068 1903 2129 asseruit.

427 2160 583 2224 divinatio
601 2159 723 2233 illicita,
741 2159 817 2242 quia
833 2159 878 2222 sic
898 2161 1014 2242 loseph
1030 2180 1067 2223 ex
1085 2179 1172 2224 reve·
1266 2167 1310 2227 Ex
1330 2167 1379 2227 his
1396 2175 1519 2229 constat
1539 2166 1675 2247 qualiter
1692 2167 1856 2228 intendere
1877 2167 1971 2229 liccat

428 2260 546 2321 latione
560 2258 670 2322 divina
685 2258 831 2339 exposuit
848 2258 973 2321 somnia
987 2260 1169 2336 Pharaonis,
1226 2265 1358 2326 somniis
1374 2274 1428 2326 aut
1443 2265 1595 2344 auguriis.
1609 2264 1784 2343 Augurium
1802 2273 1908 2326 tamen
1925 2285 1972 2326 se-

293 2366 413 2418 maian
427 2367 459 2421 et
483 2356 592 2419 Daniel
616 2356 740 2419 somnia
764 2356 1052 2421 Nabuchodonosor
1074 2359 1169 2439 regis.
1226 2364 1364 2425 cundum
1381 2381 1581 2424 communem
1598 2363 1728 2424 modum
1744 2361 1908 2444 loquendi,
1924 2382 1971 2425 so

281 2435 358 2485 ‘¹⁸⁶⁹'
427 2457 484 2537 (De
496 2456 556 2517 ista
571 2455 703 2516 materia
718 2455 974 2536 pulchrescribit
990 2456 1022 2517 in
1039 2457 1171 2538 speciali
1228 2469 1281 2522 uat
1311 2461 1343 2521 in
1370 2461 1493 2523 vitium.
1522 2461 1576 2522 Est
1604 2469 1708 2522 autem
1740 2461 1967 2542 periculosum,

427 2563 562 2617 tractatu
572 2553 920 2634 Boetius.)-hmplius
931 2555 1169 2631 advertendum,
1229 2558 1401 2640 praesertim
1425 2558 1637 2640 simplicibus
1654 2559 1816 2621 attendere
1832 2559 1968 2634 somnia,

426 2652 512 2734 quod
537 2650 642 2714 avium
668 2651 836 2727 motiones,
854 2653 990 2732 garritus
1014 2663 1046 2716 et
1067 2663 1171 2716 motus
1226 2656 1303 2739 quia
1327 2657 1360 2719 in
1386 2657 1432 2720 eis
1462 2658 1646 2735 contingere
1670 2658 1837 2738 multiplex
1868 2667 1970 2738 potest

426 2764 521 2836 atque
535 2753 719 2816 consimiles
734 2773 842 2816 earum
857 2754 1172 2836 dispositiones,essc
1228 2754 1365 2818 fallacia.
1382 2756 1512 2838 Propter
1528 2757 1612 2837 quod
1629 2757 1783 2837 seriptum
1800 2756 1898 2818 estin
1915 2756 1970 2818 Ec·

427 2870 490 2915 non
502 2852 723 2914 valentcausae
740 2851 919 2914 luturorum
930 2862 1101 2916 eventuum
1118 2864 1172 2916 aut
1227 2854 1404 2917 elesiastieo
1427 2875 1434 2918 ε
1457 2854 1584 2917 Somnia
1610 2855 1765 2916 extollunt
1790 2854 1970 2936 impruden·
2011 2869 2087 2940 aaut·

425 2959 552 3013 actuum
570 2949 877 3012 humanorumzideo
892 2950 919 3011 si
933 2970 970 3013 ex
987 2951 1050 3013 illis
1065 2951 1172 3014 lutura
1228 2959 1285 3014 tes.
1310 2951 1403 3025 Quasi
1429 2953 1483 3033 qui
1509 2951 1719 3034 apprehendit
1741 2951 1899 3028 umbram,
1924 2971 1971 3014 se
1985 2947 2045 2975 ⁸¹¹¹*
2059 2933 2094 2971 '‘''

425 3048 534 3130 aliqua
549 3055 798 3129 praenoscantur,
815 3048 875 3110 boc
896 3056 943 3110 cst
967 3049 1170 3131 inquantum
1189 3047 1210 3111 C
1227 3051 1364 3112 cundum
1391 3051 1450 3113 hoc
1472 3050 1553 3113 visio
1578 3050 1786 3112 somniorum.
1810 3050 1971 3113 Divinatio

425 3146 563 3226 garritus
593 3163 649 3206 seu
675 3162 768 3206 rocos
798 3165 834 3207 ae
861 3155 965 3208 motus
996 3156 1069 3209 sunt
1094 3148 1172 3211 cile—
1226 3147 1355 3224 erroris,
1379 3158 1410 3210 et
1434 3148 1566 3229 auguria
1591 3147 1766 3224 mendacia,
1790 3156 1822 3209 et
1846 3148 1971 3210 somnia

426 3252 496 3307 ctus
511 3243 720 3324 quarumdam
741 3263 918 3322 causarum,
935 3265 1006 3326 quae
1028 3246 1078 3309 rel
1101 3268 1174 3310 cau·
1227 3246 1507 3322 malefacientium,
1529 3246 1652 3309 vanitas
1673 3254 1731 3307 est.
1757 3245 1843 3308 Sicut
1865 3255 1972 3326 partu-

426 3348 563 3415 sant‚aut
573 3340 668 3402 etiam
679 3351 940 3422 praecognoscunt
951 3342 1074 3406 iuturos
1085 3364 1174 3408 even·
1227 3343 1349 3420 rientis
1370 3362 1425 3406 cor
1445 3353 1533 3406 tuum
1556 3343 1738 3425 phantasias
1760 3343 1890 3425 patitur,
1910 3343 1971 3404 uisi

428 3439 598 3510 tus.Causa
613 3457 689 3501 vero
704 3439 924 3519 operationum
941 3440 1174 3518 brutorum‚est
1229 3442 1325 3504 luerit
1339 3442 1378 3504 ab
1393 3442 1556 3505 Altissimo
1572 3442 1687 3504 emissa
1704 3441 1851 3505 visitatio.
1863 3443 1905 3505 Ne
1921 3443 1973 3504 dc

427 3538 556 3619 quidam
573 3536 743 3599 instinctus
762 3557 826 3618 quo
849 3548 1017 3601 moventur
1033 3560 1090 3621 per
1110 3561 1174 3605 mo·
1229 3541 1312 3602 deris
1324 3541 1357 3601 in
1375 3541 1438 3602 illis
1450 3561 1504 3604 cor
1520 3550 1608 3601 tuum
1620 3559 1626 3601 :
1637 3540 1753 3602 multos
1769 3540 1854 3602 enim
1866 3559 1972 3604 errare

427 3636 503 3697 dum
520 3643 639 3697 naturae
650 3644 681 3697 et
696 3635 802 3716 potius
813 3644 949 3715 aguntur
960 3657 1055 3718 quam
1066 3650 1173 3719 agunt,
1229 3623 1372 3702 lecerunt
1395 3639 1529 3714 somnia,
1547 3646 1575 3700 el
1602 3638 1787 3701 exciderunt
1807 3649 1971 3719 sperantes

428 3734 603 3796 secundum
619 3734 859 3810 Damascenum‚
874 3735 1025 3813 quoniam
1042 3756 1172 3799 suorum
1230 3737 1262 3798 in
1279 3736 1340 3814 eis.-

427 3840 555 3894 actuum
573 3850 636 3893 uon
652 3830 770 3893 habent
785 3831 974 3895 dominium.
986 3835 1173 3916 llujusmodi
1269 3833 1417 3915 Sequitur
1435 3852 1442 3897 :
1462 3837 1571 3914 illeque
1587 3837 1621 3896 in
1638 3838 1814 3894 rotundum
1830 3839 1973 3895 attendu-

427 3939 531 3992 autem
555 3929 724 3991 instinctus
746 3937 794 3991 est
816 3930 943 4011 duplex.
957 3931 1043 3994 Unus
1066 3953 1175 4016 corpo
1229 3936 1304 3994 bitis
1328 3955 1464 4003 cornuin,
1491 3954 1547 3992 nec
1572 3935 1693 3993 radatis
1718 3936 1861 3994 barbam.
1886 3933 1973 3996 Circa

429 4027 515 4104 ralis,
532 4027 607 4107 quia
628 4046 727 4107 quum
747 4025 841 4089 bruta
864 4047 927 4090 non
950 4030 1088 4092 habeant
1112 4033 1172 4094 nisi
1229 4032 1289 4094 hoc
1305 4031 1349 4092 ait
1363 4030 1473 4093 Glossa
1491 4048 1497 4092 :
1517 4031 1603 4093 Sicut
1620 4031 1742 4092 iaciunt
1758 4031 1897 4093 Barbari.
1915 4032 1972 4092 Dc·

427 4126 567 4187 animam
583 4124 769 4186 sensitivam
785 4134 880 4205 atque
896 4129 1060 4207 organicas
1076 4131 1170 4208 vires,
1228 4129 1282 4192 bet
1303 4129 1388 4191 enim
1407 4129 1545 4210 quisque
1567 4148 1636 4192 esse
1658 4137 1825 4191 contentus
1849 4138 1973 4191 natura-

428 4223 593 4302 subjaeent
618 4221 821 4302 dispositioni
847 4225 988 4304 corporis
1011 4227 1173 4290 eontinen-
1188 4227 1213 4288 D
1229 4227 1311 4289 libus
1334 4227 1540 4304 ornamentis
1564 4247 1604 4288 ue
1625 4227 1802 4290 Creatorem
1829 4226 1972 4290 videatur

428 4319 1175 4405 tis‚vidclicetaeris‚inllucntiisquoquceoelc-
1227 4345 1376 4388 accusare
1393 4335 1541 4405 tanquam
1560 4325 1766 4406 impotentem
1783 4344 1863 4406 opus
1879 4345 1968 4386 suum
2053 4361 2056 4366 ι
2138 4397 2139 4404 ¹

429 4419 525 4480 stium
541 4437 722 4500 corporum.
740 4418 854 4499 Siequc
870 4421 1013 4501 quadam
1031 4423 1172 4485 actiones
1228 4423 1383 4506 perlicere
1397 4447 1404 4497 3
1423 4441 1481 4485 nec
1497 4423 1590 4484 debet
1606 4423 1678 4503 quis
1694 4423 1727 4483 in
1743 4423 1895 4485 bonorem
1912 4423 1970 4484 dm
2138 4411 2139 4424 ¹

430 4517 594 4579 brutorum
621 4536 690 4578 csse
714 4527 847 4598 possunt
875 4519 1054 4582 futurorum
1084 4522 1173 4600 signa
1228 4541 1357 4584 monum
1375 4521 1541 4583 cincinnos
1560 4521 1680 4584 nutrire
1700 4529 1731 4584 ct
1753 4520 1871 4597 lovere,
1890 4521 1968 4583 sicut

429 4623 612 4691 eventuum,
626 4615 658 4676 in
673 4624 827 4695 quantum
843 4616 1045 4697 dispositioni
1062 4621 1173 4700 prmu-
1228 4621 1355 4681 student
1376 4619 1490 4701 pagaui
1511 4638 1681 4701 puerorum
1702 4619 1806 4700 capita
1820 4619 1970 4682 daemoni-

429 4723 551 4778 ctorum
573 4732 741 4795 corporum
762 4713 1013 4777 conlormantur.
1031 4718 1108 4779 Nam
1135 4739 1172 4782 ex
1228 4718 1286 4779 bus
1313 4717 1433 4779 ellerrc
1451 4735 1457 4777 :
1475 4718 1561 4797 quod
1585 4717 1637 4778 hic
1664 4717 1799 4778 maxime
1825 4717 1971 4798 prohibe-

428 4813 588 4896 praadictis
604 4813 708 4875 causis
730 4811 823 4873 bruta
842 4824 1039 4892 cognoscunt
1059 4817 1171 4894 multa,
1229 4825 1288 4877 tur.
1302 4816 1372 4876 flac
1388 4814 1497 4876 Glossa
1518 4815 1661 4896 sequitur
1679 4833 1686 4876 τ
1703 4815 1763 4877 lsta
1783 4833 1857 4894 ergo
1877 4815 1969 4896 jussit

427 4929 499 4992 quaa
519 4918 638 4972 natura
658 4927 767 4971 corum
789 4911 966 4973 necessaria
986 4922 1120 4990 exstant,
1139 4925 1172 4977 ut
1227 4913 1380 4975 Dominus
1397 4913 1515 4994 popule
1534 4913 1566 4974 iu
1582 4914 1823 4976 detestationem
1840 4913 1971 4977 idolola-

427 5018 501 5071 sunt
517 5008 752 5070 immutationes
764 5028 801 5068 cx
812 5009 957 5072 ventiset
973 5012 1172 5092 pluviisllu-
1229 5021 1358 5088 trarum,
1381 5011 1436 5092 qui
1461 5029 1585 5073 comam
1606 5011 1811 5073 attendebant
1837 5013 1969 5074 rotunde

427 5108 520 5170 dead
537 5105 612 5168 talia
631 5106 826 5188 prescienda
842 5107 1043 5170 considerare
1062 5111 1169 5174 avium
1228 5111 1259 5171 in
1284 5109 1399 5190 capitis
1422 5127 1509 5190 gyro,
1529 5118 1559 5170 ct
1582 5108 1711 5171 barbam
1735 5129 1823 5171 suam
1846 5110 1970 5173 abrase-

427 5205 563 5287 garritus
574 5224 611 5267 ac
621 5212 739 5285 gestus,
750 5223 812 5267 non
830 5212 878 5267 est
894 5207 1169 5286 superstitiosum:
1229 5216 1322 5280 runt;
1340 5226 1475 5287 quorum
1492 5207 1586 5269 etiam
1608 5208 1785 5270 sacerdotes
1806 5207 1839 5268 iu
1857 5209 1969 5270 ritibus

426 5311 461 5364 ut
475 5303 502 5364 si
513 5301 586 5384 quis
601 5302 686 5365 dicat
702 5301 834 5363 imbrem
851 5302 915 5364 cito
931 5302 1172 5386 luturum‚quia
1228 5306 1294 5368 suis
1309 5305 1555 5368 vulneraverunt
1575 5325 1608 5368 se
1625 5305 1709 5368 lerro
1730 5307 1885 5386 usquead
1902 5326 1970 5368 san-
