4309 6259
574 512 752 566 manuario
772 520 803 567 ut
824 521 893 568 GAP.
916 521 958 567 vu
979 522 1116 569 tutlrtul.
1138 543 1179 554 -
1199 523 1269 570 nur.
1293 523 1368 572 xvttt

1599 493 1742 572 ’183

191 688 267 750 data
281 696 343 765 est,
358 689 461 769 gratia
476 699 508 753 et
522 690 641 754 veritas
659 692 836 772 pertesum
855 691 981 755 Chri-A
996 693 1159 755 actionum
1173 718 1180 770 ;
1203 705 1233 755 et
1254 698 1430 774 collyridas
1454 700 1515 758 olei
1540 699 1741 760 actmr'ctiorte

190 795 278 848 stum
295 785 382 850 facta
396 797 455 850 est.

232 886 344 967 ltaque
366 905 424 968 pro
447 886 617 950 boneficiis
639 887 731 950 nobis
753 909 771 950 a
796 890 859 952 Deo
885 909 942 972 per

190 984 364 1046 Dominum
386 985 493 1048 lesum
513 986 685 1062 concessis,
705 996 767 1050 tam
787 989 942 1067 generali-

189 1083 253 1145 bus
279 1103 377 1165 quam
408 1084 612 1166 specialibus,
638 1085 759 1150 offerre
788 1089 941 1151 debemus

184 1203 292 1260 panes
307 1186 427 1264 absque
439 1186 597 1263 seruwnto
612 1207 792 1265 conspersos
806 1192 882 1260 oleo,
896 1187 942 1250 in·

188 1281 368 1361 telligendo
390 1302 447 1365 per
468 1303 566 1364 panes
586 1286 806 1348 observantias
826 1307 943 1369 praece

188 1389 334 1463 ptorum,
358 1401 430 1463 quae
454 1383 536 1446 bene
560 1384 713 1447 reficiunt
737 1394 886 1463 mentem,
911 1396 943 1450 et

187 1480 261 1542 sine
277 1479 397 1561 quibus
413 1481 494 1544 nihil
511 1483 720 1564 spiritualiter
735 1485 829 1567 sapit,
839 1487 943 1548 lleove

188 1581 299 1662 placet
312 1597 320 1641 τ
332 1581 484 1662 quoniam
500 1583 555 1663 qui
573 1601 636 1646 non
654 1583 766 1665 implet
780 1585 939 1662 mandata,

188 1697 398 1761 nequaquam
414 1681 624 1762 spiritualiter
643 1681 725 1745 vivit
746 1701 804 1746 nec
823 1682 939 1763 diligit,

187 1779 246 1840 sed
264 1787 411 1841 mortuus
427 1787 491 1853 est3
504 1779 791 1861 estque'ingratum
808 1781 941 1863 Spiritui

996 812 1188 869 conspersas,
1207 793 1238 854 id
1255 801 1303 856 θεῖ
1318 793 1454 857 affectus
1471 804 1586 859 sancte
1601 795 1741 859 caritatis

999 889 1216 972 praefervidus,
1240 893 1333 954 itaut
1349 901 1536 958 tutamenta
1556 895 1655 957 simus
1674 895 1741 958 zelo

997 989 1100 1051 divini
1117 991 1247 1053 honoris
1263 1011 1298 1054 ac
1315 991 1463 1056 fraternae
1475 994 1586 1056 salutis
1597 994 1739 1058 accensi:

996 1096 1028 1149 et
1044 1087 1127 1150 sicut
1142 1089 1296 1172 collyrida
1311 1090 1474 1154 circularis
1490 1101 1538 1155 est
1559 1093 1679 1171 formae,
1697 1093 1742 1156 sie

997 1184 1051 1247 isti
1067 1185 1217 1266 affectus,
1227 1190 1327 1254 instar
1338 1201 1441 1256 motus
1457 1192 1632 1268 circularis,
1642 1211 1744 1254 rever·

997 1293 1106 1347 tantur
1122 1286 1154 1348 in
1170 1288 1267 1352 Deum
1285 1311 1322 1354 ex
1337 1312 1401 1374 quo
1417 1292 1602 1374 procedunt.

1037 1387 1142 1446 Pauca
1158 1407 1279 1468 quoque
1300 1394 1515 1470 fermentatos
1535 1389 1591 1452 Hic
1607 1387 1743 1451 fermen-

998 1490 1065 1543 tum
1090 1483 1121 1544 in
1148 1485 1233 1548 bono
1258 1488 1424 1570 accipitur,
1446 1487 1598 1570 quoniam
1623 1487 1742 1549 bonum

998 1591 1127 1662 prestat
1143 1602 1288 1667 saporem
1311 1587 1397 1669 pani,
1416 1587 1498 1650 sicut
1516 1581 1550 1648 iu
1570 1585 1742 1666 Evangelio
1933 1652 1938 1666 ,

998 1678 1055 1740 ubi
1071 1680 1205 1744 babetur
1223 1702 1230 1745 :
1249 1683 1359 1748 Simile
1374 1693 1422 1749 est
1438 1703 1569 1765 regnum
1588 1685 1741 1748 coelorum
1763 1717 1887 1767 Mum,

997 1777 1167 1856 fermento,
1191 1791 1251 1845 etc.
1272 1783 1370 1846 Panes
1386 1803 1460 1866 ergo
1481 1784 1526 1847 sic
1546 1782 1739 1860 fermentati,
1757 1783 1790 1824 ³³·

187 1876 309 1938 Sancto
324 1876 482 1958 quidquid
497 1877 652 1941 obtuleris
667 1879 708 1955 ei,
722 1879 748 1940 si
765 1879 941 1961 neglexeris
960 1885 982 1947 Β
996 1887 1071 1939 sunt
1082 1879 1315 1960 poenitentialia
1324 1884 1479 1956 exercitia,
1487 1883 1604 1965 quibus
1614 1883 1743 1945 austeri·

71 1987 171 2039 aean..
189 1974 234 2048 id,
252 1974 295 2035 ad
317 1973 404 2055 quod
427 1973 545 2038 teneris
562 1994 570 2038 t
589 1975 654 2039 imo
676 1977 702 2037 si
725 1978 798 2058 quis
821 1977 854 2039 in
877 1997 940 2041 uno

69 2053 76 2080 ⁸
187 2071 350 2148 offendat,
368 2071 472 2136 factus
486 2082 535 2136 est
550 2075 694 2137 omnium
711 2095 794 2138 reus.
811 2076 866 2138 His
886 2076 941 2140 ob

187 2170 429 2234 servationibus
446 2181 678 2254 praeceptorum
695 2174 878 2237 nullatcnus
894 2183 942 2238 est

188 2269 394 2332 miscendum
422 2269 615 2333 fermentum
645 2273 775 2335 malitiae
805 2280 860 2335 aut
888 2292 942 2336 ne

61 2386 172 2436 retra.
187 2369 315 2450 quitiae,
337 2369 427 2431 nulla
447 2369 622 2452 impietatis
638 2372 812 2454 corruptio,
836 2371 941 2435 sedin

187 2467 362 2532 sanctitate
381 2477 414 2531 et
432 2469 569 2550 justitia,
586 2478 695 2533 sancto
717 2479 748 2534 et
767 2471 853 2552 justo
878 2489 942 2533 ser-

186 2569 345 2632 viendum
356 2576 405 2630 est
419 2568 494 2631 Deo.
504 2566 615 2632 Oleum
631 2589 708 2633 vero
723 2569 850 2652 pietatis
863 2589 941 2633 sem-

187 2687 246 2750 per
262 2667 466 2730 miscendum
482 2676 541 2743 est,
551 2675 586 2728 ut
597 2668 629 2729 in
642 2669 756 2750 primis
772 2668 941 2750 unusquis·

187 2787 251 2848 que
277 2767 469 2828 misereatur
493 2765 608 2829 animae
634 2787 709 2844 suaa,
732 2776 763 2831 et
787 2767 941 2849 proximis

187 2866 256 2929 suis
274 2874 338 2927 tam
355 2864 566 2946 inspirituali
583 2865 703 2947 inopia,
714 2885 808 2947 quam
825 2867 859 2928 in
874 2885 940 2930 cor-

187 2964 292 3047 porali
317 2963 497 3044 indigentia
519 2964 742 3046 compatiatur,
764 2973 860 3047 atque
882 2984 939 3048 pro

998 1985 1103 2040 lasest
1114 1980 1359 2062 permixtaque
1375 1983 1465 2044 malae
1481 1982 1653 2064 voluptatis
1670 1980 1743 2043 infi-

991 2076 1133 2139 cientem
1149 2078 1289 2141 excludit
1300 2099 1456 2162 saporem.
1467 2085 1520 2143 Ec
1530 2083 1646 2162 quidus
1656 2099 1742 2141 unus

991 2194 1052 2252 pro
1063 2179 1229 2253 primitiis
1243 2181 1393 2256 offeretur
1408 2183 1555 2240 Domino.
1569 2179 1641 2241 Tria
1657 2198 1743 2241 nam-

995 2292 1059 2354 que
1074 2283 1239 2355 ponuntur
1254 2269 1349 2358 epera
1365 2277 1603 2355 satisfactionis,
1617 2278 1656 2340 ad
1672 2296 1742 2358 qua

996 2379 1100 2434 cetera
1117 2373 1311 2437 reducuntur
1329 2393 1336 2437 :
1354 2375 1514 2453 videlicet,
1532 2375 1643 2452 oratio,
1661 2375 1743 2439 elee-

997 2488 1140 2552 mosyna,
1166 2471 1338 2554 jejunium,
1366 2474 1543 2556 interque
1568 2474 1669 2537 oratio
1694 2483 1742 2536 est

997 2569 1089 2649 panis
1115 2571 1305 2652 praecipuus.
1332 2571 1389 2646 Qui
1419 2581 1450 2635 et
1476 2572 1655 2655 specialiter
1678 2573 1741 2636 lieo

995 2665 1147 2745 offertur,
1179 2689 1278 2750 quum
1309 2671 1351 2733 sit
1380 2690 1529 2734 ascensus
1561 2671 1678 2734 mentis
1707 2656 1741 2732 in

995 2767 1105 2844 Deum,
1123 2767 1299 2850 petitioque
1313 2769 1493 2832 decentium
1510 2770 1617 2848 aDeo,
1633 2778 1665 2832 et
1685 2789 1742 2852 per

994 2884 1064 2927 eam
1079 2866 1161 2928 Deus
1177 2867 1342 2947 potissime
1357 2869 1541 2931 honoratur.
1559 2871 1602 2930 Et
1617 2872 1679 2930 erit
1693 2890 1741 2930 aa·

993 2967 1148 3025 cerdotis:
1163 2965 1239 3046 quia
1253 2967 1292 3028 ad
1309 2965 1738 3043 sacerdotem,confessorem

186 3082 283 3147 posse
297 3061 447 3126 celeriter
462 3082 499 3124 ac
515 3061 675 3126 ferventer
686 3063 975 3131 auxilietur.Sic-C
995 3062 1143 3140 maxime,
1160 3063 1299 3145 pertinet
1324 3063 1460 3127 orationi
1483 3083 1605 3142 vacare,
1628 3073 1739 3146 etpro

185 3181 258 3244 que,
277 3161 362 3224 sicut
378 3160 515 3224 inomni
531 3179 628 3242 opere
643 3161 799 3225 Crantoris
815 3161 939 3225 miseri-

184 3261 296 3325 cordia
312 3269 344 3324 et
354 3259 471 3323 veritas
487 3259 577 3341 juxta
589 3279 756 3323 censuram
773 3261 939 3343 sapientia

185 3361 257 3442 ejus
268 3366 561 3440 contemperantur,
571 3358 615 3421 ita
630 3359 664 3420 in
681 3360 800 3422 nostris
810 3377 938 3440 quoque

184 3457 313 3522 actibus
332 3455 553 3519 misericordia
568 3465 601 3520 et
613 3458 737 3538 justitia
758 3477 815 3540 per
831 3477 942 3538 veram

184 3556 457 3621 commisceantur
471 3555 708 3619 discretionem.

224 3655 411 3719 Offeramus
429 3657 526 3716 etiam
549 3658 669 3732 lagana
689 3677 819 3732 azyma,
838 3655 870 3716 id
890 3665 938 3718 est

184 3751 480 3836 supererogationis
500 3769 597 3833 opera
613 3771 669 3834 per
689 3754 854 3816 caritatem
875 3753 937 3816 lata

183 3874 220 3916 ac
247 3851 366 3927 lucida,
394 3868 496 3932 usque
520 3851 561 3912 ad
585 3851 685 3913 Deum
710 3851 937 3934 proximosque

184 3959 325 4014 extenta.
342 3949 614 4023 Quemadmodum
630 3949 716 4012 enim
732 3949 876 4030 quotidie
892 3959 938 4012 tot

185 4051 300 4113 saltem
317 4047 500 4111 venialibus
515 4047 711 4112 involvimur
726 4048 838 4130 culpis,
852 4051 936 4129 quod

184 4149 355 4211 universas
371 4154 403 4210 et
418 4145 561 4225 singulas
576 4146 726 4210 distincte
736 4166 934 4229 cognoscere,

994 3161 1224 3242 poenitentibus
1240 3180 1379 3224 exorare.
1398 3161 1456 3235 Oui
1478 3171 1584 3226 autem
1605 3163 1667 3226 Deo
1688 3183 1740 3225 su-

993 3278 1050 3340 per
1080 3259 1145 3322 suis
1178 3260 1345 3323 beneficiis
1376 3262 1575 3342 regratiatur,
1605 3261 1648 3324 ita
1679 3262 1738 3326 boc

992 3376 1086 3438 agere
1101 3358 1206 3435 debet,
1223 3368 1259 3421 ut
1275 3377 1338 3421 non
1359 3360 1487 3422 omittat
1506 3379 1563 3442 pro
1583 3359 1739 3442 quotidia-

994 3455 1044 3517 nis
1060 3456 1128 3518 suis
1144 3457 1377 3538 praeteritisque
1398 3457 1536 3539 peccatis
1557 3475 1652 3540 opera
1673 3476 1739 3539 poe-

993 3553 1172 3616 nitentialia
1187 3555 1372 3637 adimplere,
1391 3574 1432 3618 ne
1447 3555 1537 3637 quasi
1554 3575 1684 3618 securus
1698 3557 1738 3620 de

992 3650 1096 3729 venia,
1125 3673 1181 3735 per
1208 3654 1435 3735 negligentiam
1465 3662 1496 3716 et
1526 3654 1737 3716 incustodiam

992 3751 1179 3814 resolvatur.
1213 3755 1276 3822 Qui
1305 3753 1451 3816 sacerdos
1480 3757 1598 3834 sumlct
1627 3755 1737 3815 hostica

990 3853 1195 3926 sanguinem,
1212 3852 1271 3914 boc
1287 3859 1346 3928 est,
1360 3850 1520 3914 sacrificia
1536 3851 1737 3931 regratiantis

991 3948 1109 4012 offeret
1134 3951 1207 4027 Deo,
1225 3968 1297 4012 eum
1323 3951 1463 4030 rogando
1488 3968 1545 4032 pro
1571 3950 1631 4012 sibi
1652 3967 1737 4012 com-

991 4047 1110 4125 missis,
1129 4056 1164 4110 ut
1186 4067 1294 4111 eorum
1316 4047 1495 4131 spiritualia
1516 4047 1676 4111 sacrificia
1690 4069 1738 4111 ac-

991 4155 1119 4228 ceptare
1134 4146 1293 4226 dignetur,
1314 4147 1464 4228 quoniam
1491 4147 1574 4210 inter
1589 4149 1687 4210 Deum
1707 4155 1738 4211 et

184 4248 403 4330 deplorasset
418 4245 588 4308 emendare
603 4263 863 4328 nonpossumus,
881 4250 935 4311 sed
951 4257 975 4317 D
991 4245 1146 4328 populum
1177 4246 1370 4309 constitutus
1395 4254 1443 4309 est
1473 4247 1607 4309 medius.
1637 4249 1737 4324 Cujus

54 4364 170 4415 attilus.
184 4365 279 4409 orare
308 4363 451 4425 egemus,
474 4342 522 4406 Ab
553 4343 687 4406 occultis
712 4345 792 4408 meis
818 4347 936 4410 munda

185 4465 249 4521 me,
268 4444 423 4518 Domine3
439 4442 487 4504 sic
502 4443 591 4505 omni
611 4443 664 4506 die
684 4444 873 4507 festinemus
889 4445 936 4507 in-

186 4542 348 4624 fatigabili
379 4542 475 4605 corde
499 4541 596 4604 etiam
622 4560 719 4623 opera
744 4542 827 4605 bona
852 4544 936 4607 ultra

184 4641 330 4705 debitum
348 4640 599 4703 innumerabilia
613 4659 770 4718 exercere,
784 4641 936 4705 meditan-

184 4742 238 4817 do,
257 4739 422 4816 fervendo,
440 4749 471 4802 et
489 4739 694 4822 adspirando,
710 4740 750 4801 ad
774 4741 868 4803 lleum
891 4743 935 4804 lo-

184 4840 370 4921 quendo,et
385 4836 564 4901 forinsecus
580 4840 782 4920 exsequendo
797 4859 867 4921 quaa
883 4841 936 4922 pia

73 4955 170 5010 icam,
184 4949 218 5001 et
234 4939 324 5018 justa
342 4945 429 4998 sunt.
452 4934 509 5009 eui
535 4935 596 4999 boc
621 4937 698 5018 agit,
718 4937 852 5018 lignum,
878 4940 936 5003 foe

56 5024 82 5060 ¹³·
186 5057 263 5099 num
279 5045 313 5099 et
333 5034 488 5116 stipulam
511 5053 574 5098 non
595 5035 729 5117 colligit.
750 5043 936 5118 coeteraque

183 5138 344 5206 similam,
363 5134 395 5196 id
416 5141 465 5195 est
484 5134 787 5216 contemplationem
808 5136 938 5217 purissi-

186 5251 285 5309 mam,
312 5231 388 5312 igne
415 5230 569 5296 ferventis
595 5232 713 5296 amoris
739 5253 936 5297 accensam:

185 5349 261 5413 que
272 5330 504 5412 contemplatio
525 5330 601 5393 finis
622 5340 671 5394 θεῖ
691 5333 938 5414 precedentium

990 4365 1102 4404 carnes
1117 4348 1226 4405 eadem
1242 4349 1446 4406 comedentur
1460 4348 1513 4406 die
1524 4366 1535 4404 :
1551 4345 1610 4408 hoc
1626 4353 1684 4422 est,
1697 4346 1737 4408 de

991 4443 1061 4525 ipso
1082 4442 1242 4506 sacrificio
1265 4443 1437 4524 gratiarum
1460 4443 1594 4507 actionis
1616 4451 1648 4506 et
1670 4444 1736 4506 lau·

990 4542 1051 4618 dis,
1069 4541 1138 4622 ipse
1153 4540 1208 4622 qui
1224 4542 1287 4604 Deo
1303 4542 1501 4621 regratiatur,
1519 4540 1611 4604 debet
1628 4560 1662 4604 se
1677 4542 1735 4602 im-

990 4640 1127 4704 mediate
1152 4641 1359 4723 spiritualiter
1384 4641 1529 4718 reficere,
1547 4660 1605 4704 nec
1630 4649 1733 4704 actum

990 4747 1054 4802 tam
1079 4739 1256 4803 virtuosum
1281 4740 1424 4816 differre,
1450 4741 1504 4802 sed
1530 4740 1679 4803 delectari
1701 4741 1733 4802 iu
1749 4759 1880 4808 aalma.

990 4838 1172 4916 Domin0,ei
1188 4837 1275 4901 omni
1291 4839 1343 4902 die
1358 4839 1450 4920 quasi
1465 4839 1504 4902 de
1520 4857 1603 4902 novo
1617 4839 1734 4920 gratias

991 4940 1168 5003 referendo.

1031 5042 1071 5100 Si
1092 5049 1161 5100 voto
1184 5043 1233 5098 vel
1254 5049 1363 5115 sponte
1387 5039 1561 5116 quisquam
1585 5040 1736 5100 obtulerit

991 5140 1129 5198 hostiam
1145 5155 1157 5196 .·
1172 5136 1206 5197 id
1221 5145 1279 5213 est,
1298 5136 1325 5196 si
1341 5136 1414 5217 quis
1434 5135 1559 5198 faudem
1576 5145 1608 5198 et
1622 5136 1737 5216 gratia-

993 5255 1063 5297 rum
1079 5234 1235 5298 actionem
1253 5234 1397 5297 immolat
1411 5235 1474 5298 Deo
1494 5253 1552 5316 pro
1568 5232 1736 5297 beneficiis

995 5332 1214 5415 impetrandis,
1232 5333 1342 5395 eodem
1359 5332 1411 5395 die
1429 5333 1461 5394 in
1483 5332 1599 5395 talibus
1614 5331 1737 5395 actibus
