4309 6259
388 474 427 539 82
775 491 947 539 asanuano
969 492 999 537 m
1021 491 1088 538 cnr.
1112 490 1188 537 xxix
1209 491 1309 537 axoni.
1332 512 1373 521 —
1393 492 1464 537 nur,
1488 490 1547 537 aru

390 688 487 744 snper
507 670 610 727 attrei-e
630 684 641 726 :
662 666 721 728 hoe
747 673 805 741 est,
828 664 888 727 ista
913 664 1081 727 combures
1104 672 1134 726 et
1150 665 1174 725 A
1191 664 1333 741 historia,
1361 664 1496 744 gentiles
1521 663 1562 725 ab
1592 662 1737 724 hostibus
1767 661 1937 725 vincendis

392 764 512 828 olferes
528 766 560 826 iu
576 764 667 827 altari
683 764 872 841 holocausti,
891 764 924 825 in
940 764 1021 827 atrio
1038 764 1136 826 taber-

392 864 510 926 naculi.
532 864 602 927 llaec
628 863 745 927 etenim
770 863 872 926 voluit
896 863 1048 926 Dominus
1074 862 1136 924 sibi

392 961 505 1025 offerri
530 972 562 1025 et
586 963 740 1040 comburi,
769 982 827 1025 uec
853 963 1038 1025 manducari
1064 980 1071 1023 :
1099 963 1138 1024 de

391 1080 526 1144 quorum
548 1062 692 1125 omnium
713 1072 745 1125 et
764 1063 981 1126 consimilium
1007 1062 1139 1126 rationi-

392 1161 451 1224 bus
468 1161 659 1225 litteralibus
675 1182 711 1225 ae
727 1162 960 1244 spiritualibus,
979 1160 1064 1223 intra
1080 1170 1140 1223 tra·

392 1260 537 1323 ctabitur.
548 1262 619 1325 Haee
636 1262 794 1343 siquidem
812 1262 844 1323 in
857 1262 996 1325 Levitico
1012 1261 1139 1343 plenius

393 1360 629 1424 describuntur.
641 1364 758 1422 Carnes
769 1382 841 1422 aero
853 1363 952 1421 attint
962 1364 1138 1433 etcertum,

393 1459 454 1522 hoc
470 1467 518 1522 cst
534 1460 662 1541 pellem,
680 1470 710 1521 et
730 1465 857 1539 fimnm,
876 1462 1038 1521 combures
1058 1462 1140 1539 soris

394 1569 487 1620 eastre
504 1568 621 1631 castra,
640 1558 671 1620 id
693 1567 741 1621 est
762 1559 897 1623 tentoria
913 1568 944 1623 et
959 1558 1140 1622 habitacula

393 1656 499 1735 lsrael,
514 1678 547 1717 ee
563 1661 649 1737 qnod
660 1678 721 1736 pro
733 1669 861 1737 peceato
875 1663 918 1720 stt
935 1659 1055 1722 vitulus
1072 1658 1141 1740 ipse

394 1755 529 1819 oblatus.
542 1756 661 1819 Idcirco
677 1776 792 1840 corpus
808 1758 877 1841 ejus
893 1758 938 1820 sic
955 1757 1142 1821 comburen-

1191 764 1339 840 hostiam,
1365 771 1461 845 atque
1491 764 1531 825 ab
1556 762 1701 824 hostibus
1726 761 1820 823 victis
1845 761 1938 823 victi-

1191 881 1276 923 mam
1302 860 1529 943 nuncupabant
1551 877 1558 921 :
1577 859 1699 922 llcbraai
1724 877 1800 923 vero
1822 878 1841 921 a
1865 858 1938 922 loco

1192 960 1364 1035 efferendi,
1390 960 1527 1023 hostiam
1554 967 1757 1035 vocaverunt,
1784 957 1938 1039 quoniam

1190 1060 1279 1142 juxta
1301 1059 1417 1122 ostium
1439 1058 1655 1134 atterebatur3
1680 1058 1842 1122 victimam
1861 1076 1940 1121 vero

1193 1178 1212 1220 a
1226 1159 1407 1236 vinciendo,
1421 1157 1573 1240 quoniam
1589 1158 1706 1221 animal
1723 1156 1939 1234 offerendum,

1194 1258 1337 1322 vinctum
1353 1259 1581 1323 adducebatur.

1235 1358 1383 1441 Sequitur
1409 1358 1447 1422 de
1472 1359 1577 1422 hestia
1606 1358 1753 1442 pacifica,
1780 1378 1851 1442 quae
1880 1378 1941 1441 pro

1194 1459 1366 1539 gratiarum
1384 1458 1509 1522 actione
1529 1479 1566 1522 ac
1586 1460 1670 1523 douo
1690 1460 1825 1541 desuper
1839 1459 1942 1541 impe

1196 1558 1309 1620 trando
1324 1557 1534 1622 oflerebatur.
1556 1563 1655 1620 Tottes
1669 1580 1791 1639 quoqne
1805 1562 1941 1619 arietem

1196 1662 1346 1730 alternas,
1363 1680 1459 1737 snper
1478 1661 1572 1736 crp'tts
1591 1669 1688 1737 capnt
1702 1662 1811 1721 Aaron
1829 1667 1858 1718 et
1871 1660 1942 1736 filit

1195 1758 1266 1833 rp'res
1277 1768 1399 1833 ponent
1414 1779 1533 1818 ritanus
1548 1777 1559 1819 .·
1575 1766 1611 1819 ut
1629 1758 1798 1821 ostendant
1817 1777 1851 1819 se
1865 1775 1943 1820 con-

394 1856 470 1917 dum
502 1864 559 1931 est,
585 1856 625 1918 ad
656 1855 854 1919 innuendum
880 1857 964 1939 quod
989 1856 1140 1932 vitiprum
1159 1856 1315 1919 Rsentire
1340 1856 1505 1934 oblationi,
1533 1866 1564 1921 ct
1588 1858 1751 1940 cooperari
1775 1856 1940 1931 offerenti,

394 1954 558 2034 congeries
582 1974 654 2017 cum
686 1956 752 2018 suis
781 1956 1000 2019 occasionibus
1025 1964 1056 2018 et
1081 1955 1142 2018 eir-

395 2054 595 2116 cumstantiis
616 2053 657 2115 sit
677 2055 809 2120 omniuo
825 2055 965 2132 vitanda,
984 2055 1142 2138 repellen-

394 2152 435 2215 da
449 2171 486 2215 ac
501 2153 701 2218 destruenda.

440 2252 546 2315 Unttm
562 2272 685 2334 qnoque
703 2256 837 2317 arietem
858 2256 897 2319 de
918 2253 1042 2318 dnobus
1064 2272 1143 2337 prta-

395 2347 484 2429 tatis,
510 2374 625 2425 sternes,
651 2375 746 2432 snper
775 2358 869 2435 err-jas
897 2366 994 2434 captat
1020 2363 1142 2435 portent

394 2454 506 2513 Aaron
525 2463 554 2513 et
573 2455 641 2531 filit
661 2454 731 2532 ejas
747 2476 862 2516 marrus
877 2474 962 2531 suas9
979 2455 1018 2516 ad
1035 2462 1142 2536 prote·

396 2551 543 2612 standum
559 2552 644 2632 quod
661 2571 857 2633 permanum
872 2553 984 2635 hloysis
1000 2552 1144 2616 atterunt

394 2648 529 2715 Domino
558 2648 689 2713 arietem
722 2650 829 2729 istum,
857 2651 890 2712 iu
921 2652 1141 2715 holocaustum

395 2747 435 2808 ad
455 2766 586 2811 summae
605 2749 816 2812 reverentiam
837 2750 1023 2831 majestatis.
1044 2754 1142 2819 Quern-

394 2864 496 2927 qnttm
510 2851 713 2920 mactaveris,
728 2853 815 2910 tolles
830 2852 869 2909 de
884 2853 1044 2927 sangnine
1058 2852 1140 2926 ejus,

393 2956 423 3005 et
437 2948 556 3025 frondes
571 2949 658 3008 circa
674 2952 788 3009 attare.
801 2948 868 3011 Non
885 2948 973 3025 dicit,
985 2948 1085 3030 Super
1100 2948 1143 3010 al-

1196 1965 1293 2038 atque
1308 1975 1417 2020 eorum
1434 1957 1516 2020 hauc
1532 1976 1601 2020 esse
1621 1957 1827 2034 oblationem,
1844 1975 1942 2038 quam

1197 2056 1260 2118 [leo
1271 2057 1383 2119 devote
1394 2055 1560 2120 offerrent.
1576 2060 1673 2126 erem
1684 2079 1785 2137 pettam
1797 2059 1945 2116 irnrrrola-

1197 2158 1412 2227 verissume
1431 2160 1471 2215 dc
1489 2156 1648 2234 sangnine
1664 2160 1779 2236 ipsias,
1797 2166 1827 2215 et
1843 2175 1944 2232 pones

1196 2275 1293 2332 snper
1314 2266 1493 2316 extremum
1514 2260 1636 2318 dentiae
1657 2258 1816 2317 auriculae
1830 2258 1943 2315 Aaron

1197 2365 1226 2416 et
1241 2358 1389 2433 filioram
1409 2357 1490 2433 ejas,
1512 2366 1542 2415 et
1562 2376 1657 2433 snper
1675 2357 1804 2435 pollices
1824 2375 1943 2415 maneas

1197 2476 1307 2514 eornm
1329 2457 1476 2532 aspectis
1497 2458 1616 2515 dextri.
1635 2454 1742 2536 ltaque
1766 2461 1942 2516 extremum

1199 2554 1316 2617 dextrae
1331 2553 1482 2615 auricula
1501 2553 1668 2635 pontificis
1687 2573 1723 2616 ae
1743 2552 1943 2615 sacerdotum

1198 2652 1388 2732 tangebatur
1412 2672 1485 2715 eum
1511 2652 1676 2731 sanguine,
1706 2653 1744 2715 ad
1774 2650 1945 2731 designan-

1199 2753 1275 2813 dum
1294 2753 1379 2833 qued
1400 2771 1509 2815 eorum
1533 2771 1626 2815 aures
1651 2752 1803 2815 deberent
1826 2750 1945 2831 jugiter

1199 2871 1268 2913 esse
1293 2860 1410 2934 apertas
1430 2852 1469 2913 ad
1490 2852 1696 2927 audiendum,
1712 2851 1752 2913 ad
1768 2848 1946 2930 suscipien-

1199 2951 1286 3026 dum,
1304 2970 1340 3013 ae
1365 2952 1404 3013 ad
1431 2951 1629 3033 implendum
1655 2950 1764 3012 diriua
1785 2956 1945 3031 precepta

394 3052 471 3121 tare,
490 3046 545 3108 sed
569 3044 670 3125 Circa,
690 3046 841 3111 videlicet
862 3048 946 3110 circa
969 3048 1071 3110 basim
1096 3047 1143 3128 ip·
1158 3044 1180 3109 (l
1198 3050 1237 3111 do
1263 3050 1376 3122 hestjis
1402 3050 1605 3112 immolandis
1635 3069 1672 3111 ac
1697 3048 1811 3111 ceteris
1835 3046 1945 3109 obser-

395 3143 472 3220 siuS,
489 3146 528 3207 ad
550 3145 781 3225 designandum
808 3147 892 3227 quod
916 3146 1072 3228 quidquid
1097 3145 1143 3208 di-

394 3241 477 3305 riuae
502 3242 712 3307 obtulerimus
736 3246 907 3326 majestati,
931 3244 1142 3308 ineffabiliter

395 3340 504 3401 minus
529 3350 576 3403 est
602 3362 650 3419 ao,
673 3362 737 3424 quo
764 3343 833 3423 ipsa
856 3343 1142 3425 superdignissima

396 3446 454 3501 est.
472 3444 584 3517 Ipsstrn
600 3451 707 3501 atatem
724 3444 856 3503 arietem
871 3442 936 3522 jam
957 3450 1140 3518 mactatum,

395 3538 546 3601 videlicet
565 3558 680 3622 eorpus
700 3540 770 3620 ejus
790 3541 946 3619 exanime,
967 3544 1085 3603 secabis
1106 3545 1141 3602 tn

395 3638 504 3715 frasta
518 3661 531 3710 ,·
556 3643 682 3719 lotaque
705 3643 860 3701 intestina
883 3643 951 3718 rp'trs
976 3663 1014 3701 ue
1032 3645 1140 3719 pedes,

390 3756 489 3813 prostes
503 3759 599 3815 snprr
613 3760 725 3800 earnes
741 3743 893 3800 concisas.
913 3743 955 3801 Et
974 3746 1083 3818 offeres
1099 3752 1143 3801 te-

396 3844 464 3897 tnm
487 3840 619 3899 arietem
642 3842 678 3899 in
701 3842 869 3900 incensam
892 3862 988 3919 snper
1011 3844 1114 3902 attare
1131 3862 1141 3900 .·

395 3934 544 3998 videlicet
555 3937 587 3997 iu
600 3937 831 4015 holocaustum,
842 3939 927 4020 quod
943 3948 1043 4002 totum
1060 3959 1143 4002 eom-

393 4031 578 4111 burebatur,
591 4037 630 4097 ad
646 4038 880 4100 ostendendum
897 4038 981 4119 quod
996 4038 1093 4101 horno
1109 4059 1142 4101 se

393 4139 496 4193 totum
512 4133 605 4195 debet
620 4134 694 4209 lleo,
712 4143 807 4216 atquc
828 4156 862 4199 sc
882 4145 983 4199 totum
1004 4136 1072 4217 ejus
1089 4137 1142 4199 ob-

394 4229 506 4311 sequio
521 4250 557 4292 ac
573 4232 674 4294 amori
691 4233 804 4296 debeat
814 4235 1008 4317 mancipare.
1018 4238 1141 4297 dotano
1157 4239 1182 4300 D
1197 4255 1262 4298 nou
1279 4236 1425 4318 despicit.
1443 4238 1529 4299 Hauc
1549 4246 1655 4300 autem
1675 4236 1870 4300 oblationem
1889 4232 1946 4297 ob-

394 4338 438 4389 est
452 4332 598 4401 Dotatae,
612 4330 642 4392 id
654 4332 750 4393 estad
767 4334 836 4414 ejus
852 4332 1005 4397 honorem
1022 4334 1142 4396 exhibi-

394 4435 437 4503 ta,
455 4431 1065 4493 oaorsnnn’sstnmsvtcrnna›1)ena·nt
1080 4454 1091 4492 .·
1109 4433 1140 4495 id

394 4533 453 4602 est,
461 4525 580 4590 oblatio
596 4526 656 4589 ista
672 4547 728 4591 seu
745 4548 842 4611 vapor
857 4538 887 4592 et
905 4530 1047 4593 incensio
1058 4532 1137 4611 ejus,

394 4632 442 4685 est
457 4624 694 4706 placentissima
712 4628 783 4705 llco,
795 4648 858 4691 nou
875 4649 913 4692 ex
929 4638 1017 4710 parte
1033 4631 1139 4711 operis

394 4725 526 4804 operati,
544 4726 677 4805 quadiu
695 4746 728 4789 se
750 4728 870 4789 nullam
892 4728 1002 4791 hahuit
1024 4730 1140 4791 saucti-

393 4829 500 4900 tatem‚
518 4825 805 4905 acceptabilitatem
821 4846 857 4889 ae
875 4828 1021 4907 gratiam,
1038 4848 1138 4909 quum

392 4919 488 4983 luerit
508 4922 587 5003 quid
610 4924 813 5000 irrationalc;
838 4928 892 4989 scd
908 4946 943 4989 cx
962 4936 1051 5008 parte
1066 4947 1139 5010 ope-

392 5020 435 5080 ris
451 5021 623 5101 operantis,
639 5023 698 5085 hoc
714 5032 814 5086 estex
831 5024 906 5102 lide,
923 5026 1091 5089 dovotione
1106 5036 1138 5090 et

390 5116 573 5181 obedientia
589 5119 768 5197 et'tercutiS,
782 5130 813 5183 et
829 5123 976 5199 maxime,
991 5123 1022 5185 in
1039 5144 1138 5205 quan·

391 5225 458 5277 tum
475 5217 669 5282 oblationem
686 5219 801 5282 Christi
818 5221 851 5282 in
866 5241 920 5283 ara
936 5223 1039 5285 crucis
1058 5244 1137 5306 praa

390 5314 553 5395 figurarit.
577 5318 683 5397 Porro,
708 5328 742 5381 ut
764 5320 798 5381 iu
818 5320 1012 5385 Scholastica
1033 5323 1136 5387 lertur

1198 3148 1322 3210 randis.
1346 3147 1559 3211 Contormiter
1580 3148 1789 3228 tangebantur
1810 3145 1945 3229 pollices

1197 3266 1311 3309 manus
1340 3248 1506 3329 dextrique
1536 3248 1638 3330 pedis,
1669 3248 1708 3309 ad
1738 3245 1943 3326 figurandum

1198 3345 1284 3426 quod
1300 3364 1425 3428 semper
1436 3346 1588 3409 deberent
1599 3365 1669 3409 csse
1679 3344 1780 3428 parati
1791 3345 1830 3406 ad
1846 3362 1945 3425 opera

1198 3443 1289 3524 legis,
1307 3452 1338 3505 et
1358 3445 1398 3506 ad
1419 3463 1546 3524 gressus
1567 3445 1721 3506 virtutum
1741 3462 1777 3505 ac
1797 3442 1946 3524 spiritua-

1198 3544 1260 3606 lem
1277 3562 1471 3626 processum.
1487 3543 1583 3624 Magis
1599 3562 1725 3625 quoque
1744 3562 1817 3625 pars
1837 3542 1946 3604 dexte-

1197 3661 1232 3704 ra
1247 3661 1342 3723 quam
1360 3641 1500 3719 sinistra,
1511 3643 1557 3706 sic
1573 3643 1727 3721 sanguine
1742 3641 1942 3720 tingebatur:

1197 3742 1349 3823 quoniam
1370 3742 1560 3825 principalia
1576 3743 1639 3805 Deo
1662 3750 1736 3804 sunt
1755 3740 1942 3804 dedicanda.

1197 3843 1388 3920 Fundesqne
1410 3843 1604 3918 sanquinem
1630 3841 1727 3905 oblati
1756 3838 1864 3902 arietis
1887 3860 1947 3899 sn-

1192 3958 1254 4017 per·
1265 3944 1368 4000 altare
1379 3961 1439 4019 per
1453 3942 1628 4002 circuitum
1640 3959 1652 4001 .·
1662 3940 1702 4002 ad
1717 3938 1945 4003 declarandum

1198 4038 1284 4119 quod
1300 4037 1454 4101 Dominus
1477 4039 1699 4125 universorum
1719 4038 1838 4101 hostias
1859 4035 1946 4117 paci-

1198 4136 1277 4198 ficas
1293 4146 1325 4199 et
1339 4146 1412 4200 rota
1427 4147 1536 4200 nostra
1550 4139 1788 4219 gratiarumque
1802 4136 1946 4199 actiones

1196 4335 1339 4398 tulerunt
1359 4336 1463 4399 Aaron
1486 4356 1522 4399 ac
1544 4336 1607 4398 lilii
1633 4339 1714 4420 ejus,
1738 4337 1801 4400 Deo
1825 4335 1945 4414 gratias

1197 4433 1377 4511 referendo,
1399 4435 1484 4516 quod
1505 4455 1558 4499 ces
1578 4456 1643 4517 prae
1663 4435 1776 4499 ceteris
1795 4435 1837 4497 ad
1856 4442 1945 4521 tapta

1196 4533 1292 4613 elegit
1311 4532 1434 4611 officia,
1451 4543 1483 4597 et
1505 4534 1581 4599 item
1603 4543 1639 4596 ut
1661 4536 1745 4597 dona
1765 4534 1874 4615 gratita
1895 4532 1944 4595 eis

1195 4633 1363 4709 conterret,
1376 4652 1433 4715 per
1448 4652 1519 4715 quae
1534 4635 1645 4697 eadem
1656 4632 1767 4697 officia
1782 4633 1877 4713 digne
1892 4652 1945 4695 ex-

1196 4739 1416 4812 sequerentur.

1235 4835 1403 4911 Qntnnqne
1429 4836 1542 4893 tuleris
1566 4837 1607 4894 de
1632 4836 1793 4912 sangnine
1816 4834 1875 4913 qni
1897 4842 1944 4891 est

1193 4951 1288 5007 snper
1304 4934 1418 5003 attare,
1436 4936 1519 4992 etde
1534 4937 1600 4993 oleo
1618 4935 1791 5005 unctionis,
1808 4950 1846 4994 ea
1861 4930 1945 5012 pari-

1193 5038 1241 5091 ter
1256 5028 1472 5109 admiscendo,
1490 5035 1659 5109 adsperges
1674 5035 1787 5093 Aaron
1803 5041 1832 5091 et
1847 5039 1945 5090 vestas

1192 5130 1273 5204 ejas,
1284 5131 1370 5207 filios
1386 5130 1489 5193 Aaron
1506 5142 1535 5191 rt
1550 5134 1739 5192 vestimenta
1754 5151 1863 5191 eornm
1875 5151 1887 5189 .·
1902 5129 1944 5190 ad

1193 5225 1421 5290 insinuandum
1432 5230 1518 5311 quod
1535 5229 1597 5291 nisi
1612 5229 1737 5293 obicem
1754 5235 1885 5311 ponant,
1896 5227 1945 5290 in—

1193 5333 1243 5386 tus
1258 5327 1490 5409 adspergantur
1505 5350 1524 5391 a
1538 5328 1673 5393 Domino
1688 5326 1857 5392 benefieiis
1872 5346 1943 5408 gra-
