4309 6259
436 498 495 562 tit
770 518 944 565 autumno
966 520 996 565 ru
1018 520 1087 565 cae.
1109 519 1163 565 xrx
1183 518 1380 564 souanonurr.
1403 538 1442 546 —
1463 519 1535 564 aar.
1557 518 1643 563 xxxu

436 706 562 764 corpus,
579 698 610 749 et
625 691 814 750 immundus
829 692 892 751 crit
908 693 1065 770 usquead
1082 710 1182 767 vespe-
1197 687 1222 749 Α
1236 689 1395 751 munditia
1411 689 1456 751 rei
1472 698 1583 763 taetaa3
1605 688 1716 770 sicque
1735 696 1896 750 mortuum
1912 695 1977 748 tan-

438 806 522 858 ram,
539 786 628 867 juxta
644 807 772 851 sensum
789 789 979 871 expositum.
1235 806 1325 867 gens,
1344 786 1443 850 fiebat
1458 789 1651 850 immundus.
1670 787 1826 863 Secundo,
1843 806 1883 848 ex
1901 787 1978 848 indi-

479 887 611 962 Cottipet
625 897 733 947 autem
749 890 802 947 vir
819 892 970 960 muudus,
988 896 1064 969 puta
1081 906 1183 949 sacer-
1236 887 1357 967 gnitate
1368 888 1532 968 tangentis,
1542 886 1809 969 quemadmodum
1820 886 1978 949 saecularis

437 982 494 1045 dos
510 985 548 1047 ad
565 985 625 1049 hoc
640 986 821 1068 deputatus,
839 989 962 1047 eineres
982 1008 1096 1059 vacce,
1114 986 1183 1069 qui·
1239 996 1382 1068 peccaret
1407 986 1538 1049 calicem
1564 995 1782 1050 consecratum
1810 986 1977 1065 tangendo,

438 1080 497 1145 bus
520 1084 652 1147 admixti
668 1094 758 1148 orant
772 1085 896 1149 cineres
919 1084 998 1166 ligni
1014 1086 1136 1149 cedrini
1152 1093 1184 1147 et
1239 1084 1353 1165 Siequo
1383 1086 1526 1167 praedicti
1557 1086 1589 1147 in
1619 1104 1722 1148 vaccae
1752 1084 1978 1158 immolatione,

437 1180 578 1265 hyssopi,
596 1184 682 1247 cocci
698 1202 828 1267 quoque
843 1183 892 1247 his
910 1184 1019 1260 tincti;
1036 1196 1066 1247 et
1080 1190 1183 1264 effun-
1238 1183 1469 1261 combustione,
1488 1194 1519 1247 et
1534 1184 1679 1247 cinerum
1695 1184 1765 1265 ejus
1781 1183 1978 1252 collectione,

437 1282 490 1341 clei
511 1303 560 1343 eos
581 1294 676 1345 cetra
697 1295 803 1345 castra
829 1286 865 1345 iu
894 1288 957 1344 loco
978 1287 1156 1362 purissimo
1172 1305 1184 1343 .·
1239 1292 1271 1347 et
1292 1302 1383 1365 aqua
1408 1284 1495 1346 illius
1516 1283 1732 1365 adspersione.
1757 1280 1981 1344 efficiebantur

440 1381 674 1462 reponebantur
698 1382 783 1445 enim
809 1383 932 1446 cineres
963 1382 1010 1445 illi
1041 1402 1185 1446 seorsum
1241 1383 1398 1445 immundi
1417 1401 1424 1444 τ
1441 1383 1593 1465 quoniam
1618 1381 1814 1445 sacrificium
1840 1379 1932 1452 illud,
1951 1388 1982 1442 et

440 1487 529 1541 extra
549 1482 660 1563 populi
680 1490 783 1545 castra
804 1482 837 1544 in
857 1482 927 1545 loco
943 1490 974 1544 et
997 1480 1185 1565 repositorio
1240 1483 1364 1545 cineres
1389 1483 1470 1563 ejus,
1497 1489 1593 1563 atque
1621 1479 1797 1563 adspersio,
1823 1479 1862 1542 ad
1888 1479 1981 1541 totius

442 1596 531 1642 sacro
544 1604 551 1654 ;
565 1590 601 1641 ut
615 1583 682 1642 siut
698 1583 907 1641 multitudini
920 1584 1065 1659 fitiorum
1083 1584 1187 1641 Israel
1242 1582 1353 1663 populi
1376 1581 1635 1663 purificationem
1658 1579 1899 1642 ordinabantur.
1915 1579 1983 1640 Pro

443 1678 478 1737 iu
503 1682 693 1750 custodiam,
722 1678 753 1740 id
779 1687 826 1741 cst
851 1697 909 1760 pro
934 1679 1097 1742 communi
1122 1696 1187 1741 om·
1242 1689 1312 1762 pter
1326 1681 1414 1763 quod
1429 1690 1561 1760 tangens
1582 1688 1637 1741 aut
1658 1686 1794 1741 tractans
1810 1696 1859 1753 ea,
1875 1675 1982 1739 debuit

442 1774 531 1839 nium
551 1777 689 1840 utilitate
710 1778 941 1854 custodiantur,
958 1788 987 1838 et
1008 1780 1044 1838 iu
1066 1799 1184 1858 aquom
1242 1800 1276 1842 se
1292 1788 1439 1861 reputare
1455 1780 1584 1841 illorum
1599 1786 1746 1840 contactu
1763 1777 1941 1857 indignum,
1952 1784 1983 1835 et

442 1878 671 1952 adspersionis,
688 1875 720 1938 id
743 1884 791 1938 cst
815 1876 853 1938 ad
877 1876 947 1951 hoo,
972 1876 1057 1957 quod
1080 1875 1187 1956 aliqua
1206 1874 1400 1941 Bmaculam
1412 1878 1582 1959 quamdam
1593 1877 1790 1953 contrahere,
1802 1895 1839 1939 ao
1854 1876 1926 1937 ideo
1941 1875 1984 1935 io-

444 1992 516 2054 pars
538 1974 682 2037 cinerum
707 1976 821 2037 horum
846 1975 1059 2038 admisceatur
1083 1994 1185 2056 aqua,
1243 1978 1352 2058 digere
1382 1976 1581 2059 purgatione.
1609 1976 1754 2038 Attamen
1783 1974 1908 2037 macula
1931 1972 1985 2034 illa

442 2091 513 2153 quae
535 2072 581 2137 sic
597 2072 705 2151 mixta,
724 2094 806 2155 aqua
824 2074 1041 2156 adspersionis
1065 2092 1121 2137 scu
1142 2073 1189 2135 lu·
1244 2097 1308 2139 non
1325 2074 1387 2138 fuit
1402 2076 1528 2139 macula
1542 2076 1655 2157 culpe,
1674 2076 1730 2137 sed
1746 2072 1985 2154 irregularitatis

443 2170 606 2234 strationis
631 2180 662 2235 et
687 2172 878 2254 expiationis
908 2172 1098 2255 appellatur,
1125 2191 1189 2253 qua
1244 2174 1396 2257 prefatae.
1413 2176 1518 2238 Potest
1542 2183 1649 2236 tamen
1671 2183 1703 2235 et
1726 2172 1789 2237 alia
1813 2172 1894 2234 ratio
1915 2171 1987 2233 assi-

443 2268 713 2351 fldspetgebanfffl
734 2270 901 2332 immundi·
921 2274 1089 2349 Quumque
1104 2274 1190 2329 faiae·
1244 2274 1347 2354 gnari,
1364 2293 1461 2355 quam
1484 2274 1621 2335 arbitror
1636 2272 1803 2347 veriorem,
1821 2269 1907 2352 quod
1928 2270 1987 2332 sei-

444 2370 500 2439 rit,
507 2370 566 2447 qui
581 2390 682 2431 vaccae
693 2372 874 2448 portaverit
889 2371 1011 2429 cineres
1026 2369 1065 2431 ad
1082 2369 1188 2432 locum
1246 2372 1321 2435 licet
1335 2391 1446 2435 omnes
1464 2372 1512 2434 illi
1528 2371 1657 2434 fuerunt
1673 2370 1843 2446 immundi,
1855 2370 1895 2431 ad
1910 2368 1988 2431 desi-

445 2466 704 2545 mundissimum,
731 2470 918 2529 vestimenta
947 2489 1006 2528 sue
1036 2477 1068 2529 et
1093 2468 1188 2531 etiam
1243 2473 1406 2551 gnandum
1431 2471 1517 2553 quod
1547 2477 1745 2532 sacramenta
1768 2476 1801 2531 et
1829 2467 1987 2531 sacrificia

445 2583 572 2646 corpus,
598 2569 787 2627 immundus
810 2569 873 2627 erit
895 2587 993 2647 usque
1018 2570 1062 2627 ad
1085 2588 1189 2644 cespe-
1245 2571 1301 2633 illa
1322 2570 1436 2650 legalia
1459 2588 1522 2631 non
1547 2569 1726 2631 habuerunt
1747 2567 1780 2629 in
1796 2588 1830 2631 se
1846 2567 1985 2648 aliquam

447 2684 528 2725 ram.
545 2664 748 2726 lmmunditia
769 2665 827 2728 ista
848 2683 911 2728 non
936 2664 997 2727 fuit
1011 2665 1116 2747 culpa,
1134 2667 1188 2728 sed
1245 2670 1442 2733 sanctitatem
1460 2678 1491 2731 et
1512 2667 1734 2731 sanctificandi
1753 2667 1916 2743 virtutem,
1932 2665 1986 2727 sed

446 2762 662 2843 irregularitas
676 2764 832 2846 quadarn,
851 2764 1028 2847 impediens
1045 2783 1064 2828 a
1079 2766 1190 2848 templi
1246 2770 1352 2851 potius
1377 2769 1573 2841 foeditatem3
1596 2776 1705 2829 tamen
1728 2786 1766 2827 ex
1789 2764 1988 2826 institutione

445 2861 602 2944 ingressu,
620 2862 916 2945 sacrificiorumque
932 2884 998 2927 esu.
1246 2869 1365 2943 divina,
1392 2876 1488 2948 atque
1513 2886 1551 2929 ex
1576 2863 1783 2928 offerentium
1814 2863 1892 2934 fide,
1919 2862 1989 2925 obe

485 2960 637 3025 Praeterea
661 2962 777 3023 mirum
804 2962 939 3040 videtur,
958 2982 1015 3025 eur
1041 2970 1109 3025 erat
1136 2963 1191 3024 im·
1245 2967 1375 3041 dientia,
1400 2965 1580 3040 devotione,
1606 2962 1794 3044 purgabant.
1819 2961 1890 3023 l'uit
1915 2979 1990 3042 quo

445 3061 584 3123 mundus
594 3060 650 3142 qui
662 3061 746 3123 istud
757 3060 952 3125 sacrificium
963 3061 1097 3135 obtulit3
1115 3060 1190 3123 item
1205 3057 1228 3121 (l
1244 3085 1309 3148 que
1333 3074 1365 3127 et
1389 3064 1522 3145 mystica
1550 3081 1656 3136 causa,
1683 3061 1816 3123 articulo
1843 3058 1988 3141 sequenti

446 3158 502 3241 qui
518 3160 556 3220 ad
574 3158 867 3241 ignem,quousque
883 3168 1135 3236 consumeretur,
1146 3180 1192 3222 re·
1245 3163 1415 3245 tangenda.

447 3257 583 3331 mansit3
602 3258 628 3319 is
650 3277 779 3340 quoque
801 3258 857 3339 qui
880 3258 1003 3321 cineres
1025 3276 1192 3338 congrega·
1286 3259 1456 3320 Habebunt
1472 3258 1529 3315 ltoc
1543 3256 1611 3333 fitii
1626 3258 1776 3322 Israel,ct
1790 3256 1925 3313 odeene’
1933 3254 1991 3331 qui

447 3354 494 3416 vit
519 3371 526 3416 :
552 3375 653 3437 quum
678 3356 801 3419 cineres
827 3356 878 3419 isti
906 3355 1026 3419 fuerint
1052 3356 1127 3419 facti
1152 3358 1191 3420 ad
1246 3360 1394 3417 habitant
1410 3351 1990 3435 intereos,putaproselytisanetum

447 3453 526 3517 alios
556 3456 790 3532 emundandos,
819 3464 850 3517 et
879 3456 1074 3519 sacrificium
1108 3456 1192 3518 istud
1239 3458 1319 3533 jure
1338 3464 1502 3532 perpetuo,
1526 3453 1587 3515 hoo
1611 3460 1670 3527 est,
1688 3459 1882 3533 preceptum
1908 3449 1990 3512 istud

449 3552 629 3635 specialiter
654 3553 839 3634 religiosum
865 3563 1067 3637 nuncupetur
1092 3574 1110 3616 a
1134 3556 1194 3619 [lo-
1247 3555 1287 3617 de
1311 3551 1472 3616 sacrificio
1498 3552 1570 3628 isto,
1597 3560 1629 3614 et
1652 3550 1765 3613 ceteris
1790 3550 1821 3611 ei
1845 3549 1989 3618 annexis,

448 3653 547 3717 mino.
565 3653 662 3716 Valde
678 3654 772 3715 etiam
789 3654 915 3717 videtur
930 3654 1088 3728 mirabile,
1106 3656 1192 3735 quod
1248 3653 1463 3715 observabunt
1492 3659 1645 3731 tanquam
1678 3668 1802 3712 sacrum
1835 3648 1991 3710 divinitus

448 3760 480 3815 et
496 3752 522 3814 is
538 3753 595 3834 qui
611 3752 709 3815 alium
725 3753 786 3816 hac
800 3772 883 3835 aqua
906 3754 1073 3836 adspersit,
1092 3762 1123 3816 et
1138 3755 1192 3816 ad·
1248 3752 1440 3828 institutum,
1458 3770 1495 3814 ae
1518 3751 1702 3812 duraturum
1726 3766 1782 3829 per
1803 3766 1900 3810 omne
1915 3756 1993 3809 tem-

448 3853 625 3934 spargendo
655 3852 836 3928 mundavit,
865 3852 965 3915 fiebat
993 3852 1189 3928 immundus,
1248 3870 1308 3934 pus
1324 3850 1440 3912 veteris
1456 3848 1660 3912 Testamenti.

448 3950 623 4033 prasertim
654 3970 753 4032 quum
783 3959 872 4014 aetus
902 3952 1045 4033 predicti
1072 3950 1192 4015 tuerint
1289 3948 1994 4025 Quiuetueritcadavertomtnts,etpropter

446 4050 527 4132 jussi
552 4069 570 4111 a
592 4050 726 4113 Domino
750 4058 781 4113 et
802 4051 935 4113 virtuosi
959 4050 992 4112 in
1014 4070 1058 4127 se,
1082 4059 1192 4133 utpote
1248 4053 1305 4109 hcc
1325 4058 1442 4125 septem
1463 4049 1575 4107 diebus
1595 4047 1699 4123 suerit
1722 4047 1921 4116 r'rntuuudus,
1938 4048 1995 4104 ud·

448 4156 537 4211 actus
553 4168 609 4211 seu
624 4167 721 4231 opera
735 4149 845 4223 latria,
864 4149 974 4230 sicque
993 4159 1191 4213 exercentem
1248 4156 1414 4225 sperpetur
1434 4148 1495 4205 fiac
1517 4164 1603 4223 aqua
1618 4145 1673 4203 die
1695 4145 1787 4203 tertio
1801 4153 1831 4203 et
1845 4146 1994 4220 septimo,

450 4246 675 4329 purificabant,
693 4256 748 4309 aut
764 4248 924 4329 puriorem
942 4248 1127 4311 reddebant.
1147 4249 1191 4311 td
1208 4249 1232 4310 D
1247 4256 1277 4305 et
1291 4247 1338 4304 sic
1353 4244 1578 4312 mulctabitur,
1597 4242 1640 4303 ita
1662 4242 1747 4323 quod
1762 4241 1915 4323 deinceps
1938 4261 1994 4323 pc

449 4346 515 4408 haic
540 4345 676 4408 Thomas
702 4347 871 4428 respondet
895 4346 927 4408 in
954 4346 1058 4428 prima
1083 4367 1192 4410 secun·
1249 4344 1322 4406 terit
1338 4341 1461 4424 ingredi
1478 4350 1623 4403 sanctum
1640 4340 1756 4416 locum,
1774 4347 1806 4401 et
1822 4339 1861 4401 de
1876 4340 1993 4403 oblatis

449 4443 497 4505 dae
508 4460 514 4504 :
524 4442 602 4517 Quia
618 4443 677 4507 hoe
693 4442 887 4508 sacrificium
905 4463 962 4526 pro
980 4453 1108 4525 peccato
1126 4446 1194 4509 ido·
1248 4443 1424 4506 comedere.
1434 4443 1474 4502 Si
1488 4443 1542 4501 die
1558 4442 1650 4501 tertio
1665 4442 1835 4515 adspersus
1849 4460 1913 4499 noa
1924 4442 1995 4516 stu·

449 4540 581 4605 lolatrita
596 4540 802 4620 offerebatur,
821 4543 939 4606 idcirco
962 4543 994 4604 in
1015 4544 1086 4623 ejus
1108 4544 1193 4607 dete
1248 4544 1304 4612 rit,
1320 4542 1453 4619 uptimo
1470 4559 1533 4599 nou
1543 4540 1663 4615 poterit
1672 4539 1848 4597 circundari
1866 4538 1994 4619 adsper-

449 4640 617 4704 stationem
640 4650 703 4704 tam
724 4662 850 4706 vaccam
873 4641 1077 4718 comburens,
1095 4662 1190 4723 quam
1248 4641 1337 4703 sione
1361 4658 1452 4720 aquae
1482 4637 1584 4710 istius,
1612 4643 1741 4717 propter
1765 4635 1992 4716 negligentiam

449 4740 518 4819 ejus
543 4740 666 4803 eineres
690 4740 854 4820 colligens,
872 4759 969 4822 quam
993 4759 1120 4821 aquam,
1139 4741 1191 4804 cui
1249 4739 1335 4800 illam
1352 4738 1489 4819 priorem
1508 4755 1515 4799 :
1534 4735 1606 4797 ideo
1621 4741 1745 4816 oportet
1765 4754 1837 4797 eum
1853 4734 1894 4797 de
1910 4753 1994 4798 noro

447 4838 529 4900 cinis
554 4859 658 4903 vaccas
683 4840 800 4901 mixtus
827 4838 898 4915 fuit,
923 4840 1126 4921 adspargens,
1147 4860 1192 4902 re.-
1247 4845 1430 4919 computare
1447 4842 1567 4916 septem
1584 4833 1705 4908 diesin
1721 4832 1840 4914 quibus
1857 4833 1995 4895 immun-

447 4937 720 5019 praesentabantur
752 4938 909 5001 immundi
938 4956 944 4999 :
979 4946 1014 4999 ut
1045 4958 1102 5019 per
1132 4938 1191 5002 hoc
1246 4938 1306 4997 dus
1331 4934 1451 5010 erit,et
1473 4933 1506 4994 in
1528 4951 1664 5013 quorum
1688 4932 1780 4994 tertio
1803 4938 1834 4994 ct
1856 4932 1995 5013 septimo

446 5037 677 5111 ostenderetur,
695 5037 780 5118 quod
802 5037 961 5119 quidquid
986 5055 1190 5119 quocumque
1245 5036 1463 5116 adspergetur.
1474 5032 1569 5105 istud,
1583 5031 1664 5093 sicut
1681 5039 1713 5092 et
1728 5030 1905 5111 sequentia,
1917 5050 1994 5111 prae-

446 5134 596 5197 modoad
612 5134 825 5199 idololatriam
846 5135 1037 5218 pertinebat,
1057 5135 1192 5197 immun·
1246 5134 1389 5195 habitum
1415 5140 1463 5193 est
1486 5131 1518 5192 in
1543 5130 1682 5193 Levitico
1705 5128 1801 5193 variis
1828 5128 1918 5197 locis,
1939 5129 1993 5191 ubi

445 5236 523 5298 dum
548 5241 625 5297 erat.
643 5233 705 5295 tilii
733 5234 854 5309 dicunt,
872 5236 958 5315 quod
986 5234 1192 5297 immunditia
1245 5232 1388 5295 omnium
1404 5231 1518 5293 horum
1541 5229 1679 5293 rationes
1699 5229 1852 5291 litterales
1872 5248 1910 5291 ac
1925 5249 1995 5308 my-

445 5332 569 5397 duobus
584 5331 687 5396 modis
703 5333 900 5397 contrahitur
918 5350 925 5395 :
942 5332 1058 5408 Primo,
1077 5352 1115 5395 ex
1132 5332 1191 5394 im·
1245 5332 1333 5394 sticaa
1348 5338 1423 5392 sunt
1438 5329 1586 5391 inducta.
