4309 6259
387 463 447 528 284

747 497 921 545 manuario
941 498 972 543 tlt
993 498 1061 545 (th.
1085 499 1162 546 1111!
1182 500 1319 547 tertrtol.
1342 520 1383 530 -
1403 500 1474 546 ΛΒΤ.
1497 501 1570 547 thtt

388 655 503 733 stistte
512 663 638 725 duabus
647 669 781 726 decimis
789 670 908 729 simila
917 669 1129 744 fermentata,
1147 666 1172 728 A
1188 666 1227 728 tit
1243 669 1363 731 mentio
1375 668 1408 730 in
1419 669 1656 734 Numeris.ldeo
1671 669 1802 752 quidam
1817 677 1935 751 putant

388 753 432 817 ita
447 759 533 838 quod
548 769 681 844 uterque
697 783 814 846 panum
831 765 958 828 illorum
974 765 1132 828 constabit

388 879 426 922 ex
438 862 568 924 totidem
585 862 699 924 similae
714 863 921 926 decimaret
933 866 982 943 (ut
996 863 1051 925 alii
1066 863 1133 945 opi·

388 959 557 1040 nantur)in
573 969 708 1042 utroque
724 960 786 1023 luit
801 970 924 1023 tantum
940 981 1003 1023 una
1018 961 1132 1024 similae

388 1056 521 1118 decima.
539 1058 739 1140 Vocaturque
761 1060 894 1137 decima,
912 1061 1037 1123 decima
1058 1079 1131 1142 pars

389 1155 475 1235 ephi,
493 1157 532 1219 de
542 1175 606 1237 qua
620 1177 770 1220 mensura
785 1158 971 1241 praedictum
987 1160 1133 1222 estPrta

390 1261 476 1315 terea
490 1255 590 1335 quaeri
610 1264 724 1338 potest,
742 1258 902 1338 quomodo
923 1257 976 1320 hic
995 1257 1130 1334 dicatur,

389 1351 507 1414 Similae
518 1350 725 1432 fermentatae,
733 1374 831 1435 quum
843 1357 982 1420 seeundo
992 1355 1133 1437 capitulo

249 1462 373 1511 tantu.
390 1449 511 1513 dictum
527 1452 579 1528 sit,
587 1451 696 1514 Omnis
712 1453 830 1517 oblatio
843 1472 914 1534 qua
929 1454 1066 1518 offertur
1077 1455 1134 1517 Do·

390 1548 620 1630 mino,absque
636 1549 929 1615 fermentationem
945 1554 1030 1634 qnod
1047 1560 1134 1634 patet

390 1647 555 1728 responsio
571 1667 608 1710 ex
629 1649 722 1712 dictis
739 1649 772 1710 in
788 1651 985 1732 expositione
1000 1650 1133 1713 secundi

243 1755 377 1806 thid-vuss-
390 1745 534 1826 capituli,
544 1754 576 1808 et
590 1747 685 1808 etiam
702 1748 830 1829 septimi
845 1767 910 1831 quo
924 1749 1068 1826 habetur,
1082 1749 1134 1810 Pa-

1187 766 1271 829 istud
1288 767 1531 848 intelligendum
1547 770 1586 830 de
1602 769 1691 848 agnis
1706 769 1831 831 duobus
1844 769 1934 848 jugis
1986 786 2070 826 aaa.

1187 864 1350 942 sacrificii,
1368 866 1424 947 qui
1440 866 1660 930 ollerebantur
1675 867 1828 948 quotidie,
1846 886 1933 928 unus
1948 862 2041 894 ¹²*'''·
2055 851 2078 890 ³·
2093 850 2112 886 ‘·

1188 964 1226 1026 de
1243 983 1346 1042 mane,
1369 965 1449 1028 alter
1468 966 1508 1026 de
1527 984 1668 1046 vespere.
1685 965 1753 1040 Vel,
1771 966 1855 1046 quod
1876 965 1933 1026 hic

1187 1061 1387 1144 exprimitur,
1406 1063 1450 1125 ibi
1474 1071 1606 1140 tacetur,
1628 1072 1664 1125 ut
1684 1082 1721 1126 ex
1746 1063 1934 1144 praehabitis

1189 1159 1281 1221 datur
1296 1159 1444 1241 intelligi.
1454 1164 1622 1241 Quumque
1636 1164 1806 1223 elevaverit
1819 1180 1869 1220 eos
1883 1183 1936 1221 sa-

1187 1262 1295 1318 cerdos
1316 1279 1390 1319 eam
1408 1262 1550 1338 panibus
1571 1261 1800 1336 primitiarum
1823 1281 1935 1320 coram

1187 1359 1337 1428 Domino,
1349 1361 1459 1418 cedent
1474 1359 1510 1417 in
1527 1377 1622 1418 mum
1631 1359 1709 1435 ejvs.
1723 1361 1765 1419 m
1781 1359 1937 1418 vocabitis

1189 1457 1276 1514 banc
1289 1457 1376 1516 diem
1391 1457 1633 1516 celeberrimam
1656 1467 1750 1536 atqve
1771 1458 1938 1516 sanctissi-

1189 1574 1290 1614 mam.
1308 1551 1488 1614 Solennitas
1504 1572 1641 1634 namque
1657 1555 1855 1616 Pentecostes
1871 1552 1938 1616 luit

1189 1650 1280 1712 valde
1296 1669 1411 1731 magna
1424 1659 1456 1713 et
1472 1659 1581 1714 saneta
1595 1651 1629 1712 in
1646 1651 1725 1731 lege,
1737 1659 1768 1713 ot
1778 1671 1842 1713 una
1857 1671 1938 1732 prae

1189 1748 1354 1830 cipuarum
1366 1748 1598 1811 celebritatum.
1612 1755 1711 1812 Omne
1726 1770 1804 1827 opas
1818 1751 1937 1809 servile

334 1839 343 1851 “
391 1862 447 1904 nes
467 1860 595 1924 quoque
614 1843 821 1909 fermentatos
843 1867 916 1910 cum
939 1847 1052 1922 hostia,
1070 1855 1130 1910 etc.
1148 1847 1171 1909 B
1188 1867 1252 1908 non
1268 1849 1396 1925 facietis
1417 1851 1452 1908 ln
1468 1868 1513 1910 eo.

392 1945 474 2009 Quos
483 1945 622 2022 coquetis
637 1945 674 2003 in
687 1945 855 2020 primitias
864 1948 1013 2017 Domino,
1024 1946 1055 2007 id
1072 1955 1130 2023 est,

389 2058 470 2120 quos
485 2059 583 2121 panes
604 2041 795 2119 formabitis,
814 2051 849 2105 ut
864 2044 997 2106 Domino
1013 2044 1046 2105 in
1070 2044 1134 2126 pri-

388 2137 495 2200 mitias
510 2138 700 2218 offerantur,
719 2150 753 2202 ut
768 2150 885 2204 tactum
902 2151 960 2205 est.

429 2240 633 2318 Offerelisque
651 2260 725 2300 eam
741 2244 882 2317 panibus
900 2252 1017 2318 septem
1033 2263 1133 2320 apnos

389 2335 614 2396 immaculatos
628 2340 809 2409 anniculae,
826 2349 856 2399 et
872 2341 1014 2400 vit-ulam
1028 2343 1068 2399 cle
1083 2361 1133 2400 ar-

389 2443 495 2492 mento
510 2455 625 2506 annm,
643 2446 672 2494 et
688 2438 802 2496 arieles
816 2441 897 2496 (laos
906 2462 920 2508 ,·
939 2448 969 2497 et
984 2449 1079 2499 ararit
1096 2441 1132 2498 in

388 2533 579 2603 holocausto,
607 2532 650 2594 ita
674 2535 759 2614 quod
784 2533 962 2597 offerentur
987 2535 1020 2598 in
1045 2536 1133 2599 holo-

388 2635 550 2689 caustum:
565 2647 623 2692 nec
638 2632 858 2712 unusquisque
873 2632 940 2695 hec
955 2634 1063 2697 omnia
1078 2633 1133 2697 ob-

390 2725 474 2802 tulit,
487 2727 543 2788 sed
559 2728 598 2789 de
614 2729 776 2791 communi
791 2730 897 2810 potius
912 2729 1133 2794 offerebantur

389 2843 447 2906 pro
462 2825 760 2889 omnibusburavit
775 2836 881 2891 autem
893 2830 1066 2892 solennitas
1078 2831 1133 2893 illa

1221 1950 1397 2026 Postquam
1409 1957 1517 2008 antem
1529 1949 1722 2006 messuerit-is
1733 1956 1864 2024 sepetem
1875 1961 1935 2006 ter-

1187 2065 1243 2117 rai,
1257 2064 1321 2104 non
1336 2046 1482 2106 secabitis
1497 2067 1568 2106 eam
1585 2066 1683 2126 nsque
1693 2049 1737 2106 ad
1745 2049 1934 2116 solam,·nec

1187 2151 1387 2203 remanentes
1401 2145 1505 2220 spicas
1521 2145 1686 2221 petitpetit,
1705 2147 1759 2204 sed
1775 2146 1934 2223 perapert-

1188 2243 1244 2300 bns
1267 2250 1297 2300 et
1311 2242 1495 2317 pereprinis
1509 2243 1679 2302 dimittetis
1693 2263 1756 2302 eas.
1773 2244 1841 2319 Epo
1855 2263 1932 2302 suin

1187 2340 1346 2401 Dominus
1371 2342 1457 2399 Dens
1483 2350 1592 2400 vester.
1624 2340 1709 2402 Istud
1736 2349 1931 2422 praeceptum
1948 2364 2112 2409 Lemma

1188 2456 1285 2518 supra
1301 2437 1444 2499 habitum
1462 2438 1702 2520 expositumque
1718 2439 1871 2501 consistit.

1228 2535 1376 2617 Sequitur
1392 2536 1431 2598 de
1447 2536 1528 2599 testo
1544 2536 1714 2599 Tubarum.
1731 2541 1934 2617 baculisque

1186 2645 1231 2693 est
1246 2636 1405 2694 Dominus
1419 2638 1463 2694 acl
1478 2637 1621 2712 Moysen,
1638 2637 1746 2696 dicens
1761 2656 1772 2694 .·
1788 2639 1935 2715 Loquere

1187 2734 1269 2809 filiis
1293 2735 1396 2793 Israel
1415 2753 1426 2791 .·
1444 2736 1551 2794 Mense
1575 2735 1719 2810 septime,
1741 2736 1853 2811 prima
1876 2736 1935 2793 die

1188 2831 1386 2901 mensis,erit
1397 2833 1481 2892 trabis
1491 2833 1657 2892 sabbatam
1669 2833 1861 2903 memoriale,
1870 2831 1935 2894 hoc

388 2923 853 3007 Pentecostessicutpaschalis
870 2936 991 3009 septem
1008 2929 1130 3006 diebus,
1188 2937 1235 2992 est
1264 2929 1449 3006 solennitas
1477 2930 1510 2991 in
1535 2949 1600 3010 qua
1629 2930 1711 2992 siout
1737 2930 1768 2991 in
1799 2930 1933 2994 sabbato

389 3021 422 3082 in
442 3040 579 3102 quorum
602 3023 747 3103 quolibet
769 3024 829 3086 ista
849 3023 1080 3103 offerebantur,
1099 3035 1133 3089 ut
1148 3027 1169 3090 C
1187 3029 1227 3090 ab
1242 3027 1452 3090 exterioribus
1468 3028 1702 3110 servilibusque
1717 3028 1865 3111 operibus
1881 3037 1934 3092 est

390 3120 534 3201 Magister
546 3121 578 3182 in
594 3121 737 3184 historiis
752 3123 807 3184 ait.
825 3123 926 3185 Erunt
940 3142 1015 3204 ergo
1031 3125 1064 3186 in
1081 3126 1134 3188 ho·
1187 3127 1429 3208 quiescendum,
1456 3126 1489 3188 in
1520 3127 1706 3189 memoriam
1732 3127 1933 3190 liberationis

389 3219 532 3281 locausto
557 3241 630 3279 enm
654 3222 835 3281 libamentis
849 3224 930 3293 svis,
946 3224 983 3282 ln
1005 3227 1132 3285 odorem
1188 3227 1272 3288 isaac
1293 3244 1311 3286 a
1332 3233 1445 3302 morte,
1464 3226 1592 3306 quando
1614 3233 1703 3306 pater
1723 3226 1792 3306 ejus
1814 3245 1852 3288 ex
1872 3227 1932 3288 Dei
1973 3252 2113 3296 omn..

389 3319 620 3377 suavissimam
646 3320 793 3380 Domino.
821 3319 900 3382 ilinc
931 3321 963 3382 in
989 3321 1133 3384 Numeris
1189 3331 1345 3406 praecepto
1362 3322 1502 3386 extendit
1519 3341 1648 3384 manum
1666 3343 1754 3386 suam
1771 3324 1808 3386 ad
1824 3323 1932 3405 ipsum
1950 3317 1996 3358 ¹⁰·

280 3433 349 3476 aum.
391 3414 526 3476 habetur
541 3415 581 3476 de
596 3415 766 3478 sacrificiis
782 3416 878 3498 hujus
896 3417 968 3480 festi
987 3437 993 3480 :
1011 3419 1134 3482 Ollore
1189 3421 1430 3498 immolandum,
1457 3423 1727 3503 quemadmodum
1756 3422 1790 3484 in
1817 3422 1933 3484 Genesi

243 3506 320 3598 {fh
339 3499 375 3538 ²⁷·
391 3512 495 3593 tisque
521 3512 751 3590 holocaustum,
778 3514 896 3578 vitulos
921 3517 960 3578 de
989 3526 1133 3580 armento
1188 3518 1398 3593 describitur3
1423 3522 1646 3596 elanpentibas
1667 3523 1750 3581 tubis
1764 3541 1775 3579 .·
1792 3520 1847 3583 illo
1866 3529 1935 3584 ete—

391 3611 480 3686 duos,
503 3610 634 3673 arietem
661 3631 771 3688 unum,
794 3621 826 3675 et
847 3631 946 3693 agnos
966 3615 1133 3678 anniculos

390 3717 512 3790 septem
526 3733 533 3782 3
551 3717 646 3791 atque
663 3709 696 3770 in
712 3710 883 3774 sacrificiis
898 3731 1007 3775 eorum
1020 3712 1150 3774 similas·

389 3807 459 3871 oleo
474 3826 653 3890 conspersae
669 3817 733 3870 tres
749 3810 899 3886 decimas,
917 3829 973 3892 per
989 3810 1133 3890 singulos

390 3905 507 3967 vitulos
521 3931 528 3981 3
547 3925 603 3986 per
617 3906 743 3984 arieteS,
761 3909 860 3981 duas3
878 3928 935 3989 per
950 3927 1059 3988 agnos,
1081 3909 1134 3971 de·

389 4003 505 4066 cimam
521 4003 654 4067 decime
670 4024 677 4067 :
694 4024 766 4085 quae
783 4006 881 4068 verba
901 4024 958 4068 suo
973 4025 1134 4087 exponen-

390 4111 441 4163 tur
463 4100 497 4163 in
513 4101 593 4164 loeo.
618 4102 678 4164 Sed
700 4103 782 4164 inter
805 4103 872 4166 hac
894 4103 993 4184 quaeri
1017 4112 1130 4185 potest,

1189 3617 1256 3678 nim
1276 3616 1328 3679 die
1347 3616 1536 3696 clangebant
1549 3617 1649 3680 tuuaei
1670 3618 1820 3680 cornibus
1839 3637 1936 3700 peco—

1188 3715 1280 3790 rinis,
1296 3733 1333 3778 eo
1350 3716 1434 3795 quod
1455 3715 1536 3777 aries
1557 3734 1615 3797 pro
1633 3715 1716 3778 isaac
1738 3716 1933 3792 immolatus,

1189 3812 1339 3874 cornibus
1364 3812 1456 3875 haesit
1481 3813 1563 3875 inter
1586 3813 1722 3887 lruteta3
1749 3822 1780 3876 et
1804 3813 1935 3876 illarum

1188 3910 1317 3991 clangor
1333 3911 1494 3986 tubarum,
1508 3911 1568 3972 luit
1583 3912 1730 3975 excitatio
1746 3921 1937 3995 praeparato

1188 4009 1235 4070 ria
1250 4009 1288 4070 ad
1306 4009 1464 4090 agendum
1480 4008 1624 4072 hilariter
1644 4030 1680 4072 ac
1696 4011 1809 4073 devote
1824 4012 1936 4074 omnia

1187 4107 1307 4169 mensis
1324 4106 1451 4189 septimi
1469 4105 1559 4184 festa,
1576 4108 1632 4187 qui
1653 4109 1744 4189 quasi
1766 4117 1849 4172 totus
1864 4117 1936 4170 erat

389 4199 527 4280 qualiter
557 4201 590 4262 in
620 4201 682 4262 isto
711 4201 835 4262 dicatur
865 4202 1021 4283 capitulo,
1046 4204 1132 4284 quod
1149 4202 1322 4267 Dcelebris
1349 4205 1432 4286 apud
1458 4223 1522 4268 eos.
1542 4209 1583 4266 bt
1603 4209 1934 4268 vocabitarsanetam

389 4297 545 4360 offeretur
560 4299 680 4362 vitulus
697 4318 790 4375 unus,
809 4308 840 4362 et
855 4300 969 4363 arictes
985 4302 1134 4375 duo;Nu-

389 4414 549 4458 merorum
561 4414 635 4459 vero
646 4395 779 4477 pretato
789 4397 1029 4481 capitulo,quod
1040 4407 1134 4460 erunt

389 4493 482 4555 vituli
498 4495 572 4571 duo,
585 4503 616 4558 et
630 4495 712 4558 aries
728 4515 822 4558 unus.
839 4498 886 4559 hd
902 4499 986 4578 qnod
1003 4516 1135 4579 respon-

389 4591 457 4653 deri
477 4609 571 4674 posse
595 4593 731 4669 videtur,
758 4596 844 4675 quod
864 4604 1035 4676 utrumque
1061 4595 1132 4658 lieri

389 4697 523 4771 poterat,
545 4692 720 4754 seeundum
744 4694 828 4773 quod
852 4692 922 4755 loeo
944 4701 976 4754 et
998 4692 1134 4774 tempori

389 4788 528 4870 amplius
552 4791 758 4868 congruebat.
787 4794 926 4852 Facietis
950 4802 980 4851 et
1005 4795 1135 4853 ln'rcvm

384 4905 446 4963 pro
458 4898 596 4965 peceato,
614 4887 674 4950 hoc
699 4896 757 4964 est,
775 4907 833 4970 pro
854 4889 1042 4952 remissione
1063 4908 1136 4970 peo-

389 4983 450 5045 cati
466 4984 611 5047 offeretis
633 4985 768 5062 hircum,
787 4987 843 5067 qui
865 4987 1066 5049 immundum
1088 4997 1136 5050 est

390 5081 523 5156 animal;
535 5087 678 5163 duosque
692 5105 790 5161 apnos
804 5088 975 5145 anniculos
990 5084 1135 5149 olleretis

390 5182 427 5240 in
443 5183 562 5242 hostias
572 5183 798 5259 pacificorum,
808 5191 843 5244 ut
858 5202 942 5265 saepe
956 5183 1135 5265 expositum

391 5286 449 5342 est.
462 5279 687 5342 Verumtamen
704 5281 743 5343 de
758 5281 809 5343 his
824 5282 949 5345 duobus
963 5281 1054 5361 agnis
1070 5299 1134 5346 non

1188 4303 1366 4379 sabbatum,
1386 4310 1534 4384 tanquam
1556 4302 1666 4366 divino
1686 4304 1785 4366 cultui
1802 4305 1935 4385 deputa-

1189 4409 1266 4464 tum.
1278 4406 1378 4464 Omne
1388 4422 1467 4480 optes
1477 4385 1596 4461 ¹servile
1611 4423 1676 4462 non
1691 4404 1819 4479 facietis
1834 4405 1870 4462 in
1883 4423 1932 4474 ea,

1187 4508 1217 4558 et
1239 4499 1375 4576 offeretis
1398 4501 1619 4558 holocaustam
1638 4501 1787 4560 Domino,
1804 4499 1865 4561 Nec
1882 4517 1935 4562 so-

1189 4596 1255 4656 lum
1273 4603 1348 4657 tunc
1363 4594 1560 4658 offerebatur
1575 4595 1807 4671 holocaustum,
1826 4598 1880 4659 sed
1901 4606 1934 4659 et

1189 4693 1251 4756 alia
1271 4693 1429 4756 sacrificia
1445 4693 1601 4774 quatiam,
1620 4713 1692 4774 quae
1712 4713 1775 4757 non
1797 4695 1859 4768 hic,
1876 4697 1933 4757 scd

1189 4793 1222 4854 in
1238 4793 1447 4854 Numerorum
1464 4791 1547 4854 libro
1562 4792 1794 4873 exprimuntur,
1811 4811 1872 4873 quo
1889 4793 1936 4856 le-

1188 4891 1274 4972 gitur
1292 4909 1298 4954 :
1316 4889 1468 4953 Olleretis
1491 4889 1710 4952 holocaustum
1727 4891 1869 4964 Domino,
1887 4894 1936 4954 vi·
1956 4919 2115 4974 amna,

1191 4989 1293 5051 tulum
1315 5007 1426 5064 unum,
1444 4988 1575 5050 arietem
1598 5007 1709 5063 unum,
1727 5007 1824 5070 agnos
1844 4990 1937 5052 anni·
1951 4981 1976 5031 ²³
1989 4987 2053 5031 ⁵³³·

1190 5088 1278 5151 culos
1295 5087 1516 5149 immaculatos
1534 5095 1668 5168 septem,
1685 5097 1717 5150 et
1735 5088 1858 5151 hircum
1873 5108 1936 5171 pro

1190 5192 1330 5268 peccato,
1353 5193 1467 5266 prater
1490 5185 1709 5248 holocaustum
1732 5187 1936 5251 calendarum

1190 5302 1265 5347 curn
1280 5282 1459 5345 sacrificiis.
