4309 6259
407 494 468 562 2⁰2

799 511 972 560 consumo
993 513 1023 558 ΙΝ
1045 512 1113 560 CAP·
1137 511 1158 558 X
1179 511 1315 560 bEl'lTlCl.
1337 532 1378 542 -
1397 513 1468 560 Atto.
1492 513 1564 560 xxtv

403 686 629 764 propinquant
645 688 738 748 aridi.
751 685 830 749 llinc
845 687 996 770 princeps
1010 687 1055 750 ait
1070 687 1152 769 Apo
1166 684 1193 747 A
1208 706 1289 764 rum,
1308 695 1382 750 sunt
1402 687 1557 770 sapientia
1581 696 1611 751 et
1635 687 1767 751 virtutes
1790 706 1827 750 ac
1851 705 1947 768 opera

274 789 393 843 Weber·
408 786 583 850 stolorum:
597 786 734 869 Tempus
749 795 796 850 est
807 796 842 848 ut
852 787 984 870 incipiat
995 787 1152 869 judicium

263 857 296 898 '⁷'
407 885 535 948 adomo
550 885 616 948 Dei.
633 885 722 948 Unde
736 894 768 948 et
783 905 839 968 per
853 886 1050 949 Ezechielem
1067 887 1154 948 locu-

271 991 394 1046 uzone,
408 991 459 1046 tus
475 991 524 1047 cst
544 985 697 1048 Dominus
716 1003 723 1048 ε
743 985 964 1049 Asanctuario
985 1005 1056 1050 mco
1074 985 1153 1049 inci-

259 1058 281 1098 ⁶'
407 1082 485 1165 pite,
512 1083 631 1166 Nempe
651 1102 715 1165 quo
734 1085 828 1148 altior
846 1086 974 1164 gradus,
992 1104 1030 1149 eo
1050 1085 1153 1167 major

407 1181 516 1258 mina,
541 1201 580 1245 co
603 1201 733 1265 quoque
758 1183 1008 1247 intolerabiliore
1031 1183 1153 1246 instant

406 1280 575 1363 supplicia.
588 1282 696 1364 ltaque
712 1283 744 1344 in
761 1282 917 1344 ministris
932 1282 1081 1346 Ecclesia
1097 1283 1151 1364 qui

262 1387 392 1442 tlte-mn,
407 1399 522 1444 nomen
539 1381 664 1445 Domini
679 1382 828 1464 polluunt
848 1383 881 1444 in
902 1382 1007 1445 medio
1024 1367 1149 1465 populi,

258 1454 292 1495 '³'
406 1499 501 1562 quem
518 1481 762 1545 scandalizando
776 1482 815 1544 ad
832 1482 920 1544 varia
935 1483 1064 1545 trahunt
1080 1501 1152 1564 pec-

406 1587 485 1656 cata,
496 1581 578 1643 Deus
593 1599 628 1643 se
643 1580 748 1662 ipsum
764 1581 951 1656 sanctificat,
964 1583 1040 1644 dum
1056 1581 1089 1642 in
1106 1580 1152 1644 eis

349 1749 352 1755 Α
406 1678 573 1741 veritatem
593 1698 658 1742 sua
676 1679 808 1761 justitia
827 1680 1000 1760 rigorosius
1017 1680 1153 1744 manife-

407 1785 476 1840 stat
485 1777 543 1852 Qui
559 1787 664 1842 autem
681 1797 753 1840 cum
765 1798 839 1842 vera
854 1780 1022 1843 devotione
1037 1788 1069 1842 et
1084 1799 1153 1842 san·

1208 786 1302 862 bona,
1321 787 1453 870 ipsaque
1468 788 1582 850 caritas
1598 787 1694 850 vestis
1714 795 1762 850 est
1782 786 1945 868 nuptiatis.

1207 887 1277 950 llaec
1308 887 1497 950 vestimenta
1527 888 1559 948 in
1585 906 1642 949 sua
1670 887 1848 966 integritate
1872 893 1948 948 sunt

1207 988 1435 1064 conservanda,
1454 1007 1511 1050 nec
1527 987 1641 1049 caritas
1656 986 1696 1049 ab
1711 985 1776 1048 ullo
1790 994 1838 1047 cst
1853 993 1948 1048 retra-

1207 1086 1323 1148 henda.
1336 1085 1438 1149 l'estis
1454 1105 1581 1168 quoque
1594 1093 1643 1148 est
1656 1083 1867 1148 ecclesiastica
1882 1084 1948 1145 uni-

1207 1193 1265 1262 tas,
1283 1205 1353 1267 quse
1369 1204 1494 1248 summa
1509 1204 1581 1248 cum
1597 1182 1763 1264 diligentia
1782 1182 1949 1246 inviolabi-

1208 1284 1280 1347 liter
1295 1293 1343 1346 cst
1360 1284 1660 1365 tenenda,nulloque
1671 1283 1850 1359 schismate,
1861 1282 1949 1344 nulla

1208 1385 1331 1460 haeresi,
1350 1383 1438 1446 nulla
1463 1383 1628 1446 aversione
1649 1382 1831 1462 frangenda,
1849 1399 1948 1463 quum

1208 1484 1292 1546 dicat
1307 1482 1476 1566 Apostolus
1495 1503 1501 1549 :
1519 1483 1551 1545 ld
1568 1483 1672 1565 ipsum
1691 1481 1804 1544 dicatis
1825 1499 2111 1558 omnes,1c,„,‚‚n,

1207 1592 1237 1646 et
1254 1601 1317 1646 non
1334 1583 1398 1644 sint
1415 1582 1551 1646 invehis
1568 1581 1744 1645 schismata
1756 1583 1884 1642 Fratres
1899 1600 1950 1640 oe-

1206 1685 1267 1744 stri
1283 1693 1312 1743 et
1328 1685 1432 1744 orariis
1449 1686 1563 1742 doricus
1579 1685 1692 1751 Israel,
1707 1681 1767 1743 hoc
1786 1688 1834 1744 cst
1852 1699 1950 1742 smcu-

1208 1781 1289 1844 larcs
1306 1781 1419 1844 fideles
1436 1789 1467 1844 et
1482 1779 1566 1856 laici,
1575 1785 1735 1858 ptuupout
1751 1781 1950 1848 incendium,

406 1885 457 1940 cta
472 1877 643 1941 dilectione
657 1879 813 1956 accedunt
827 1880 866 1941 ad
877 1871 1057 1954 Dominum,
1063 1880 1153 1960 juxta
1170 1876 1193 1937 B
1207 1885 1293 1962 qrcoel
1307 1883 1466 1942 Dominus
1487 1882 1654 1940 suscitavit
1664 1905 1678 1951 ,·
1693 1900 1745 1939 cos
1764 1889 1869 1938 autem
1885 1899 1951 1938 arten

258 1987 392 2038 ramus
406 1975 497 2054 illud,
515 1977 662 2040 Accedite
678 1977 716 2039 ad
739 1997 824 2054 eum,
842 1987 873 2041 et
895 1978 1124 2041 illuminamini
1143 1999 1149 2043 :

406 2075 467 2158 ipsi
484 2075 688 2139 sanctificant
704 2077 882 2153 Dominum,
900 2079 975 2140 dum
991 2097 1065 2140 eum
1088 2097 1154 2141 cor-

405 2177 456 2252 de,
473 2194 528 2239 ore
552 2184 584 2238 et
605 2195 701 2257 opere
724 2185 926 2252 venerantur,
944 2178 1089 2258 aliosque
1113 2178 1153 2240 ad

406 2275 491 2338 idem
516 2275 681 2337 inducunt.
708 2276 747 2337 Et
771 2277 826 2349 ita,
844 2285 999 2358 quantum
1026 2277 1057 2337 in
1074 2277 1154 2360 ipsis

406 2383 465 2450 est,
483 2374 583 2438 Deum
604 2393 674 2437 esse
696 2384 840 2438 sanctum
866 2384 897 2438 et
919 2395 1081 2438 summum
1102 2377 1155 2438 de

407 2479 597 2549 monstrant,
610 2473 701 2554 cujus
714 2474 746 2535 in
763 2493 797 2537 se
812 2483 1044 2554 recognoseunt
1058 2483 1154 2557 atquc

407 2570 565 2634 extollunt
580 2571 799 2635 excellentiam
815 2573 989 2650 infinitam,
1007 2574 1155 2655 quemod-

267 2668 808 2733 10.=n1,u.modumlsaiashortatur
826 2689 833 2731 ε
852 2671 1020 2735 Dominum
1036 2672 1155 2734 enerci-

410 2775 501 2829 tuum
517 2768 726 2832 sanctificate.
744 2770 782 2831 Et
797 2790 941 2833 summus
957 2770 1127 2852 Apostolus
1145 2788 1153 2832 :

277 2870 356 2916 tear.
366 2888 393 2926 ¹¹¹·
408 2866 588 2944 Dominum,
602 2867 718 2949 inquit,
730 2868 889 2932 Christum
906 2867 1105 2932 sanctificate
1122 2869 1154 2931 in

263 2940 295 2979 '⁵'
408 2964 558 3028 cordibus
589 2966 713 3029 vestris.
745 2968 802 3030 Pro
832 2968 890 3031 hac
920 2968 1095 3031 obtinenda
1124 2977 1156 3030 et

1207 1981 1418 2058 eyrcdt'euriui
1431 1981 1515 2056 sores
1537 1977 1805 2041 tabernaculo&
1824 1977 1882 2040 hoc
1898 1977 1953 2038 ha.

1207 2079 1331 2156 bemus,
1359 2079 1444 2159 quod
1465 2077 1631 2140 saeculares
1653 2077 1797 2140 homines
1818 2085 1953 2159 possunt

1209 2177 1396 2259 temporalia
1416 2177 1532 2239 damna
1552 2185 1583 2238 ct
1604 2175 1855 2258 propinquorum
1875 2174 1955 2236 ami-

1208 2294 1383 2358 corumque
1408 2283 1541 2338 mortem
1567 2274 1698 2338 deflere.
1723 2274 1783 2336 Sed
1806 2272 1955 2336 homines

1209 2375 1391 2458 spirituales
1408 2373 1559 2456 religiosi,
1576 2375 1655 2437 etin
1671 2373 1768 2436 sacris
1783 2371 1954 2436 Ordinibus

1209 2474 1384 2550 constituti,
1403 2483 1498 2536 tantae
1513 2473 1628 2536 debent
1654 2471 1859 2554 perfectionis
1878 2489 1955 2534 con·

1211 2573 1331 2650 sistere,
1349 2582 1477 2655 tamque
1492 2573 1696 2635 vehementer
1711 2571 1794 2634 circa
1809 2570 1955 2653 spiritua-

1210 2675 1272 2736 lem
1294 2671 1473 2754 profectum
1494 2691 1531 2734 ac
1550 2689 1718 2734 commune
1741 2670 1859 2733 bonum
1881 2687 1955 2732 con-

1211 2771 1516 2854 templationemque
1531 2770 1712 2832 divinorum
1736 2787 1805 2832 esse
1825 2767 1952 2843 intenti,

1209 2880 1244 2934 ut
1273 2879 1387 2934 cuncta
1418 2869 1605 2953 temporalia
1637 2876 1669 2930 ct
1698 2866 1781 2929 mala
1816 2866 1954 2949 poenalia

1210 2970 1338 3052 penitus
1363 2967 1624 3051 parvipendant:
1652 2969 1717 3030 imo
1742 2965 1850 3029 nullus
1874 2964 1954 3028 fide-

409 3065 584 3128 exercenda
608 3066 875 3144 sanctificatione,
901 3086 1029 3131 oramus
1051 3068 1155 3150 quoti·
1173 3067 1195 3130 C
1211 3069 1287 3130 lium
1315 3069 1355 3130 dc
1379 3066 1536 3148 corporali
1567 3085 1694 3128 suorum
1728 3072 1828 3128 morte
1858 3063 1952 3126 dehet

273 3171 393 3225 Matreu,
408 3162 471 3240 die,
498 3163 721 3245 proferentes:
746 3165 836 3228 Pater
862 3174 968 3228 noster
992 3167 1049 3248 qui
1070 3186 1104 3228 es
1121 3167 1153 3228 in

261 3241 281 3281 ⁰¹
407 3261 514 3338 coelis,
543 3262 763 3325 sanctificetur
787 3283 903 3327 nomen
931 3273 1031 3327 tuum.
1063 3269 1154 3334 Quod

407 3364 544 3422 auctions
568 3366 693 3432 Aaron,
711 3366 822 3425 tuettr't.
845 3363 889 3425 tta
914 3373 946 3425 et
967 3365 1072 3427 omnis
1097 3365 1153 3446 qui

408 3468 523 3542 praest
537 3468 593 3522 aut
608 3459 727 3537 subest,
747 3461 942 3524 terribilibus
958 3462 1007 3524 his
1023 3463 1151 3538 auditis,

407 3557 448 3620 ab
472 3557 560 3620 omni
586 3558 683 3622 verbo
706 3558 857 3640 superbo,
882 3561 1013 3644 injusto,
1039 3562 1153 3624 illicito

407 3656 514 3734 sileat,
528 3657 593 3721 imo
607 3658 648 3721 ab
670 3657 758 3721 (unni
784 3677 880 3740 opere
904 3669 1006 3723 cesset
1029 3661 1152 3742 iniquo.

406 3755 560 3819 Praeterea
575 3776 631 3839 per
646 3757 717 3835 hoc,
734 3759 821 3840 quod
837 3758 900 3820 filii
916 3759 1019 3822 Aaron
1036 3761 1152 3842 sepulti

407 3863 483 3916 sunt
499 3855 532 3917 iu
550 3855 667 3919 tunicis
689 3856 755 3918 suis
778 3857 884 3934 lincis,
901 3858 984 3920 sicut
1005 3859 1154 3940 jacebant

407 3953 516 4031 occisi,
528 3962 632 4036 potest
647 3955 796 4036 intelligi,
806 3956 891 4038 quod
907 3975 1003 4038 opera
1019 3957 1155 4019 morien-

408 4052 490 4114 tium
505 4071 559 4115 eos
574 4061 762 4134 sequuntur,
780 4063 811 4116 et
826 4055 910 4135 quod
932 4056 1153 4137 unusquisque

409 4151 442 4212 in
468 4170 506 4213 ca
529 4152 646 4214 mentis
672 4152 881 4234 dispositione
905 4163 937 4216 et
960 4153 1150 4226 affectione,

1211 3168 1419 3230 immoderate
1436 3165 1552 3227 tristari
1571 3165 1670 3227 instar
1686 3163 1878 3239 infidelium,
1895 3161 1951 3242 qui

1210 3265 1389 3328 futurorum
1416 3283 1480 3327 non
1506 3264 1624 3326 habent
1649 3263 1746 3326 fidem
1777 3261 1949 3337 bonorum,

1209 3385 1306 3447 quum
1324 3365 1408 3426 dicat
1419 3363 1608 3446 Apostolus:
1627 3362 1778 3424 Nolumus
1794 3379 1849 3425 vos
1865 3360 1952 3440 igno
1973 3381 2114 3426 trem.

1209 3482 1278 3526 rare
1293 3464 1332 3525 dc
1348 3461 1592 3538 dormientibus,
1610 3469 1645 3522 ut
1661 3479 1724 3524 non
1741 3458 1951 3522 contristemi-
1967 3447 2002 3488 ¹²·

1210 3563 1241 3624 ni
1259 3563 1341 3624 sicut
1356 3569 1387 3623 ct
1402 3561 1510 3636 ceteri,
1528 3559 1583 3642 qui
1600 3579 1689 3641 spem
1702 3578 1764 3622 uon
1781 3558 1909 3621 hahent.

1249 3663 1343 3722 Diri!
1358 3681 1481 3740 petoque
1496 3661 1654 3720 Ilouu'uus
1674 3663 1718 3718 ud
1737 3663 1848 3719 Aaron
1864 3679 1875 3715 :
1901 3658 1952 3716 Vi-

1210 3783 1286 3820 uuur
1312 3771 1341 3820 et
1365 3779 1457 3818 otttttc'
1479 3762 1564 3838 quod
1590 3759 1748 3818 inebriare
1759 3766 1870 3834 potest,
1887 3775 1952 3815 reon

1210 3861 1319 3918 bibetis
1337 3869 1371 3918 lu
1386 3868 1414 3917 el
1429 3859 1497 3935 filit
1513 3859 1573 3928 tui,
1591 3859 1720 3935 qrtcrtdo
1736 3855 1899 3915 intrabitis
1916 3855 1951 3913 in

1210 3960 1463 4018 talernaculum.
1478 3955 1509 4016 si
1527 3954 1585 4017 hoc
1601 3954 1725 4032 jussum
1741 3961 1789 4016 est
1805 3950 1951 4034 pontifici

1208 4075 1243 4118 ae
1255 4053 1470 4118 sacerdotibus
1483 4053 1598 4116 veteris
1612 4052 1841 4133 legis,quorum
1853 4068 1953 4112 sacer-

1209 4154 1330 4216 dotium
1348 4153 1409 4214 fuit
1425 4151 1559 4226 carnale,
1572 4159 1603 4214 ct
1618 4151 1702 4212 circa
1717 4149 1901 4232 corporalia,
1914 4148 1953 4209 ir-

408 4249 618 4313 conversione
633 4270 689 4313 scu
705 4251 881 4329 aversione,
896 4261 1002 4316 manet
1018 4254 1051 4315 in
1066 4262 1154 4316 etcr-
1169 4257 1193 4319 l)
1210 4253 1376 4316 rationalia
1387 4261 1438 4314 aut
1452 4250 1626 4312 inanimata
1638 4248 1797 4312 sacrifiela
1809 4265 1953 4311 versans:

410 4367 487 4410 num
510 4357 582 4430 post
606 4357 749 4424 mortem,
768 4350 800 4411 in
823 4371 886 4432 qua
909 4353 1065 4415 recedita
1090 4371 1154 4415 cor-

410 4465 497 4529 porc.

449 4545 587 4609 Locutus
602 4555 650 4609 est
665 4546 817 4611 Dominus
834 4548 1051 4612 sacerdotibus
1069 4569 1076 4613 ε
1094 4553 1155 4612 No

409 4646 465 4705 tite
488 4649 624 4723 emtore,
642 4654 702 4709 etc.
724 4647 825 4730 Caput
849 4667 941 4709 suum
965 4649 1074 4724 nudat,
1099 4649 1153 4729 qui

408 4745 582 4825 peccando,
610 4746 771 4829 propriam
797 4755 936 4809 mentem
959 4747 1072 4809 decore
1095 4747 1156 4808 vir-

410 4850 514 4904 tutum
531 4851 562 4906 et
582 4844 675 4906 donis
690 4845 799 4924 gratia
824 4845 939 4927 privat,
958 4845 1007 4908 vel
1028 4847 1083 4926 qui
1110 4865 1155 4908 se

409 4950 495 5004 creta
509 4943 614 5005 cordis
637 4943 686 5004 sui
708 4943 897 5024 insipienter
919 4944 1048 5006 revelat..
1075 4944 1155 5008 Hinc

262 5050 394 5106 Arvernus.
410 5039 443 5102 in
468 5039 658 5124 Apocalypsi
684 5042 800 5105 dicitur
831 5042 885 5105 tali
913 5060 920 5104 :
949 5042 1154 5105 l'cstimentis

410 5138 490 5204 albis
515 5139 669 5217 induaris,
688 5149 723 5202 ut
747 5159 810 5203 non
836 5148 987 5223 appareat
1008 5139 1155 5203 confusio

411 5238 564 5301 nuditatis
580 5247 652 5300 ture.
670 5241 712 5300 Et
728 5243 914 5301 restituente
935 5249 1039 5302 vestra
1058 5243 1155 5300 notite

408 5339 561 5398 set‘mlerc.
599 5336 794 5401 Vestimenta
822 5339 1001 5401 animarum
1033 5347 1155 5403 nostra-

1209 4359 1328 4433 quanto
1351 4351 1451 4430 magis
1472 4348 1687 4412 sacerdotibus
1707 4347 1896 4428 evangelicae
1912 4346 1954 4408 le

1208 4449 1332 4531 gis,qui
1348 4449 1473 4511 assiduo
1490 4448 1713 4528 ingrediuntur
1731 4446 1896 4509 ecclesiam
1911 4445 1952 4506 ad

1209 4548 1454 4611 ministrandum
1471 4565 1526 4609 seu
1542 4544 1759 4623 offerendum,
1778 4543 1907 4606 vitanda
1921 4551 1953 4605 et

1209 4646 1406 4709 exhorrenda
1421 4654 1469 4708 ost
1484 4644 1588 4707 omnis
1604 4643 1751 4720 ebrietas,
1769 4642 1908 4724 crapula,
1920 4649 1953 4706 et

1210 4745 1415 4824 ingurgitatio
1431 4744 1636 4806 detestandat
1651 4742 1795 4805 Ebrietas
1817 4759 1952 4821 namque
1968 4762 2066 4812 (ieme,
2077 4767 2115 4806 rr.

1209 4853 1241 4906 et
1258 4844 1425 4907 fornicatio
1441 4852 1472 4906 et
1486 4842 1595 4904 vinum
1610 4840 1760 4904 auferunt
1774 4859 1834 4903 eor.
1852 4843 1890 4902 Ut
1900 4839 1953 4902 ha-

1210 4943 1303 5006 beant
1316 4945 1484 5002 scientium
1495 4941 1701 5002 discernendi
1711 4942 1796 4999 freter
1805 4948 1952 4998 sunctum

1210 5054 1238 5103 ct
1251 5043 1444 5119 profanum,
1456 5039 1538 5118 inter
1549 5058 1622 5102 vere
1638 5038 1785 5116 religiosa
1800 5045 1831 5100 et
1847 5053 1953 5118 super-

1211 5141 1343 5213 stitiosa,
1363 5140 1444 5201 inter
1463 5157 1536 5201 vere
1552 5146 1582 5200 et
1596 5144 1786 5220 apparenter
1801 5136 1952 5210 virtuosa,

1212 5239 1295 5302 intcr
1311 5257 1384 5300 vera
1406 5245 1436 5300 et
1463 5237 1550 5313 false,
1579 5237 1775 5316 doceantque
1799 5231 1952 5317 populum

1211 5337 1361 5402 univorsa
1377 5336 1431 5400 Dei
1448 5343 1615 5417 praeopta,
1633 5342 1664 5397 et
1679 5332 1836 5415 quidquid
1852 5332 1890 5394 ad
1908 5349 1955 5393 sa·
