4309 6259
631 527 808 573 trtuooatto
830 528 861 573 IN
884 528 1135 577 raptantucttuh.
1160 552 1199 561 -
1219 533 1290 577 Ant.
1314 534 1324 578 Ι

1688 516 1748 580 693

198 694 278 756 data
303 714 360 777 per
384 696 522 779 Moysen,
547 706 700 779 quantum
727 698 767 761 ad
793 696 1155 780 praeceptahCreatori.
1182 700 1331 775 Quamvis
1355 703 1441 767 enim
1467 704 1614 767 nonnulli
1639 723 1748 768 eorum

199 794 349 871 moralia,
366 795 455 858 aliud
478 815 542 859 non
559 806 637 873 erat,
656 797 718 859 nisi
739 798 893 859 naturalis
909 796 952 860 le-

199 892 252 973 gis
267 892 453 957 reformatio
468 914 505 957 ac
521 896 696 959 renovatio.
713 896 776 958 Lex
795 895 881 959 enim
898 915 952 958 na-

199 991 318 1054 turalis
332 999 476 1075 tempore
488 993 544 1057 illo
559 995 638 1058 adeo
654 994 821 1057 obscurata
832 994 904 1071 luit,
917 1004 953 1057 ut

201 1107 317 1153 omnes
334 1109 416 1172 pene
432 1092 472 1153 ad
492 1092 705 1155 idololatriam
728 1092 925 1156 declinarent
943 1111 949 1154 :

201 1207 276 1269 qua
287 1189 421 1253 rationis
432 1191 613 1254 obscuratio
626 1191 850 1254 inexcusabilis
861 1193 952 1255 exsti-

201 1288 253 1363 tit,
271 1290 541 1369 quemadmodum
562 1290 595 1351 in
616 1289 778 1371 Sapientia
797 1291 950 1373 scriptum

200 1396 250 1451 ost
263 1406 271 1450 t
284 1388 366 1451 Vani
381 1396 457 1451 sunt
470 1407 582 1453 omnes
593 1390 739 1453 homines
753 1391 870 1472 quihus
886 1411 950 1455 non

201 1486 315 1549 subest
336 1487 472 1550 scientia
485 1488 551 1551 Dei.
569 1488 608 1550 Et
629 1508 757 1552 causam
778 1490 948 1571 adjunxit:

202 1584 467 1666 Amagmtudine
488 1586 573 1649 enim
598 1587 715 1669 speciei
736 1596 768 1650 et
786 1596 948 1665 creatura,

201 1684 465 1764 cognoscibiliter
479 1685 581 1749 videri
598 1686 714 1768 poterit
733 1686 846 1750 horum
862 1687 951 1750 Crea-

201 1791 261 1846 tor.
272 1782 350 1846 Nam
366 1783 449 1846 sicut
464 1784 569 1848 omnis
584 1784 733 1862 effectus,
745 1785 778 1847 in
793 1795 948 1866 quantum

1006 797 1220 861 idololatriam
1252 800 1462 881 perniciosam
1493 820 1562 864 esse
1596 820 1750 883 cognove-

1007 904 1088 971 rant,
1112 895 1341 960 nihilominus
1365 899 1471 981 potius
1496 907 1674 963 metuentes
1699 900 1750 963 ho-

1006 993 1126 1056 minem
1142 1014 1238 1075 quam
1257 996 1364 1073 Deum,
1380 1005 1435 1059 aut
1450 1006 1535 1061 certe
1555 998 1627 1080 plus
1642 1007 1752 1080 optan-

1006 1100 1053 1154 tes
1079 1092 1204 1174 plaeere
1232 1094 1417 1157 hominibus
1443 1115 1538 1177 quam
1566 1097 1639 1173 Deo,
1667 1095 1753 1160 idola

1006 1191 1184 1255 coluerunt.
1196 1191 1283 1255 Unde
1300 1194 1339 1255 de
1354 1212 1469 1274 magno
1480 1194 1536 1257 illo
1548 1194 1750 1277 philosopho,

1006 1290 1157 1352 Senecam
1173 1290 1296 1371 loquor,
1315 1300 1402 1354 sexto
1418 1293 1457 1355 de
1472 1292 1607 1355 Civitate
1622 1292 1676 1355 Dei
1692 1292 1753 1355 hu·

1005 1387 1152 1468 gustinus
1177 1388 1310 1465 inducit,
1335 1391 1420 1470 quod
1443 1389 1583 1452 dixerit:
1609 1390 1660 1453 Sic
1685 1390 1751 1454 ido-

1005 1485 1036 1548 la
1053 1487 1233 1564 adoramus,
1251 1496 1286 1549 ut
1306 1488 1548 1551 meminerimus
1566 1488 1749 1570 hujusmodi

1004 1585 1125 1647 cultum
1142 1585 1244 1665 magis
1261 1587 1299 1648 ad
1318 1604 1450 1664 morem,
1470 1587 1501 1649 id
1522 1596 1570 1650 est
1586 1588 1749 1667 vulgarem

1004 1683 1279 1761 consuetudinem,
1297 1703 1393 1765 quam
1418 1686 1458 1748 ad
1484 1704 1550 1749 rem
1576 1686 1746 1766 pertinere.

1003 1781 1146 1862 Denique
1162 1782 1194 1843 in
1217 1782 1300 1845 libro
1322 1784 1362 1845 de
1378 1783 1459 1847 Vera
1475 1784 1632 1864 religione
1651 1782 1750 1847 refert

200 1890 249 1944 est
281 1883 429 1963 quadam
459 1883 648 1966 participata
677 1884 855 1948 similitudo
883 1905 948 1948 suae
967 1879 1210 1961 Bhugustinus,
1222 1880 1383 1944 Platonem
1395 1880 1603 1959 sacrificasse,
1616 1884 1749 1963 eoquod

200 2000 316 2058 causa,
335 1981 522 2045 naturaliter
537 1983 577 2045 ad
597 1984 734 2065 propriae
749 2002 852 2047 causat
867 1984 949 2047 noti-

200 2078 279 2141 tiam
296 2078 487 2155 introducit;
501 2080 546 2143 sic
561 2082 667 2144 omnis
681 2089 837 2159 creatura,
850 2102 948 2163 quum

200 2177 243 2238 sit
258 2177 390 2258 quidam
408 2178 516 2240 radius
528 2179 576 2241 sui
592 2178 759 2256 Creatoris,
772 2182 948 2243 secundum

201 2275 401 2357 Dionysium,
420 2276 607 2339 naturaliter
625 2277 736 2357 dirigit
751 2278 948 2342 intellectum

200 2375 239 2436 ad
266 2374 385 2436 summi
410 2375 590 2438 conditoris
616 2376 773 2439 notitiam.
795 2376 948 2440 Universa

199 2472 287 2535 enim
305 2480 436 2555 propter
451 2492 485 2536 so
500 2474 606 2556 ipsum
619 2483 769 2557 operatus
782 2484 831 2538 est
845 2476 947 2539 Domi-

199 2591 271 2647 nuS,
300 2580 459 2653 quatenus
484 2571 602 2636 divinae
632 2581 752 2636 natura
779 2573 945 2655 perfectio,

198 2670 429 2752 creatricisque
440 2670 593 2733 bonitatis
609 2672 796 2755 proprietas,
807 2673 840 2734 in
852 2673 947 2737 rebus

198 2769 315 2831 creatis
341 2770 514 2848 reluceant,
532 2790 568 2833 ac
594 2790 650 2852 per
675 2771 735 2834 hoo
760 2790 810 2834 res
834 2780 947 2836 creata

198 2868 372 2931 humanam
383 2877 522 2932 mentem
533 2870 572 2932 ad
583 2870 638 2933 Dei
648 2870 863 2951 cognitionem
879 2891 947 2954 per-

198 2968 326 3029 ducant.
345 2966 542 3031 Rationalem
564 2968 650 3031 enim
673 2976 849 3032 ereaturam
865 2971 947 3033 Deus

1003 1985 1120 2053 castuS,
1153 1978 1217 2041 imo
1247 1987 1278 2041 et
1310 1978 1399 2059 virgo
1430 1980 1654 2061 permanserit.
1681 1980 1749 2043 Non

1003 2076 1088 2156 quod
1103 2076 1191 2139 Plato
1206 2076 1421 2157 virginitatem
1438 2077 1609 2140 crediderit
1624 2097 1693 2141 esse
1713 2078 1750 2140 il-

1003 2174 1135 2251 licitam,
1145 2175 1198 2237 sed
1211 2182 1340 2256 propter
1352 2174 1543 2256 pontificum
1555 2194 1750 2257 paganorum

1002 2272 1184 2335 instantias
1202 2273 1427 2336 Verumtamen
1452 2292 1509 2337 neo
1525 2273 1578 2335 isti
1599 2294 1751 2337 excusan-

1003 2381 1065 2448 tur,
1090 2371 1166 2453 quia
1188 2372 1228 2434 de
1250 2370 1368 2435 Seneca
1389 2379 1522 2434 testatur
1541 2372 1748 2453 Augustinus,

1002 2471 1088 2552 quod
1102 2479 1189 2534 tanto
1199 2470 1414 2533 damnabilius
1426 2470 1510 2534 idola
1520 2471 1750 2552 coluitquanto

1003 2570 1060 2632 illa
1075 2588 1146 2650 quaa
1163 2569 1357 2632 mendaciter
1378 2569 1464 2647 lecit,
1482 2570 1637 2633 veraciter
1656 2588 1749 2651 agere

1002 2667 1183 2749 putabatur.
1206 2668 1274 2730 Non
1294 2668 1466 2730 audierunt
1485 2668 1539 2730 isti
1559 2677 1655 2749 atque
1675 2687 1749 2732 con-

1003 2765 1125 2827 similes
1141 2765 1188 2827 cis
1210 2766 1343 2827 verbum
1366 2766 1445 2828 illud
1462 2766 1534 2828 Filii
1550 2766 1604 2829 Dei
1621 2766 1748 2830 salubre

1002 2873 1033 2927 et
1056 2872 1202 2927 sanctum
1226 2882 1233 2926 :
1261 2864 1364 2927 Nolite
1385 2864 1497 2927 timere
1520 2882 1574 2927 eos
1600 2866 1656 2946 qui
1678 2883 1747 2928 cor·
1782 2891 1893 2945 uuila,

1002 2984 1062 3047 pus
1076 2963 1237 3040 occidunt,
1251 2962 1388 3025 animam
1405 2972 1511 3026 autern
1532 2982 1595 3026 non
1612 2972 1747 3045 possunt
1761 2956 1795 2998 ²⁸·

198 3066 331 3128 molitus
346 3074 405 3144 est,
421 3075 580 3149 quatenus
594 3068 773 3131 Creatorem
790 3088 882 3132 suum
898 3088 948 3133 co·
963 3063 985 3128 C
1001 3063 1156 3127 occidere.
1174 3062 1212 3124 Et
1234 3062 1320 3139 item,
1337 3063 1423 3143 quod
1449 3062 1484 3125 in
1508 3062 1587 3125 lsaia
1608 3063 1747 3127 conscri-

197 3173 341 3243 gnoscat,
353 3166 575 3245 cognoscendo
590 3166 713 3247 diligat,
724 3166 887 3248 diligendo
904 3176 948 3232 te-

198 3272 284 3340 neat,
303 3264 441 3327 tenendo
465 3263 600 3342 truatur,
621 3264 757 3328 truendo
782 3266 873 3328 beata
893 3267 945 3329 sit.

67 3374 183 3427 tarsa.
199 3361 320 3425 idcirco
337 3362 404 3425 heae
423 3362 502 3425 dicit
517 3363 669 3426 Dominus
687 3381 694 3424 :
711 3364 778 3427 Non
794 3364 959 3445 glorietur.

64 3440 90 3478 ³⁸·
198 3460 331 3543 sapiens
346 3461 380 3523 in
396 3461 553 3543 sapientia
568 3482 636 3540 sua,
649 3463 796 3527 videlicet
810 3464 946 3526 naturali

199 3566 295 3639 atque
321 3568 456 3635 terrena,
481 3569 512 3622 et
535 3578 599 3623 non
620 3560 775 3641 glorietur
797 3562 888 3625 tortis
912 3562 946 3625 in

200 3656 390 3720 tortitudine
406 3676 483 3734 sua3
501 3659 556 3721 sed
577 3658 610 3720 in
631 3658 691 3722 hoc
710 3660 874 3738 glorietur,
890 3662 946 3743 qui

72 3766 183 3843 prora.
198 3754 367 3835 gloriatur,
384 3756 465 3818 scire
480 3764 512 3819 et
533 3776 627 3821 nosse
642 3776 704 3821 me.
867 3747 876 3776 ⁸

62 3832 79 3869 '¹
238 3853 380 3916 Fuerunt
401 3854 550 3934 equidem
573 3855 715 3935 quidam,
739 3856 796 3938 qui
817 3856 879 3919 sibi
900 3876 948 3919 sa-

199 3953 324 4035 pientes
341 3951 543 4029 videbantur,
557 3972 654 4034 seque
668 3953 849 4017 divinorum
866 3956 948 4018 noti-

199 4052 277 4114 tiam
299 4049 443 4129 attigisse
467 4052 567 4131 gavisi
594 4061 679 4128 sunt,
704 4053 883 4134 dequibus
907 4055 947 4116 ad

66 4169 184 4271 patra
200 4150 358 4212 Romanos
384 4148 513 4231 scripsit
536 4150 731 4231 Apostolus:
756 4151 834 4226 Quia
861 4153 947 4234 quod

60 4234 130 4276 MS.

199 4348 262 4409 Deo
287 4346 437 4425 cognosci
463 4354 578 4427 potest,
604 4347 810 4411 manifestum
841 4358 889 4411 est
913 4350 946 4411 in

199 4444 276 4520 illis,
302 4443 334 4506 id
359 4452 420 4519 est,
437 4443 577 4507 innotuit
592 4446 658 4509 eis:
683 4446 800 4527 quibus
823 4448 945 4529 utique,

199 4543 261 4605 nisi
278 4542 390 4604 mundi
411 4542 508 4624 hujus
529 4543 728 4625 philosophis
744 4548 755 4605 l
771 4546 947 4610 invisibilia

197 4641 284 4705 onim
302 4640 368 4717 Dei,
386 4640 419 4702 id
436 4648 484 4703 est
500 4641 660 4703 naturales
676 4644 885 4724 proprietates
902 4645 946 4707 di-

198 4740 281 4804 vinae
307 4747 440 4815 naturae,
462 4758 519 4820 per
544 4758 581 4803 ea
603 4759 675 4822 quae
701 4739 786 4803 lacta
810 4753 895 4819 sunt,
913 4743 945 4807 id

197 4846 246 4901 cst
271 4856 329 4919 per
352 4837 549 4918 agnitionem
575 4847 802 4917 creaturarum,
820 4842 947 4925 conspi-

197 4936 336 5012 ciuntur,
350 4935 545 5017 sempiterna
561 4954 689 5017 quoque
705 4937 805 5002 virtus
822 4940 902 5021 ojus,
915 4951 946 5005 et

198 5033 352 5098 divinitas
368 5053 407 5097 ex
422 5034 517 5097 rebus
538 5034 652 5098 creatis
672 5037 885 5117 cognoscitur,
904 5040 947 5103 ita

198 5142 234 5195 ut
256 5132 322 5193 sint
344 5132 589 5195 inexcusabiles.
607 5132 684 5194 Nam
706 5154 804 5215 quum
832 5155 948 5218 cogno

199 5232 323 5293 vissent
338 5230 448 5306 Deum,
458 5249 521 5293 non
538 5231 621 5293 sicut
635 5232 733 5293 Deum
748 5233 949 5313 glorificare

202 5338 288 5407 runt,
301 5328 356 5391 sed
373 5328 551 5391 servierunt
563 5337 715 5393 creatura
731 5332 948 5414 potiusquam

1002 3170 1091 3245 ptum
1103 3169 1151 3225 est
1163 3179 1171 3223 :
1181 3161 1283 3225 Nolite
1296 3160 1406 3225 timere
1420 3160 1628 3244 opprobrium
1645 3162 1747 3226 homi·
1761 3186 1892 3239 ranam.

1002 3281 1090 3339 num,
1115 3260 1396 3343 blasphemiasque
1418 3279 1538 3324 eorum.
1556 3260 1631 3335 Quis
1653 3270 1698 3338 tu,
1712 3270 1748 3323 ut

1002 3361 1115 3424 timeas
1125 3361 1166 3424 ab
1182 3360 1313 3423 homine
1328 3360 1467 3437 mortali,
1480 3368 1512 3423 et
1526 3379 1545 3422 a
1560 3358 1632 3423 titio
1646 3360 1748 3424 homi-

1002 3461 1063 3536 nis,
1075 3460 1129 3540 qui
1147 3458 1239 3541 quasi
1256 3458 1378 3521 loenum
1395 3458 1509 3521 arescit
1518 3461 1536 3519 t

1041 3560 1103 3622 Nos
1125 3577 1201 3639 ergo
1222 3557 1277 3639 qui
1301 3557 1461 3640 privatum
1487 3558 1587 3621 nostri
1607 3576 1751 3641 amorem

1001 3658 1148 3735 evellere,
1167 3666 1198 3721 et
1220 3675 1278 3719 nos
1300 3657 1385 3739 ipsos
1409 3656 1618 3738 spiritualiter
1639 3658 1749 3721 morti-

1002 3756 1101 3820 ficare
1133 3758 1294 3832 doeemur,
1313 3756 1416 3818 solum
1442 3756 1540 3819 Deum
1567 3755 1746 3835 timeamus,

1002 3855 1104 3917 solum
1128 3856 1226 3917 Deum
1248 3872 1402 3930 amemuS,
1420 3854 1449 3917 ei
1474 3852 1533 3917 soli
1550 3854 1675 3937 placere
1697 3874 1748 3919 co-

1002 3972 1125 4030 nemur,
1153 3953 1186 4014 in
1215 3971 1253 4015 oo
1275 3952 1411 4015 stabiliri
1434 3952 1583 4031 nitamur,
1609 3972 1667 4017 nec
1693 3954 1749 4018 ho

1002 4052 1120 4113 minem
1145 4070 1380 4133 quemcumque
1406 4052 1455 4115 vel
1481 4053 1748 4136 qualemcumque

1002 4148 1224 4227 lormidamuS,
1250 4156 1305 4212 aut
1330 4148 1512 4229 diligamus,
1538 4150 1600 4213 nisi
1625 4151 1659 4213 in
1685 4152 1747 4216 Deo

200 4256 311 4310 notum
328 4254 377 4309 est
392 4247 459 4324 Dei,
477 4246 508 4310 id
525 4256 584 4324 est,
601 4250 687 4331 quod
705 4250 893 4313 naturaliter
907 4251 946 4314 do
961 4255 985 4316 D
1001 4257 1032 4310 et
1063 4256 1193 4330 propter
1218 4250 1328 4325 Deum,
1355 4258 1514 4330 quatenus
1538 4269 1609 4313 cum
1632 4250 1748 4313 beatis-

1002 4348 1083 4410 simo
1108 4347 1244 4410 teremia
1273 4347 1392 4428 singuli
1419 4348 1524 4412 dicere
1549 4350 1710 4413 valeamus
1737 4368 1744 4412 ε

1001 4446 1153 4509 Dominus
1170 4446 1322 4510 tortitudo
1333 4455 1445 4510 meoet
1457 4446 1615 4528 retugium
1627 4468 1744 4529 meum,
1760 4472 1892 4523 annua

1000 4553 1029 4608 ot
1057 4544 1154 4607 robur
1176 4563 1293 4607 meum.
1311 4545 1349 4607 Et
1374 4565 1500 4608 rursum
1521 4564 1528 4608 :
1546 4547 1613 4609 Non
1636 4558 1684 4611 est
1705 4550 1747 4611 si·
1762 4572 1894 4623 resanat.

1001 4643 1087 4705 milis
1112 4642 1169 4720 tui,
1193 4642 1336 4707 Domine.
1354 4643 1483 4724 llagnus
1507 4663 1541 4707 es
1562 4653 1606 4723 tu,
1630 4653 1662 4707 et
1684 4664 1746 4708 ma-

999 4759 1098 4821 gnum
1124 4730 1240 4805 nomen
1261 4751 1350 4804 tuum
1387 4742 1419 4804 in
1447 4742 1644 4807 tortitudine.
1671 4744 1746 4819 Quis

1002 4858 1065 4903 non
1088 4839 1214 4902 timebit
1229 4848 1301 4917 te‚o
1317 4841 1380 4903 Rex
1399 4841 1566 4921 gentiumt
1582 4842 1681 4906 Tanto
1703 4853 1747 4906 et·

1000 4940 1087 5003 enim
1099 4940 1196 5001 Deum
1212 4939 1245 5000 in
1262 4940 1365 5021 patria
1379 4941 1496 5003 clarius
1507 4960 1673 5005 cernemus
1690 4962 1746 5025 per
1761 4965 1894 5019 notem.

1002 5038 1152 5119 speciem,
1166 5046 1286 5119 quanto
1303 5056 1387 5101 nuno
1403 5040 1519 5102 clarius
1531 5040 1675 5104 videmus
1690 5061 1747 5125 per

1002 5136 1113 5213 iidem,
1131 5136 1219 5198 illam
1243 5137 1348 5219 plane,
1371 5156 1442 5219 quat
1464 5158 1520 5221 per
1542 5140 1746 5205 dilectionem
1762 5165 1893 5217 quaene.

1001 5241 1162 5317 operatur.
1188 5234 1321 5309 Quidam
1346 5236 1432 5299 enim
1457 5237 1569 5300 dieunt
1593 5257 1627 5301 so
1652 5259 1746 5307 nosse
1775 5254 1888 5309 ritate

1002 5334 1112 5409 Deum,
1129 5332 1184 5395 sed
1200 5332 1292 5396 lactis
1308 5342 1434 5414 negant.
1453 5336 1522 5401 ldeo
1542 5336 1597 5419 qui
1619 5358 1652 5405 se
1668 5342 1747 5407 dicit
1763 5362 1893 5417 rimaris
