4309 6259
587 524 762 570 manuario
784 525 814 570 ru
836 527 903 571 car.
927 526 979 572 xiv
1000 527 1137 572 taurum.
1161 546 1201 556 -
1221 528 1292 574 aar.
1315 528 1380 575 xxx
1693 512 1750 575 231

202 694 304 774 quaeri
330 703 450 776 posset,
468 715 509 758 au
534 704 566 758 et
591 696 738 758 sacerdos
763 715 832 759 earn
857 715 951 758 causa
967 694 992 756 Α
1007 695 1104 758 etiam
1119 715 1283 779 apparere,
1297 707 1427 780 propter
1442 700 1595 762 honorem
1614 719 1705 762 suum
1722 709 1753 764 et

202 791 428 856 considerandi
445 793 630 874 ingrediens
646 794 875 870 maculabatur,
894 795 952 857 sic·
1005 795 1151 875 gloriam.
1165 797 1202 858 Et
1218 805 1253 858 ut
1269 797 1301 858 in
1318 797 1378 860 boc
1393 798 1531 880 populus
1547 818 1623 860 suus
1638 799 1753 861 ceteris

203 900 237 953 ut
260 899 292 954 et
318 891 374 956 ille
399 893 456 974 qui
479 913 563 974 aqua
584 893 776 976 expiationis
798 893 878 957 alios
900 895 951 956 ad·
1005 895 1154 972 gentibus
1171 895 1495 976 praemineret,voluit
1511 915 1638 979 quoque
1653 915 1753 979 popu-

202 991 395 1072 spergebatl
420 992 459 1052 Et
484 992 623 1069 videtur,
650 992 735 1073 quod
761 991 822 1055 iste
850 992 950 1072 magis
1006 991 1072 1053 lum
1098 1012 1192 1054 suurn
1217 1012 1329 1056 carere
1354 1012 1418 1056 non
1444 995 1547 1057 solum
1568 1015 1585 1057 a
1606 996 1752 1082 contagio

201 1108 297 1170 quam
314 1089 380 1152 ille.
1005 1092 1108 1154 morbi
1120 1091 1343 1172 hujus,verum
1354 1093 1752 1176 etiamasuspiciouecon·
1863 1082 1867 1089 ⁵

242 1193 336 1258 Quod
358 1191 389 1248 si
413 1192 571 1250 introiens
595 1193 740 1249 sacerdos
763 1191 882 1250 uiderit
906 1195 950 1249 lc·
1006 1190 1093 1269 tagii.
1118 1191 1213 1254 Porro
1236 1193 1275 1254 de
1297 1191 1457 1255 coloribus
1479 1202 1511 1256 et
1535 1193 1751 1275 inaequalitate

199 1309 296 1365 pram
311 1308 378 1348 aaa
393 1291 528 1348 creuisse
542 1290 579 1348 in
593 1291 700 1358 doma,
712 1298 883 1367 postquam
897 1292 951 1348 dc·
1005 1289 1099 1366 cutis,
1117 1309 1157 1351 an
1178 1289 1242 1351 sint
1262 1289 1353 1371 sigua
1373 1310 1455 1354 verae
1476 1290 1582 1373 lepra,
1601 1311 1664 1354 nou
1686 1301 1749 1354 tam

201 1407 267 1446 auo
296 1389 358 1447 lita
381 1397 437 1457 cst,
460 1387 666 1464 purificabit,
691 1385 724 1448 id
749 1393 811 1462 est,
837 1405 950 1468 puram
1004 1406 1056 1449 ars
1072 1389 1239 1450 medicine
1258 1408 1355 1470 quarn
1372 1390 1568 1471 experientia
1583 1391 1751 1452 consulen-

200 1484 362 1566 judicabit
376 1505 461 1554 cam,
477 1486 607 1544 reddita
621 1486 774 1556 sanitate,
792 1484 822 1546 id
839 1493 887 1547 est
908 1485 951 1548 le
1005 1486 1045 1547 da
1060 1494 1128 1562 est3
1146 1486 1179 1548 hi
1196 1505 1323 1568 quoque
1338 1488 1395 1569 qui
1415 1488 1470 1550 diu
1486 1488 1752 1551 cohabitaverunt

202 1602 267 1665 pre]
283 1582 373 1644 illius
388 1582 577 1665 expulsione
593 1600 649 1645 seu
670 1582 807 1665 pristina
827 1582 950 1645 babitu·
1005 1583 1151 1664 leprosis,
1169 1603 1287 1666 eosque
1305 1586 1483 1666 dijudicare
1503 1595 1748 1654 consueverunt.

200 1681 278 1744 dine
293 1680 398 1755 bona,
415 1691 444 1741 et
465 1684 502 1742 iu
516 1684 749 1759 purificatione
763 1683 833 1760 ejus
847 1693 950 1742 sumet
1004 1683 1229 1745 Verumtamen
1253 1684 1435 1746 nullatenus
1456 1684 1665 1747 dubitandum
1689 1693 1747 1760 est,

199 1784 280 1840 duris
291 1800 449 1857 passcucs,
462 1783 653 1858 lignumque
662 1783 833 1840 cedrinum
844 1791 874 1840 ct
884 1802 950 1840 ver-
1004 1781 1083 1862 quin
1101 1781 1191 1860 sigua
1206 1800 1277 1862 quae
1297 1782 1348 1844 lex
1368 1782 1469 1863 ponii,
1488 1783 1553 1844 sint
1567 1801 1642 1845 vera
1659 1783 1749 1863 signu

201 1880 362 1938 miculam
391 1887 489 1956 atqua
513 1879 715 1954 hyssopum:
741 1897 812 1959 quaa
842 1879 949 1941 omnia
965 1882 988 1942 B
1005 1879 1200 1960 passionum,
1224 1899 1303 1961 quas
1329 1881 1378 1943 lex
1404 1881 1624 1944 immunditias
1649 1888 1679 1944 et
1704 1880 1749 1943 le-

199 1976 351 2040 dominus
371 1976 486 2039 domus
507 1976 587 2039 feret
606 1976 646 2038 ad
667 1977 874 2040 sacerdotem.
894 1978 950 2040 To·
1004 1996 1077 2058 pras
1094 1977 1215 2039 iudicat
1228 1979 1469 2061 esse-Lepre
1484 1997 1558 2042 vero
1574 1979 1607 2040 in
1624 1979 1749 2060 capillis

200 2084 268 2138 tum
293 2094 370 2138 vero
395 2075 482 2156 quod
507 2075 540 2137 in
566 2081 653 2138 textu
678 2075 885 2157 subjungitur
910 2077 949 2140 de
1003 2085 1035 2139 et
1051 2076 1137 2158 pilis,
1155 2078 1280 2140 duobus
1296 2079 1486 2159 intelligitur
1502 2079 1613 2141 modis.
1635 2078 1673 2140 Et
1687 2078 1751 2161 pri-

199 2174 263 2236 ritu
287 2173 526 2256 purificationis
551 2173 655 2249 istius,
682 2182 769 2256 patet
792 2193 831 2237 ex
855 2174 949 2237 dictis
1004 2194 1057 2237 mo
1078 2193 1153 2238 vera
1176 2176 1264 2257 lepra
1284 2185 1332 2239 est
1354 2176 1531 2258 allapitia*,
1548 2196 1620 2258 quae
1640 2196 1748 2238 casum

199 2274 239 2335 de
253 2271 485 2354 purificatione
500 2271 641 2335 bominis
658 2272 786 2354 leprosi.
1003 2273 1192 2355 capillorum
1210 2273 1315 2337 efficit
1330 2284 1361 2338 et
1377 2275 1527 2356 pilorum,
1544 2275 1588 2337 ita
1604 2275 1698 2338 etiam
1715 2285 1750 2338 ut

239 2371 390 2453 Sequitur
415 2371 589 2453 epilogatio
611 2370 730 2434 brevis.
747 2375 817 2433 ista
836 2383 881 2433 est
897 2378 950 2433 lea
1005 2391 1061 2453 per
1083 2391 1151 2434 eam
1175 2373 1345 2455 supercilia
1365 2373 1547 2455 depilentur
1566 2391 1573 2434 :
1591 2393 1662 2455 quae
1683 2392 1751 2455 spe

199 2473 305 2531 circuis
331 2473 427 2547 legum
450 2481 480 2531 et
500 2490 712 2548 pmmuaurae,
734 2469 885 2534 videlicet
908 2477 950 2530 lc·
1003 2471 1069 2533 cies
1086 2480 1161 2534 nota
1175 2480 1223 2534 est
1239 2471 1750 2547 medicis,sicutetaliae.Secunda

196 2587 266 2646 prce
291 2570 429 2629 acatium
457 2578 488 2629 ct
516 2571 703 2637 damarum,
731 2570 892 2629 cicatricis
919 2581 948 2630 ct
1004 2577 1052 2632 est
1067 2570 1197 2632 morbus
1213 2570 1548 2652 corrosivus'pilorum
1570 2579 1601 2634 et
1620 2571 1751 2654 capillo·

198 2668 443 2745 erumpentium
462 2671 677 2744 papularum,
694 2669 829 2727 luceatis
844 2689 949 2728 macu-
1004 2687 1086 2745 rum,
1100 2687 1291 2731 consumens
1307 2677 1338 2731 et
1353 2668 1567 2750 putrefaciens
1583 2669 1748 2752 paulatim,

200 2771 296 2836 itaet
312 2769 350 2826 ia
366 2768 478 2827 eutius
491 2768 609 2843 specics
625 2769 782 2826 calamam
797 2770 949 2828 immuta·
1003 2767 1272 2848 quemadmodum
1297 2786 1410 2830 cancer
1439 2787 1567 2830 carnem
1595 2785 1602 2828 τ
1629 2776 1661 2830 el
1686 2787 1749 2832 non

199 2867 252 2934 tis,
273 2875 311 2924 ut
321 2867 424 2942 possit
438 2865 529 2936 sciri,
550 2884 613 2943 quo
636 2874 772 2942 ternpore
789 2867 948 2924 muudum
1003 2873 1153 2946 operatur
1168 2864 1235 2928 haec
1250 2885 1357 2928 casum
1376 2866 1588 2948 pilorum,sed
1605 2885 1750 2930 consum-

197 2966 279 3043 quid
295 2967 346 3022 ael
360 2965 573 3023 immundum
587 2964 630 3022 sit
638 2962 691 3023 :in
707 2962 825 3043 quibus
843 2963 948 3025 verbis
1003 2963 1158 3045 ptiouem.
1176 2962 1295 3026 Similis
1312 2981 1439 3044 quoque
1454 2964 1528 3026 huic
1544 2964 1686 3045 passioni
1702 2973 1751 3028 est

198 3067 374 3142 tanguntur
389 3067 583 3122 enumeratae
598 3059 720 3140 species
735 3059 949 3142 leprae.Papu-
966 3059 988 3121 C
1004 3061 1091 3142 lepra
1108 3061 1140 3122 in
1157 3060 1240 3142 pelle
1256 3069 1287 3123 et
1302 3061 1431 3124 vellere.
1449 3061 1504 3126 Est
1524 3081 1661 3143 namque
1681 3082 1750 3144 pas-

198 3159 228 3220 la
249 3167 359 3220 autem
381 3166 514 3221 vocatur
533 3177 632 3239 parva
653 3166 685 3219 et
706 3156 850 3220 ulcerosa
865 3158 948 3220 cutis
1003 3159 1051 3221 sio
1066 3158 1227 3222 corrosiva
1243 3159 1381 3240 pilorum
1397 3167 1428 3221 et
1444 3159 1745 3242 substantiaepellis.

198 3257 330 3333 erectio,
347 3274 403 3319 seu
419 3256 580 3319 modicum
602 3256 693 3318 ulcus
714 3256 746 3318 in
762 3264 845 3334 cute,
862 3258 945 3338 quod
1003 3256 1123 3318 Similis
1145 3256 1240 3319 etiam
1261 3256 1368 3338 passio
1389 3256 1551 3320 invenitur
1571 3258 1603 3319 in
1623 3259 1749 3340 parieti-

197 3373 327 3436 poenam
344 3353 549 3434 scabiemque
564 3353 699 3416 inducit.
1001 3354 1062 3416 bus
1078 3361 1172 3435 atque
1187 3354 1359 3436 lapidibuS,
1378 3354 1500 3418 scilicet
1520 3357 1700 3432 corrosiva;
1717 3367 1748 3420 et

236 3452 403 3528 Praeterea,
426 3470 485 3532 pro
506 3450 632 3513 clariori
657 3451 752 3532 hujus
774 3471 810 3515 ac
833 3471 949 3534 prtece-
1003 3471 1098 3533 super
1113 3452 1173 3515 hoc
1188 3461 1262 3515 ante
1273 3453 1390 3516 multos
1401 3472 1501 3517 annos
1518 3453 1637 3516 fuimus
1653 3454 1748 3518 inter-

197 3551 304 3613 dentis
319 3549 534 3631 capitulorum
550 3550 772 3629 intelligentia,
784 3552 948 3615 adverten-
1002 3550 1102 3629 rogati
1124 3552 1163 3614 de
1181 3551 1319 3632 quodam
1340 3551 1456 3632 lapide,
1477 3553 1532 3632 qui
1558 3553 1592 3614 in
1618 3572 1652 3615 se
1677 3553 1746 3635 ipso

196 3650 328 3711 desunt
344 3648 516 3726 diligenter
531 3646 847 3724 rerbaGuillelmi,in
864 3647 947 3712 libro
1002 3650 1035 3711 in
1060 3650 1197 3731 quadarn
1219 3649 1348 3712 abbatia
1373 3649 1416 3712 ita
1435 3651 1645 3728 consumitur,
1662 3653 1746 3733 quod

196 3767 281 3829 saepe
291 3746 496 3828 praeallegato
511 3746 649 3808 dicentis
671 3764 678 3807 :
703 3745 790 3809 Scire
810 3755 945 3828 oportet,
1001 3749 1112 3811 dicunt
1137 3767 1209 3810 eum
1235 3767 1452 3811 cancerosum.
1476 3749 1543 3811 Non
1568 3755 1617 3811 est
1640 3757 1745 3812 aulem

195 3847 281 3928 quod
299 3863 417 3908 nomen
435 3844 532 3926 lepra
553 3844 605 3906 bic
626 3845 763 3907 sumitur
780 3864 843 3909 non
858 3846 947 3927 juxta
1000 3847 1118 3908 mirum
1135 3846 1161 3907 si
1177 3847 1263 3927 quod
1278 3845 1317 3907 fit
1334 3847 1366 3908 in
1382 3864 1446 3908 uno
1467 3846 1572 3928 lapide
1592 3866 1630 3909 ex
1648 3849 1747 3910 abun-

195 3944 360 4027 propriam
387 3943 612 4006 intentionem.
639 3943 740 4025 Lepre
765 3944 852 4006 enirn
878 3963 947 4024 pro·
1001 3945 1109 4007 dantia
1140 3944 1304 4020 siccitatis,
1335 3943 1500 4025 contingat
1532 3944 1565 4006 in
1598 3946 1747 4026 congerie

195 4044 265 4125 prie
280 4041 388 4106 letalis
404 4043 535 4124 prurigo
550 4050 608 4118 est,
621 4050 653 4104 et
668 4042 759 4123 quasi
771 4062 885 4105 cancer
901 4042 947 4104 ul·
1002 4043 1143 4126 lapidum
1166 4052 1198 4106 et
1218 4050 1371 4106 caemento
1394 4061 1448 4106 seu
1473 4043 1506 4104 in
1529 4044 1660 4126 pariete.
1683 4045 1747 4108 Hoc

195 4141 339 4217 ceris,ab
351 4139 475 4202 intimis
487 4138 632 4202 fontibus
642 4157 784 4220 serpens,
795 4148 827 4203 et
842 4159 947 4204 corru-
1001 4142 1086 4204 idem
1104 4139 1175 4204 fieri
1191 4141 1338 4204 videmus
1354 4141 1387 4202 in
1404 4140 1510 4221 lignis.
1523 4179 1563 4187 -
1573 4143 1633 4205 llas
1649 4143 1747 4224 igitur

197 4239 342 4322 ptionem
359 4238 394 4301 iu
409 4247 512 4301 totum
523 4256 639 4319 corpus
650 4236 945 4312 diffundensiluod
963 4244 987 4304 b
1001 4239 1166 4321 passiones
1183 4239 1215 4301 in
1232 4239 1374 4303 vestibus
1390 4247 1422 4304 et
1436 4239 1584 4303 domibus
1604 4241 1655 4304 lex
1674 4241 1747 4305 bor-

196 4346 303 4402 autem
324 4337 462 4399 multum
477 4335 610 4400 abusive
626 4345 730 4398 sumat
745 4337 795 4399 lex
812 4337 943 4418 lepram,
1001 4339 1076 4414 ruit,
1096 4347 1160 4399 tum
1182 4346 1312 4419 propter
1335 4338 1553 4401 salubritatem
1575 4339 1744 4418 utentium,

195 4445 285 4519 patet
304 4454 344 4498 ex
365 4434 449 4498 scria
473 4442 589 4511 textus,
613 4434 669 4515 qui
696 4434 816 4516 lepram
841 4436 946 4516 primo
1001 4445 1067 4498 tum
1094 4445 1223 4519 propter
1249 4437 1410 4499 vitandam
1437 4437 1661 4514 idololatriam,
1683 4458 1747 4520 qua

196 4534 344 4598 nominat
359 4531 510 4608 scabiem,
530 4532 647 4594 deinde
665 4531 809 4595 nominat
825 4533 945 4614 lepram
1001 4533 1125 4615 probis
1141 4534 1344 4615 passionibus
1356 4535 1543 4598 colebantur
1553 4534 1599 4597 dii
1616 4545 1747 4618 penates

196 4633 230 4694 in
256 4640 330 4695 cute
354 4630 553 4713 operientem
579 4638 681 4693 totum
705 4649 831 4712 corpus,
849 4651 945 4713 quarn
1001 4640 1033 4694 et
1053 4631 1146 4708 lareS,
1171 4640 1206 4693 ut
1226 4632 1276 4694 vel
1292 4651 1345 4693 eas
1365 4631 1539 4710 auferrent,
1562 4633 1611 4696 vel
1639 4652 1678 4697 ne
1693 4653 1747 4697 eas

195 4739 290 4795 vocat
314 4730 436 4812 lepram
462 4729 720 4806 mundissimam,
737 4738 769 4791 et
793 4749 865 4792 eum
890 4731 945 4811 qui
1001 4729 1170 4793 inferrent.
1194 4730 1303 4793 Voluit
1325 4747 1399 4808 ergo
1424 4731 1505 4792 Deus
1527 4733 1623 4794 ulad
1647 4752 1748 4796 sacer-

194 4830 294 4891 babet
308 4828 409 4903 illam,
427 4827 541 4890 asserit
555 4827 722 4889 mundum.
740 4826 824 4889 Nihil
840 4837 946 4889 autem
1001 4830 1091 4892 dotes
1107 4847 1181 4891 suos
1199 4847 1256 4910 pro
1277 4828 1328 4890 bis
1350 4829 1553 4910 passionibus
1572 4849 1748 4895 recurrere-

194 4927 284 4989 aliud
299 4926 355 4988 bic
370 4925 594 5008 accipiendum
614 4933 662 4988 est
683 4924 743 4987 sub
760 4925 890 4988 nomine
906 4927 947 4988 le·
1002 4934 1103 5004 lur,et
1119 4925 1341 4989 abrasionibus
1352 4935 1447 5008 atque
1458 4927 1746 5005 combustionibus,

195 5044 273 5107 prae,
292 5023 356 5086 nisi
372 5022 560 5086 deformitas
576 5042 647 5104 quta
663 5023 835 5086 notabilem
851 5033 947 5106 atque
1001 5024 1220 5089 ablutionibus
1243 5033 1274 5087 et
1300 5025 1535 5106 expiationibus
1558 5027 1749 5090 mundaren-

194 5121 427 5185 ubominabilis
442 5120 689 5184 cohabitationis
701 5121 839 5184 faciebat
849 5123 947 5184 bomi—
1004 5133 1064 5186 tur.
1089 5126 1209 5204 Aquam
1235 5142 1311 5186 vero
1336 5124 1527 5205 expiationis
1548 5124 1667 5188 idcirco
1693 5146 1749 5208 per

195 5239 281 5282 nem.
300 5219 411 5283 Voluit
435 5228 541 5282 autem
567 5220 649 5282 Deus
673 5220 828 5302 populum
853 5240 944 5282 suum
1002 5222 1182 5284 sacerdotes
1205 5222 1307 5284 voluit
1329 5222 1484 5298 adbiberi,
1508 5231 1542 5283 ut
1564 5222 1747 5303 hujusmodi
1853 5263 1854 5266 =

193 5327 228 5382 et
241 5326 346 5382 castra
362 5317 434 5398 ejus
451 5335 514 5381 non
530 5317 634 5380 solum
654 5319 773 5380 munda
794 5337 874 5396 esse,
892 5321 946 5382 sed
1002 5318 1559 5383 damoniaexterminarentur.N0vo
1571 5321 1748 5401 quoqueri-
