4309 6259
500 537 674 584 manuario
695 539 726 584 m
748 538 815 584 cnr.
839 537 925 584 xxru
945 531 1179 584 neurenouonn.
1201 555 1242 566 —
1262 535 1333 582 aar.
1355 533 1421 580 xxx
1669 508 1729 572 633

176 715 222 784 et,
242 707 318 781 Quae
342 715 392 770 est
416 707 479 770 alie
502 727 580 790 gens
606 708 652 772 sic
677 709 821 792 inclytat
847 709 967 791 quodti
1025 707 1153 790 Mystico
1174 715 1205 770 et
1226 725 1284 770 nos
1306 705 1498 769 militantem
1519 698 1653 781 ingressi
1672 697 1730 760 lle-
1770 711 1853 818 εἴη

177 823 244 894 pro¹
266 813 410 887 tempore
432 806 548 870 veteris
571 807 764 870 Testamenti
786 807 932 872 veriiica-
986 806 1128 884 elesiam,
1144 806 1374 870 omnebonum
1389 803 1586 887 precipuum
1600 800 1663 861 Deo
1678 797 1731 860 ha·
1745 787 1781 830 ω’
1811 787 1857 818 ⁰¹²⁸·

179 911 247 965 tur.
267 904 481 968 Excellentius
497 924 573 970 vero
596 905 762 989 impletum
780 915 828 970 est
847 907 931 969 istud
986 905 1099 968 bemus
1114 904 1305 982 adscribere,
1322 913 1417 986 atque
1432 901 1558 965 assidue
1573 896 1731 960 beneficia

180 1001 216 1064 in
234 1001 362 1065 Christo
377 1012 473 1086 atque
488 1004 659 1087 Apostolis,
671 1025 751 1088 quos
767 1005 933 1070 constituit
986 1004 1041 1067 Dei
1063 1024 1136 1068 eum
1153 1005 1328 1084 gratiarum
1346 1002 1471 1066 actione
1487 997 1580 1062 lateri
1597 1016 1633 1059 ac
1650 995 1732 1058 dice·

41 1114 67 1156 Pr
69 1127 126 1162 .....
131 1115 163 1155 ¹⁷·
183 1099 342 1164 Dominus
357 1102 522 1185 principes
543 1123 639 1185 super
658 1123 785 1167 omnem
804 1113 929 1168 terram.
986 1121 1020 1166 re
1041 1121 1047 1166 :
1068 1107 1176 1181 Syrus
1193 1105 1443 1183 persequebatur
1460 1109 1588 1178 patrem
1611 1114 1731 1164 reum,

183 1203 275 1268 Quas
289 1203 412 1263 creavit
434 1204 470 1262 in
486 1206 616 1264 laudem
631 1213 661 1265 et
680 1225 807 1274 norme,
828 1203 861 1266 id
886 1212 933 1266 est
987 1201 1062 1283 quia
1074 1200 1221 1264 diabolus
1232 1201 1266 1262 in
1278 1200 1425 1283 paradiso
1437 1197 1731 1280 primumnostrum

182 1297 318 1376 lamam,
342 1310 372 1362 et
391 1303 534 1377 pieriam
558 1321 663 1363 suam.
679 1301 792 1365 Omnia
813 1301 933 1385 quippe
987 1299 1115 1382 decepit
1135 1308 1325 1381 parentem:
1346 1297 1401 1380 qui
1425 1297 1500 1359 inde
1520 1294 1671 1376 expulsus
1694 1295 1731 1353 irc

43 1419 164 1468 esses.
180 1406 318 1480 propter
330 1416 364 1461 se
380 1399 484 1480 ipsum
497 1409 645 1482 operatus
661 1407 709 1462 est
720 1401 884 1478 Dominus,
902 1409 933 1463 et
982 1400 1182 1474 paucissimo
1196 1417 1342 1470 pumero,
1360 1396 1436 1477 quie
1450 1413 1522 1458 oum
1538 1392 1606 1456 sola
1620 1408 1729 1465 uxore,

180 1496 296 1558 omnia
317 1495 395 1560 feeit
409 1497 492 1560 [leus
513 1506 548 1560 ut
564 1499 712 1561 timeatur
731 1519 738 1563 ε
760 1499 825 1562 imo
845 1499 933 1580 quid·
987 1494 1151 1557 deseendit
1173 1494 1338 1558 invallem
1360 1494 1443 1556 hanc
1464 1491 1679 1565 lacrimarum,
1697 1487 1731 1549 in

48 1611 164 1662 reatin-n
180 1591 264 1676 quid
285 1595 415 1673 creavit,
433 1597 472 1659 ad
496 1597 546 1658 sui
563 1597 665 1678 ipsius
687 1596 784 1660 reiert
797 1597 931 1678 gloriam
986 1612 1050 1676 qua
1064 1593 1165 1656 crevit
1180 1592 1212 1654 iu
1230 1592 1468 1655 multitudinem
1484 1588 1657 1663 infinitam,
1675 1586 1731 1649 ubi

44 1674 155 1728 ⁸³¹¹³¹'¹⁷·
179 1701 213 1757 et
234 1693 404 1770 honorem,
422 1714 522 1776 quum
546 1695 615 1777 ipse
637 1695 678 1757 sit
693 1696 838 1758 omnium
859 1697 932 1758 ulti·
985 1700 1015 1755 el
1031 1692 1101 1773 ojus
1113 1691 1281 1774 posteritas
1296 1689 1517 1773 multipliciter
1532 1695 1580 1750 est
1594 1684 1728 1761 afflicta,

178 1811 253 1853 mus
270 1791 361 1854 finis.
385 1795 423 1854 Ut
437 1796 481 1854 sis
497 1798 638 1871 populus
653 1803 782 1855 sanctus
797 1795 932 1854 Domini
985 1809 1021 1853 ac
1036 1791 1134 1853 variis
1149 1790 1248 1868 vitiis,
1266 1790 1330 1853 imo
1351 1798 1383 1852 et
1398 1785 1587 1852 idololatriis
1608 1783 1731 1847 involu-

176 1893 241 1952 ἢεί
258 1897 322 1962 tui,
342 1895 427 1953 sicce
443 1897 566 1954 loeutus
585 1903 641 1954 est.
659 1893 723 1956 Hoc
739 1910 803 1956 non
819 1901 868 1956 est
883 1892 931 1954 in·
949 1895 1026 1956 Bta.
1045 1887 1177 1962 Quidam
1194 1906 1270 1952 vero
1290 1908 1328 1952 ex
1350 1886 1486 1971 posteris
1506 1885 1576 1966 ejus
1596 1882 1730 1946 Domino

176 1989 496 2073 telligendum‚quod
507 1993 589 2056 Deus
601 1991 721 2056 creavit
736 2010 846 2055 omnes
856 2009 930 2072 gcn-
984 1987 1197 2063 adheserunt,
1224 1995 1256 2049 et
1280 1986 1498 2050 clamaverunt
1521 1984 1561 2046 ad
1586 1981 1693 2064 ipsum
1720 1997 1728 2041 τ

175 2097 224 2151 tes
240 2087 276 2151 in
293 2089 422 2153 laudem
443 2099 475 2154 et
498 2091 632 2170 gloriam
653 2110 754 2167 suam,
772 2099 929 2172 quatenus
983 2089 1101 2171 quibus
1125 2097 1267 2170 tempore
1290 2087 1503 2171 preordinato
1520 2084 1609 2147 misit
1627 2083 1731 2146 Salva-

175 2187 319 2269 populus
335 2188 429 2251 Israel
451 2188 493 2251 sit
513 2189 652 2272 populus
670 2198 798 2252 sanctus
814 2189 926 2270 ipsius,
984 2197 1083 2251 torem
1100 2187 1302 2268 unigenitum
1317 2186 1433 2249 lilium
1451 2204 1554 2260 suum,
1568 2199 1729 2266 perquem

174 2285 232 2346 sed
248 2284 390 2348 refertur
406 2287 445 2349 ad
462 2286 554 2364 illud,
566 2287 605 2349 lit
621 2287 718 2350 iaciat
735 2295 766 2350 te
781 2286 928 2350 excelsio
984 2289 1124 2348 tradidit
1141 2287 1187 2349 eis
1207 2297 1327 2348 terram
1344 2290 1424 2347 laete
1440 2295 1470 2346 et
1488 2288 1579 2346 mette
1596 2302 1731 2344 manan-

174 2401 243 2444 rem
271 2401 278 2444 :
304 2385 391 2464 quod
413 2393 514 2447 totum
538 2384 703 2448 ordinatur
725 2384 867 2448 finaliter
888 2386 928 2447 ad
984 2395 1058 2455 tem,
1077 2385 1109 2448 id
1133 2393 1182 2448 est
1204 2384 1372 2447 militantis
1397 2383 1546 2447 Ecclesiae
1569 2380 1731 2462 gratiosis·
1759 2425 1763 2429 ‚

175 2479 275 2542 Deum
297 2489 330 2543 et
350 2481 421 2562 ejus
440 2481 646 2565 preconium.
983 2483 1096 2547 simam
1128 2483 1405 2561 communionem,
1438 2482 1554 2545 deinde
1582 2479 1730 2543 Ecclesia

214 2577 390 2658 Postremo,
404 2582 490 2662 quod
507 2581 540 2642 in
557 2580 716 2663 principio
733 2581 829 2663 hujus
844 2583 928 2664 capi·
982 2582 1211 2664 triumphantis
1240 2580 1505 2662 gloriosissimam
1533 2579 1727 2643 societatem.

174 2675 234 2738 tuli
246 2677 370 2740 dictum
387 2686 435 2741 est
450 2679 490 2742 de
506 2678 658 2761 primitiis
675 2679 708 2741 in
725 2680 857 2744 cartallo
872 2700 928 2763 po·
981 2680 1061 2744 Hinc
1083 2680 1309 2744 ecclesiasticis
1330 2679 1537 2743 sacrementis
1559 2678 1731 2742 charisma-

174 2775 303 2854 nonnis,
328 2785 402 2855 ete,
425 2777 525 2860 aliqui
550 2777 663 2840 dicunt
688 2777 808 2841 iactum
828 2781 925 2843 semel
981 2779 1131 2862 libusque
1142 2778 1289 2862 supernis
1303 2778 1432 2860 copiose
1443 2776 1730 2859 relecti,quidquid

174 2873 343 2937 dumtaxat
366 2883 439 2957 post
459 2875 639 2956 ingressum
659 2875 692 2937 in
716 2885 832 2940 terram
857 2897 927 2960 pro
981 2877 1140 2942 bonorum
1163 2877 1267 2941 sortiti
1290 2884 1376 2955 sunt,
1390 2876 1543 2959 proximis
1559 2875 1730 2954 indigenti-

174 2971 354 3050 missionis,
367 2982 403 3035 ut
418 2973 524 3037 littera
535 2992 649 3037 sonare
664 2974 801 3052 videtur,
815 2976 848 3039 in
864 2996 926 3059 qua
981 2977 1040 3040 bus
1066 2977 1243 3040 liberaliter
1267 2976 1594 3040 communicaverunt.
1621 2975 1726 3051 Porro,

174 3087 240 3132 non
252 3070 444 3152 exprimitur
460 3080 586 3154 tempus
597 3073 926 3157 determinatumque
942 3079 963 3142 C
981 3077 1066 3158 quod
1083 3077 1236 3158 populum
1257 3076 1467 3139 christianum
1482 3076 1564 3137 tteus
1585 3071 1647 3135 sibi
1664 3091 1729 3154 prat

174 3167 248 3231 ficri
265 3169 460 3246 debuit,nisi
471 3171 557 3252 quod
573 3177 645 3252 post
656 3171 834 3250 ingressum
850 3191 927 3254 prae-
979 3175 1104 3239 cunctis
1115 3175 1247 3258 elegerit
1258 3175 1385 3258 populis
1396 3175 1430 3236 in
1443 3171 1729 3256 peculiarissimam

175 3267 291 3343 latum,
310 3287 369 3330 nec
384 3269 513 3331 additur
527 3277 564 3330 ut
579 3269 694 3350 sepius
719 3270 823 3333 lieret.
844 3273 926 3336 lose
981 3276 1119 3358 plebem,
1140 3275 1329 3356 cunctisque
1349 3274 1500 3354 gentibus
1519 3271 1629 3336 lecerit
1653 3290 1729 3353 praa

175 3366 259 3448 plius
271 3385 348 3430 vero
358 3366 403 3428 ait
413 3367 471 3429 has
482 3366 699 3449 professiones
710 3377 742 3431 et
752 3370 925 3450 gratiarum
980 3375 1159 3450 clariorem,
1182 3373 1394 3437 incilebiliter
1417 3372 1518 3454 magis
1538 3391 1632 3454 quam
1654 3371 1729 3433 lsra-

173 3463 320 3527 actiones
346 3465 419 3528 lieri
443 3465 593 3529 debuisse
615 3465 751 3547 singulis
773 3469 866 3532 annis
891 3471 925 3533 in
980 3473 1120 3536 elitioam
1151 3473 1291 3554 plebem,
1319 3471 1444 3535 eunctis
1473 3490 1548 3535 vere
1576 3469 1728 3534 fidelibus

175 3561 385 3645 Scenopegia‚
404 3563 468 3628 imo
483 3563 534 3627 bis
549 3563 582 3626 in
599 3563 662 3627 die.
981 3588 1110 3653 prorsus
1130 3569 1343 3634 certissimum
1364 3579 1422 3634 ost.

710 3995 1034 4084 ARTIGULUS
1073 3999 1193 4083 XXX

320 4267 477 4313 Expostrto
500 4269 673 4315 ttrtuttatts
695 4269 832 4316 GAPlTlibl
855 4269 984 4315 VlCESllll
1007 4271 1126 4316 sssrrtut
1150 4272 1157 4315 ἶ
1180 4272 1333 4317 rubuerit
1354 4271 1456 4317 Aurem
1477 4271 1593 4316 ttox'stts

779 4369 816 4413 ΕΤ
838 4368 982 4415 semones
1003 4369 1128 4415 poento,

240 4643 318 4707 ost
334 4643 574 4725 particularium
596 4643 823 4726 multiplicium
847 4663 925 4726 prae-
941 4647 965 4708 tt
979 4649 1064 4724 quod
1075 4649 1233 4725 precipio
1252 4649 1340 4707 vobis
1355 4650 1460 4708 tertie.
1478 4646 1579 4721 Quare
1602 4666 1665 4711 non
1681 4649 1726 4711 di-

177 4797 184 4805 .
249 4750 416 4824 ceptorum
444 4741 703 4824 descriptionem,
724 4761 809 4806 nunc
834 4743 925 4823 legis·
978 4744 1072 4823 citur,
1090 4746 1177 4820 Quod
1201 4745 1430 4828 precipimusl
1455 4746 1547 4809 Forte
1571 4747 1725 4828 quoniam

178 4840 259 4904 lator
281 4839 379 4902 variis
406 4840 511 4904 modis
536 4841 680 4906 hortatur
706 4841 858 4923 populum
884 4841 925 4904 ad
979 4843 1099 4925 Moyses
1116 4844 1178 4906 luit
1200 4843 1387 4926 principalis
1406 4853 1493 4908 actor
1508 4845 1662 4926 jussionis
1684 4845 1726 4908 is-

177 4938 415 5002 observantittm
431 4940 626 5002 eorumdem.
642 4942 802 5018 Prceeept't
817 4951 924 5002 autem
980 4941 1053 5003 liuS.
1068 4945 1237 5022 Quumque
1253 4946 1450 5004 transieritis
1464 4947 1726 5015 Jordanem,ert-

67 5047 115 5088 'rm
133 5063 160 5097 n.
177 5041 302 5116 Moyses
326 5047 357 5098 et
380 5040 531 5109 seniores,
552 5037 701 5102 videlicet
724 5038 925 5120 septuaginta
975 5047 1086 5118 pecto,
1100 5040 1507 5123 poprrlelsrael.Fititaque
1522 5041 1574 5104 bic
1590 5044 1724 5108 mutatio

177 5137 331 5212 seniores,
358 5136 415 5218 qui
442 5137 502 5199 sub
526 5137 629 5220 Moyse
655 5137 860 5219 praefuerunt,
885 5138 924 5201 dc
979 5139 1104 5201 numeri
1115 5139 1155 5200 de
1170 5139 1285 5221 plurali
1298 5139 1330 5201 in
1346 5139 1596 5221 singularem,ut
1607 5142 1723 5225 sepius

139 5285 144 5294 .
176 5235 296 5315 quibus
313 5233 498 5298 dictumest
519 5235 553 5298 in
574 5235 732 5312 Numeris,
744 5239 865 5314 populo
879 5239 925 5297 Is·
979 5236 1019 5299 lit
1035 5236 1068 5298 in
1085 5237 1268 5320 Scripturis.
1286 5237 1557 5320 Eriges,inquam,
1568 5243 1723 5318 inpentes,

176 5339 256 5406 rael,
273 5336 414 5394 dicentes
425 5353 436 5394 :
454 5336 717 5397 Custoditecmrte
732 5339 924 5398 mandatum
980 5335 1012 5397 id
1033 5345 1082 5398 est
1102 5336 1193 5399 valde
1214 5354 1358 5416 magnos,
1376 5339 1510 5415 lapides,
1526 5348 1556 5399 et
1571 5343 1655 5399 calce
1670 5345 1723 5401 lte·
