4309 6259
563 521 737 567 unxnunrto
760 522 790 566 lu
812 522 880 566 tar.
903 522 957 568 xlx
978 522 1114 567 LEVl'f'lCl.
1139 543 1176 552 -
1198 523 1269 568 All'f.
1292 523 1399 569 lelfVll

1693 503 1752 568 263

204 689 349 768 guinem.
362 690 452 752 Unde
467 688 672 771 subjungitur
685 709 692 752 :
705 694 748 752 Et
762 712 858 768 snam
873 713 952 752 mor·
967 691 992 752 Α
1008 692 1071 753 lem
1099 692 1339 756 fornicationem
1366 712 1422 756 seu
1447 693 1658 755 idololatriam
1683 712 1750 756 cor-

205 798 258 847 tuo
269 810 337 849 nou
348 791 499 849 incidetis
510 809 621 849 carnes
633 801 762 851 vestras.
771 790 833 852 llos
846 797 950 852 famen

203 887 376 968 exponitur
392 887 517 963 melius,
533 896 566 948 ut
582 888 704 950 scilicet
725 889 785 950 filii
806 890 900 951 lsrael
917 890 950 950 in

204 983 317 1047 funere
342 987 598 1068 propinquorum
624 1006 755 1049 suorum
785 1006 849 1051 non
875 987 951 1050 inei·

202 1084 316 1146 dorent
338 1102 455 1165 corpus
478 1103 570 1146 suum
598 1104 698 1166 usque
724 1087 764 1148 ad
785 1086 949 1166 sanguinis

201 1181 412 1259 effusionem,
429 1183 530 1244 instar
548 1184 729 1262 gentilium,
752 1185 807 1265 qui
833 1186 872 1246 ad
897 1186 951 1246 de

202 1280 447 1343 monstrandum
464 1282 698 1346 vehementiam
717 1283 766 1344 sui
781 1284 900 1346 doloris
916 1274 949 1344 in

201 1387 306 1441 morte
322 1397 465 1454 suorum,
476 1380 520 1441 ita
535 1399 569 1442 se
585 1379 863 1444 incideruntllinc
874 1383 950 1444 scri-

200 1485 293 1559 ptum
310 1486 359 1539 est
377 1477 410 1539 iu
425 1479 547 1541 Baruch
564 1480 603 1542 de
619 1481 835 1543 sacerdotibus
849 1481 950 1561 genti-

201 1574 281 1636 lium
300 1593 307 1636 :
326 1575 511 1640 Sacerdotes
527 1579 810 1655 sedent,habentes
828 1579 950 1642 tunicas

80 1676 85 1686 '
126 1703 130 1708 ·
201 1672 487 1757 scissasetcapita
506 1685 538 1738 et
557 1676 689 1740 barbam
712 1696 826 1739 msam.
845 1678 949 1741 Tertio

199 1791 331 1854 quoque
347 1774 466 1854 Regum
487 1775 527 1837 de
549 1776 766 1838 sacerdotibus
786 1776 858 1838 Baal
882 1794 950 1837 nar-

1008 809 1099 853 ruere
1122 791 1227 866 sinas3
1255 795 1311 853 et*
1334 795 1572 853 contaminetur
1597 803 1696 862 tenua,
1720 803 1749 854 et
1787 809 1797 829 ⁶

1007 892 1183 965 intententur
1198 892 1342 967 proculo,
1361 890 1393 952 id
1416 898 1474 966 cst,
1493 909 1533 955 ne
1548 909 1585 953 ex
1607 891 1661 952 tali
1679 909 1749 972 pro-

1006 988 1172 1051 stitutione
1197 988 1326 1070 plurimi
1359 989 1578 1068 inquinentur,
1606 998 1637 1052 ot
1666 998 1749 1052 terra

1005 1085 1211 1148 habitationis
1227 1095 1339 1149 vestrae
1355 1087 1454 1168 pollui
1470 1086 1750 1151 affirmetur.Sab-

1005 1186 1079 1244 bata
1096 1205 1164 1245 inec
1180 1188 1345 1256 custodite,
1358 1195 1387 1246 et
1401 1188 1627 1246 sanctuarium
1643 1207 1750 1248 mcum

1005 1285 1146 1353 metuite,
1171 1282 1284 1360 idest,
1308 1283 1459 1364 templum
1483 1303 1538 1346 seu
1562 1284 1748 1348 tabernacu-

1005 1379 1070 1440 lum
1088 1381 1142 1442 Dei
1165 1382 1197 1442 in
1219 1382 1395 1445 reverentia
1417 1381 1577 1459 habetote,
1590 1401 1649 1446 nee
1668 1384 1747 1445 illud

1005 1477 1124 1540 intrare
1139 1481 1349 1561 presumatis,
1368 1479 1429 1541 nisi
1448 1480 1559 1542 mundi
1575 1481 1643 1544 sive
1659 1501 1748 1546 mun·
1804 1543 1805 1546 ,

1003 1575 1081 1637 dati.
1100 1579 1169 1656 Epo
1185 1580 1353 1640 Dominus.
1373 1581 1422 1642 Ne
1438 1581 1606 1640 declinetis
1621 1583 1665 1641 ad
1680 1603 1748 1642 ma-

1000 1695 1068 1749 90³,
1085 1675 1117 1737 id
1140 1685 1188 1739 est
1210 1677 1374 1740 maleficos
1395 1677 1462 1740 sive
1482 1678 1667 1760 astrologos
1692 1679 1746 1760 qui

1003 1774 1140 1851 genetici
1157 1777 1168 1800 *
1184 1775 1395 1857 appellantur,
1417 1784 1547 1858 propter
1568 1779 1748 1842 considera-
1774 1797 1900 1870 {genaun-

199 1879 288 1932 ratur
308 1870 519 1935 :incidebant
539 1892 573 1934 se
587 1874 698 1936 cultris
717 1883 813 1954 atque
829 1874 950 1936 lanceo-
968 1876 991 1937 B
1007 1871 1123 1935 tionem
1150 1873 1273 1936 dierum
1300 1875 1464 1952 natalium,
1488 1882 1584 1957 atque
1608 1895 1646 1939 ex
1671 1877 1744 1954 situ,
1761 1873 1794 1902 ⁸⁰¹

198 1969 249 2046 lis,
260 1971 366 2033 donec
381 1971 650 2052 perfunderentur
665 1974 831 2052 sanguine.
841 1975 950 2052 Neque

195 2076 325 2146 fiyuras
340 2073 510 2149 aliquaset
524 2073 679 2148 stipmuta
689 2075 817 2153 societis
833 2074 920 2132 uobis
936 2090 948 2131 .'

196 2167 396 2230 confidendo
411 2168 444 2229 in
469 2169 596 2245 talibus,
613 2172 698 2250 quod
722 2169 754 2230 in
777 2171 855 2252 ipsis
875 2170 949 2232 cha-

195 2265 375 2328 racteribus
386 2275 418 2328 et
429 2267 698 2347 protractionibus
714 2268 947 2345 linearum‚scu

195 2365 293 2426 modo
319 2363 490 2444 effigiandi
515 2365 557 2426 sit
579 2366 691 2443 virtus,
711 2367 870 2449 praecipue
892 2386 948 2448 per

194 2472 377 2544 respectum
400 2464 440 2525 ad
460 2472 555 2540 astra,
572 2465 622 2528 vel
643 2484 682 2527 ex
705 2474 794 2547 parte
815 2465 946 2528 fociant

194 2561 373 2643 temporis:
391 2581 463 2642 qum
478 2563 587 2625 omnia
602 2572 676 2626 sunt
693 2564 944 2626 idololatriarum

134 2686 139 2692 ·
192 2661 342 2740 quaedam
360 2660 632 2740 reliquiaa,contra
647 2682 718 2742 quaa
734 2662 877 2744 loquitur
887 2663 946 2725 llu-

190 2759 342 2838 gustinus
360 2758 443 2823 libro
458 2760 500 2822 de
513 2761 662 2823 Doctrina
677 2761 861 2824 christiana.

232 2857 314 2919 ilinc
340 2856 453 2919 scribit
476 2858 665 2921 Guillelmus
683 2877 691 2920 :
708 2861 755 2921 Ad
780 2860 943 2922 vitandam

190 2975 323 3018 omnem
336 2956 525 3020 idololatrias
540 2958 770 3034 exsistentiam,
789 2978 944 3042 apparen-

1005 1980 1104 2048 motu,
1118 1991 1173 2034 seu
1189 1971 1399 2054 dispositione
1414 1992 1450 2036 ae
1470 1973 1659 2038 habitudine
1675 1977 1748 2038 stel-

1004 2069 1105 2131 larum
1123 2071 1361 2152 prognosticant
1376 2071 1459 2133 ultra
1480 2081 1511 2133 ct
1529 2073 1632 2149 aliter,
1651 2093 1747 2154 quam

1003 2168 1141 2230 naturali
1157 2169 1290 2231 scientia
1306 2169 1379 2231 sciri
1397 2171 1575 2251 potest,ch
1594 2171 1694 2234 virtus
1710 2191 1747 2235 ec

1003 2266 1174 2329 influentia
1205 2266 1333 2330 illorum
1364 2268 1506 2330 extendit
1537 2288 1600 2342 se3
1628 2291 1684 2332 nec
1709 2274 1748 2332 ab

1003 2369 1118 2427 urielis
1133 2368 1263 2446 aliquid
1278 2368 1498 2439 sciscitemini,
1515 2367 1546 2429 id
1562 2376 1620 2444 cst,
1633 2367 1747 2432 verita-

1004 2473 1066 2526 tcm
1084 2473 1289 2540 secretorum,
1312 2473 1365 2525 aut
1387 2463 1569 2528 futurorum
1584 2474 1744 2543 eventum,

1002 2581 1066 2624 non
1082 2562 1286 2642 interrogetis
1301 2562 1341 2624 ab
1357 2563 1417 2640 his,
1435 2563 1490 2645 qui
1513 2563 1588 2626 talia
1602 2563 1747 2627 divinare

1000 2680 1036 2722 ac
1053 2660 1217 2723 insinuare
1238 2669 1435 2742 praesumunt
1455 2681 1493 2724 ex
1513 2662 1631 2724 intuitu
1647 2663 1746 2726 visee-

1000 2778 1070 2820 rum
1096 2767 1127 2822 et
1157 2767 1300 2822 extorum
1329 2759 1516 2822 animalium
1548 2761 1745 2825 damonibus

999 2857 1200 2932 oblatorum;
1228 2869 1263 2919 ut
1285 2861 1487 2936 polluamini
1507 2880 1567 2937 per
1592 2881 1649 2920 eos.
1679 2865 1746 2938 Epo

998 2959 1157 3017 Dominus
1172 2961 1258 3019 Deus
1274 2957 1432 3027 oester,ad
1449 2975 1545 3037 quem
1559 2967 1744 3023 convertere

189 3055 282 3130 tiam,
309 3063 343 3117 et
367 3055 460 3134 signa
484 3056 554 3137 ejus
578 3076 616 3119 ae
640 3066 764 3134 nutum,
792 3057 979 3140 praecepitC
998 3074 1054 3118 vos
1070 3055 1204 3133 debetis,
1222 3056 1261 3118 ad
1280 3055 1541 3135 interrogandum
1557 3056 1597 3118 de
1613 3055 1741 3134 talibus,

188 3153 348 3216 Dominus
371 3153 450 3215 liliis
471 3154 565 3216 lsrael
590 3174 652 3217 non
675 3155 842 3218 consulere
860 3155 942 3218 arie

188 3251 251 3326 los,
271 3271 331 3314 nec
351 3253 521 3315 observare
541 3252 665 3316 somnia
678 3253 729 3317 vel
750 3253 893 3335 auguria,
910 3264 942 3317 et

186 3369 231 3412 nc
251 3350 453 3414 inveniretur
475 3351 507 3412 in
532 3361 615 3414 terra
633 3353 726 3415 lsrael
748 3353 938 3430 incantator,

188 3467 296 3529 noque
313 3448 494 3526 maleficus,
511 3458 567 3512 aut
581 3450 636 3531 qui
652 3450 780 3514 divinos
795 3452 940 3514 cousule-

186 3555 248 3608 ret.
267 3547 414 3628 Speciem
425 3567 553 3629 quoque
571 3549 757 3612 idololatriae
775 3550 940 3631 prohibuit

184 3646 256 3708 zelo
279 3647 405 3721 eodem,
427 3647 538 3708 dicens
556 3665 563 3708 :
581 3647 688 3728 Neque
706 3648 739 3709 in
766 3649 937 3710 rotundum

185 3743 399 3806 attondebitis
419 3763 555 3821 comam,
575 3764 633 3808 nee
654 3745 785 3807 barbam
807 3747 935 3810 radetis.

185 3843 364 3905 incisiones
375 3852 480 3905 autem
494 3863 590 3925 super
602 3853 762 3907 mortuum
779 3845 939 3907 faciebant

185 3940 376 4017 idololatrae,
395 3941 438 4002 ita
453 3950 667 4005 monstrantes
684 3943 936 4022 magnitudinem

184 4040 235 4100 sui
252 4040 402 4102 moeroris
419 4038 451 4101 in
468 4049 570 4102 morte
585 4059 741 4116 carorum,
755 4042 793 4102 ad
810 4041 937 4122 placan-

182 4138 261 4198 dum
286 4137 365 4200 deos
392 4136 569 4200 inferorum
588 4156 595 4200 :
612 4140 697 4220 quod
722 4139 813 4200 multi
834 4141 936 4203 adhuc

997 3152 1023 3214 si
1042 3152 1140 3216 fuerit
1155 3163 1382 3237 opportunum,
1401 3153 1484 3216 sicut
1499 3173 1556 3236 per
1571 3154 1681 3218 lsaiam
1698 3156 1743 3218 ait

997 3251 1133 3333 Spiritus
1150 3251 1284 3315 Sanctus
1298 3252 1478 3333 :Numquid
1494 3271 1558 3316 non
1574 3272 1593 3315 a
1607 3254 1669 3316 Deo
1685 3273 1742 3318 suo
1759 3268 1790 3311 n.
1801 3283 1844 3320 nn,
1858 3272 1888 3314 n.
1913 3277 1918 3289 ·

996 3351 1132 3431 populus
1149 3359 1269 3431 quaeret
1285 3355 1296 3412 l

1037 3449 1740 3527 Coruncanocapitecensurquencsenim,

994 3546 1109 3609 ceteris
1128 3547 1269 3629 paribus,
1288 3555 1362 3609 sunt
1382 3547 1625 3629 praehonorandi
1648 3551 1743 3613 corde

994 3653 1026 3706 et
1050 3646 1142 3724 signo
1163 3645 1335 3708 exteriori:
1355 3665 1427 3707 nam
1449 3654 1480 3708 et
1502 3643 1572 3727 ipse
1596 3656 1741 3711 senectus

994 3751 1042 3805 est
1064 3762 1163 3805 unum
1186 3762 1386 3824 eorumquae
1408 3743 1572 3806 hominem
1588 3743 1740 3809 officiunt

993 3842 1220 3904 venerandum.
1234 3841 1266 3902 ln
1283 3841 1412 3903 senibus
1427 3860 1555 3923 quoque
1569 3842 1674 3905 solent
1690 3863 1739 3906 cx·

992 3939 1150 4022 parientia
1170 3949 1201 4002 ct
1222 3939 1377 4021 sapientia
1398 3939 1571 4018 abundare,
1589 3942 1737 4021 quamvis

992 4038 1025 4099 in
1042 4037 1213 4119 decrepitis
1230 4037 1319 4116 vigor
1339 4056 1489 4100 sensuum
1511 4039 1624 4120 visque
1644 4039 1737 4102 intel-

991 4136 1092 4199 lectus
1112 4135 1265 4218 paulatim
1286 4137 1480 4198 decrescant.
1498 4136 1530 4198 Si
1552 4146 1657 4200 autem
1678 4139 1735 4220 qui

183 4235 309 4298 faciunt
335 4235 369 4296 in
392 4245 495 4299 morte
517 4255 664 4299 carorum
690 4255 830 4314 suorum,
848 4241 934 4319 quod
951 4243 975 4302 D
989 4235 1094 4318 capite
1109 4254 1207 4297 canus
1224 4235 1369 4311 est,levis
1386 4234 1428 4296 sit
1443 4235 1585 4298 moribus
1600 4244 1632 4298 et
1647 4237 1735 4301 vitiis

181 4333 296 4414 utique
319 4341 369 4396 est
391 4335 431 4396 de
453 4334 599 4415 reliquiis
624 4335 811 4397 idololatrias
833 4346 864 4398 et
889 4356 936 4399 sa-

180 4449 312 4493 crorum
331 4431 485 4494 Plutonis.
505 4432 656 4512 Stigmata
672 4451 748 4495 vero
763 4442 795 4495 et
814 4432 934 4513 figuras

179 4529 288 4591 adhuc
305 4529 542 4610 faciuntaliqui
553 4529 934 4607 Christiani,etdefer'unt

179 4646 230 4701 ea,
258 4635 441 4707 vocantque
471 4628 594 4704 brevia,
622 4636 653 4690 ct
683 4629 715 4689 in
746 4631 933 4712 corporibus

180 4727 336 4808 propriis
363 4734 396 4788 et
417 4727 450 4788 in
475 4727 593 4789 chartis
618 4747 656 4790 ae
681 4728 818 4790 metallis
836 4746 843 4789 :
861 4748 932 4810 quaa

177 4824 290 4886 omnia
311 4831 369 4886 aut
391 4833 465 4886 suut
488 4825 667 4888 idololatria
686 4844 771 4902 vera,
793 4835 847 4888 aut
863 4846 932 4908 spc-

177 4923 247 4985 cies
262 4923 345 5002 ejus,
358 4942 395 4984 ae
412 4922 556 5003 reliquia
571 4924 774 5002 detestandae,
787 4924 931 4988 christia-

178 5039 231 5083 nae
246 5021 399 5100 religioni
411 5022 587 5083 contrariu.

209 5121 280 5195 Epo
290 5122 460 5179 Dominus.
466 5122 514 5183 Ne
522 5123 699 5196 parosithi-crs
707 5124 814 5199 filium
827 5133 927 5195 friam,

178 5217 212 5278 id
239 5226 298 5292 est,
321 5235 393 5278 cam
420 5215 454 5277 in
480 5217 625 5299 lupanari
651 5238 715 5282 non
741 5239 852 5302 ponas,
871 5240 929 5283 neo

177 5313 308 5376 libidini
324 5314 468 5393 generali
484 5333 634 5396 exponas,
652 5336 710 5379 nee
725 5318 765 5380 ad
781 5318 929 5400 spiritua-

989 4334 1167 4409 induratuS,
1191 4333 1259 4415 ipse
1275 4353 1308 4396 se
1324 4333 1428 4415 privat
1444 4333 1616 4396 senectutis
1632 4335 1733 4398 hono-

989 4451 1033 4494 re.
1060 4431 1119 4505 Qui
1145 4451 1220 4496 vero
1244 4451 1282 4494 ex
1312 4431 1447 4493 naturali
1474 4440 1528 4493 aut
1552 4432 1731 4495 inevitabili

988 4549 1083 4592 causa
1098 4530 1263 4612 puorilizat
1273 4529 1306 4590 in
1323 4529 1479 4604 senio,est
1494 4530 1546 4611 pio
1558 4532 1732 4612 portandus

987 4638 1019 4691 ot
1043 4629 1176 4691 honeste
1201 4629 1393 4691 tractandus.
1416 4631 1458 4689 Et
1483 4632 1605 4690 honora
1624 4649 1731 4707 perso-

986 4730 1188 4788 aerumnis:
1208 4727 1293 4808 quod
1318 4747 1336 4789 a
1361 4727 1538 4790 minoribus
1554 4729 1729 4809 presertim

988 4826 1179 4888 servandum
1211 4835 1268 4888 ost.
1292 4826 1380 4888 Unde
1410 4835 1441 4888 ct
1465 4826 1580 4888 Paulus
1605 4837 1729 4908 aposto-

985 4925 1035 4986 lus
1045 4942 1051 4985 :
1063 4924 1236 5000 Sameram,
1250 4924 1366 5005 inquit,
1380 4943 1419 4986 ne
1435 4925 1659 5006 increpaveris,
1673 4927 1727 4989 sed
1751 4937 1874 4989 tumus.

984 5023 1116 5085 obsecra
1146 5031 1181 5084 ut
1211 5031 1343 5105 patrem.
1375 5022 1414 5082 Et
1444 5022 1475 5082 in
1506 5022 1727 5086 Ecclesiastico

984 5122 1119 5184 habetur
1146 5138 1153 5182 :
1179 5121 1211 5182 ln
1237 5120 1441 5183 multitudine
1471 5119 1726 5202 presbyterorum
1763 5143 1872 5195 scaren,

983 5220 1186 5303 prudentium
1200 5229 1257 5296 sta,
1271 5228 1302 5280 et
1316 5238 1354 5281 ex
1369 5219 1464 5281 corde
1479 5219 1642 5300 sapientie
1658 5218 1727 5280 illo·
1741 5210 1774 5250 ³⁵·

983 5338 1053 5380 rum
1075 5319 1280 5398 conjungere.
1298 5317 1336 5379 Et
1357 5335 1467 5378 rursus
1487 5317 1725 5380 Ecclesiasticus
