4309 6259
590 508 763 555 autumno
785 508 814 553 ur
836 507 904 553 aar.
929 504 982 551 xn
1003 506 1105 552 mour.
1128 525 1168 536 -
1188 506 1259 553 aur.
1283 506 1344 552 riu
1705 486 1742 553 l'i

190 674 223 736 in
240 676 488 743 Deuteronomio
504 688 616 761 aperte
631 678 827 741 scribuntur.
845 677 940 740 Porro
955 676 981 739 A
998 685 1058 739 lur.
1074 681 1165 746 Quod
1179 680 1209 737 si
1219 681 1364 755 pretimn
1380 680 1411 737 ei
1424 680 1526 755 scierit
1542 680 1739 755 impositum,

189 773 345 855 Iosephus
368 776 460 852 dixit,
481 777 567 857 quod
590 777 715 840 cruenti
735 776 863 840 oculum
886 774 940 837 ali·
995 776 1027 837 id
1044 784 1103 852 est,
1117 776 1142 837 si
1159 775 1199 838 de
1213 776 1377 840 voluntate
1393 777 1646 860 propinquorum
1661 776 1742 840 occi·

189 873 281 951 cujus
303 873 436 952 injuste,
454 877 613 937 eruendus
632 883 680 937 est
697 875 819 950 oculus,
838 872 865 935 si
886 873 940 935 ille
995 874 1031 951 si,
1047 874 1142 937 luerit
1157 873 1288 937 domino
1303 875 1394 938 bovis
1408 875 1556 956 imposita
1566 874 1741 938 satisfactio

189 970 374 1033 exoculatus
390 974 544 1053 exegerit;
555 972 582 1035 si
595 992 671 1037 vero
686 972 834 1035 maluerit
849 989 940 1053 pecu·
995 991 1051 1035 seu
1065 990 1161 1054 poena
1176 973 1475 1054 pecuniaria3dabit
1485 995 1547 1050 pro
1557 976 1670 1035 aalma
1680 995 1741 1034 sua

190 1068 325 1131 niariam
349 1070 603 1134 satisfactionem
625 1072 753 1148 habere,
771 1069 887 1152 poterit
909 1068 938 1131 ei
994 1072 1158 1152 quidquid
1170 1073 1273 1150 suerit
1285 1070 1742 1154 postulatusidestprolibe

189 1166 264 1229 dare
289 1170 466 1231 secuudum
492 1170 683 1233 sententiam
708 1168 880 1249 judicum:
908 1173 939 1229 et
995 1169 1117 1231 ratione
1142 1189 1199 1232 sua
1220 1178 1366 1245 amone,
1382 1169 1539 1251 quidquid
1564 1171 1739 1233 secundum

190 1264 249 1327 hoc
265 1266 465 1347 probabilius
482 1277 584 1331 sonat.
994 1266 1219 1331 discretionem
1229 1268 1372 1349 judicum
1384 1267 1556 1349 propinqui
1568 1268 1738 1350 exegerint

229 1366 270 1425 Si
289 1370 485 1442 percusserit
510 1369 675 1447 quispiam
699 1370 829 1427 oculum
853 1364 939 1425 serui
992 1367 1120 1426 Filium
1140 1386 1264 1445 quoque
1282 1376 1312 1426 et
1326 1369 1433 1444 filiam
1452 1369 1482 1425 si
1500 1386 1601 1427 cornu
1612 1386 1740 1445 percus-

188 1464 242 1522 sni
263 1473 323 1525 aut
346 1468 486 1538 ancilla,
510 1476 540 1525 et
562 1470 663 1526 luscos
685 1486 735 1525 eos
756 1465 880 1541 fecerit,
905 1462 938 1525 id
992 1466 1082 1536 serit,
1109 1464 1140 1526 id
1165 1471 1224 1542 est,
1250 1464 1278 1526 si
1304 1465 1361 1528 bos
1386 1474 1561 1547 cornupeta
1586 1466 1739 1529 invaserit

189 1569 237 1623 εει
253 1560 446 1644 impotentes
461 1564 500 1626 ad
516 1562 702 1640 videndum,
716 1561 865 1628 videlicet
882 1580 939 1623 cer
992 1570 1088 1643 alque
1108 1563 1261 1626 occiderit
1285 1563 1406 1645 prolem
1421 1563 1558 1646 alicujus
1573 1573 1739 1645 quantum·

188 1678 260 1723 eos:
274 1679 349 1723 nam
366 1661 672 1743 sequitur,dirniiiet
687 1684 737 1722 eos
753 1663 865 1721 libands
876 1680 938 1738 pro
993 1659 1071 1722 libel
1088 1660 1412 1735 infantulum3simili
1430 1665 1739 1741 sentenlioesubjace·

188 1763 278 1819 oculo
293 1781 390 1839 quem
405 1763 503 1833 eruit,
520 1760 616 1824 idest
632 1778 728 1842 quem
745 1760 815 1823 visu
836 1758 938 1840 priva·
993 1760 1038 1819 bit
1056 1760 1205 1823 domiuus
1221 1760 1323 1835 boris,
1334 1759 1367 1823 id
1382 1770 1440 1837 εει,
1451 1763 1595 1824 eamdem
1610 1780 1737 1843 poeuam

187 1857 244 1919 vit.
262 1857 348 1919 Talis
369 1858 455 1920 enim
478 1876 647 1940 percussor
668 1856 842 1921 enormiter
865 1858 976 1938 pec-B
992 1856 1144 1937 incurret,
1161 1860 1240 1921 acsi
1256 1860 1313 1923 bos
1333 1860 1404 1942 ejus
1423 1869 1597 1944 cornupeta
1617 1861 1738 1924 occide

187 1964 238 2017 cat
255 1975 262 2019 :
286 1956 358 2019 ideo
376 1957 500 2039 justum
526 1965 574 2019 εει
599 1965 634 2019 ιιι
658 1975 769 2019 eorum
794 1956 938 2038 privetur
992 1954 1033 2017 rit
1047 1957 1151 2020 virum
1166 1967 1221 2020 aut
1236 1956 1411 2033 feminam;
1428 1958 1486 2022 bos
1500 1977 1629 2040 quoque
1644 1959 1704 2021 sim
1712 1959 1736 2021 i-

186 2054 355 2136 ohsequio,
381 2074 461 2137 quos
484 2064 549 2118 tam
571 2056 789 2117 inhumaniter
811 2061 935 2116 tractat.
993 2054 1064 2117 liter
1085 2056 1288 2137 lapidabitur.
1311 2060 1351 2119 Si
1369 2078 1498 2118 sacam
1518 2061 1735 2138 ancillamque

186 2152 264 2215 Nam
279 2154 428 2235 quamvis
445 2154 540 2217 liceat
555 2154 686 2218 domino
703 2152 852 2233 infligere
876 2152 938 2216 dis·
991 2155 1148 2215 invaserit
1162 2165 1191 2215 et
1206 2157 1562 2235 interfeceril,tripinta
1577 2159 1669 2217 siclos
1685 2178 1738 2217 ar-

186 2251 343 2333 ciplinam
365 2270 456 2316 servo
478 2252 636 2335 emptitio,
654 2253 714 2316 hoc
738 2260 843 2315 tamen
864 2270 936 2337 cum
987 2253 1340 2327 penticlabitdomino,
1358 2254 1464 2330 idest,
1483 2254 1632 2316 dominus
1645 2252 1737 2317 bovis

187 2350 406 2414 moderatione
426 2350 499 2413 fieri
521 2351 627 2428 debet,
652 2352 827 2415 secundum
848 2369 937 2413 men·
992 2355 1112 2411 tantam
1127 2349 1216 2413 dabit
1236 2352 1405 2434 pecuniam
1427 2351 1559 2415 domino
1581 2352 1665 2415 servi
1680 2371 1736 2415 seu

187 2467 295 2510 suram
311 2457 344 2512 et
358 2448 549 2529 exigentiam
572 2449 685 2531 culpa.
706 2452 837 2509 Dealem
858 2468 934 2527 quc
990 2448 1116 2511 ancillae
1130 2451 1243 2512 occisae
1258 2468 1276 2511 a
1292 2451 1382 2514 bove.
1393 2450 1481 2524 Quod
1497 2459 1602 2514 tamen
1620 2451 1736 2513 iutelli-

186 2568 248 2626 que
269 2550 300 2607 si
324 2550 498 2609 encamseril
527 2569 617 2609 servo
641 2569 698 2609 suo
728 2551 779 2607 vel
806 2548 936 2607 ancillae
990 2544 1076 2625 gitur
1092 2548 1238 2611 deservo
1253 2557 1285 2611 et
1300 2548 1417 2611 ancilla
1436 2549 1610 2629 gentilibus
1635 2549 1736 2631 :quia

185 2667 263 2720 auce,
289 2650 445 2707 similiter
472 2649 615 2708 dimittet
638 2668 695 2707 eos
726 2648 851 2716 liberos,
878 2664 935 2728 pro
991 2644 1018 2705 si
1042 2645 1210 2709 occidisset
1234 2666 1361 2710 serrum
1375 2648 1541 2711 Hebraeum
1561 2657 1617 2711 aut
1637 2648 1737 2711 ancil-

187 2746 282 2807 dente
298 2764 368 2808 suo.
381 2745 466 2808 istud
481 2764 609 2828 quoque
625 2745 870 2825 intelligendum
886 2752 935 2807 est
991 2743 1053 2805 lam
1075 2744 1249 2823 Hebraeam,
1274 2745 1423 2810 dominus
1448 2746 1538 2810 bovis
1561 2748 1736 2830 promeruit

186 2844 226 2905 de
251 2862 344 2907 servo
368 2852 400 2906 et
423 2844 540 2907 ancilla
563 2844 751 2925 gentilibus,
780 2843 810 2906 si
845 2842 932 2905 enim
990 2851 1137 2905 mortem.
1154 2844 1296 2925 Denique
1310 2845 1396 2926 quod
1411 2846 1451 2907 de
1466 2844 1547 2909 bore
1561 2854 1736 2927 cornupeta

186 2960 279 3005 servo
303 2949 359 3004 aul
380 2941 506 3005 ancillae
532 2943 671 3005 Hebraeae
699 2941 934 3005 mutilationem
990 2939 1111 3003 dictum
1136 2949 1194 3017 est,
1221 2942 1260 3003 de
1288 2941 1361 3003 aliis
1387 2960 1514 3023 quoque
1542 2942 1734 3004 animalibus

186 3040 361 3117 intulisset,
377 3041 417 3103 ad
428 3060 557 3123 poenam
574 3041 701 3105 talionis
717 3040 930 3121 obligabatur.
952 3037 1172 3109 Cdomesticis
1193 3049 1248 3101 ant
1269 3040 1436 3122 possessis,
1460 3040 1487 3101 si
1510 3039 1591 3102 fiant
1613 3040 1658 3101 ita
1682 3039 1732 3102 lee-

226 3142 266 3203 Si
280 3142 332 3201 bos
347 3160 449 3204 cornu
462 3144 665 3219 percusserit,
685 3140 717 3202 id
740 3148 788 3203 est
811 3140 933 3203 invase
991 3137 1057 3200 siva
1074 3145 1106 3200 et
1122 3138 1311 3220 impetuosa,
1329 3138 1455 3200 videtur
1474 3137 1729 3218 intelligendum.

185 3237 238 3315 rit,
262 3240 379 3299 virum
394 3248 452 3300 aui
476 3240 657 3310 mulierem,
681 3249 710 3299 el
736 3240 857 3299 mortui
880 3240 935 3315 sa·
989 3239 1052 3295 Bos
1066 3256 1138 3296 cero
1155 3238 1318 3313 lapidibus
1336 3238 1548 3315 opprimetur.
1567 3236 1730 3313 Similiter,

184 3339 271 3398 erim
294 3356 333 3400 cx
363 3337 493 3401 lesione
521 3337 725 3419 hujusmodi:
757 3339 922 3416 lapidibus
988 3333 1074 3413 quod
1096 3334 1217 3397 dictum
1238 3344 1287 3397 est
1308 3336 1347 3397 dc
1369 3334 1498 3399 lesione
1520 3354 1577 3417 per
1599 3354 1729 3411 cornua,

185 3438 338 3497 obruetur
358 3435 426 3513 bos,
447 3454 511 3500 non
531 3436 608 3518 quia
633 3436 789 3518 peccavit,
811 3436 845 3497 in
870 3455 935 3518 quc
988 3432 1233 3514 intelligendum
1256 3451 1327 3496 reor
1346 3434 1386 3496 de
1405 3452 1606 3516 quacumque
1632 3433 1732 3496 simili

185 3535 267 3598 ratio
282 3534 373 3597 nulla
387 3544 446 3611 est,
459 3535 514 3597 sad
530 3536 563 3596 in
580 3535 821 3597 detestationem
838 3553 935 3598 nccu-
989 3530 1129 3607 lesione,
1146 3542 1221 3613 quea·
1237 3530 1309 3595 fieri
1330 3540 1433 3613 potest
1452 3533 1638 3609 mordendo,
1661 3550 1734 3595 cou-

185 3633 287 3695 menti
303 3632 397 3709 illati,
413 3640 445 3695 ει
460 3651 501 3695 ne
520 3651 558 3695 ex
578 3633 650 3695 talis
671 3632 762 3695 bovis
782 3633 935 3714 adspectu
988 3628 1154 3707 sulcando,
1172 3630 1377 3712 calcibusque
1392 3631 1552 3695 caedendo.

184 3740 396 3812 gravarentur
414 3731 577 3807 ridentem
596 3742 625 3792 et
646 3754 708 3793 noa
730 3736 934 3793 comedentur
1030 3730 1070 3789 Si
1079 3732 1152 3808 quis
1162 3731 1327 3808 aperuerit
1336 3731 1519 3801 cisternam,
1529 3730 1561 3792 id
1576 3738 1635 3807 est,
1645 3748 1735 3812 oper·

184 3852 298 3892 camec
313 3832 394 3909 ejus.
413 3830 530 3893 Eadem
546 3831 586 3893 de
601 3850 695 3893 causa
711 3850 769 3893 nec
785 3838 934 3913 poterant
989 3827 1098 3890 culum
1120 3828 1291 3892 removerit
1312 3848 1330 3891 a
1351 3828 1489 3890 cisterna
1509 3829 1575 3909 jam
1598 3828 1690 3905 iacta,
1704 3839 1734 3890 et

186 3930 359 4007 rendi,sed
374 3929 542 4012 putrefieri
558 3930 756 3993 sinebantur.
774 3933 935 3992 Dominus
989 3929 1108 4007 foderit
1128 3927 1216 3990 illam
1236 3928 1402 4009 purgando
1421 3935 1476 3989 aut
1496 3926 1732 4009 profundando,

184 4050 309 4109 quoque
329 4030 416 4089 bovis
439 4030 591 4090 inuocem
614 4030 689 4099 erit,
714 4028 790 4110 quia
814 4028 932 4091 lactum
989 4025 1153 4089 eulaliam
1170 4025 1333 4102 fodiendo,
1348 4036 1377 4087 ct
1392 4046 1457 4086 non
1474 4028 1633 4103 operuerit
1648 4046 1733 4097 eam,

185 4127 266 4189 illud
281 4126 312 4189 ei
329 4145 393 4191 uon
413 4134 536 4208 poterat
552 4127 715 4209 imputari,
732 4145 770 4189 eo
786 4128 871 4209 quod
890 4127 935 4188 ni·
990 4126 1173 4206 reponendo
1192 4123 1427 4206 operimentum
1447 4142 1543 4206 super
1562 4123 1733 4186 cisternam

185 4225 230 4287 hil
253 4225 408 4308 percepit,
431 4244 489 4288 neo
512 4224 659 4308 prescire
684 4226 788 4307 potuit
810 4226 934 4308 aliquid
948 4229 973 4291 ll
989 4222 1202 4304 priorem,aut
1217 4241 1287 4285 eam
1298 4240 1393 4304 quam
1411 4220 1492 4284 fodit
1508 4222 1547 4284 de
1563 4240 1657 4299 novo,
1668 4241 1732 4286 non

185 4323 248 4387 tale
264 4323 480 4407 impetuosum
496 4325 535 4387 de
550 4342 608 4387 suo
623 4324 715 4387 bove.
735 4327 868 4393 Quodsi
883 4327 934 4385 bos
988 4321 1200 4403 cooperiendo
1213 4346 1221 4398 ;
1237 4322 1447 4399 cecideritque
1462 4322 1513 4380 bos
1533 4331 1590 4381 aut
1609 4323 1732 4390 asinus,

182 4434 360 4501 cornupeta
373 4425 477 4500 fuerit
492 4425 532 4483 ab
546 4424 617 4483 deri
632 4432 661 4483 et
680 4425 930 4495 nudiustertius,
987 4420 1038 4485 vel
1053 4420 1141 4482 aliud
1157 4418 1366 4483 domesticum
1382 4417 1513 4494 animal,
1523 4418 1646 4482 seilicet
1660 4420 1730 4482 ovis

182 4521 291 4597 idest,
310 4520 337 4583 si
356 4519 526 4603 aliquoties
548 4519 688 4602 aliquem
710 4538 811 4584 cornu
834 4521 932 4603 impe
986 4528 1041 4581 aut
1055 4538 1168 4601 equus,
1177 4520 1215 4578 in
1229 4539 1300 4579 eam
1307 4542 1321 4589 ,·
1335 4519 1488 4578 dominus
1502 4520 1647 4580 cisterna
1662 4523 1732 4580 red·

180 4620 243 4695 tiit,
260 4630 291 4681 el
315 4620 482 4680 contestati
501 4627 578 4679 sunt
601 4621 773 4679 dominum
799 4621 879 4697 ejus,
898 4618 930 4681 id
984 4622 1037 4679 det
1054 4620 1196 4695 pretium
1206 4618 1446 4695 jumentorum,
1465 4615 1497 4678 id
1517 4624 1576 4694 est,
1598 4618 1731 4681 domino

177 4728 237 4795 est,
265 4717 314 4780 illi
339 4716 396 4798 qui
422 4717 692 4800 impetuositatem
718 4717 809 4781 bovis
836 4736 931 4781 nove·
984 4716 1132 4779 animalis
1159 4714 1241 4799 lapsi
1267 4734 1304 4778 ao
1329 4714 1445 4796 perditi
1470 4714 1646 4778 satisfaciet
1673 4736 1731 4798 pro

176 4826 262 4895 runt,
288 4816 497 4879 avisavernnt
520 4833 735 4897 possessorem
762 4816 864 4898 ipsius
888 4817 927 4879 de
984 4815 1100 4878 damno
1114 4814 1200 4896 quod
1215 4834 1328 4897 passus
1343 4821 1401 4876 est.
1416 4817 1507 4883 Quod
1522 4824 1631 4877 autem
1649 4836 1732 4875 mor-

174 4916 247 4994 hon,
263 4937 322 4979 nec
335 4918 469 4977 reclusit
482 4934 567 4987 eum,
584 4917 796 4997 occideritque
811 4918 921 4977 virum
985 4924 1077 4975 tuum
1098 4924 1153 4991 est,
1175 4915 1279 4993 ipsius
1298 4916 1374 4983 erit,
1395 4911 1427 4974 id
1449 4920 1508 4991 est,
1535 4912 1666 4977 domino
1688 4912 1731 4976 ci·

174 5026 233 5077 aul
249 5017 422 5077 mulierem
433 5038 446 5086 ,·
460 5024 490 5075 ei
510 5016 561 5075 bos
578 5016 741 5091 lapidibus
761 5016 923 5087 obruetur,
984 5020 1099 5078 sternes
1113 5013 1204 5075 cedet
1222 5011 1308 5094 quod
1328 5011 1516 5075 extrahitur.
1534 5014 1620 5075 istud
1637 5011 1731 5075 intel-

174 5126 204 5177 et
218 5117 392 5177 dominum
408 5115 504 5175 illias
518 5114 681 5174 occident:
697 5112 773 5194 quia
794 5113 926 5178 homici—
983 5111 1147 5193 ligandum
1159 5111 1296 5188 videtur,
1304 5110 1330 5173 si
1347 5112 1496 5174 dominus
1510 5111 1656 5174 cisterna
1674 5130 1731 5192 per

177 5214 266 5277 dium
293 5213 375 5277 illud
397 5212 428 5276 ei
449 5213 534 5294 juste
559 5211 745 5294 imputatur,
762 5212 838 5294 quia
863 5232 927 5277 nou
983 5230 1017 5275 se
1032 5212 1138 5295 ipsum
1155 5209 1311 5287 fodit,aut
1326 5209 1461 5274 fodienti
1477 5229 1581 5291 usque
1596 5211 1635 5272 ad
1653 5218 1732 5273 lem·

178 5312 298 5377 restitit
323 5310 506 5375 imminenti
531 5310 673 5394 periculo
698 5311 780 5373 sicut
801 5312 928 5375 teneba-
983 5332 1043 5395 pus
1052 5310 1218 5395 operiendi
1228 5309 1416 5385 adstitit,vel
1428 5310 1468 5373 de
1478 5309 1653 5391 operiendo
1666 5329 1731 5373 non

307 5446 342 5497 Τ.
357 5446 383 5495 2.
1593 5444 1610 5494 2
