4309 6259
608 519 785 568 mrtocnrro
806 522 837 567 ur
858 521 1107 571 runraruucnun.
1131 543 1171 554 -
1191 526 1262 571 ans.
1286 523 1307 571 x
1668 502 1724 569 fil

222 690 553 773 Denique,sicutante
564 691 666 771 legem
677 692 828 775 scriptam
839 704 930 758 erant
943 695 968 757 Α
983 696 1026 759 sit
1039 696 1079 759 ab
1095 697 1234 780 antiquat
1256 696 1335 777 legis
1355 695 1500 759 interiori
1521 696 1619 773 cultu,
1637 702 1669 758 et
1689 713 1726 759 eo

178 789 347 871 judicialia
362 792 507 872 quaedam
527 800 696 876 precepta,
714 811 778 856 non
798 794 928 876 quidem
984 796 1166 879 perfectior,
1179 796 1338 878 statuique
1355 795 1516 859 felicitatis
1533 795 1647 857 futurae
1658 813 1728 877 pro

179 906 220 950 ex
237 887 439 953 institutione
455 890 575 967 divina,
593 891 648 953 sed
669 891 807 954 naturali
827 892 930 956 homi·
983 895 1150 977 pinquior;
1165 896 1236 958 ideo
1252 894 1477 958 caerimonialia
1489 913 1578 957 novae
1594 894 1671 973 legis
1682 893 1727 956 di-

180 1005 260 1050 num
281 988 405 1052 ratione
424 988 589 1064 ordinata3
607 989 653 1053 sic
675 998 766 1054 erant
788 999 820 1055 et
841 992 930 1054 caeri-
982 994 1103 1073 stingui
1116 992 1728 1076 oportetacaerimonialibusveterislc-

180 1086 335 1150 monialia
350 1087 459 1169 aliqua
472 1096 547 1151 ante
562 1088 675 1168 legem,
693 1108 756 1153 non
778 1108 817 1152 ex
838 1090 929 1152 insti·
981 1092 1037 1172 gis,
1045 1092 1156 1173 eisquc
1166 1092 1402 1173 expressioraet
1413 1091 1539 1173 puriora
1549 1092 1724 1155 consistere

180 1185 306 1250 tutione
320 1186 441 1264 divina,
460 1189 515 1250 sed
536 1188 711 1251 secundum
731 1188 928 1253 voluntatem
1022 1191 1117 1254 Porro
1142 1189 1193 1253 len
1218 1210 1309 1267 nova,
1329 1189 1379 1252 lex
1403 1190 1511 1272 gratia
1536 1190 1725 1273 appellatur,

179 1283 452 1367 devotionemque
476 1285 650 1350 colentium
675 1286 774 1349 Deum
796 1304 929 1368 :quem-
983 1288 1066 1352 sicut
1081 1290 1121 1351 ad
1137 1289 1292 1352 Romanos
1315 1288 1359 1350 ait
1374 1289 1542 1370 Apostolus
1561 1308 1567 1351 :
1585 1288 1648 1351 Lex
1664 1289 1728 1370 spi·
1740 1302 1873 1353 nomn-na

179 1382 354 1446 admodum
370 1383 549 1448 oblationes
569 1394 602 1447 et
621 1384 781 1449 sacrificia
795 1394 828 1449 et
843 1386 929 1449 holo
982 1388 1063 1449 ritus
1079 1388 1152 1451 vita
1172 1387 1204 1449 in
1220 1388 1344 1451 Christo
1364 1388 1449 1465 lesu,
1467 1387 1616 1451 liberavit
1637 1407 1688 1451 me
1709 1408 1728 1451 a

179 1490 291 1545 causta
302 1484 479 1547 seeundum
490 1485 653 1567 propriam
669 1504 734 1548 suae
749 1485 928 1550 devotionis
983 1487 1053 1567 lege
1073 1486 1196 1569 peccati
1221 1494 1252 1549 et
1276 1485 1399 1549 mortis.
1422 1485 1526 1548 Gratia
1550 1495 1655 1549 autem
1680 1494 1728 1549 cst

179 1580 427 1647 estimationem
456 1582 638 1647 offerebant
666 1584 816 1671 antiqui,
835 1593 930 1667 prout
983 1584 1132 1667 qualitas,
1145 1586 1248 1662 decor,
1261 1594 1356 1666 atquc
1371 1583 1526 1667 perfectio
1541 1584 1665 1647 animat.
1684 1584 1728 1647 ld·

180 1680 229 1743 eis
252 1700 432 1763 congruum
458 1683 636 1761 videbatur,
662 1684 757 1745 utin
787 1683 882 1747 rebus
911 1703 930 1745 a
983 1702 1021 1746 eo
1037 1684 1088 1746 lex
1104 1702 1185 1747 nova
1197 1702 1260 1747 non
1273 1684 1401 1765 proprie
1412 1683 1530 1745 dicitur
1540 1684 1590 1745 len
1601 1684 1726 1766 scripta,

180 1780 246 1844 Deo
267 1782 427 1865 perceptis
451 1783 551 1846 Deum
571 1792 800 1847 venerarentur
821 1783 930 1864 aliqua
984 1783 1040 1844 sed
1065 1782 1178 1859 indita,
1208 1782 1299 1864 qnasi
1325 1782 1546 1863 principaliter
1569 1782 1603 1845 in
1627 1782 1728 1862 gratia

180 1879 212 1943 ei
238 1879 409 1944 offerendo
427 1904 435 1957 3
461 1901 518 1964 per
542 1902 613 1964 qua
640 1902 673 1945 se
698 1882 806 1947 omnia
827 1902 846 1945 a
866 1883 930 1945 Deo
947 1880 1100 1949 BGhristi
1117 1880 1306 1945 consistens.
1323 1880 1386 1943 Lex
1400 1900 1475 1962 ergo
1492 1900 1573 1945 nova
1588 1890 1727 1945 veterem

181 1979 313 2043 sortitos
329 1979 569 2062 profiterentur,
581 1981 674 2063 quasi
689 2002 708 2045 a
723 1982 827 2064 primo
843 1981 931 2063 prin·
985 1979 1192 2062 implet,quia
1206 1981 1293 2061 quod
1309 1979 1337 2042 ci
1353 1978 1729 2058 defuit,addit,videlicet

180 2078 279 2161 cipio,
297 2087 394 2161 atque
409 2080 449 2142 ad
466 2099 538 2143 eum
554 2088 669 2144 cuncta
685 2081 852 2158 referrent,
871 2081 931 2143 sic·
984 2077 1191 2161 perfeetionis
1207 2077 1351 2155 consilia,
1364 2079 1498 2158 gratiam
1514 2098 1641 2160 quoque
1653 2097 1730 2160 prae-

179 2186 217 2239 ut
247 2177 281 2240 in
312 2178 463 2241 ultimum
490 2179 590 2243 finem
620 2199 847 2262 summumque
874 2179 931 2243 bo-
984 2176 1064 2239 bens
1077 2195 1115 2239 ex
1131 2176 1244 2239 merito
1260 2175 1418 2258 passionis
1428 2176 1623 2257 Christique
1634 2176 1729 2239 homo

179 2276 500 2358 num.Sedquoniam
516 2287 589 2342 ante
605 2279 707 2360 legem
722 2279 852 2361 quidam
867 2278 930 2343 riri
984 2285 1098 2357 potens
1121 2274 1265 2339 efficitur
1287 2274 1421 2356 implere
1445 2294 1517 2357 quaa
1544 2274 1730 2357 praecipiun-

179 2374 316 2458 perlecti
345 2385 377 2439 et
407 2377 523 2459 spiritu
554 2378 712 2459 pollentes
743 2378 929 2460 prophetico
984 2374 1181 2438 tur.Umbrae
1196 2374 1303 2451 etiam,
1318 2375 1492 2456 prophetie
1507 2382 1603 2456 atque
1619 2374 1730 2453 figurae

179 2474 383 2550 exstiterunt,
401 2476 555 2539 credibile
580 2485 639 2553 est,
662 2476 741 2540 tales
765 2496 784 2539 a
809 2475 930 2559 Spiritu
984 2475 1101 2539 veteris
1127 2474 1218 2555 legis,
1246 2474 1278 2535 in
1304 2473 1429 2536 Christo
1459 2474 1498 2536 ad
1523 2473 1674 2537 effectum
1699 2482 1730 2537 ct

181 2573 299 2637 Sancto
317 2572 417 2637 fuisse
432 2574 580 2638 inductos
599 2583 631 2639 et
650 2584 754 2638 motos
774 2577 814 2637 ad
830 2577 931 2640 deter—
983 2572 1150 2635 veritatem
1170 2573 1330 2654 perductae
1354 2581 1437 2634 sunt.
1460 2572 1529 2654 lpse
1550 2571 1637 2635 enim
1659 2572 1728 2635 ait:

181 2671 340 2734 minatum
370 2680 402 2735 et
428 2680 550 2736 certum
576 2673 679 2735 divini
703 2673 808 2736 cultus
832 2674 929 2737 ritum
983 2672 1070 2733 Unus
1092 2691 1172 2754 apex
1196 2690 1259 2735 non
1281 2670 1456 2753 praetcribit
1477 2671 1610 2750 delego,
1628 2672 1730 2737 donec
1757 2690 1867 2743 unuln,

180 2790 219 2833 ac
235 2771 378 2848 modum,
396 2772 500 2852 quiet
516 2772 661 2835 interiori
677 2772 777 2834 cultui
796 2772 851 2836 llei
872 2792 930 2855 pro
984 2771 1093 2833 omnia
1116 2769 1208 2832 fiant.
1231 2769 1353 2833 Coelum
1377 2778 1408 2833 et
1429 2778 1513 2832 terra
1535 2770 1728 2848 transibunt,
1746 2756 1819 2859 Ἃρ,
1832 2830 1875 2869 ω,

183 2877 328 2951 tempore
344 2869 400 2933 illo
415 2878 617 2951 congrueret,
634 2879 665 2933 ct
680 2873 719 2933 ad
735 2870 931 2951 designanda
985 2868 1040 2931 sed
1064 2868 1197 2933 verbum
1227 2868 1352 2930 Domini
1384 2868 1481 2930 stabit
1505 2868 1539 2930 in
1564 2879 1777 2932 aternum.³³.

181 2966 300 3030 Christi
312 2966 463 3050 mysteria
474 2968 608 3032 idoneus
619 2969 832 3032 esset.Cultus
843 2971 930 3032 enim
983 2968 1051 3030 Non
1067 2967 1153 3030 enim
1176 2974 1225 3029 est
1246 2967 1327 3029 fleus
1350 2975 1386 3029 ut
1401 2967 1507 3043 homo,
1526 2975 1561 3029 ut
1577 2975 1726 3031 mutetur.
1749 2987 1875 3039 nonnul.

181 3065 238 3128 Dei
255 3066 403 3143 exterior,
420 3066 477 3147 qui
494 3085 551 3148 per
570 3067 799 3131 cerimonialia
813 3087 930 3151 praece-
945 3069 967 3132 C
984 3066 1021 3128 Et
1036 3066 1250 3147 triumphator
1270 3066 1303 3127 in
1326 3066 1419 3129 lsrael
1443 3084 1507 3129 non
1533 3074 1651 3148 parcet,
1670 3087 1728 3131 nec
1744 3052 1828 3169 'lm
1840 3128 1874 3167 Π,

180 3172 237 3246 pta
261 3164 503 3242 determinatur,
531 3184 707 3230 consonare
737 3175 832 3248 atque
856 3185 930 3230 con·
983 3162 1183 3245 poenitudine
1205 3162 1362 3227 flectetur.
1380 3164 1497 3228 Fidelis
1517 3165 1602 3227 enim
1625 3166 1728 3229 [lomi-
1743 3178 1776 3218 2⁰-

180 3280 297 3343 gruere
312 3262 407 3326 debet
421 3263 522 3327 cultui
543 3264 652 3327 divino
673 3264 828 3342 interiori,
846 3265 929 3328 sicut
985 3284 1045 3326 nus
1061 3264 1095 3325 in
1111 3265 1259 3328 omnibus
1276 3266 1382 3328 verbis
1402 3267 1479 3344 suia,
1498 3276 1530 3330 et
1549 3276 1677 3331 sanctus
1694 3268 1726 3331 in
1744 3242 1874 3347 lpanuv.

180 3362 311 3443 siguum
327 3362 462 3445 signato,
478 3372 510 3428 et
532 3363 637 3444 figura
660 3363 809 3445 figurato.
827 3365 929 3439 Quum
983 3362 1133 3426 omnibus
1148 3363 1298 3446 operibus
1314 3364 1391 3427 suis.
1409 3366 1466 3440 Qui
1482 3374 1529 3429 est
1549 3385 1646 3449 super
1661 3386 1728 3431 om·

179 3478 257 3541 ergo
273 3459 406 3526 interior
416 3462 472 3526 Dei
487 3462 592 3525 cultus
609 3461 641 3524 in
658 3480 740 3526 nova
756 3462 835 3543 lege,
846 3462 928 3526 alius
983 3462 1037 3525 nia
1052 3462 1134 3525 Deus
1150 3462 1297 3538 sublimis
1312 3472 1344 3527 ct
1359 3463 1556 3528 benedictus.
1573 3465 1686 3530 Amen.

315 4320 637 4378 annnnnrtonon
665 4321 705 4377 ΙΝ
733 4322 917 4388 QUINQUE
944 4322 1134 4379 MOSAlCAE
1163 4325 1278 4381 LEGIS
1307 4324 1455 4383 LIBROS
1483 4327 1592 4383 FlNlS
