4309 6259
438 476 497 541 532

808 492 981 542 trahente
1003 494 1033 539 ΙΝ
1055 493 1123 539 GAP.
1147 492 1157 537 l
1178 490 1413 539 oubrsnortotssr.
1434 514 1475 523 -·
1495 492 1567 540 altr.
1590 492 1612 538 ll

437 666 585 730 Ecclesia
595 663 832 730 evidentissime
847 682 883 727 ac
899 662 1120 745 copiosissime
1135 670 1183 724 est
1198 660 1224 722 h
1239 662 1456 726 invisibilibus
1466 683 1504 726 ac
1514 662 1695 727 visibilibus
1705 681 1770 726 sua
1780 662 1892 724 salutis
1902 680 1973 743 pra

438 766 573 828 loeutus

477 863 646 940 hloraliter,
657 862 772 925 horum
787 860 933 942 exemplo
948 860 1102 923 docentur
1118 859 1184 921 ani-

438 980 560 1024 marum
583 980 691 1023 curam
711 960 874 1035 habentes,
893 966 927 1019 ut
947 966 1012 1021 tota
1032 957 1184 1020 sollieitu-

437 1059 513 1123 dine
528 1058 590 1122 sibi
605 1057 792 1121 commissos
810 1058 986 1133 hortentur,
996 1055 1181 1131 informent,

438 1157 624 1240 corripiant,
643 1164 674 1219 et
695 1164 852 1239 praecepta
867 1155 921 1218 Dei
941 1155 988 1217 eis
1004 1162 1184 1235 proponant

439 1256 634 1337 frequenter,
654 1272 821 1337 quousque
841 1272 951 1317 eorum
970 1251 1121 1315 cordibus
1140 1251 1185 1314 ef-

440 1354 582 1418 fieaeiter
598 1354 835 1436 imprimantur.
852 1351 1089 1415 Districtionem
1105 1369 1184 1432 quo-

438 1472 501 1534 que
526 1452 627 1515 divini
650 1452 777 1534 judicii,
804 1459 835 1513 et
864 1458 1021 1514 tormenta
1050 1448 1181 1526 inferni,

439 1570 511 1613 cum
532 1550 622 1613 omni
645 1550 770 1613 fervore
791 1548 1055 1626 sermocinentur,
1072 1556 1108 1609 ut
1123 1548 1184 1609 sal=

439 1658 503 1712 tem
519 1649 634 1712 timore
650 1648 851 1711 retrahantur
870 1666 889 1709 a
908 1646 1006 1723 vitiis,
1023 1646 1081 1727 qui
1106 1645 1183 1707 boni

439 1748 564 1811 honesti
580 1766 687 1810 amore
703 1766 767 1809 non
782 1745 973 1808 afficiuntur
996 1744 1180 1809 virtutibus.

1239 761 1342 824 valeat
1352 762 1502 826 inimicis.
1511 762 1631 825 Debent
1641 780 1769 843 quoque
1781 760 1902 842 praelati
1916 757 1973 821 sibi

1238 877 1399 924 assumere
1414 862 1574 943 adjutores
1595 861 1725 924 idoneos
1745 861 1784 922 ad
1806 860 1975 921 informan-

1238 957 1314 1020 dum
1336 979 1373 1022 ac
1394 959 1596 1041 dirigendum
1619 958 1789 1040 subjectos,
1809 977 1868 1021 nec
1890 976 1924 1019 se
1944 955 1974 1016 in

1238 1058 1448 1121 exterioribus
1463 1057 1625 1141 superflue
1645 1076 1811 1140 occupare,
1827 1075 1869 1119 ne
1883 1076 1902 1118 a
1916 1055 1976 1137 spi-

1239 1155 1407 1219 ritualibus
1418 1157 1577 1220 exercitiis
1588 1158 1816 1240 impediantur;
1828 1156 1885 1218 sed
1896 1155 1976 1217 eirca

1237 1272 1366 1335 gregem
1381 1257 1598 1333 commissum,
1616 1256 1702 1317 intus
1724 1255 1924 1337 purgandum
1942 1273 1976 1315 ac

1239 1356 1442 1433 servandum,
1468 1374 1594 1437 semper
1618 1355 1732 1419 intenti
1758 1355 1843 1427 sint3
1871 1353 1976 1433 sicque

1238 1453 1429 1515 exteriorum
1454 1454 1708 1535 dispositionem,
1725 1461 1882 1535 quantum
1906 1469 1977 1512 con-

1237 1568 1316 1629 grue
1346 1551 1419 1615 fieri
1448 1560 1562 1635 potest,
1589 1552 1655 1614 suis
1678 1552 1880 1615 committant
1905 1549 1977 1612 offi-

1238 1650 1340 1712 elatis.

1278 1750 1430 1813 Praeterea
1451 1770 1489 1813 ex
1508 1750 1568 1815 hoc
1586 1759 1674 1814 textu
1690 1752 1852 1825 doeemur,
1870 1748 1977 1829 quales

437 1845 580 1928 Insuper,
601 1844 760 1909 beneficia
779 1863 836 1926 per
856 1841 1017 1905 Christum
1040 1842 1182 1905 exhibita
1201 1848 1303 1912 Rsint
1326 1850 1365 1911 ad
1387 1850 1570 1930 praelaturas
1592 1857 1687 1931 atque
1708 1847 1820 1911 officia
1841 1847 1977 1928 eligendi

438 1946 558 2027 populo
583 1944 757 2007 christiano
777 1943 817 2005 ab
838 1942 986 2005 Ecclesia
1011 1940 1182 2023 primitivae

438 2043 579 2119 exordio,
604 2042 753 2104 distincte
777 2040 932 2123 replicent
953 2059 990 2103 ac
1009 2038 1179 2115 ferventer,

438 2150 470 2204 et
498 2148 628 2222 peccata
653 2158 763 2203 eorum
790 2138 1009 2221 improperent
1032 2138 1079 2201 eis
1108 2158 1182 2201 cum

438 2238 641 2315 discretione,
673 2238 868 2301 exhortando
899 2256 1026 2319 semper
1056 2255 1111 2299 eos
1143 2237 1181 2298 ad

438 2336 659 2421 poenitentiam
685 2344 715 2399 et
740 2336 917 2399 emendam.
944 2335 1097 2416 Denique,
1122 2336 1183 2397 sic-

438 2444 474 2497 ut
493 2435 613 2518 Moyses
635 2435 759 2498 locutus
780 2442 828 2497 est
848 2433 966 2516 populo
982 2442 1096 2496 cuneta
1109 2453 1182 2515 quae

438 2534 590 2598 Dominus
609 2534 723 2615 jussit3
745 2532 792 2596 sie
811 2532 960 2614 praelatus
979 2540 1010 2595 et
1032 2531 1183 2613 praedice-

438 2640 499 2709 tor,
511 2631 599 2695 omni
615 2630 735 2693 carnali
750 2639 781 2693 et
797 2631 958 2692 mundano
976 2630 1089 2693 timore
1099 2638 1183 2712 post-

438 2730 553 2813 posito,
585 2729 748 2791 insinuare
778 2728 872 2791 debet
902 2728 989 2809 gregi
1021 2727 1182 2791 dominico

438 2828 586 2891 universa
607 2828 661 2891 [lei
682 2836 777 2909 atque
800 2826 949 2889 Ecclesia
971 2835 1089 2889 sanetae
1104 2845 1183 2908 prae·

438 2934 539 3009 cepta,
566 2934 598 2988 et
621 2924 779 3007 quidquid
809 2923 1007 2987 audientium
1039 2943 1183 2987 necessa-

1237 1966 1274 2009 ae
1289 1948 1498 2029 promovendi
1516 1964 1523 2009 :
1541 1946 1690 2010 videlicet
1707 1946 1763 2029 qui
1782 1946 1858 2024 vita,
1882 1947 1978 2020 seien-

1237 2043 1291 2121 tia,
1316 2054 1406 2107 aetate
1427 2054 1459 2107 et
1482 2045 1566 2107 fama
1584 2052 1771 2126 reputantur
1793 2043 1897 2124 magis
1917 2043 1978 2105 ido

1238 2144 1301 2221 nei,
1318 2144 1375 2225 qui
1395 2152 1427 2207 et
1447 2144 1480 2206 in
1500 2144 1588 2207 omni
1603 2164 1661 2207 suo
1680 2143 1793 2207 officio
1807 2143 1928 2207 debent
1946 2163 1978 2206 se

1237 2241 1320 2322 juste
1335 2243 1504 2319 babere,et
1520 2244 1589 2306 siue
1604 2262 1811 2325 personarum
1826 2244 1978 2325 acceptio

1239 2360 1278 2403 ne
1293 2360 1553 2423 unumquemque
1572 2341 1724 2422 judicare,
1741 2343 1913 2424 corripere,
1930 2362 1978 2405 ca-

1237 2440 1363 2518 stigare,
1387 2439 1547 2503 neminem
1572 2461 1731 2523 spernere,
1753 2441 1923 2505 universos
1947 2442 1977 2502 in

1237 2538 1300 2601 Deo
1324 2538 1467 2618 diligere,
1491 2539 1643 2621 omnique
1668 2540 1816 2623 passione
1840 2540 1976 2615 exclusa,

1238 2639 1412 2700 seeundum
1437 2658 1548 2703 verum
1571 2638 1703 2719 justitie
1727 2639 1842 2703 callem
1873 2658 1979 2721 proce

1237 2737 1322 2799 dere.
1332 2736 1365 2798 ln
1380 2736 1620 2800 difficilioribus
1636 2756 1711 2801 vero
1726 2758 1762 2800 ae
1778 2737 1979 2819 periculosio

1239 2835 1326 2897 ribus
1350 2836 1455 2897 causis
1477 2856 1513 2899 ae
1534 2837 1673 2913 casibus,
1694 2838 1734 2899 ad
1754 2856 1849 2899 suum
1864 2837 1979 2901 debent

1238 2934 1433 3015 superiorem
1455 2954 1527 2997 cnm
1550 2934 1729 2997 humilitate
1744 2936 1861 2998 habere
1877 2955 1979 2999 recur-

438 3024 521 3087 rium
546 3033 594 3087 est
618 3023 724 3086 saluti.
742 3023 967 3086 Verumtamen
990 3022 1045 3103 qui
1068 3030 1183 3103 praeest
1199 3044 1221 3105 ρ
1238 3051 1320 3108 sum,
1339 3052 1397 3095 nec
1419 3034 1596 3113 transgredi
1618 3033 1771 3097 terminos
1792 3034 1855 3096 sibi
1876 3033 1978 3117 praefi-

437 3132 469 3185 et
489 3125 592 3199 docet,
609 3131 750 3201 satagere
773 3121 877 3197 debet,
902 3129 937 3183 ut
959 3120 992 3182 iu
1015 3120 1128 3203 primis
1151 3130 1183 3184 et

437 3230 608 3302 antequam
630 3221 766 3282 instruat
786 3219 878 3295 alios,
896 3218 1070 3282 interficiat
1092 3239 1183 3301 reges

437 3320 704 3394 hmorrlraeorum,
728 3317 760 3379 id
786 3325 842 3394 est,
867 3318 944 3379 vitia
969 3318 1092 3395 mundi,
1115 3337 1183 3381 om-

439 3438 511 3481 nem
526 3416 733 3480 ambitionem
749 3424 780 3479 et
796 3417 912 3479 fastum
932 3424 1028 3497 atque
1048 3417 1183 3480 carnali-

438 3524 534 3579 tatem
555 3516 588 3577 in
609 3516 791 3597 semetipso,
809 3516 1077 3597 tenebrarumque
1098 3516 1183 3597 priu-

437 3616 525 3698 cipes
541 3614 600 3677 sub
616 3614 682 3675 suis
697 3620 840 3677 conteret
854 3611 1001 3695 pedibus.

478 3714 619 3795 lusuper,
630 3712 712 3775 siout
728 3712 807 3773 filiis
823 3712 928 3787 lsrael,
939 3730 1011 3774 mox
1028 3720 1062 3774 ut
1078 3712 1181 3793 legem

439 3812 472 3874 in
498 3812 585 3875 Sinai
606 3818 825 3893 susceperunt,
848 3809 1001 3873 Dominus
1019 3811 1116 3891 jussit
1136 3811 1183 3873 ire

438 3912 477 3973 ad
493 3918 608 3973 terram
625 3908 913 3991 promissionique
928 3908 1182 3989 Christusquum

440 4009 472 4070 in
496 4016 603 4070 monte
619 4007 744 4069 Thabor
769 4006 871 4087 legem
894 4006 1109 4086 evangelicam
1132 4008 1183 4069 de

439 4107 548 4182 disset,
559 4106 665 4169 statim
681 4104 878 4168 auditoribus
895 4104 960 4167 suis
976 4105 1137 4187 praecepit,
1148 4114 1183 4167 ut

1238 3130 1474 3213 xosPrincipes
1490 3133 1617 3194 demum
1627 3133 1789 3215 etpraelati
1800 3133 1977 3215 superiores

1238 3230 1442 3310 singulariter
1457 3231 1574 3293 debent
1588 3250 1658 3294 esse
1672 3231 1799 3294 solliciti
1816 3239 1848 3294 et
1864 3232 1977 3295 intenti

1238 3327 1323 3390 eirea
1343 3328 1490 3405 vicarios,
1511 3327 1734 3411 officiatosque
1755 3348 1840 3405 suos,
1864 3330 1977 3392 instru-

1238 3427 1320 3489 endo
1341 3428 1426 3509 ipsos
1451 3428 1588 3510 qualiter
1608 3427 1725 3492 habere
1745 3448 1780 3492 se
1801 3428 1930 3507 dehent,
1946 3440 1977 3493 et

1239 3525 1429 3608 inquirendo
1450 3545 1490 3587 an
1513 3526 1595 3590 sieut
1617 3536 1774 3604 tenentur,
1797 3527 1841 3590 ita
1867 3547 1901 3591 se
1924 3528 1977 3591 ha-

1237 3625 1343 3687 beant.
1360 3624 1418 3699 Qui
1440 3625 1502 3686 nisi
1521 3625 1606 3705 juste
1625 3625 1795 3689 habuerint
1811 3646 1857 3702 se,
1874 3628 1977 3690 admo

1239 3734 1373 3787 neantur
1395 3731 1430 3785 ut
1452 3724 1612 3805 corrigant
1634 3743 1691 3787 se:
1709 3726 1795 3807 quod
1817 3726 1878 3788 nisi
1900 3726 1977 3790 fece

1238 3825 1312 3899 rint,
1344 3844 1362 3886 a
1391 3823 1457 3884 suis
1486 3823 1678 3886 stationibus
1706 3824 1916 3906 expellantur,
1947 3836 1976 3889 et

1237 3941 1347 3984 eorum
1376 3920 1488 3983 officia
1516 3921 1703 3985 melioribus
1727 3925 1974 3987 committantur.

1238 4019 1289 4081 Sic
1303 4020 1422 4082 etenim
1438 4020 1529 4081 multi
1550 4021 1683 4084 virtuosi
1704 4030 1735 4084 et
1754 4022 1855 4085 sancti
1876 4042 1975 4105 reges,

1238 4119 1399 4201 principes
1414 4126 1445 4182 et
1461 4119 1590 4200 praelati,
1601 4119 1749 4199 leguntur
1764 4120 1888 4183 fecisse.
1899 4120 1976 4195 Ouid

438 4224 496 4288 1³0¹·
505 4204 687 4267 dili¹¹⁰l¹¹¹¹¹
698 4202 931 4266 0¹⁸0⁰¹¹f50fl0¹¹¹
942 4211 1183 4285 llffflssellfflfflms
1197 4224 1222 4285 l)
1237 4225 1342 4279 autem
1354 4236 1411 4299 per
1425 4218 1640 4298 exploratores
1652 4226 1684 4280 et
1696 4217 1779 4281 faeta
1793 4238 1904 4281 eorum
1915 4240 1977 4301 my-

437 4304 477 4365 ad
492 4302 653 4366 coelestem
669 4309 876 4383 properarent
892 4301 1111 4379 hereditatem,
1124 4302 1183 4364 hu-

436 4403 552 4483 jusque
572 4400 679 4463 saeculi
700 4400 930 4483 pertransirent
945 4400 1118 4477 desertum,
1137 4401 1181 4463 nil

437 4500 470 4561 in
495 4499 555 4563 hoe
580 4499 699 4561 mundo
724 4497 902 4561 inordinate
927 4498 1073 4575 amando,
1098 4498 1183 4561 dele

436 4598 654 4678 ctationesque
671 4596 778 4659 saeeuli
793 4596 1004 4677 aspernando.
1022 4595 1179 4678 Amplius,

437 4698 519 4761 sicut
539 4697 659 4777 hloyses
684 4696 871 4777 deprecatus
896 4704 955 4771 est,
973 4694 1181 4757 Israeliticum

437 4782 591 4877 populum
620 4794 734 4856 merito
759 4812 955 4875 numeroque
981 4794 1111 4873 augeri;
1136 4795 1181 4857 sic

437 4892 657 4973 uuusquisque
683 4890 800 4967 fidelis,
827 4891 1001 4972 praesertim
1031 4891 1180 4972 praelatus

437 4998 468 5053 et
498 4991 618 5066 doctor,
646 4997 713 5053 toto
744 4989 838 5051 debet
862 4988 983 5052 affectu
1010 4990 1180 5053 Dominum

435 5088 554 5170 jugiter
568 5106 708 5163 exorare,
722 5094 756 5150 ut
772 5088 862 5169 plebs
878 5087 1051 5150 christiana
1066 5087 1100 5149 in
1116 5107 1181 5151 om-

437 5186 470 5248 ni
496 5185 662 5249 sanctitate
687 5193 718 5248 et
741 5185 876 5266 justitia,
903 5186 935 5247 in
963 5194 1119 5269 potestate
1148 5195 1180 5249 et

436 5284 642 5347 multitudine
663 5283 791 5366 eopiosa
812 5291 971 5347 excrescat
990 5285 1129 5363 assidue,
1147 5294 1179 5348 et

1237 4317 1315 4379 stice
1335 4316 1528 4395 designetur,
1547 4316 1579 4377 in
1602 4315 1685 4378 libro
1704 4316 1914 4381 Numemrnm
1932 4328 1978 4382 est
2001 4332 2093 4375 oman

1237 4434 1432 4496 expressum.

1275 4512 1447 4589 Postremo,
1474 4513 1656 4575 erudiamur
1680 4532 1718 4575 ex
1742 4512 1804 4576 isto
1825 4516 1975 4598 capitulo,

1236 4629 1363 4673 omnem
1393 4610 1642 4674 inobedientiam
1672 4612 1800 4688 evitare,
1829 4614 1978 4677 diffiden-

1237 4710 1313 4771 tiam
1329 4708 1459 4788 fugere3
1476 4728 1535 4772 nec
1555 4718 1664 4773 eontra
1680 4711 1778 4774 Deum
1794 4731 1854 4776 nec
1869 4722 1977 4776 contra

1236 4808 1306 4888 ejus
1322 4809 1456 4871 vicarios
1474 4828 1721 4871 murmuremus.
1738 4809 1829 4873 Absit
1849 4830 1925 4875 vero
1944 4820 1976 4873 ut

1235 4906 1351 4987 aliquis
1378 4908 1424 4969 sic
1450 4906 1653 4988 passionibus
1684 4907 1918 4986 inflammetur,
1943 4920 1975 4973 ut

1235 5014 1422 5088 prorumpat
1446 5006 1478 5067 in
1503 5006 1600 5069 verba
1624 5007 1754 5069 malitia
1776 5017 1807 5071 et
1829 5010 1976 5092 nequitia

1235 5112 1345 5168 eontra
1359 5105 1470 5181 Deum,
1491 5123 1532 5167 ue
1548 5104 1631 5167 inter
1652 5124 1706 5168 eos
1729 5116 1923 5185 numeretur,
1939 5110 1975 5170 de

1234 5202 1351 5282 quibus
1368 5220 1424 5282 per
1438 5201 1626 5283 Prophetam
1642 5202 1794 5265 Dominus
1809 5204 1974 5287 conqueri-

1233 5309 1295 5377 tur,
1308 5300 1418 5363 dicens
1430 5299 1602 5374 :Quoniam
1616 5300 1859 5367 declinaverunt
1875 5304 1907 5367 in
1922 5324 1970 5367 me
1991 5317 2084 5367 raura-
