4309 6259
446 501 505 565 190
833 521 1006 567 manuario
1028 521 1058 567 m
1079 521 1148 568 cnr.
1172 520 1225 566 rm
1246 521 1383 569 aavrrrcr.
1407 542 1448 554 —·
1468 523 1540 570 nnr.
1563 522 1605 571 xx

440 689 612 753 admodum
634 690 667 752 in
689 710 815 755 summo
830 691 986 756 Pontifice
1009 701 1118 756 nostro
1139 701 1187 757 est
1201 693 1226 756 Α
1241 702 1292 756 tur
1314 693 1414 758 luisse
1435 695 1601 778 plenitudo
1621 696 1786 778 potestatis
1806 696 1985 779 spiritualis

441 789 607 869 utriusque
618 790 782 871 potestatis
793 790 959 872 plenitudo
970 799 1118 874 respectu
1135 791 1188 854 mi·
1241 802 1273 856 et
1294 794 1453 857 saecularis
1474 795 1648 857 secundum
1671 795 1862 875 exigentiam
1883 803 1985 858 status

440 886 563 949 litantis
587 887 746 965 Ecclesim,
774 898 869 970 prout
895 888 929 951 in
958 889 1026 965 line
1053 890 1186 953 secundi
1243 891 1345 974 plebis
1363 892 1461 955 illiue.
1480 893 1556 955 Nam
1572 902 1604 956 et
1617 893 1748 970 Movses
1762 895 1825 957 ileo
1839 895 1984 975 jubente,

441 983 675 1048 Sententiarum
697 986 834 1049 Thomas
857 997 889 1049 et
912 987 967 1050 alii
993 988 1125 1064 dicunt;
1143 989 1187 1051 ita
1242 990 1381 1053 instituit
1407 991 1511 1073 ipsum
1532 993 1626 1055 losue
1651 992 1828 1074 principem
1855 1011 1913 1075 pro
1938 1012 1984 1068 se,
2004 1011 2098 1053 Num

441 1083 474 1145 in
490 1084 603 1165 Moyse,
621 1093 766 1167 respectu
781 1086 961 1150 israelitica
976 1087 1092 1168 plebis,
1101 1087 1187 1150 vide·
1242 1097 1336 1170 prout
1353 1089 1385 1150 in
1403 1089 1485 1152 libro
1500 1090 1708 1153 Numerorum
1725 1090 1850 1171 legitur

875 1516 878 1521 ’
997 1519 1322 1607 ARTICULUS
1350 1522 1429 1606 xx

814 1795 1000 1840 SPlill'l'llhblS
1026 1793 1163 1840 carinum
1190 1793 1281 1840 nutus
1307 1795 1414 1842 OCTAVl
1441 1794 1608 1842 expostulo.

504 2079 670 2141 OCUTL'S
683 2086 728 2136 est
742 2077 902 2138 Dominus
916 2079 960 2136 ad
975 2077 1122 2151 Moysen,
1138 2078 1186 2134 dl·
1202 2074 1225 2135 B
1241 2076 1436 2157 presbytero,
1447 2076 1614 2158 praesentia
1627 2077 1748 2158 populi,
1757 2086 1792 2138 ut
1808 2077 1910 2141 sciant
1922 2096 1986 2141 orn-

443 2195 447 2201 ·
508 2196 598 2236 cens·
611 2179 696 2236 Tolle
706 2178 817 2235 Aaron
832 2195 907 2234 cum
921 2175 1003 2251 filiis
1017 2175 1097 2234 scis.
1108 2173 1187 2255 Apo
1241 2193 1298 2238 nes
1313 2183 1344 2237 et
1359 2174 1437 2236 certi
1454 2175 1528 2251 sint,
1546 2174 1697 2256 quoniam
1713 2175 1768 2256 qui
1784 2177 1986 2258 prestantior

302 2300 427 2351 moeni.
442 2274 544 2338 stolus
564 2274 604 2335 ad
626 2272 773 2335 Hebraeos
791 2290 798 2333 ε
817 2273 926 2348 Nemo,
948 2271 1063 2353 inquit,
1088 2272 1187 2334 sumit
1240 2283 1288 2338 est
1303 2293 1341 2336 ex
1356 2273 1443 2336 omni
1465 2274 1594 2356 populo,
1611 2275 1667 2355 qui
1688 2274 1821 2350 doctior,
1838 2276 1895 2356 qui
1916 2295 1987 2338 san-

442 2372 504 2435 sibi
520 2372 684 2447 honorem,
702 2371 762 2434 hoe
777 2379 836 2445 est,
855 2370 964 2432 nullus
980 2369 1074 2432 debet
1090 2388 1124 2432 se
1139 2370 1187 2451 ip·
1240 2372 1331 2448 ctior,
1348 2372 1403 2452 qui
1421 2372 1453 2433 in
1469 2371 1556 2434 omni
1573 2372 1690 2435 virtute
1706 2372 1909 2449 eminentior,
1929 2373 1986 2436 ille

443 2489 513 2533 sum
533 2472 572 2534 ad
592 2469 823 2533 ecclesiasticas
842 2469 1012 2549 dignitates
1034 2477 1089 2531 aut
1110 2487 1186 2550 prm
1240 2469 1368 2550 eligitur
1389 2470 1429 2532 ad
1451 2470 1662 2532 sacerdotium
1680 2489 1687 2533 :
1705 2479 1737 2533 et
1759 2471 1817 2534 hoc
1839 2472 1987 2534 adstante

441 2568 575 2632 laturam
599 2569 763 2649 ingererc;
780 2569 836 2630 sed
856 2567 911 2648 qui
929 2575 1059 2630 vocatur
1081 2587 1100 2629 a
1122 2567 1185 2630 [leo
1239 2565 1420 2652 populo,ne
1435 2587 1498 2649 que
1513 2570 1715 2650 postmodum
1733 2571 1916 2633 retractatio
1931 2580 1987 2633 aut

440 2667 614 2744 etheron,
641 2685 736 2748 quem
762 2667 915 2730 Dominus
944 2666 983 2728 ad
1013 2665 1185 2749 pontiliea-
1240 2668 1407 2750 scrupulus
1423 2667 1518 2730 alicui
1536 2667 1698 2731 resideret.
1708 2668 1772 2748 Ego
1785 2677 1893 2732 minen
1903 2671 1988 2748 (ver-

439 2774 505 2830 tum
519 2766 756 2848 elegit,vooavit
771 2773 802 2828 et
817 2765 971 2847 promovit
989 2783 1041 2847 per
1050 2765 1184 2847 ldoysen.
1239 2767 1278 2830 ha
1295 2774 1369 2829 sunt
1383 2766 1542 2848 Origenis)
1551 2774 1582 2829 et
1597 2767 1736 2848 amplius
1751 2767 1875 2848 aliquid
1892 2767 1987 2830 video

437 2864 494 2927 Per
509 2865 595 2946 quod
611 2864 715 2947 primo
730 2865 836 2928 omnis
852 2866 1021 2927 damnatur
1036 2862 1181 2941 ambitio,
1239 2866 1271 2929 in
1288 2884 1325 2929 eo
1340 2865 1425 2947 quod
1441 2865 1770 2942 dicitur,Convocavit
1783 2865 1903 2948 Moyses
1918 2886 1988 2929 om-

438 2971 468 3026 et
483 2963 694 3045 reprobantur
713 2962 888 3039 ambitiosi,
908 2962 964 3044 qui
985 2963 1025 3024 ad
1045 2963 1182 3025 aliorum
1238 2984 1311 3028 nem
1328 2981 1519 3046 synagogam
1535 2982 1591 3026 seu
1606 2972 1724 3027 coetum
1738 2981 1746 3026 :
1758 2972 1790 3028 et
1806 2973 1883 3046 puto
1897 2967 1986 3046 quod

438 3064 579 3144 regimen
605 3063 847 3144 animarumque
871 3081 980 3125 curam
1004 3061 1181 3144 adspirant,
1238 3081 1413 3128 convocare
1428 3080 1632 3144 synagogam,
1651 3062 1692 3124 sit
1707 3063 1858 3144 colligere
1872 3083 1987 3127 omnes

438 3162 514 3244 quin
531 3162 585 3224 llei
600 3161 757 3242 judicium
774 3179 837 3223 non
849 3168 1008 3223 verentur.
1027 3159 1181 3240 lienique,
1238 3161 1336 3224 animi
1347 3162 1488 3236 virtutes,
1496 3170 1654 3242 quatenus
1664 3178 1763 3242 quum
1775 3179 1881 3225 sermo
1892 3163 1932 3225 de
1944 3183 1989 3226 sa-

438 3260 706 3341 qucmadmodum
734 3258 886 3322 Dominus
910 3258 1006 3340 jussit
1031 3256 1182 3341 pontifici
1201 3260 1451 3324 Gcerdotalibus
1467 3259 1673 3324 sacramentis
1690 3260 1835 3338 hahetur,
1850 3262 1987 3342 vigilent

438 3366 470 3421 et
489 3358 706 3422 sacerdotibus
729 3358 880 3440 specialia
901 3378 937 3420 ac
960 3358 1110 3440 praeclara
1130 3357 1184 3421 tie
1238 3379 1349 3422 omnes
1372 3360 1471 3423 enimi
1494 3359 1628 3424 virtutos
1650 3368 1682 3422 et
1704 3360 1833 3422 intentae
1855 3359 1932 3433 sint,
1955 3371 1988 3424 et

440 3457 466 3518 ri
487 3456 684 3533 indumenta,
702 3466 737 3519 ut
757 3457 819 3540 ipsi
839 3466 871 3520 et
890 3475 1000 3520 eorum
1022 3456 1135 3519 officia
1153 3465 1184 3520 et
1239 3459 1318 3520 nihil
1336 3458 1368 3519 in
1386 3458 1436 3520 his
1452 3457 1719 3541 sapientiae,nihil
1737 3459 1985 3535 scientim,nihil

440 3555 599 3618 sacrificia
614 3556 647 3617 in
664 3555 778 3637 majori
794 3555 971 3619 reverentia
991 3555 1185 3618 haberentur
1239 3556 1402 3620 industrie
1418 3555 1520 3629 desit;
1539 3557 1593 3619 sed
1611 3556 1695 3618 adsit
1714 3556 1819 3619 omnis
1840 3557 1988 3620 multitu-

439 3654 605 3737 apopul03
619 3655 665 3716 sic
680 3673 777 3717 unam
793 3654 963 3737 specialem
981 3653 1110 3730 tribum,
1123 3655 1185 3717 imo
1238 3657 1279 3718 do
1294 3655 1508 3738 spiritualium
1525 3673 1685 3733 sensuum,
1696 3654 1779 3717 adsit
1792 3656 1896 3718 omnis
1912 3675 1990 3720 con-

440 3753 536 3816 unius
560 3752 661 3816 tribus
682 3754 925 3817 determinatam
950 3751 1120 3828 familiam,
1144 3753 1183 3814 ad
1237 3755 1380 3835 gregatio
1395 3755 1623 3835 cogitationum
1646 3762 1838 3831 sanctarum,
1856 3755 1988 3835 utquid

439 3853 651 3916 sacerdotium
667 3852 838 3934 praeelegit,
852 3861 1009 3934 quatenus
1025 3871 1063 3914 ex
1081 3851 1184 3931 digni·
1239 3852 1280 3914 sit
1296 3852 1451 3935 pontifex,
1468 3853 1545 3935 quid
1561 3852 1682 3928 unctio,
1699 3853 1775 3934 quid
1797 3841 1989 3916 indumenta

439 3957 503 4012 tate
518 3951 739 4027 successionis,
758 3951 876 4032 posteri
892 3958 1001 4013 essent
1017 3949 1186 4013 honorabi·
1239 3951 1348 4033 ipsius,
1356 3952 1523 4016 conterens
1540 3952 1624 4015 intra
1636 3953 1807 4014 sacrarium
1818 3953 1924 4014 cordis
1936 3952 1987 4013 sui

440 4049 535 4113 liores
551 4049 584 4111 in
600 4049 704 4131 plebe.
721 4053 878 4129 l'cstesque
893 4071 1004 4110 eorum
1019 4061 1048 4110 et
1064 4049 1186 4108 tanctic
1239 4051 1339 4133 possit
1354 4053 1528 4115 advertere.
1542 4052 1612 4114 llaec
1628 4050 1772 4131 Origenis
1788 4052 1894 4120 verba.
1914 4051 1989 4114 llie-

440 4149 492 4208 nia
512 4153 627 4208 chum.
650 4149 706 4209 Per
728 4148 787 4212 hoc
814 4147 1006 4223 insinuatur,
1026 4148 1112 4230 quod
1136 4146 1183 4209 illi
1240 4169 1371 4231 ronymo
1387 4150 1489 4213 solent
1503 4149 1654 4227 adscribi,
1671 4159 1703 4214 et
1722 4151 1751 4212 ei
1766 4149 1988 4222 attribuuntur

440 4245 530 4326 digni
544 4255 620 4308 sunt
634 4247 673 4309 ad
689 4246 920 4310 ecclesiasticos
933 4246 1114 4329 promoveri
1132 4246 1183 4308 ho
1240 4249 1272 4310 in
1289 4250 1437 4323 llccret03
1455 4250 1509 4310 sed
1526 4267 1563 4311 ex
1578 4247 1712 4328 Origene
1727 4267 1763 4311 ea
1778 4249 1913 4330 accepit.

440 4362 545 4420 nores,
563 4345 596 4407 in
617 4344 733 4427 quibus
755 4354 830 4408 sunt
850 4345 983 4409 virtutcs
1009 4344 1182 4426 designatae
1281 4348 1412 4428 insuper
1420 4347 1575 4429 losephus
1592 4355 1793 4429 protestatur,
1804 4347 1888 4428 quod
1904 4334 1990 4430 Mor·

441 4460 498 4524 per
512 4452 616 4506 vestes
631 4444 713 4521 illas,
730 4453 825 4526 atque
840 4444 1030 4508 charismata
1046 4443 1183 4525 Spiritus
1199 4447 1224 4510 ll
1240 4465 1290 4508 scs
1312 4445 1435 4508 animos
1458 4445 1567 4527 populi
1591 4445 1758 4508 inclinavit
1780 4445 1818 4508 ad
1840 4447 1990 4509 sacerdo-

441 4541 558 4619 sancti,
580 4561 651 4625 quae
673 4561 729 4625 per
750 4543 911 4606 unctionis
932 4543 1038 4606 oleum
1066 4541 1184 4604 intelli·
1242 4545 1320 4606 tium
1339 4544 1442 4607 Aaron
1464 4544 1497 4605 in
1517 4544 1602 4605 hunc
1624 4544 1753 4607 modum
1769 4561 1776 4604 :
1793 4542 1875 4606 Dixit
1895 4544 1988 4606 enim

441 4650 570 4720 guntur.
1241 4643 1370 4726 populo,
1387 4643 1473 4723 quod
1496 4642 1574 4723 ipse,
1592 4641 1715 4704 scilicet
1735 4641 1863 4725 Moyses,
1882 4661 1916 4704 se
1939 4643 1991 4725 ip

482 4743 525 4802 Et
543 4744 746 4819 congregabis
765 4762 890 4801 omnem
907 4751 1021 4802 coetcm
1039 4739 1182 4802 liliorum
1240 4761 1310 4804 sum
1327 4740 1460 4822 dignum
1476 4739 1826 4821 sacerdotiojudicaret,
1838 4750 1903 4808 tum
1916 4761 1990 4823 pre

441 4840 601 4900 Israelad
615 4842 733 4900 catium
749 4841 958 4901 ιαὺενηαοιιιὶ.
969 4839 1026 4901 Per
1036 4838 1123 4920 quod
1140 4838 1185 4899 in·
1240 4848 1310 4922 pter
1341 4838 1587 4902 familiaritatem
1617 4857 1712 4918 quarn
1744 4839 1879 4926 habebat
1909 4859 1987 4902 cum

441 4937 597 5014 sinuatur,
613 4940 698 5020 quod
718 4936 830 5001 electio
845 4945 877 4999 et
892 4937 1050 5019 promotio
1066 4938 1185 5000 debent
1239 4940 1313 5014 Deo,
1330 4947 1397 5000 tum
1417 4937 1492 5019 quia
1513 4936 1687 5018 plurimum
1713 4936 1901 5000 laboraverit
1926 4957 1988 5020 pro

443 5035 515 5098 lieri
539 5037 573 5098 in
592 5044 713 5119 aperto,
730 5037 774 5099 ita
792 5038 877 5118 quod
898 5035 1048 5099 electioni
1071 5036 1182 5098 saltem
1239 5036 1370 5119 populo,
1391 5044 1458 5097 tum
1478 5034 1630 5116 quoniam
1652 5035 1873 5116 unumuisque
1893 5046 1990 5100 natu-

442 5143 633 5198 scrutatores
657 5136 820 5197 adsistant.
842 5136 932 5198 Circa
953 5135 1020 5197 haec
1042 5133 1185 5216 loquitur
1241 5136 1349 5198 raliter
1364 5135 1486 5197 amicus
1502 5134 1550 5195 sui
1567 5142 1631 5208 est3
1645 5135 1700 5197 sed
1711 5133 1862 5197 [lominus
1879 5135 1989 5216 ipsum

442 5232 612 5313 Origenes:
630 5234 811 5315 Requiritur
831 5234 864 5296 in
885 5235 1063 5298 ordinando
1084 5253 1185 5298 sacer·
1240 5234 1343 5298 Aaron
1369 5233 1500 5314 dignum
1525 5232 1691 5313 iudicavit.
1714 5232 1746 5294 ln
1772 5233 1832 5296 hoc
1856 5253 1989 5316 quoque

442 5334 526 5409 dote,
545 5332 605 5395 hoc
625 5340 674 5395 est
696 5331 861 5415 pontifice,
883 5341 938 5394 aut
963 5332 1105 5414 prelato,
1128 5351 1184 5396 seu
1239 5332 1428 5410 ostenditur,
1445 5350 1541 5413 quarn
1557 5329 1687 5393 infinita
1702 5331 1743 5393 sit
1763 5332 1988 5397 misericordia
