<?xml version="1.0" encoding="UTF-8"?>
<!DOCTYPE html PUBLIC "-//W3C//DTD XHTML 1.0 Transitional//EN"
    "http://www.w3.org/TR/xhtml1/DTD/xhtml1-transitional.dtd">
<html xmlns="http://www.w3.org/1999/xhtml" xml:lang="en" lang="en">
 <head>
  <title>
</title>
<meta http-equiv="Content-Type" content="text/html;charset=utf-8" />
  <meta name='ocr-system' content='tesseract 3.04.00' />
  <meta name='ocr-capabilities' content='ocr_page ocr_carea ocr_par ocr_line ocrx_word'/>
</head>
<body>
  <div class='ocr_page' id='page_1' title='image "./doctorisecstati00unkngoog_0454.png"; bbox 0 0 4309 6259; ppageno 0'>
   <div class='ocr_carea' id='block_1_1' title="bbox 442 477 1625 555">
    <p class='ocr_par' dir='ltr' id='par_1_1' title="bbox 442 477 1625 555">
     <span class='ocr_line' id='line_1_1' title="bbox 442 477 1625 555; baseline 0.009 -11"><span class='ocrx_word' id='word_1_1' title='bbox 442 477 502 544; x_wconf 75' lang='lat'><strong>378</strong></span> <span class='ocrx_word' id='word_1_2' title='bbox 805 507 980 554; x_wconf 77' lang='grc' dir='ltr'>ιιιιιιιιιιιιο</span> <span class='ocrx_word' id='word_1_3' title='bbox 1001 508 1032 554; x_wconf 82' lang='grc' dir='ltr'><strong>ιιι</strong></span> <span class='ocrx_word' id='word_1_4' title='bbox 1053 508 1121 554; x_wconf 77' lang='lat' dir='ltr'><strong>cnr.</strong></span> <span class='ocrx_word' id='word_1_5' title='bbox 1144 507 1177 553; x_wconf 75' lang='grc' dir='ltr'><strong>ιι</strong></span> <span class='ocrx_word' id='word_1_6' title='bbox 1197 505 1393 554; x_wconf 85' lang='lat' dir='ltr'><strong>nvuaaonuu.</strong></span> <span class='ocrx_word' id='word_1_7' title='bbox 1416 527 1457 538; x_wconf 93' lang='lat'>—</span> <span class='ocrx_word' id='word_1_8' title='bbox 1477 509 1548 555; x_wconf 78' lang='lat' dir='ltr'><strong>nm.</strong></span> <span class='ocrx_word' id='word_1_9' title='bbox 1571 510 1625 555; x_wconf 89' lang='grc' dir='ltr'>ιιιιι</span> 
     </span>
    </p>
   </div>
   <div class='ocr_carea' id='block_1_2' title="bbox 443 671 1986 1936">
    <p class='ocr_par' dir='ltr' id='par_1_2' title="bbox 443 671 1986 1936">
     <span class='ocr_line' id='line_1_2' title="bbox 443 671 1984 762; baseline 0.005 -30"><span class='ocrx_word' id='word_1_10' title='bbox 443 671 612 736; x_wconf 90' lang='lat' dir='ltr'><strong>moderans</strong></span> <span class='ocrx_word' id='word_1_11' title='bbox 633 697 670 739; x_wconf 87' lang='lat' dir='ltr'><strong>ec</strong></span> <span class='ocrx_word' id='word_1_12' title='bbox 693 677 870 756; x_wconf 75' lang='lat' dir='ltr'><strong>refrenans,</strong></span> <span class='ocrx_word' id='word_1_13' title='bbox 886 680 926 743; x_wconf 92' lang='lat' dir='ltr'><strong>ad</strong></span> <span class='ocrx_word' id='word_1_14' title='bbox 948 681 1040 762; x_wconf 90' lang='lat' dir='ltr'><strong>eujus</strong></span> <span class='ocrx_word' id='word_1_15' title='bbox 1065 686 1187 761; x_wconf 87' lang='lat' dir='ltr'><strong>spectat</strong></span> <span class='ocrx_word' id='word_1_16' title='bbox 1202 677 1227 739; x_wconf 82' lang='lat' dir='ltr'><strong>ll</strong></span> <span class='ocrx_word' id='word_1_17' title='bbox 1243 678 1486 741; x_wconf 79' lang='lat' dir='ltr'>concurrebant.</span> <span class='ocrx_word' id='word_1_18' title='bbox 1513 679 1590 742; x_wconf 90' lang='lat' dir='ltr'><strong>Nam</strong></span> <span class='ocrx_word' id='word_1_19' title='bbox 1620 689 1652 742; x_wconf 90' lang='lat' dir='ltr'><strong>et</strong></span> <span class='ocrx_word' id='word_1_20' title='bbox 1675 679 1806 759; x_wconf 83' lang='lat' dir='ltr'><strong>(ceteris</strong></span> <span class='ocrx_word' id='word_1_21' title='bbox 1837 677 1984 760; x_wconf 71' lang='lat' dir='ltr'><strong>paribus)</strong></span> 
     </span>
     <span class='ocr_line' id='line_1_3' title="bbox 445 771 1983 860; baseline 0.004 -26"><span class='ocrx_word' id='word_1_22' title='bbox 445 771 676 852; x_wconf 76' lang='lat' dir='ltr'><strong>perfectionem</strong></span> <span class='ocrx_word' id='word_1_23' title='bbox 692 785 726 837; x_wconf 94' lang='lat' dir='ltr'><strong>ut</strong></span> <span class='ocrx_word' id='word_1_24' title='bbox 742 776 838 839; x_wconf 90' lang='lat' dir='ltr'><strong>faeiat</strong></span> <span class='ocrx_word' id='word_1_25' title='bbox 852 778 1014 842; x_wconf 92' lang='lat' dir='ltr'><strong>hominem</strong></span> <span class='ocrx_word' id='word_1_26' title='bbox 1032 779 1064 840; x_wconf 92' lang='lat' dir='ltr'><strong>in</strong></span> <span class='ocrx_word' id='word_1_27' title='bbox 1080 779 1188 841; x_wconf 91' lang='lat' dir='ltr'><strong>adver·</strong></span> <span class='ocrx_word' id='word_1_28' title='bbox 1242 777 1385 839; x_wconf 86' lang='lat' dir='ltr'><strong>seniores</strong></span> <span class='ocrx_word' id='word_1_29' title='bbox 1400 786 1554 860; x_wconf 88' lang='lat' dir='ltr'><strong>tempore,</strong></span> <span class='ocrx_word' id='word_1_30' title='bbox 1566 788 1639 841; x_wconf 92' lang='lat' dir='ltr'><strong>sunt</strong></span> <span class='ocrx_word' id='word_1_31' title='bbox 1654 778 1843 860; x_wconf 83' lang='lat' dir='ltr'><strong>praeferendi</strong></span> <span class='ocrx_word' id='word_1_32' title='bbox 1859 779 1899 840; x_wconf 91' lang='lat' dir='ltr'><strong>ad</strong></span> <span class='ocrx_word' id='word_1_33' title='bbox 1913 797 1983 840; x_wconf 87' lang='lat' dir='ltr'><strong>con·</strong></span> 
     </span>
     <span class='ocr_line' id='line_1_4' title="bbox 444 869 1983 960; baseline 0.004 -28"><span class='ocrx_word' id='word_1_34' title='bbox 444 869 487 932; x_wconf 91' lang='lat' dir='ltr'><strong>sis</strong></span> <span class='ocrx_word' id='word_1_35' title='bbox 503 874 658 952; x_wconf 88' lang='lat' dir='ltr'><strong>gaudere:</strong></span> <span class='ocrx_word' id='word_1_36' title='bbox 673 893 779 938; x_wconf 90' lang='lat' dir='ltr'><strong>nonne</strong></span> <span class='ocrx_word' id='word_1_37' title='bbox 796 876 881 940; x_wconf 90' lang='lat' dir='ltr'><strong>istud</strong></span> <span class='ocrx_word' id='word_1_38' title='bbox 897 879 937 939; x_wconf 92' lang='lat' dir='ltr'><strong>ad</strong></span> <span class='ocrx_word' id='word_1_39' title='bbox 953 877 1186 959; x_wconf 78' lang='lat' dir='ltr'><strong>impatientiam</strong></span> <span class='ocrx_word' id='word_1_40' title='bbox 1242 876 1412 938; x_wconf 90' lang='lat' dir='ltr'><strong>sulendum</strong></span> <span class='ocrx_word' id='word_1_41' title='bbox 1436 896 1473 940; x_wconf 90' lang='lat' dir='ltr'><strong>ac</strong></span> <span class='ocrx_word' id='word_1_42' title='bbox 1498 877 1711 957; x_wconf 89' lang='lat' dir='ltr'><strong>dirigendum,</strong></span> <span class='ocrx_word' id='word_1_43' title='bbox 1735 897 1833 960; x_wconf 94' lang='lat' dir='ltr'><strong>quum</strong></span> <span class='ocrx_word' id='word_1_44' title='bbox 1858 886 1898 940; x_wconf 90' lang='lat' dir='ltr'><strong>et·</strong></span> <span class='ocrx_word' id='word_1_45' title='bbox 1916 878 1983 959; x_wconf 87' lang='lat' dir='ltr'><strong>ipsa</strong></span> 
     </span>
     <span class='ocr_line' id='line_1_5' title="bbox 445 971 1983 1057; baseline 0.004 -25"><span class='ocrx_word' id='word_1_46' title='bbox 445 971 637 1052; x_wconf 89' lang='lat' dir='ltr'><strong>pertinuisse</strong></span> <span class='ocrx_word' id='word_1_47' title='bbox 652 973 787 1051; x_wconf 87' lang='lat' dir='ltr'><strong>videtur,</strong></span> <span class='ocrx_word' id='word_1_48' title='bbox 801 976 885 1055; x_wconf 93' lang='lat' dir='ltr'><strong>quod</strong></span> <span class='ocrx_word' id='word_1_49' title='bbox 901 976 1021 1057; x_wconf 84' lang='lat' dir='ltr'><strong>Moyses</strong></span> <span class='ocrx_word' id='word_1_50' title='bbox 1037 995 1074 1038; x_wconf 88' lang='lat' dir='ltr'><strong>cx</strong></span> <span class='ocrx_word' id='word_1_51' title='bbox 1092 977 1188 1039; x_wconf 93' lang='lat' dir='ltr'><strong>tribu·</strong></span> <span class='ocrx_word' id='word_1_52' title='bbox 1242 976 1438 1057; x_wconf 78' lang='lat' dir='ltr'><strong>experientia</strong></span> <span class='ocrx_word' id='word_1_53' title='bbox 1464 976 1496 1038; x_wconf 92' lang='lat' dir='ltr'><strong>in</strong></span> <span class='ocrx_word' id='word_1_54' title='bbox 1523 976 1569 1038; x_wconf 84' lang='lat' dir='ltr'><strong>eis</strong></span> <span class='ocrx_word' id='word_1_55' title='bbox 1594 977 1696 1056; x_wconf 88' lang='lat' dir='ltr'><strong>magis</strong></span> <span class='ocrx_word' id='word_1_56' title='bbox 1720 976 1870 1052; x_wconf 91' lang='lat' dir='ltr'><strong>abundet,</strong></span> <span class='ocrx_word' id='word_1_57' title='bbox 1893 986 1923 1038; x_wconf 88' lang='lat' dir='ltr'><strong>et</strong></span> <span class='ocrx_word' id='word_1_58' title='bbox 1948 996 1983 1038; x_wconf 78' lang='lat' dir='ltr'><strong>ex</strong></span> 
     </span>
     <span class='ocr_line' id='line_1_6' title="bbox 444 1068 1982 1156; baseline 0.004 -26"><span class='ocrx_word' id='word_1_59' title='bbox 444 1068 615 1133; x_wconf 84' lang='lat' dir='ltr'><strong>lationibus</strong></span> <span class='ocrx_word' id='word_1_60' title='bbox 632 1071 693 1133; x_wconf 92' lang='lat' dir='ltr'><strong>sibl</strong></span> <span class='ocrx_word' id='word_1_61' title='bbox 710 1071 856 1150; x_wconf 77' lang='lat' dir='ltr'><strong>inflictis,</strong></span> <span class='ocrx_word' id='word_1_62' title='bbox 867 1075 900 1135; x_wconf 93' lang='lat' dir='ltr'><strong>in</strong></span> <span class='ocrx_word' id='word_1_63' title='bbox 915 1083 1036 1137; x_wconf 89' lang='lat' dir='ltr'><strong>tantum</strong></span> <span class='ocrx_word' id='word_1_64' title='bbox 1053 1083 1101 1138; x_wconf 90' lang='lat' dir='ltr'><strong>cst</strong></span> <span class='ocrx_word' id='word_1_65' title='bbox 1115 1094 1188 1139; x_wconf 91' lang='lat' dir='ltr'><strong>con·</strong></span> <span class='ocrx_word' id='word_1_66' title='bbox 1242 1073 1464 1156; x_wconf 86' lang='lat' dir='ltr'><strong>consequenti,</strong></span> <span class='ocrx_word' id='word_1_67' title='bbox 1484 1075 1653 1156; x_wconf 86' lang='lat' dir='ltr'><strong>prudentia</strong></span> <span class='ocrx_word' id='word_1_68' title='bbox 1669 1083 1712 1136; x_wconf 51' lang='lat' dir='ltr'><strong>*ut</strong></span> <span class='ocrx_word' id='word_1_69' title='bbox 1736 1074 1931 1156; x_wconf 90' lang='lat' dir='ltr'><strong>frequenter.</strong></span> <span class='ocrx_word' id='word_1_70' title='bbox 1951 1076 1982 1136; x_wconf 91' lang='lat' dir='ltr'><strong>lu</strong></span> 
     </span>
     <span class='ocr_line' id='line_1_7' title="bbox 446 1167 1981 1256; baseline 0.005 -28"><span class='ocrx_word' id='word_1_71' title='bbox 446 1167 597 1246; x_wconf 89' lang='lat' dir='ltr'><strong>tristatus,</strong></span> <span class='ocrx_word' id='word_1_72' title='bbox 616 1171 701 1251; x_wconf 94' lang='lat' dir='ltr'><strong>quod</strong></span> <span class='ocrx_word' id='word_1_73' title='bbox 718 1172 820 1234; x_wconf 89' lang='lat' dir='ltr'><strong>oravit</strong></span> <span class='ocrx_word' id='word_1_74' title='bbox 836 1172 938 1235; x_wconf 89' lang='lat' dir='ltr'><strong>occidi</strong></span> <span class='ocrx_word' id='word_1_75' title='bbox 955 1173 1016 1235; x_wconf 92' lang='lat' dir='ltr'><strong>nisi</strong></span> <span class='ocrx_word' id='word_1_76' title='bbox 1033 1174 1188 1238; x_wconf 90' lang='lat' dir='ltr'><strong>relevare·</strong></span> <span class='ocrx_word' id='word_1_77' title='bbox 1243 1173 1414 1256; x_wconf 81' lang='lat' dir='ltr'><strong>decrepitis</strong></span> <span class='ocrx_word' id='word_1_78' title='bbox 1445 1183 1550 1237; x_wconf 88' lang='lat' dir='ltr'><strong>tamen</strong></span> <span class='ocrx_word' id='word_1_79' title='bbox 1581 1174 1662 1237; x_wconf 90' lang='lat' dir='ltr'><strong>ratio</strong></span> <span class='ocrx_word' id='word_1_80' title='bbox 1686 1175 1767 1237; x_wconf 91' lang='lat' dir='ltr'><strong>solet</strong></span> <span class='ocrx_word' id='word_1_81' title='bbox 1792 1176 1981 1246; x_wconf 81' lang='lat' dir='ltr'><strong>decrescere,</strong></span> 
     </span>
     <span class='ocr_line' id='line_1_8' title="bbox 445 1266 1984 1354; baseline 0.004 -27"><span class='ocrx_word' id='word_1_82' title='bbox 445 1275 507 1342; x_wconf 89' lang='lat' dir='ltr'><strong>tur,</strong></span> <span class='ocrx_word' id='word_1_83' title='bbox 525 1287 565 1330; x_wconf 95' lang='lat' dir='ltr'><strong>ne</strong></span> <span class='ocrx_word' id='word_1_84' title='bbox 585 1266 770 1332; x_wconf 88' lang='lat' dir='ltr'><strong>afficeretur</strong></span> <span class='ocrx_word' id='word_1_85' title='bbox 791 1277 836 1333; x_wconf 88' lang='lat' dir='ltr'><strong>tot</strong></span> <span class='ocrx_word' id='word_1_86' title='bbox 857 1271 947 1332; x_wconf 88' lang='lat' dir='ltr'><strong>malis</strong></span> <span class='ocrx_word' id='word_1_87' title='bbox 969 1280 1000 1334; x_wconf 90' lang='lat' dir='ltr'><strong>et</strong></span> <span class='ocrx_word' id='word_1_88' title='bbox 1018 1273 1135 1334; x_wconf 78' lang='lat' dir='ltr'><strong>tantist</strong></span> <span class='ocrx_word' id='word_1_89' title='bbox 1151 1273 1189 1335; x_wconf 85' lang='lat' dir='ltr'><strong>Et</strong></span> <span class='ocrx_word' id='word_1_90' title='bbox 1245 1271 1306 1334; x_wconf 91' lang='lat' dir='ltr'><strong>nisi</strong></span> <span class='ocrx_word' id='word_1_91' title='bbox 1323 1288 1381 1353; x_wconf 92' lang='lat' dir='ltr'><strong>per</strong></span> <span class='ocrx_word' id='word_1_92' title='bbox 1396 1273 1479 1335; x_wconf 92' lang='lat' dir='ltr'><strong>dona</strong></span> <span class='ocrx_word' id='word_1_93' title='bbox 1492 1271 1603 1352; x_wconf 83' lang='lat' dir='ltr'><strong>gratiae</strong></span> <span class='ocrx_word' id='word_1_94' title='bbox 1618 1271 1767 1354; x_wconf 90' lang='lat' dir='ltr'><strong>specialis</strong></span> <span class='ocrx_word' id='word_1_95' title='bbox 1780 1271 1984 1352; x_wconf 76' lang='lat' dir='ltr'><strong>jureturfa-</strong></span> 
     </span>
     <span class='ocr_line' id='line_1_9' title="bbox 445 1367 1983 1454; baseline 0.003 -28"><span class='ocrx_word' id='word_1_96' title='bbox 445 1367 714 1447; x_wconf 89' lang='lat' dir='ltr'><strong>respondendum,</strong></span> <span class='ocrx_word' id='word_1_97' title='bbox 732 1370 817 1449; x_wconf 94' lang='lat' dir='ltr'><strong>quod</strong></span> <span class='ocrx_word' id='word_1_98' title='bbox 840 1369 872 1430; x_wconf 96' lang='lat' dir='ltr'><strong>in</strong></span> <span class='ocrx_word' id='word_1_99' title='bbox 893 1371 1035 1432; x_wconf 91' lang='lat' dir='ltr'><strong>adversis</strong></span> <span class='ocrx_word' id='word_1_100' title='bbox 1055 1371 1189 1454; x_wconf 88' lang='lat' dir='ltr'><strong>poeuali·</strong></span> <span class='ocrx_word' id='word_1_101' title='bbox 1244 1369 1289 1432; x_wconf 91' lang='lat' dir='ltr'><strong>les</strong></span> <span class='ocrx_word' id='word_1_102' title='bbox 1314 1387 1389 1449; x_wconf 82' lang='lat' dir='ltr'><strong>ergo</strong></span> <span class='ocrx_word' id='word_1_103' title='bbox 1416 1378 1491 1431; x_wconf 92' lang='lat' dir='ltr'><strong>sunt</strong></span> <span class='ocrx_word' id='word_1_104' title='bbox 1515 1389 1608 1432; x_wconf 91' lang='lat' dir='ltr'><strong>senes</strong></span> <span class='ocrx_word' id='word_1_105' title='bbox 1632 1368 1756 1451; x_wconf 92' lang='lat' dir='ltr'><strong>populi,</strong></span> <span class='ocrx_word' id='word_1_106' title='bbox 1772 1368 1805 1430; x_wconf 93' lang='lat' dir='ltr'><strong>id</strong></span> <span class='ocrx_word' id='word_1_107' title='bbox 1827 1378 1875 1431; x_wconf 89' lang='lat' dir='ltr'><strong>est</strong></span> <span class='ocrx_word' id='word_1_108' title='bbox 1896 1368 1983 1450; x_wconf 89' lang='lat' dir='ltr'><strong>digni</strong></span> 
     </span>
     <span class='ocr_line' id='line_1_10' title="bbox 445 1462 1985 1549; baseline 0.003 -25"><span class='ocrx_word' id='word_1_109' title='bbox 445 1462 505 1524; x_wconf 93' lang='lat' dir='ltr'><strong>bus</strong></span> <span class='ocrx_word' id='word_1_110' title='bbox 515 1471 563 1526; x_wconf 90' lang='lat' dir='ltr'><strong>est</strong></span> <span class='ocrx_word' id='word_1_111' title='bbox 572 1466 781 1544; x_wconf 88' lang='lat' dir='ltr'><strong>gaudendum,</strong></span> <span class='ocrx_word' id='word_1_112' title='bbox 790 1485 853 1530; x_wconf 94' lang='lat' dir='ltr'><strong>non</strong></span> <span class='ocrx_word' id='word_1_113' title='bbox 868 1468 900 1528; x_wconf 93' lang='lat' dir='ltr'><strong>in</strong></span> <span class='ocrx_word' id='word_1_114' title='bbox 911 1465 1065 1549; x_wconf 87' lang='lat' dir='ltr'><strong>quantum</strong></span> <span class='ocrx_word' id='word_1_115' title='bbox 1082 1471 1189 1534; x_wconf 92' lang='lat' dir='ltr'><strong>adver·</strong></span> <span class='ocrx_word' id='word_1_116' title='bbox 1246 1467 1376 1530; x_wconf 91' lang='lat' dir='ltr'><strong>nomine</strong></span> <span class='ocrx_word' id='word_1_117' title='bbox 1392 1486 1503 1530; x_wconf 90' lang='lat' dir='ltr'><strong>senum</strong></span> <span class='ocrx_word' id='word_1_118' title='bbox 1519 1467 1553 1529; x_wconf 92' lang='lat' dir='ltr'><strong>in</strong></span> <span class='ocrx_word' id='word_1_119' title='bbox 1570 1466 1765 1548; x_wconf 92' lang='lat' dir='ltr'><strong>populo,qui</strong></span> <span class='ocrx_word' id='word_1_120' title='bbox 1782 1465 1865 1528; x_wconf 88' lang='lat' dir='ltr'><strong>facto</strong></span> <span class='ocrx_word' id='word_1_121' title='bbox 1880 1476 1985 1529; x_wconf 85' lang='lat' dir='ltr'><strong>ctver-</strong></span> 
     </span>
     <span class='ocr_line' id='line_1_11' title="bbox 446 1563 1983 1650; baseline 0.003 -28"><span class='ocrx_word' id='word_1_122' title='bbox 446 1580 480 1622; x_wconf 88' lang='lat' dir='ltr'><strong>sa</strong></span> <span class='ocrx_word' id='word_1_123' title='bbox 496 1564 646 1636; x_wconf 89' lang='lat' dir='ltr'><strong>sunt,sed</strong></span> <span class='ocrx_word' id='word_1_124' title='bbox 661 1563 693 1624; x_wconf 93' lang='lat' dir='ltr'><strong>in</strong></span> <span class='ocrx_word' id='word_1_125' title='bbox 711 1573 864 1645; x_wconf 88' lang='lat' dir='ltr'><strong>quantum</strong></span> <span class='ocrx_word' id='word_1_126' title='bbox 881 1568 972 1630; x_wconf 88' lang='lat' dir='ltr'><strong>alleo</strong></span> <span class='ocrx_word' id='word_1_127' title='bbox 984 1568 1189 1650; x_wconf 87' lang='lat' dir='ltr'><strong>dispensante</strong></span> <span class='ocrx_word' id='word_1_128' title='bbox 1244 1567 1285 1629; x_wconf 90' lang='lat' dir='ltr'><strong>ho</strong></span> <span class='ocrx_word' id='word_1_129' title='bbox 1301 1565 1435 1629; x_wconf 89' lang='lat' dir='ltr'><strong>edocent</strong></span> <span class='ocrx_word' id='word_1_130' title='bbox 1455 1565 1590 1647; x_wconf 91' lang='lat' dir='ltr'><strong>plebem.</strong></span> <span class='ocrx_word' id='word_1_131' title='bbox 1608 1565 1714 1627; x_wconf 86' lang='lat' dir='ltr'><strong>Nihilo</strong></span> <span class='ocrx_word' id='word_1_132' title='bbox 1734 1564 1840 1626; x_wconf 87' lang='lat' dir='ltr'><strong>minus</strong></span> <span class='ocrx_word' id='word_1_133' title='bbox 1862 1585 1983 1628; x_wconf 86' lang='lat' dir='ltr'><strong>mamm</strong></span> 
     </span>
     <span class='ocr_line' id='line_1_12' title="bbox 447 1659 1985 1748; baseline 0.003 -27"><span class='ocrx_word' id='word_1_134' title='bbox 447 1659 649 1741; x_wconf 91' lang='lat' dir='ltr'><strong>proveniunt,</strong></span> <span class='ocrx_word' id='word_1_135' title='bbox 667 1672 698 1726; x_wconf 91' lang='lat' dir='ltr'><strong>et</strong></span> <span class='ocrx_word' id='word_1_136' title='bbox 714 1663 833 1726; x_wconf 87' lang='lat' dir='ltr'><strong>avitiis</strong></span> <span class='ocrx_word' id='word_1_137' title='bbox 849 1675 996 1748; x_wconf 88' lang='lat' dir='ltr'><strong>purgant,</strong></span> <span class='ocrx_word' id='word_1_138' title='bbox 1013 1667 1189 1748; x_wconf 90' lang='lat' dir='ltr'><strong>multisque</strong></span> <span class='ocrx_word' id='word_1_139' title='bbox 1244 1664 1409 1726; x_wconf 91' lang='lat' dir='ltr'><strong>maturitas</strong></span> <span class='ocrx_word' id='word_1_140' title='bbox 1426 1663 1485 1726; x_wconf 91' lang='lat' dir='ltr'><strong>soli</strong></span> <span class='ocrx_word' id='word_1_141' title='bbox 1502 1663 1657 1726; x_wconf 87' lang='lat' dir='ltr'><strong>senectuti</strong></span> <span class='ocrx_word' id='word_1_142' title='bbox 1674 1672 1722 1725; x_wconf 87' lang='lat' dir='ltr'><strong>est</strong></span> <span class='ocrx_word' id='word_1_143' title='bbox 1736 1661 1985 1745; x_wconf 71' lang='lat' dir='ltr'><strong>praeferendaet</strong></span> 
     </span>
     <span class='ocr_line' id='line_1_13' title="bbox 445 1757 1986 1845; baseline 0.003 -25"><span class='ocrx_word' id='word_1_144' title='bbox 445 1757 517 1820; x_wconf 88' lang='lat' dir='ltr'><strong>eliis</strong></span> <span class='ocrx_word' id='word_1_145' title='bbox 533 1759 636 1820; x_wconf 95' lang='lat' dir='ltr'><strong>modis</strong></span> <span class='ocrx_word' id='word_1_146' title='bbox 653 1770 726 1822; x_wconf 87' lang='lat' dir='ltr'><strong>sunt</strong></span> <span class='ocrx_word' id='word_1_147' title='bbox 742 1761 966 1825; x_wconf 77' lang='lat' dir='ltr'><strong>utilial&#39;erum</strong></span> <span class='ocrx_word' id='word_1_148' title='bbox 984 1763 1187 1845; x_wconf 91' lang='lat' dir='ltr'><strong>inquantum</strong></span> <span class='ocrx_word' id='word_1_149' title='bbox 1245 1763 1343 1826; x_wconf 91' lang='lat' dir='ltr'><strong>simili</strong></span> <span class='ocrx_word' id='word_1_150' title='bbox 1364 1763 1458 1826; x_wconf 92' lang='lat' dir='ltr'><strong>modo</strong></span> <span class='ocrx_word' id='word_1_151' title='bbox 1474 1761 1664 1844; x_wconf 89' lang='lat' dir='ltr'><strong>prudentia:</strong></span> <span class='ocrx_word' id='word_1_152' title='bbox 1682 1762 1754 1824; x_wconf 89' lang='lat' dir='ltr'><strong>ideo</strong></span> <span class='ocrx_word' id='word_1_153' title='bbox 1775 1761 1802 1822; x_wconf 93' lang='lat' dir='ltr'><strong>si</strong></span> <span class='ocrx_word' id='word_1_154' title='bbox 1825 1761 1858 1822; x_wconf 92' lang='lat' dir='ltr'><strong>in</strong></span> <span class='ocrx_word' id='word_1_155' title='bbox 1878 1762 1986 1843; x_wconf 88' lang='lat' dir='ltr'><strong>aliquo</strong></span> 
     </span>
     <span class='ocr_line' id='line_1_14' title="bbox 447 1858 1986 1936; baseline 0.002 -17"><span class='ocrx_word' id='word_1_156' title='bbox 447 1865 521 1920; x_wconf 91' lang='lat' dir='ltr'><strong>sunt</strong></span> <span class='ocrx_word' id='word_1_157' title='bbox 535 1858 738 1922; x_wconf 90' lang='lat' dir='ltr'><strong>vehementer</strong></span> <span class='ocrx_word' id='word_1_158' title='bbox 753 1859 919 1936; x_wconf 69' lang='lat' dir='ltr'><strong>afflictius,</strong></span> <span class='ocrx_word' id='word_1_159' title='bbox 929 1871 959 1924; x_wconf 92' lang='lat' dir='ltr'><strong>et</strong></span> <span class='ocrx_word' id='word_1_160' title='bbox 969 1882 988 1923; x_wconf 95' lang='lat' dir='ltr'><strong>a</strong></span> <span class='ocrx_word' id='word_1_161' title='bbox 1000 1861 1106 1925; x_wconf 87' lang='lat' dir='ltr'><strong>futura</strong></span> <span class='ocrx_word' id='word_1_162' title='bbox 1121 1863 1190 1926; x_wconf 90' lang='lat' dir='ltr'><strong>bea·</strong></span> <span class='ocrx_word' id='word_1_163' title='bbox 1208 1862 1231 1924; x_wconf 90' lang='lat' dir='ltr'>B</span> <span class='ocrx_word' id='word_1_164' title='bbox 1245 1863 1287 1926; x_wconf 90' lang='lat' dir='ltr'><strong>sit</strong></span> <span class='ocrx_word' id='word_1_165' title='bbox 1302 1871 1377 1924; x_wconf 81' lang='lat' dir='ltr'><strong>aetas</strong></span> <span class='ocrx_word' id='word_1_166' title='bbox 1396 1860 1567 1924; x_wconf 90' lang='lat' dir='ltr'><strong>mediocris</strong></span> <span class='ocrx_word' id='word_1_167' title='bbox 1581 1869 1612 1922; x_wconf 86' lang='lat' dir='ltr'><strong>ct</strong></span> <span class='ocrx_word' id='word_1_168' title='bbox 1628 1859 1925 1932; x_wconf 85' lang='lat' dir='ltr'><strong>virtus-abundans,</strong></span> <span class='ocrx_word' id='word_1_169' title='bbox 1942 1879 1986 1922; x_wconf 92' lang='lat' dir='ltr'><strong>rc-</strong></span> 
     </span>
    </p>
   </div>
   <div class='ocr_carea' id='block_1_3' title="bbox 448 1955 2114 2631">
    <p class='ocr_par' dir='ltr' id='par_1_3' title="bbox 448 1955 1986 2142">
     <span class='ocr_line' id='line_1_15' title="bbox 448 1955 1986 2041; baseline 0.002 -24"><span class='ocrx_word' id='word_1_170' title='bbox 448 1955 585 2018; x_wconf 91' lang='lat' dir='ltr'><strong>titudine</strong></span> <span class='ocrx_word' id='word_1_171' title='bbox 610 1957 753 2034; x_wconf 87' lang='lat' dir='ltr'><strong>dilaliva‚</strong></span> <span class='ocrx_word' id='word_1_172' title='bbox 782 1959 845 2021; x_wconf 94' lang='lat' dir='ltr'><strong>imo</strong></span> <span class='ocrx_word' id='word_1_173' title='bbox 870 1968 902 2020; x_wconf 88' lang='lat' dir='ltr'><strong>ot</strong></span> <span class='ocrx_word' id='word_1_174' title='bbox 926 1960 1113 2041; x_wconf 87' lang='lat' dir='ltr'><strong>impeditiva</strong></span> <span class='ocrx_word' id='word_1_175' title='bbox 1139 1962 1190 2023; x_wconf 93' lang='lat' dir='ltr'><strong>in·</strong></span> <span class='ocrx_word' id='word_1_176' title='bbox 1245 1970 1295 2024; x_wconf 88' lang='lat' dir='ltr'><strong>cte</strong></span> <span class='ocrx_word' id='word_1_177' title='bbox 1320 1979 1416 2022; x_wconf 85' lang='lat' dir='ltr'><strong>senex</strong></span> <span class='ocrx_word' id='word_1_178' title='bbox 1441 1966 1544 2040; x_wconf 85' lang='lat' dir='ltr'><strong>potest</strong></span> <span class='ocrx_word' id='word_1_179' title='bbox 1569 1959 1687 2036; x_wconf 86' lang='lat' dir='ltr'><strong>vocari,</strong></span> <span class='ocrx_word' id='word_1_180' title='bbox 1704 1958 1878 2040; x_wconf 75' lang='lat' dir='ltr'><strong>prasertim</strong></span> <span class='ocrx_word' id='word_1_181' title='bbox 1905 1957 1931 2020; x_wconf 91' lang='lat' dir='ltr'><strong>si</strong></span> <span class='ocrx_word' id='word_1_182' title='bbox 1956 1967 1986 2020; x_wconf 92' lang='lat' dir='ltr'><strong>et</strong></span> 
     </span>
     <span class='ocr_line' id='line_1_16' title="bbox 448 2055 1545 2142; baseline 0.003 -27"><span class='ocrx_word' id='word_1_183' title='bbox 448 2055 573 2116; x_wconf 89' lang='lat' dir='ltr'><strong>terdum</strong></span> <span class='ocrx_word' id='word_1_184' title='bbox 590 2057 893 2138; x_wconf 82' lang='lat' dir='ltr'><strong>acontemplatione</strong></span> <span class='ocrx_word' id='word_1_185' title='bbox 910 2067 941 2120; x_wconf 87' lang='lat' dir='ltr'><strong>et</strong></span> <span class='ocrx_word' id='word_1_186' title='bbox 961 2059 1190 2139; x_wconf 86' lang='lat' dir='ltr'><strong>tranquillitate</strong></span> <span class='ocrx_word' id='word_1_187' title='bbox 1246 2057 1414 2142; x_wconf 90' lang='lat' dir='ltr'><strong>prudentia</strong></span> <span class='ocrx_word' id='word_1_188' title='bbox 1430 2057 1545 2138; x_wconf 88' lang='lat' dir='ltr'><strong>vigeat.</strong></span> 
     </span>
    </p>

    <p class='ocr_par' dir='ltr' id='par_1_4' title="bbox 448 2153 1988 2237">
     <span class='ocr_line' id='line_1_17' title="bbox 448 2153 1988 2237; baseline 0.002 -24"><span class='ocrx_word' id='word_1_189' title='bbox 448 2153 583 2228; x_wconf 87' lang='lat' dir='ltr'><strong>interna,</strong></span> <span class='ocrx_word' id='word_1_190' title='bbox 602 2161 704 2234; x_wconf 91' lang='lat' dir='ltr'><strong>potest</strong></span> <span class='ocrx_word' id='word_1_191' title='bbox 729 2154 801 2235; x_wconf 91' lang='lat' dir='ltr'><strong>quis</strong></span> <span class='ocrx_word' id='word_1_192' title='bbox 824 2157 863 2218; x_wconf 90' lang='lat' dir='ltr'><strong>de</strong></span> <span class='ocrx_word' id='word_1_193' title='bbox 885 2157 931 2218; x_wconf 92' lang='lat' dir='ltr'><strong>eis</strong></span> <span class='ocrx_word' id='word_1_194' title='bbox 953 2158 1115 2220; x_wconf 89' lang='lat' dir='ltr'><strong>moderate</strong></span> <span class='ocrx_word' id='word_1_195' title='bbox 1137 2159 1192 2219; x_wconf 90' lang='lat' dir='ltr'><strong>tri·</strong></span> <span class='ocrx_word' id='word_1_196' title='bbox 1285 2157 1375 2219; x_wconf 87' lang='lat' dir='ltr'><strong>Circa</strong></span> <span class='ocrx_word' id='word_1_197' title='bbox 1392 2157 1458 2218; x_wconf 83' lang='lat' dir='ltr'><strong>haee</strong></span> <span class='ocrx_word' id='word_1_198' title='bbox 1475 2156 1637 2237; x_wconf 76' lang='lat' dir='ltr'><strong>queritur,</strong></span> <span class='ocrx_word' id='word_1_199' title='bbox 1655 2175 1712 2218; x_wconf 92' lang='lat' dir='ltr'><strong>cur</strong></span> <span class='ocrx_word' id='word_1_200' title='bbox 1727 2157 1809 2217; x_wconf 88' lang='lat' dir='ltr'><strong>Deus</strong></span> <span class='ocrx_word' id='word_1_201' title='bbox 1828 2155 1988 2218; x_wconf 87' lang='lat' dir='ltr'><strong>commisit</strong></span> 
     </span>
    </p>

    <p class='ocr_par' dir='ltr' id='par_1_5' title="bbox 448 2251 1987 2336">
     <span class='ocr_line' id='line_1_18' title="bbox 448 2251 1987 2336; baseline 0.003 -24"><span class='ocrx_word' id='word_1_202' title='bbox 448 2251 524 2312; x_wconf 89' lang='lat' dir='ltr'><strong>stari</strong></span> <span class='ocrx_word' id='word_1_203' title='bbox 540 2259 571 2314; x_wconf 94' lang='lat' dir='ltr'><strong>et</strong></span> <span class='ocrx_word' id='word_1_204' title='bbox 587 2261 720 2316; x_wconf 89' lang='lat' dir='ltr'><strong>mortem</strong></span> <span class='ocrx_word' id='word_1_205' title='bbox 736 2263 896 2336; x_wconf 91' lang='lat' dir='ltr'><strong>appetere,</strong></span> <span class='ocrx_word' id='word_1_206' title='bbox 914 2253 947 2316; x_wconf 93' lang='lat' dir='ltr'><strong>in</strong></span> <span class='ocrx_word' id='word_1_207' title='bbox 968 2265 1123 2336; x_wconf 87' lang='lat' dir='ltr'><strong>quantum</strong></span> <span class='ocrx_word' id='word_1_208' title='bbox 1143 2266 1193 2320; x_wconf 88' lang='lat' dir='ltr'><strong>est</strong></span> <span class='ocrx_word' id='word_1_209' title='bbox 1246 2256 1434 2320; x_wconf 87' lang='lat' dir='ltr'><strong>electionem</strong></span> <span class='ocrx_word' id='word_1_210' title='bbox 1457 2255 1539 2318; x_wconf 92' lang='lat' dir='ltr'><strong>hane</strong></span> <span class='ocrx_word' id='word_1_211' title='bbox 1560 2255 1656 2335; x_wconf 82' lang='lat' dir='ltr'><strong>Moysi</strong></span> <span class='ocrx_word' id='word_1_212' title='bbox 1678 2273 1684 2315; x_wconf 93' lang='lat'>:</span> <span class='ocrx_word' id='word_1_213' title='bbox 1707 2263 1739 2317; x_wconf 92' lang='lat' dir='ltr'><strong>et</strong></span> <span class='ocrx_word' id='word_1_214' title='bbox 1758 2254 1885 2316; x_wconf 89' lang='lat' dir='ltr'><strong>videtur</strong></span> <span class='ocrx_word' id='word_1_215' title='bbox 1903 2256 1987 2336; x_wconf 93' lang='lat' dir='ltr'><strong>quod</strong></span> 
     </span>
    </p>

    <p class='ocr_par' dir='ltr' id='par_1_6' title="bbox 449 2349 1988 2437">
     <span class='ocr_line' id='line_1_19' title="bbox 449 2349 1988 2437; baseline 0.002 -26"><span class='ocrx_word' id='word_1_216' title='bbox 449 2349 526 2412; x_wconf 91' lang='lat' dir='ltr'><strong>finis</strong></span> <span class='ocrx_word' id='word_1_217' title='bbox 542 2352 745 2434; x_wconf 72' lang='lat' dir='ltr'><strong>praesentium</strong></span> <span class='ocrx_word' id='word_1_218' title='bbox 766 2353 978 2432; x_wconf 81' lang='lat' dir='ltr'><strong>miseriarum,</strong></span> <span class='ocrx_word' id='word_1_219' title='bbox 996 2363 1027 2418; x_wconf 92' lang='lat' dir='ltr'><strong>et</strong></span> <span class='ocrx_word' id='word_1_220' title='bbox 1042 2364 1134 2437; x_wconf 91' lang='lat' dir='ltr'><strong>porta</strong></span> <span class='ocrx_word' id='word_1_221' title='bbox 1148 2355 1192 2417; x_wconf 92' lang='lat' dir='ltr'><strong>vi·</strong></span> <span class='ocrx_word' id='word_1_222' title='bbox 1246 2375 1310 2419; x_wconf 95' lang='lat' dir='ltr'><strong>non</strong></span> <span class='ocrx_word' id='word_1_223' title='bbox 1328 2353 1439 2417; x_wconf 89' lang='lat' dir='ltr'><strong>debuit</strong></span> <span class='ocrx_word' id='word_1_224' title='bbox 1457 2352 1488 2416; x_wconf 92' lang='lat' dir='ltr'><strong>ei</strong></span> <span class='ocrx_word' id='word_1_225' title='bbox 1508 2353 1675 2428; x_wconf 78' lang='lat' dir='ltr'><strong>committi,</strong></span> <span class='ocrx_word' id='word_1_226' title='bbox 1692 2352 1768 2434; x_wconf 92' lang='lat' dir='ltr'><strong>quia</strong></span> <span class='ocrx_word' id='word_1_227' title='bbox 1786 2371 1849 2416; x_wconf 94' lang='lat' dir='ltr'><strong>non</strong></span> <span class='ocrx_word' id='word_1_228' title='bbox 1867 2361 1988 2434; x_wconf 86' lang='lat' dir='ltr'><strong>poterat</strong></span> 
     </span>
    </p>

    <p class='ocr_par' dir='ltr' id='par_1_7' title="bbox 450 2450 1988 2535">
     <span class='ocr_line' id='line_1_20' title="bbox 450 2450 1988 2535; baseline 0.002 -24"><span class='ocrx_word' id='word_1_229' title='bbox 450 2458 488 2512; x_wconf 76' lang='lat' dir='ltr'><strong>tat</strong></span> <span class='ocrx_word' id='word_1_230' title='bbox 503 2450 737 2532; x_wconf 90' lang='lat' dir='ltr'><strong>appetibilioris</strong></span> <span class='ocrx_word' id='word_1_231' title='bbox 751 2470 757 2513; x_wconf 94' lang='lat'><strong>:</strong></span> <span class='ocrx_word' id='word_1_232' title='bbox 771 2461 803 2514; x_wconf 89' lang='lat' dir='ltr'><strong>et</strong></span> <span class='ocrx_word' id='word_1_233' title='bbox 818 2453 878 2516; x_wconf 93' lang='lat' dir='ltr'><strong>hoc</strong></span> <span class='ocrx_word' id='word_1_234' title='bbox 894 2472 957 2517; x_wconf 92' lang='lat' dir='ltr'><strong>non</strong></span> <span class='ocrx_word' id='word_1_235' title='bbox 974 2473 1010 2516; x_wconf 90' lang='grc' dir='ltr'><strong>θιι</strong></span> <span class='ocrx_word' id='word_1_236' title='bbox 1027 2454 1192 2535; x_wconf 91' lang='lat' dir='ltr'><strong>impatien-</strong></span> <span class='ocrx_word' id='word_1_237' title='bbox 1246 2452 1512 2518; x_wconf 87' lang='lat' dir='ltr'><strong>certitudinaliter</strong></span> <span class='ocrx_word' id='word_1_238' title='bbox 1532 2451 1624 2527; x_wconf 91' lang='lat' dir='ltr'><strong>sciro,</strong></span> <span class='ocrx_word' id='word_1_239' title='bbox 1645 2452 1701 2533; x_wconf 93' lang='lat' dir='ltr'><strong>qui</strong></span> <span class='ocrx_word' id='word_1_240' title='bbox 1726 2460 1831 2514; x_wconf 89' lang='lat' dir='ltr'><strong>essent</strong></span> <span class='ocrx_word' id='word_1_241' title='bbox 1856 2451 1988 2533; x_wconf 74' lang='lat' dir='ltr'><strong>praefato</strong></span> 
     </span>
    </p>

    <p class='ocr_par' dir='ltr' id='par_1_8' title="bbox 450 2549 2114 2631">
     <span class='ocr_line' id='line_1_21' title="bbox 450 2549 2114 2631; baseline -0.004 -22"><span class='ocrx_word' id='word_1_242' title='bbox 450 2549 503 2625; x_wconf 92' lang='lat' dir='ltr'><strong>tia,</strong></span> <span class='ocrx_word' id='word_1_243' title='bbox 516 2550 570 2612; x_wconf 89' lang='lat' dir='ltr'><strong>sed</strong></span> <span class='ocrx_word' id='word_1_244' title='bbox 583 2569 690 2612; x_wconf 91' lang='lat' dir='ltr'><strong>amore</strong></span> <span class='ocrx_word' id='word_1_245' title='bbox 702 2551 818 2631; x_wconf 87' lang='lat' dir='ltr'><strong>quietis</strong></span> <span class='ocrx_word' id='word_1_246' title='bbox 835 2551 967 2615; x_wconf 80' lang='lat' dir='ltr'><strong>internae</strong></span> <span class='ocrx_word' id='word_1_247' title='bbox 982 2561 1014 2616; x_wconf 90' lang='lat' dir='ltr'><strong>et</strong></span> <span class='ocrx_word' id='word_1_248' title='bbox 1029 2553 1192 2616; x_wconf 90' lang='lat' dir='ltr'><strong>felicitatis</strong></span> <span class='ocrx_word' id='word_1_249' title='bbox 1246 2554 1341 2616; x_wconf 92' lang='lat' dir='ltr'><strong>modo</strong></span> <span class='ocrx_word' id='word_1_250' title='bbox 1356 2551 1510 2615; x_wconf 86' lang='lat' dir='ltr'><strong>veraciter</strong></span> <span class='ocrx_word' id='word_1_251' title='bbox 1521 2550 1800 2624; x_wconf 74' lang='lat' dir='ltr'><strong>senesfluisenim</strong></span> <span class='ocrx_word' id='word_1_252' title='bbox 1812 2550 1988 2631; x_wconf 91' lang='lat' dir='ltr'><strong>novitquid</strong></span> <span class='ocrx_word' id='word_1_253' title='bbox 2003 2568 2114 2610; x_wconf 68' lang='lat' dir='ltr'><strong>ternu.</strong></span> 
     </span>
    </p>
   </div>
   <div class='ocr_carea' id='block_1_4' title="bbox 303 2646 2117 5388">
    <p class='ocr_par' dir='ltr' id='par_1_9' title="bbox 451 2646 1988 2734">
     <span class='ocr_line' id='line_1_22' title="bbox 451 2646 1988 2734; baseline 0.002 -26"><span class='ocrx_word' id='word_1_254' title='bbox 451 2646 578 2724; x_wconf 76' lang='lat' dir='ltr'><strong>futurae,</strong></span> <span class='ocrx_word' id='word_1_255' title='bbox 596 2656 627 2710; x_wconf 91' lang='lat' dir='ltr'><strong>ct</strong></span> <span class='ocrx_word' id='word_1_256' title='bbox 644 2667 683 2711; x_wconf 92' lang='lat' dir='ltr'><strong>ne</strong></span> <span class='ocrx_word' id='word_1_257' title='bbox 699 2650 836 2731; x_wconf 90' lang='lat' dir='ltr'><strong>amplius</strong></span> <span class='ocrx_word' id='word_1_258' title='bbox 851 2659 971 2732; x_wconf 88' lang='lat' dir='ltr'><strong>peccet.</strong></span> <span class='ocrx_word' id='word_1_259' title='bbox 982 2651 1107 2714; x_wconf 86' lang='lat' dir='ltr'><strong>Nemet</strong></span> <span class='ocrx_word' id='word_1_260' title='bbox 1118 2653 1194 2714; x_wconf 89' lang='lat' dir='ltr'><strong>Pau·</strong></span> <span class='ocrx_word' id='word_1_261' title='bbox 1247 2659 1359 2734; x_wconf 82' lang='lat' dir='ltr'><strong>agatur</strong></span> <span class='ocrx_word' id='word_1_262' title='bbox 1374 2651 1407 2712; x_wconf 92' lang='lat' dir='ltr'><strong>in</strong></span> <span class='ocrx_word' id='word_1_263' title='bbox 1423 2650 1560 2724; x_wconf 90' lang='lat' dir='ltr'><strong>homine,</strong></span> <span class='ocrx_word' id='word_1_264' title='bbox 1570 2649 1632 2711; x_wconf 91' lang='lat' dir='ltr'><strong>nisi</strong></span> <span class='ocrx_word' id='word_1_265' title='bbox 1649 2649 1780 2731; x_wconf 90' lang='lat' dir='ltr'><strong>spiritus</strong></span> <span class='ocrx_word' id='word_1_266' title='bbox 1795 2649 1886 2730; x_wconf 74' lang='lat' dir='ltr'><strong>ciust</strong></span> <span class='ocrx_word' id='word_1_267' title='bbox 1901 2649 1988 2711; x_wconf 91' lang='lat' dir='ltr'><strong>Unde</strong></span> 
     </span>
    </p>

    <p class='ocr_par' dir='ltr' id='par_1_10' title="bbox 310 2747 2115 2832">
     <span class='ocr_line' id='line_1_23' title="bbox 310 2747 2115 2832; baseline -0.001 -24"><span class='ocrx_word' id='word_1_268' title='bbox 310 2759 434 2810; x_wconf 69' lang='lat' dir='ltr'><strong>neor-cc</strong></span> <span class='ocrx_word' id='word_1_269' title='bbox 450 2747 500 2809; x_wconf 92' lang='lat' dir='ltr'><strong>lus</strong></span> <span class='ocrx_word' id='word_1_270' title='bbox 515 2747 699 2828; x_wconf 87' lang='lat' dir='ltr'><strong>apostolus:</strong></span> <span class='ocrx_word' id='word_1_271' title='bbox 718 2748 819 2830; x_wconf 78' lang='lat' dir='ltr'><strong>Supra</strong></span> <span class='ocrx_word' id='word_1_272' title='bbox 834 2750 974 2826; x_wconf 90' lang='lat' dir='ltr'><strong>modum,</strong></span> <span class='ocrx_word' id='word_1_273' title='bbox 992 2749 1108 2831; x_wconf 91' lang='lat' dir='ltr'><strong>inquit,</strong></span> <span class='ocrx_word' id='word_1_274' title='bbox 1125 2768 1194 2828; x_wconf 91' lang='lat' dir='ltr'><strong>gra·</strong></span> <span class='ocrx_word' id='word_1_275' title='bbox 1248 2760 1280 2814; x_wconf 89' lang='lat' dir='ltr'><strong>et</strong></span> <span class='ocrx_word' id='word_1_276' title='bbox 1295 2750 1398 2832; x_wconf 93' lang='lat' dir='ltr'><strong>primo</strong></span> <span class='ocrx_word' id='word_1_277' title='bbox 1409 2749 1528 2829; x_wconf 86' lang='lat' dir='ltr'><strong>Regum</strong></span> <span class='ocrx_word' id='word_1_278' title='bbox 1541 2747 1692 2810; x_wconf 85' lang='lat' dir='ltr'><strong>Dominus</strong></span> <span class='ocrx_word' id='word_1_279' title='bbox 1708 2755 1902 2810; x_wconf 86' lang='lat' dir='ltr'><strong>contestatur</strong></span> <span class='ocrx_word' id='word_1_280' title='bbox 1914 2766 1921 2809; x_wconf 93' lang='lat'><strong>:</strong></span> <span class='ocrx_word' id='word_1_281' title='bbox 1933 2748 1990 2810; x_wconf 81' lang='lat' dir='ltr'><strong>llo</strong></span> <span class='ocrx_word' id='word_1_282' title='bbox 2017 2766 2115 2817; x_wconf 58' lang='lat' dir='ltr'><strong>mem.</strong></span> 
     </span>
    </p>

    <p class='ocr_par' dir='ltr' id='par_1_11' title="bbox 450 2836 2023 2928">
     <span class='ocr_line' id='line_1_24' title="bbox 450 2836 2023 2928; baseline 0.001 -20"><span class='ocrx_word' id='word_1_283' title='bbox 450 2845 514 2908; x_wconf 86' lang='lat' dir='ltr'><strong>vati</strong></span> <span class='ocrx_word' id='word_1_284' title='bbox 526 2865 645 2907; x_wconf 52' lang='lat' dir='ltr'><strong>‘sumus</strong></span> <span class='ocrx_word' id='word_1_285' title='bbox 665 2865 760 2927; x_wconf 90' lang='lat' dir='ltr'><strong>supra</strong></span> <span class='ocrx_word' id='word_1_286' title='bbox 778 2848 938 2925; x_wconf 87' lang='lat' dir='ltr'><strong>virtutem,</strong></span> <span class='ocrx_word' id='word_1_287' title='bbox 957 2849 1000 2910; x_wconf 91' lang='lat' dir='ltr'><strong>ita</strong></span> <span class='ocrx_word' id='word_1_288' title='bbox 1015 2856 1049 2911; x_wconf 91' lang='lat' dir='ltr'><strong>ut</strong></span> <span class='ocrx_word' id='word_1_289' title='bbox 1065 2851 1194 2912; x_wconf 70' lang='lat' dir='ltr'><strong>laederet</strong></span> <span class='ocrx_word' id='word_1_290' title='bbox 1248 2868 1301 2913; x_wconf 94' lang='lat' dir='ltr'><strong>mo</strong></span> <span class='ocrx_word' id='word_1_291' title='bbox 1320 2849 1407 2912; x_wconf 87' lang='lat' dir='ltr'><strong>videt</strong></span> <span class='ocrx_word' id='word_1_292' title='bbox 1427 2867 1464 2910; x_wconf 92' lang='lat' dir='ltr'><strong>ea</strong></span> <span class='ocrx_word' id='word_1_293' title='bbox 1483 2865 1553 2928; x_wconf 82' lang='lat' dir='ltr'><strong>quae</strong></span> <span class='ocrx_word' id='word_1_294' title='bbox 1573 2855 1696 2928; x_wconf 90' lang='lat' dir='ltr'><strong>parent,</strong></span> <span class='ocrx_word' id='word_1_295' title='bbox 1713 2847 1864 2908; x_wconf 81' lang='lat' dir='ltr'><strong>Dominus</strong></span> <span class='ocrx_word' id='word_1_296' title='bbox 1884 2855 1990 2909; x_wconf 86' lang='lat' dir='ltr'><strong>autem</strong></span> <span class='ocrx_word' id='word_1_297' title='bbox 2004 2836 2023 2874; x_wconf 78' lang='lat'><strong>⁷·</strong></span> 
     </span>
    </p>

    <p class='ocr_par' dir='ltr' id='par_1_12' title="bbox 303 2943 2116 3917">
     <span class='ocr_line' id='line_1_25' title="bbox 324 2943 2116 3031; baseline 0.001 -32"><span class='ocrx_word' id='word_1_298' title='bbox 324 2956 350 2999; x_wconf 98' lang='grc' dir='ltr'><strong>ιιι</strong></span> <span class='ocrx_word' id='word_1_299' title='bbox 367 2958 423 3012; x_wconf 79' lang='lat' dir='ltr'><strong>nee·</strong></span> <span class='ocrx_word' id='word_1_300' title='bbox 452 2963 509 3007; x_wconf 94' lang='lat' dir='ltr'><strong>nos</strong></span> <span class='ocrx_word' id='word_1_301' title='bbox 525 2943 642 3008; x_wconf 92' lang='lat' dir='ltr'><strong>vivere.</strong></span> <span class='ocrx_word' id='word_1_302' title='bbox 660 2945 698 3006; x_wconf 87' lang='lat' dir='ltr'><strong>Et</strong></span> <span class='ocrx_word' id='word_1_303' title='bbox 714 2945 818 3008; x_wconf 89' lang='lat' dir='ltr'><strong>Elias:</strong></span> <span class='ocrx_word' id='word_1_304' title='bbox 837 2947 936 3022; x_wconf 81' lang='lat' dir='ltr'><strong>Tolle,</strong></span> <span class='ocrx_word' id='word_1_305' title='bbox 953 2948 1098 3025; x_wconf 87' lang='lat' dir='ltr'><strong>Domine,</strong></span> <span class='ocrx_word' id='word_1_306' title='bbox 1110 2969 1195 3031; x_wconf 74' lang='lat' dir='ltr'><strong>quae-</strong></span> <span class='ocrx_word' id='word_1_307' title='bbox 1249 2949 1390 3011; x_wconf 89' lang='lat' dir='ltr'><strong>iutuetur</strong></span> <span class='ocrx_word' id='word_1_308' title='bbox 1410 2965 1475 3010; x_wconf 89' lang='lat' dir='ltr'><strong>cor.</strong></span> <span class='ocrx_word' id='word_1_309' title='bbox 1492 2944 1635 3026; x_wconf 90' lang='lat' dir='ltr'><strong>Denique</strong></span> <span class='ocrx_word' id='word_1_310' title='bbox 1656 2944 1769 3008; x_wconf 89' lang='lat' dir='ltr'><strong>electio</strong></span> <span class='ocrx_word' id='word_1_311' title='bbox 1790 2945 1990 3008; x_wconf 91' lang='lat' dir='ltr'><strong>tribunorum</strong></span> <span class='ocrx_word' id='word_1_312' title='bbox 2005 2965 2116 3009; x_wconf 64' lang='lat' dir='ltr'><strong>netu.</strong></span> 
     </span>
     <span class='ocr_line' id='line_1_26' title="bbox 303 3023 1992 3125; baseline -0.001 -19"><span class='ocrx_word' id='word_1_313' title='bbox 303 3033 345 3072; x_wconf 72' lang='lat'><strong>³¹¹¹</strong></span> <span class='ocrx_word' id='word_1_314' title='bbox 361 3023 381 3064; x_wconf 77' lang='lat'><strong>⁴¹</strong></span> <span class='ocrx_word' id='word_1_315' title='bbox 450 3063 496 3121; x_wconf 92' lang='lat' dir='ltr'><strong>so,</strong></span> <span class='ocrx_word' id='word_1_316' title='bbox 514 3044 653 3106; x_wconf 86' lang='lat' dir='ltr'><strong>animam</strong></span> <span class='ocrx_word' id='word_1_317' title='bbox 670 3063 784 3107; x_wconf 88' lang='lat' dir='ltr'><strong>meam.</strong></span> <span class='ocrx_word' id='word_1_318' title='bbox 1212 3042 1515 3109; x_wconf 86' lang='lat' dir='ltr'><strong>Getcenturionum</strong></span> <span class='ocrx_word' id='word_1_319' title='bbox 1528 3062 1564 3106; x_wconf 86' lang='lat' dir='ltr'><strong>ae</strong></span> <span class='ocrx_word' id='word_1_320' title='bbox 1576 3042 1929 3124; x_wconf 74' lang='lat' dir='ltr'><strong>quinquagenae-iorum,</strong></span> <span class='ocrx_word' id='word_1_321' title='bbox 1940 3063 1992 3125; x_wconf 83' lang='lat' dir='ltr'><strong>po</strong></span> 
     </span>
     <span class='ocr_line' id='line_1_27' title="bbox 490 3141 1992 3228; baseline 0 -23"><span class='ocrx_word' id='word_1_322' title='bbox 490 3143 622 3225; x_wconf 88' lang='lat' dir='ltr'><strong>lnsuper</strong></span> <span class='ocrx_word' id='word_1_323' title='bbox 635 3143 800 3224; x_wconf 83' lang='lat' dir='ltr'><strong>quaeritur,</strong></span> <span class='ocrx_word' id='word_1_324' title='bbox 816 3164 872 3208; x_wconf 90' lang='lat' dir='ltr'><strong>cur</strong></span> <span class='ocrx_word' id='word_1_325' title='bbox 887 3145 1005 3228; x_wconf 85' lang='lat' dir='ltr'><strong>Moyses</strong></span> <span class='ocrx_word' id='word_1_326' title='bbox 1022 3145 1053 3208; x_wconf 92' lang='lat' dir='ltr'><strong>in</strong></span> <span class='ocrx_word' id='word_1_327' title='bbox 1071 3148 1132 3210; x_wconf 95' lang='lat' dir='ltr'><strong>hoc</strong></span> <span class='ocrx_word' id='word_1_328' title='bbox 1147 3167 1195 3211; x_wconf 87' lang='lat' dir='ltr'><strong>ca·</strong></span> <span class='ocrx_word' id='word_1_329' title='bbox 1250 3145 1326 3227; x_wconf 92' lang='lat' dir='ltr'><strong>pulo</strong></span> <span class='ocrx_word' id='word_1_330' title='bbox 1344 3143 1404 3206; x_wconf 91' lang='lat' dir='ltr'><strong>fuit</strong></span> <span class='ocrx_word' id='word_1_331' title='bbox 1419 3142 1642 3218; x_wconf 73' lang='lat' dir='ltr'><strong>commissaut</strong></span> <span class='ocrx_word' id='word_1_332' title='bbox 1657 3141 1690 3202; x_wconf 93' lang='lat' dir='ltr'><strong>in</strong></span> <span class='ocrx_word' id='word_1_333' title='bbox 1706 3142 1941 3204; x_wconf 87' lang='lat' dir='ltr'><strong>Deuteronomii</strong></span> <span class='ocrx_word' id='word_1_334' title='bbox 1957 3143 1992 3205; x_wconf 93' lang='lat' dir='ltr'><strong>li-</strong></span> 
     </span>
     <span class='ocr_line' id='line_1_28' title="bbox 451 3239 1994 3322; baseline 0.001 -19"><span class='ocrx_word' id='word_1_335' title='bbox 451 3261 488 3303; x_wconf 93' lang='lat' dir='ltr'><strong>su</strong></span> <span class='ocrx_word' id='word_1_336' title='bbox 513 3241 654 3304; x_wconf 89' lang='lat' dir='ltr'><strong>ostendit</strong></span> <span class='ocrx_word' id='word_1_337' title='bbox 679 3250 799 3304; x_wconf 90' lang='lat' dir='ltr'><strong>tantum</strong></span> <span class='ocrx_word' id='word_1_338' title='bbox 826 3261 1007 3322; x_wconf 80' lang='lat' dir='ltr'><strong>gravamen,</strong></span> <span class='ocrx_word' id='word_1_339' title='bbox 1026 3264 1084 3307; x_wconf 91' lang='lat' dir='ltr'><strong>nee</strong></span> <span class='ocrx_word' id='word_1_340' title='bbox 1107 3265 1195 3308; x_wconf 91' lang='lat' dir='ltr'><strong>more</strong></span> <span class='ocrx_word' id='word_1_341' title='bbox 1250 3239 1994 3320; x_wconf 78' lang='lat' dir='ltr'><strong>brohabeturzcurergonouetiameleetiebo</strong></span> 
     </span>
     <span class='ocr_line' id='line_1_29' title="bbox 452 3337 1993 3425; baseline 0 -24"><span class='ocrx_word' id='word_1_342' title='bbox 452 3339 545 3402; x_wconf 89' lang='lat' dir='ltr'><strong>solito</strong></span> <span class='ocrx_word' id='word_1_343' title='bbox 561 3339 731 3402; x_wconf 90' lang='lat' dir='ltr'><strong>Dominum</strong></span> <span class='ocrx_word' id='word_1_344' title='bbox 752 3341 904 3418; x_wconf 83' lang='lat' dir='ltr'><strong>exoravit,</strong></span> <span class='ocrx_word' id='word_1_345' title='bbox 922 3350 957 3403; x_wconf 91' lang='lat' dir='ltr'><strong>ut</strong></span> <span class='ocrx_word' id='word_1_346' title='bbox 973 3343 1091 3425; x_wconf 93' lang='lat' dir='ltr'><strong>populo</strong></span> <span class='ocrx_word' id='word_1_347' title='bbox 1107 3344 1195 3406; x_wconf 89' lang='lat' dir='ltr'><strong>daret</strong></span> <span class='ocrx_word' id='word_1_348' title='bbox 1251 3361 1320 3403; x_wconf 91' lang='lat' dir='ltr'><strong>rum</strong></span> <span class='ocrx_word' id='word_1_349' title='bbox 1338 3338 1556 3422; x_wconf 85' lang='lat' dir='ltr'><strong>septuagintal</strong></span> <span class='ocrx_word' id='word_1_350' title='bbox 1568 3340 1683 3400; x_wconf 90' lang='lat' dir='ltr'><strong>lterum</strong></span> <span class='ocrx_word' id='word_1_351' title='bbox 1698 3337 1797 3419; x_wconf 77' lang='lat' dir='ltr'><strong>quaeri</strong></span> <span class='ocrx_word' id='word_1_352' title='bbox 1813 3348 1993 3420; x_wconf 79' lang='lat' dir='ltr'><strong>potest‚cur</strong></span> 
     </span>
     <span class='ocr_line' id='line_1_30' title="bbox 451 3437 1994 3522; baseline 0.001 -23"><span class='ocrx_word' id='word_1_353' title='bbox 451 3439 537 3519; x_wconf 95' lang='lat' dir='ltr'><strong>quod</strong></span> <span class='ocrx_word' id='word_1_354' title='bbox 555 3438 655 3519; x_wconf 89' lang='lat' dir='ltr'><strong>petiit,</strong></span> <span class='ocrx_word' id='word_1_355' title='bbox 666 3439 788 3501; x_wconf 90' lang='lat' dir='ltr'><strong>scilieet</strong></span> <span class='ocrx_word' id='word_1_356' title='bbox 803 3459 926 3515; x_wconf 79' lang='lat' dir='ltr'><strong>carnee,</strong></span> <span class='ocrx_word' id='word_1_357' title='bbox 936 3442 989 3504; x_wconf 91' lang='lat' dir='ltr'><strong>scd</strong></span> <span class='ocrx_word' id='word_1_358' title='bbox 1006 3461 1024 3503; x_wconf 91' lang='lat' dir='ltr'><strong>a</strong></span> <span class='ocrx_word' id='word_1_359' title='bbox 1040 3442 1195 3522; x_wconf 90' lang='lat' dir='ltr'><strong>regimine</strong></span> <span class='ocrx_word' id='word_1_360' title='bbox 1250 3439 1489 3502; x_wconf 88' lang='lat' dir='ltr'><strong>Deusvoluitin</strong></span> <span class='ocrx_word' id='word_1_361' title='bbox 1504 3437 1624 3519; x_wconf 93' lang='lat' dir='ltr'><strong>populo</strong></span> <span class='ocrx_word' id='word_1_362' title='bbox 1637 3445 1771 3500; x_wconf 85' lang='lat' dir='ltr'><strong>suetam</strong></span> <span class='ocrx_word' id='word_1_363' title='bbox 1787 3438 1904 3500; x_wconf 87' lang='lat' dir='ltr'><strong>multos</strong></span> <span class='ocrx_word' id='word_1_364' title='bbox 1917 3458 1994 3520; x_wconf 70' lang='lat' dir='ltr'><strong>pre</strong></span> 
     </span>
     <span class='ocr_line' id='line_1_31' title="bbox 453 3534 1994 3619; baseline -0.001 -20"><span class='ocrx_word' id='word_1_365' title='bbox 453 3537 563 3619; x_wconf 92' lang='lat' dir='ltr'><strong>populi</strong></span> <span class='ocrx_word' id='word_1_366' title='bbox 585 3536 678 3619; x_wconf 88' lang='lat' dir='ltr'><strong>petiit</strong></span> <span class='ocrx_word' id='word_1_367' title='bbox 699 3539 863 3600; x_wconf 82' lang='lat' dir='ltr'><strong>exonerari</strong></span> <span class='ocrx_word' id='word_1_368' title='bbox 884 3547 938 3600; x_wconf 89' lang='lat' dir='ltr'><strong>aut</strong></span> <span class='ocrx_word' id='word_1_369' title='bbox 957 3540 1049 3602; x_wconf 92' lang='lat' dir='ltr'><strong>mori.</strong></span> <span class='ocrx_word' id='word_1_370' title='bbox 1068 3540 1113 3601; x_wconf 82' lang='lat' dir='ltr'><strong>Ad</strong></span> <span class='ocrx_word' id='word_1_371' title='bbox 1135 3542 1195 3604; x_wconf 91' lang='lat' dir='ltr'><strong>hoc</strong></span> <span class='ocrx_word' id='word_1_372' title='bbox 1251 3547 1371 3613; x_wconf 88' lang='lat' dir='ltr'><strong>esse‚et</strong></span> <span class='ocrx_word' id='word_1_373' title='bbox 1385 3545 1499 3619; x_wconf 79' lang='lat' dir='ltr'><strong>preater</strong></span> <span class='ocrx_word' id='word_1_374' title='bbox 1514 3536 1598 3612; x_wconf 91' lang='lat' dir='ltr'><strong>illos,</strong></span> <span class='ocrx_word' id='word_1_375' title='bbox 1608 3534 1725 3615; x_wconf 77' lang='lat' dir='ltr'><strong>adiecit</strong></span> <span class='ocrx_word' id='word_1_376' title='bbox 1740 3535 1799 3599; x_wconf 93' lang='lat' dir='ltr'><strong>hos</strong></span> <span class='ocrx_word' id='word_1_377' title='bbox 1813 3537 1994 3618; x_wconf 84' lang='lat' dir='ltr'><strong>septuagin-</strong></span> 
     </span>
     <span class='ocr_line' id='line_1_32' title="bbox 452 3633 1993 3718; baseline -0.001 -20"><span class='ocrx_word' id='word_1_378' title='bbox 452 3635 551 3698; x_wconf 87' lang='lat' dir='ltr'><strong>llabbi</strong></span> <span class='ocrx_word' id='word_1_379' title='bbox 576 3634 692 3697; x_wconf 92' lang='lat' dir='ltr'><strong>Paulus</strong></span> <span class='ocrx_word' id='word_1_380' title='bbox 718 3637 899 3716; x_wconf 88' lang='lat' dir='ltr'><strong>respondet,</strong></span> <span class='ocrx_word' id='word_1_381' title='bbox 924 3637 1009 3717; x_wconf 92' lang='lat' dir='ltr'><strong>quod</strong></span> <span class='ocrx_word' id='word_1_382' title='bbox 1035 3637 1106 3701; x_wconf 91' lang='lat' dir='ltr'><strong>ideo</strong></span> <span class='ocrx_word' id='word_1_383' title='bbox 1132 3658 1195 3702; x_wconf 93' lang='lat' dir='ltr'><strong>non</strong></span> <span class='ocrx_word' id='word_1_384' title='bbox 1253 3646 1283 3700; x_wconf 87' lang='lat' dir='ltr'><strong>ta</strong></span> <span class='ocrx_word' id='word_1_385' title='bbox 1303 3654 1360 3718; x_wconf 95' lang='lat' dir='ltr'><strong>pro</strong></span> <span class='ocrx_word' id='word_1_386' title='bbox 1380 3634 1491 3716; x_wconf 94' lang='lat' dir='ltr'><strong>populi</strong></span> <span class='ocrx_word' id='word_1_387' title='bbox 1511 3633 1686 3696; x_wconf 88' lang='lat' dir='ltr'><strong>directione</strong></span> <span class='ocrx_word' id='word_1_388' title='bbox 1702 3642 1735 3695; x_wconf 90' lang='lat' dir='ltr'><strong>et</strong></span> <span class='ocrx_word' id='word_1_389' title='bbox 1750 3634 1993 3698; x_wconf 84' lang='lat' dir='ltr'><strong>consultatione.</strong></span> 
     </span>
     <span class='ocr_line' id='line_1_33' title="bbox 453 3731 1992 3832; baseline -0.002 -35"><span class='ocrx_word' id='word_1_390' title='bbox 453 3734 585 3814; x_wconf 87' lang='lat' dir='ltr'><strong>rogavit,</strong></span> <span class='ocrx_word' id='word_1_391' title='bbox 596 3735 724 3797; x_wconf 90' lang='lat' dir='ltr'><strong>utDeus</strong></span> <span class='ocrx_word' id='word_1_392' title='bbox 740 3734 825 3815; x_wconf 91' lang='lat' dir='ltr'><strong>plebi</strong></span> <span class='ocrx_word' id='word_1_393' title='bbox 840 3734 929 3797; x_wconf 88' lang='lat' dir='ltr'><strong>daret</strong></span> <span class='ocrx_word' id='word_1_394' title='bbox 944 3744 1051 3832; x_wconf 89' lang='lat' dir='ltr'><strong>optata</strong></span> <span class='ocrx_word' id='word_1_395' title='bbox 1066 3737 1194 3813; x_wconf 85' lang='lat' dir='ltr'><strong>cibaria,</strong></span> <span class='ocrx_word' id='word_1_396' title='bbox 1291 3736 1337 3797; x_wconf 81' lang='lat' dir='ltr'><strong>Ad</strong></span> <span class='ocrx_word' id='word_1_397' title='bbox 1362 3733 1501 3815; x_wconf 91' lang='lat' dir='ltr'><strong>primum</strong></span> <span class='ocrx_word' id='word_1_398' title='bbox 1526 3733 1639 3794; x_wconf 91' lang='lat' dir='ltr'><strong>horum</strong></span> <span class='ocrx_word' id='word_1_399' title='bbox 1663 3731 1787 3795; x_wconf 86' lang='lat' dir='ltr'><strong>videtur</strong></span> <span class='ocrx_word' id='word_1_400' title='bbox 1810 3731 1992 3809; x_wconf 91' lang='lat' dir='ltr'><strong>dicendum,</strong></span> 
     </span>
     <span class='ocr_line' id='line_1_34' title="bbox 453 3829 1995 3917; baseline -0.003 -21"><span class='ocrx_word' id='word_1_401' title='bbox 453 3854 493 3896; x_wconf 91' lang='lat' dir='ltr'><strong>ne</strong></span> <span class='ocrx_word' id='word_1_402' title='bbox 509 3832 806 3915; x_wconf 84' lang='lat' dir='ltr'><strong>populiaugeretur</strong></span> <span class='ocrx_word' id='word_1_403' title='bbox 822 3832 954 3896; x_wconf 89' lang='lat' dir='ltr'><strong>malitia.</strong></span> <span class='ocrx_word' id='word_1_404' title='bbox 967 3835 1197 3917; x_wconf 87' lang='lat' dir='ltr'><strong>Concupiscen-</strong></span> <span class='ocrx_word' id='word_1_405' title='bbox 1250 3834 1336 3915; x_wconf 92' lang='lat' dir='ltr'><strong>quod</strong></span> <span class='ocrx_word' id='word_1_406' title='bbox 1353 3833 1435 3894; x_wconf 87' lang='lat' dir='ltr'><strong>sicut</strong></span> <span class='ocrx_word' id='word_1_407' title='bbox 1450 3830 1619 3911; x_wconf 82' lang='lat' dir='ltr'><strong>Apostolus</strong></span> <span class='ocrx_word' id='word_1_408' title='bbox 1637 3829 1765 3911; x_wconf 89' lang='lat' dir='ltr'><strong>scripsit</strong></span> <span class='ocrx_word' id='word_1_409' title='bbox 1782 3831 1902 3892; x_wconf 89' lang='lat' dir='ltr'><strong>sanctis</strong></span> <span class='ocrx_word' id='word_1_410' title='bbox 1917 3833 1995 3893; x_wconf 89' lang='lat' dir='ltr'><strong>viris</strong></span> 
     </span>
    </p>

    <p class='ocr_par' dir='ltr' id='par_1_13' title="bbox 452 3928 2117 4014">
     <span class='ocr_line' id='line_1_35' title="bbox 452 3928 2117 4014; baseline -0.003 -20"><span class='ocrx_word' id='word_1_411' title='bbox 452 3932 496 3994; x_wconf 90' lang='lat' dir='ltr'><strong>tia</strong></span> <span class='ocrx_word' id='word_1_412' title='bbox 522 3935 658 4012; x_wconf 86' lang='lat' dir='ltr'><strong>namque</strong></span> <span class='ocrx_word' id='word_1_413' title='bbox 682 3931 803 4012; x_wconf 89' lang='lat' dir='ltr'><strong>puerile</strong></span> <span class='ocrx_word' id='word_1_414' title='bbox 829 3940 876 3994; x_wconf 87' lang='lat' dir='ltr'><strong>cst</strong></span> <span class='ocrx_word' id='word_1_415' title='bbox 901 3931 1026 4010; x_wconf 91' lang='lat' dir='ltr'><strong>vitium,</strong></span> <span class='ocrx_word' id='word_1_416' title='bbox 1043 3934 1196 4014; x_wconf 84' lang='lat' dir='ltr'><strong>quoniam</strong></span> <span class='ocrx_word' id='word_1_417' title='bbox 1251 3932 1415 3994; x_wconf 81' lang='lat' dir='ltr'><strong>Timotheo</strong></span> <span class='ocrx_word' id='word_1_418' title='bbox 1431 3949 1468 3991; x_wconf 91' lang='lat' dir='ltr'><strong>ae</strong></span> <span class='ocrx_word' id='word_1_419' title='bbox 1479 3929 1560 4005; x_wconf 87' lang='lat' dir='ltr'><strong>Tito,</strong></span> <span class='ocrx_word' id='word_1_420' title='bbox 1570 3928 1680 4009; x_wconf 91' lang='lat' dir='ltr'><strong>quales</strong></span> <span class='ocrx_word' id='word_1_421' title='bbox 1693 3929 1732 3991; x_wconf 85' lang='lat' dir='ltr'><strong>ad</strong></span> <span class='ocrx_word' id='word_1_422' title='bbox 1745 3947 1851 3990; x_wconf 90' lang='lat' dir='ltr'><strong>sacros</strong></span> <span class='ocrx_word' id='word_1_423' title='bbox 1861 3929 1995 3992; x_wconf 84' lang='lat' dir='ltr'><strong>Ordines</strong></span> <span class='ocrx_word' id='word_1_424' title='bbox 2022 3951 2117 3993; x_wconf 61' lang='lat' dir='ltr'><strong>rnna</strong></span> 
     </span>
    </p>

    <p class='ocr_par' dir='ltr' id='par_1_14' title="bbox 434 4018 2116 5388">
     <span class='ocr_line' id='line_1_36' title="bbox 454 4018 2116 4119; baseline -0.002 -27"><span class='ocrx_word' id='word_1_425' title='bbox 454 4031 553 4092; x_wconf 90' lang='lat' dir='ltr'><strong>instar</strong></span> <span class='ocrx_word' id='word_1_426' title='bbox 563 4029 655 4110; x_wconf 92' lang='lat' dir='ltr'><strong>pueri</strong></span> <span class='ocrx_word' id='word_1_427' title='bbox 671 4047 734 4092; x_wconf 92' lang='lat' dir='ltr'><strong>non</strong></span> <span class='ocrx_word' id='word_1_428' title='bbox 751 4029 885 4092; x_wconf 89' lang='lat' dir='ltr'><strong>attendit</strong></span> <span class='ocrx_word' id='word_1_429' title='bbox 896 4030 1039 4093; x_wconf 86' lang='lat' dir='ltr'><strong>ordinem</strong></span> <span class='ocrx_word' id='word_1_430' title='bbox 1054 4031 1194 4106; x_wconf 90' lang='lat' dir='ltr'><strong>rationis,</strong></span> <span class='ocrx_word' id='word_1_431' title='bbox 1251 4035 1476 4113; x_wconf 89' lang='lat' dir='ltr'><strong>promoverent</strong></span> <span class='ocrx_word' id='word_1_432' title='bbox 1491 4045 1555 4090; x_wconf 93' lang='lat' dir='ltr'><strong>non</strong></span> <span class='ocrx_word' id='word_1_433' title='bbox 1570 4027 1654 4107; x_wconf 93' lang='lat' dir='ltr'><strong>quod</strong></span> <span class='ocrx_word' id='word_1_434' title='bbox 1667 4026 1714 4087; x_wconf 92' lang='lat' dir='ltr'><strong>illi</strong></span> <span class='ocrx_word' id='word_1_435' title='bbox 1729 4026 1848 4107; x_wconf 90' lang='lat' dir='ltr'><strong>absque</strong></span> <span class='ocrx_word' id='word_1_436' title='bbox 1863 4028 1995 4108; x_wconf 86' lang='lat' dir='ltr'><strong>speciali</strong></span> <span class='ocrx_word' id='word_1_437' title='bbox 2010 4018 2116 4119; x_wconf 36' lang='lat'><strong>232¹„</strong></span> 
     </span>
     <span class='ocr_line' id='line_1_37' title="bbox 453 4126 1994 4208; baseline -0.001 -17"><span class='ocrx_word' id='word_1_438' title='bbox 453 4137 484 4191; x_wconf 87' lang='lat' dir='ltr'><strong>et</strong></span> <span class='ocrx_word' id='word_1_439' title='bbox 506 4136 625 4208; x_wconf 87' lang='lat' dir='ltr'><strong>quanto</strong></span> <span class='ocrx_word' id='word_1_440' title='bbox 647 4127 719 4208; x_wconf 93' lang='lat' dir='ltr'><strong>plus</strong></span> <span class='ocrx_word' id='word_1_441' title='bbox 742 4126 770 4189; x_wconf 91' lang='lat' dir='ltr'><strong>ei</strong></span> <span class='ocrx_word' id='word_1_442' title='bbox 793 4129 990 4190; x_wconf 87' lang='lat' dir='ltr'><strong>consentitur</strong></span> <span class='ocrx_word' id='word_1_443' title='bbox 1010 4147 1046 4190; x_wconf 91' lang='lat' dir='ltr'><strong>ac</strong></span> <span class='ocrx_word' id='word_1_444' title='bbox 1067 4128 1195 4206; x_wconf 89' lang='lat' dir='ltr'><strong>satisfit,</strong></span> <span class='ocrx_word' id='word_1_445' title='bbox 1253 4128 1446 4192; x_wconf 88' lang='lat' dir='ltr'><strong>revelatione</strong></span> <span class='ocrx_word' id='word_1_446' title='bbox 1467 4134 1597 4207; x_wconf 88' lang='lat' dir='ltr'><strong>possent</strong></span> <span class='ocrx_word' id='word_1_447' title='bbox 1615 4143 1671 4207; x_wconf 95' lang='lat' dir='ltr'><strong>pro</strong></span> <span class='ocrx_word' id='word_1_448' title='bbox 1689 4134 1775 4188; x_wconf 85' lang='lat' dir='ltr'><strong>certo</strong></span> <span class='ocrx_word' id='word_1_449' title='bbox 1790 4143 1994 4206; x_wconf 78' lang='lat' dir='ltr'><strong>cognoscere,</strong></span> 
     </span>
     <span class='ocr_line' id='line_1_38' title="bbox 454 4222 1998 4309; baseline 0 -22"><span class='ocrx_word' id='word_1_450' title='bbox 454 4234 541 4288; x_wconf 90' lang='lat' dir='ltr'><strong>tanto</strong></span> <span class='ocrx_word' id='word_1_451' title='bbox 566 4225 637 4306; x_wconf 93' lang='lat' dir='ltr'><strong>plus</strong></span> <span class='ocrx_word' id='word_1_452' title='bbox 663 4225 777 4287; x_wconf 90' lang='lat' dir='ltr'><strong>crescit</strong></span> <span class='ocrx_word' id='word_1_453' title='bbox 794 4244 800 4287; x_wconf 92' lang='lat'><strong>:</strong></span> <span class='ocrx_word' id='word_1_454' title='bbox 826 4228 1091 4306; x_wconf 87' lang='lat' dir='ltr'><strong>quemadmodum</strong></span> <span class='ocrx_word' id='word_1_455' title='bbox 1118 4247 1197 4309; x_wconf 89' lang='lat' dir='ltr'><strong>puer</strong></span> <span class='ocrx_word' id='word_1_456' title='bbox 1213 4228 1238 4288; x_wconf 87' lang='lat' dir='ltr'>D</span> <span class='ocrx_word' id='word_1_457' title='bbox 1252 4227 1308 4309; x_wconf 93' lang='lat' dir='ltr'><strong>qui</strong></span> <span class='ocrx_word' id='word_1_458' title='bbox 1324 4234 1430 4289; x_wconf 89' lang='lat' dir='ltr'><strong>essent</strong></span> <span class='ocrx_word' id='word_1_459' title='bbox 1445 4225 1525 4286; x_wconf 90' lang='lat' dir='ltr'><strong>tales</strong></span> <span class='ocrx_word' id='word_1_460' title='bbox 1539 4233 1572 4286; x_wconf 91' lang='lat' dir='ltr'><strong>et</strong></span> <span class='ocrx_word' id='word_1_461' title='bbox 1587 4222 1684 4286; x_wconf 89' lang='lat' dir='ltr'><strong>sacris</strong></span> <span class='ocrx_word' id='word_1_462' title='bbox 1704 4223 1853 4304; x_wconf 83' lang='lat' dir='ltr'><strong>condigni</strong></span> <span class='ocrx_word' id='word_1_463' title='bbox 1871 4224 1998 4287; x_wconf 85' lang='lat' dir='ltr'><strong>Ordini-</strong></span> 
     </span>
     <span class='ocr_line' id='line_1_39' title="bbox 455 4321 1996 4407; baseline -0.001 -22"><span class='ocrx_word' id='word_1_464' title='bbox 455 4333 543 4386; x_wconf 86' lang='lat' dir='ltr'><strong>tanto</strong></span> <span class='ocrx_word' id='word_1_465' title='bbox 565 4322 637 4404; x_wconf 91' lang='lat' dir='ltr'><strong>plus</strong></span> <span class='ocrx_word' id='word_1_466' title='bbox 657 4323 771 4386; x_wconf 91' lang='lat' dir='ltr'><strong>crescit</strong></span> <span class='ocrx_word' id='word_1_467' title='bbox 796 4323 828 4385; x_wconf 95' lang='lat' dir='ltr'><strong>in</strong></span> <span class='ocrx_word' id='word_1_468' title='bbox 851 4325 980 4406; x_wconf 91' lang='lat' dir='ltr'><strong>propria</strong></span> <span class='ocrx_word' id='word_1_469' title='bbox 1001 4345 1038 4387; x_wconf 90' lang='lat' dir='ltr'><strong>ae</strong></span> <span class='ocrx_word' id='word_1_470' title='bbox 1059 4327 1198 4407; x_wconf 86' lang='lat' dir='ltr'><strong>pessima</strong></span> <span class='ocrx_word' id='word_1_471' title='bbox 1253 4327 1325 4402; x_wconf 90' lang='lat' dir='ltr'><strong>bus,</strong></span> <span class='ocrx_word' id='word_1_472' title='bbox 1342 4325 1396 4387; x_wconf 91' lang='lat' dir='ltr'><strong>scd</strong></span> <span class='ocrx_word' id='word_1_473' title='bbox 1413 4331 1448 4385; x_wconf 93' lang='lat' dir='ltr'><strong>ut</strong></span> <span class='ocrx_word' id='word_1_474' title='bbox 1465 4323 1498 4383; x_wconf 92' lang='lat' dir='ltr'><strong>in</strong></span> <span class='ocrx_word' id='word_1_475' title='bbox 1516 4322 1576 4384; x_wconf 93' lang='lat' dir='ltr'><strong>hoc</strong></span> <span class='ocrx_word' id='word_1_476' title='bbox 1593 4321 1780 4384; x_wconf 89' lang='lat' dir='ltr'><strong>adhiberent</strong></span> <span class='ocrx_word' id='word_1_477' title='bbox 1796 4321 1996 4402; x_wconf 89' lang='lat' dir='ltr'><strong>diligentiam</strong></span> 
     </span>
     <span class='ocr_line' id='line_1_40' title="bbox 453 4420 1998 4504; baseline 0.001 -21"><span class='ocrx_word' id='word_1_478' title='bbox 453 4422 920 4503; x_wconf 91' lang='lat' dir='ltr'><strong>voluntate,quantoplussibi</strong></span> <span class='ocrx_word' id='word_1_479' title='bbox 936 4423 997 4504; x_wconf 91' lang='lat' dir='ltr'><strong>ipsi</strong></span> <span class='ocrx_word' id='word_1_480' title='bbox 1013 4423 1196 4486; x_wconf 87' lang='lat' dir='ltr'><strong>dimittitur.</strong></span> <span class='ocrx_word' id='word_1_481' title='bbox 1254 4425 1316 4486; x_wconf 93' lang='lat' dir='ltr'><strong>sihi</strong></span> <span class='ocrx_word' id='word_1_482' title='bbox 1343 4422 1527 4504; x_wconf 89' lang='lat' dir='ltr'><strong>possibilem</strong></span> <span class='ocrx_word' id='word_1_483' title='bbox 1554 4421 1592 4482; x_wconf 89' lang='lat' dir='ltr'><strong>ad</strong></span> <span class='ocrx_word' id='word_1_484' title='bbox 1620 4420 1876 4500; x_wconf 89' lang='lat' dir='ltr'><strong>cognoscendum</strong></span> <span class='ocrx_word' id='word_1_485' title='bbox 1903 4422 1998 4484; x_wconf 94' lang='lat' dir='ltr'><strong>modo</strong></span> 
     </span>
     <span class='ocr_line' id='line_1_41' title="bbox 455 4517 2000 4605; baseline -0.002 -20"><span class='ocrx_word' id='word_1_486' title='bbox 455 4522 514 4585; x_wconf 91' lang='lat' dir='ltr'><strong>Sed</strong></span> <span class='ocrx_word' id='word_1_487' title='bbox 533 4530 607 4584; x_wconf 89' lang='lat' dir='ltr'><strong>tunc</strong></span> <span class='ocrx_word' id='word_1_488' title='bbox 622 4520 724 4583; x_wconf 92' lang='lat' dir='ltr'><strong>oritur</strong></span> <span class='ocrx_word' id='word_1_489' title='bbox 739 4521 885 4603; x_wconf 78' lang='lat' dir='ltr'><strong>questio,</strong></span> <span class='ocrx_word' id='word_1_490' title='bbox 903 4541 959 4584; x_wconf 88' lang='lat' dir='ltr'><strong>cur</strong></span> <span class='ocrx_word' id='word_1_491' title='bbox 977 4523 1057 4585; x_wconf 87' lang='lat' dir='ltr'><strong>fleus</strong></span> <span class='ocrx_word' id='word_1_492' title='bbox 1078 4523 1198 4604; x_wconf 92' lang='lat' dir='ltr'><strong>absque</strong></span> <span class='ocrx_word' id='word_1_493' title='bbox 1254 4520 1431 4605; x_wconf 84' lang='lat' dir='ltr'><strong>probabili;</strong></span> <span class='ocrx_word' id='word_1_494' title='bbox 1449 4520 1493 4581; x_wconf 86' lang='lat' dir='ltr'><strong>ita</strong></span> <span class='ocrx_word' id='word_1_495' title='bbox 1507 4520 1547 4582; x_wconf 91' lang='lat' dir='ltr'><strong>de</strong></span> <span class='ocrx_word' id='word_1_496' title='bbox 1561 4519 1664 4600; x_wconf 84' lang='lat' dir='ltr'><strong>Moyse</strong></span> <span class='ocrx_word' id='word_1_497' title='bbox 1679 4526 1783 4599; x_wconf 92' lang='lat' dir='ltr'><strong>potest</strong></span> <span class='ocrx_word' id='word_1_498' title='bbox 1797 4517 1872 4580; x_wconf 91' lang='lat' dir='ltr'><strong>diei.</strong></span> <span class='ocrx_word' id='word_1_499' title='bbox 1889 4519 1937 4581; x_wconf 79' lang='lat' dir='ltr'><strong>Ad</strong></span> <span class='ocrx_word' id='word_1_500' title='bbox 1954 4539 2000 4582; x_wconf 83' lang='lat' dir='ltr'><strong>se</strong></span> 
     </span>
     <span class='ocr_line' id='line_1_42' title="bbox 454 4615 1999 4701; baseline -0.001 -21"><span class='ocrx_word' id='word_1_501' title='bbox 454 4618 567 4701; x_wconf 92' lang='lat' dir='ltr'><strong>Moysis</strong></span> <span class='ocrx_word' id='word_1_502' title='bbox 583 4619 726 4682; x_wconf 88' lang='lat' dir='ltr'><strong>oratione</strong></span> <span class='ocrx_word' id='word_1_503' title='bbox 740 4619 899 4682; x_wconf 90' lang='lat' dir='ltr'><strong>concessit</strong></span> <span class='ocrx_word' id='word_1_504' title='bbox 916 4619 1034 4701; x_wconf 94' lang='lat' dir='ltr'><strong>populo</strong></span> <span class='ocrx_word' id='word_1_505' title='bbox 1049 4621 1133 4684; x_wconf 90' lang='lat' dir='ltr'><strong>male</strong></span> <span class='ocrx_word' id='word_1_506' title='bbox 1148 4622 1199 4684; x_wconf 87' lang='lat' dir='ltr'><strong>de·</strong></span> <span class='ocrx_word' id='word_1_507' title='bbox 1254 4620 1395 4684; x_wconf 93' lang='lat' dir='ltr'><strong>cundum</strong></span> <span class='ocrx_word' id='word_1_508' title='bbox 1414 4617 1596 4693; x_wconf 88' lang='lat' dir='ltr'><strong>dicendum,</strong></span> <span class='ocrx_word' id='word_1_509' title='bbox 1614 4616 1698 4697; x_wconf 93' lang='lat' dir='ltr'><strong>quod</strong></span> <span class='ocrx_word' id='word_1_510' title='bbox 1720 4615 1840 4679; x_wconf 89' lang='lat' dir='ltr'><strong>tribuni</strong></span> <span class='ocrx_word' id='word_1_511' title='bbox 1857 4635 1894 4679; x_wconf 92' lang='lat' dir='ltr'><strong>ac</strong></span> <span class='ocrx_word' id='word_1_512' title='bbox 1910 4618 1999 4680; x_wconf 86' lang='lat' dir='ltr'><strong>simi-</strong></span> 
     </span>
     <span class='ocr_line' id='line_1_43' title="bbox 455 4714 2000 4798; baseline 0 -20"><span class='ocrx_word' id='word_1_513' title='bbox 455 4717 608 4780; x_wconf 89' lang='lat' dir='ltr'><strong>siderata:</strong></span> <span class='ocrx_word' id='word_1_514' title='bbox 623 4718 662 4779; x_wconf 91' lang='lat' dir='ltr'><strong>ad</strong></span> <span class='ocrx_word' id='word_1_515' title='bbox 679 4717 764 4798; x_wconf 94' lang='lat' dir='ltr'><strong>quod</strong></span> <span class='ocrx_word' id='word_1_516' title='bbox 782 4718 1026 4798; x_wconf 87' lang='lat' dir='ltr'><strong>respondebitur</strong></span> <span class='ocrx_word' id='word_1_517' title='bbox 1042 4718 1137 4781; x_wconf 90' lang='lat' dir='ltr'><strong>infra.</strong></span> <span class='ocrx_word' id='word_1_518' title='bbox 1255 4721 1300 4782; x_wconf 91' lang='lat' dir='ltr'><strong>les</strong></span> <span class='ocrx_word' id='word_1_519' title='bbox 1317 4715 1567 4780; x_wconf 89' lang='lat' dir='ltr'><strong>instituebantur</strong></span> <span class='ocrx_word' id='word_1_520' title='bbox 1579 4717 1617 4777; x_wconf 85' lang='lat' dir='ltr'><strong>ed</strong></span> <span class='ocrx_word' id='word_1_521' title='bbox 1630 4714 1862 4797; x_wconf 73' lang='lat' dir='ltr'><strong>praesidendum</strong></span> <span class='ocrx_word' id='word_1_522' title='bbox 1881 4716 2000 4798; x_wconf 93' lang='lat' dir='ltr'><strong>populo</strong></span> 
     </span>
     <span class='ocr_line' id='line_1_44' title="bbox 495 4812 2000 4894; baseline 0 -17"><span class='ocrx_word' id='word_1_523' title='bbox 495 4819 537 4877; x_wconf 85' lang='lat' dir='ltr'><strong>Et</strong></span> <span class='ocrx_word' id='word_1_524' title='bbox 552 4819 641 4876; x_wconf 75' lang='lat' dir='ltr'><strong>dc&#39;mit</strong></span> <span class='ocrx_word' id='word_1_525' title='bbox 658 4819 814 4877; x_wconf 80' lang='lat' dir='ltr'><strong>Dominus</strong></span> <span class='ocrx_word' id='word_1_526' title='bbox 835 4819 878 4877; x_wconf 81' lang='lat' dir='ltr'><strong>ad</strong></span> <span class='ocrx_word' id='word_1_527' title='bbox 892 4819 1024 4892; x_wconf 78' lang='lat' dir='ltr'><strong>Moysen</strong></span> <span class='ocrx_word' id='word_1_528' title='bbox 1036 4839 1047 4877; x_wconf 94' lang='grc'><strong>.·</strong></span> <span class='ocrx_word' id='word_1_529' title='bbox 1066 4821 1200 4894; x_wconf 73' lang='lat' dir='ltr'><strong>Conprc-</strong></span> <span class='ocrx_word' id='word_1_530' title='bbox 1255 4818 1288 4879; x_wconf 92' lang='lat' dir='ltr'><strong>in</strong></span> <span class='ocrx_word' id='word_1_531' title='bbox 1310 4814 1473 4878; x_wconf 82' lang='lat' dir='ltr'><strong>decisione</strong></span> <span class='ocrx_word' id='word_1_532' title='bbox 1493 4813 1653 4876; x_wconf 89' lang='lat' dir='ltr'><strong>minorum</strong></span> <span class='ocrx_word' id='word_1_533' title='bbox 1670 4830 1837 4875; x_wconf 84' lang='lat' dir='ltr'><strong>causarum</strong></span> <span class='ocrx_word' id='word_1_534' title='bbox 1855 4830 1862 4874; x_wconf 90' lang='lat'>:</span> <span class='ocrx_word' id='word_1_535' title='bbox 1881 4812 2000 4877; x_wconf 85' lang='lat' dir='ltr'><strong>idcirco</strong></span> 
     </span>
     <span class='ocr_line' id='line_1_45' title="bbox 451 4899 2002 4996; baseline -0.001 -22"><span class='ocrx_word' id='word_1_536' title='bbox 451 4936 494 4991; x_wconf 69' lang='lat' dir='ltr'><strong>pa</strong></span> <span class='ocrx_word' id='word_1_537' title='bbox 522 4899 608 4975; x_wconf 71' lang='lat' dir='ltr'><strong>mitt</strong></span> <span class='ocrx_word' id='word_1_538' title='bbox 624 4917 831 4991; x_wconf 70' lang='lat' dir='ltr'><strong>septuaginta</strong></span> <span class='ocrx_word' id='word_1_539' title='bbox 854 4918 940 4974; x_wconf 87' lang='lat' dir='ltr'><strong>viros</strong></span> <span class='ocrx_word' id='word_1_540' title='bbox 961 4919 1000 4975; x_wconf 78' lang='lat' dir='ltr'><strong>cle</strong></span> <span class='ocrx_word' id='word_1_541' title='bbox 1021 4918 1200 4976; x_wconf 81' lang='lat' dir='ltr'><strong>senioribus</strong></span> <span class='ocrx_word' id='word_1_542' title='bbox 1255 4913 1406 4996; x_wconf 88' lang='lat' dir='ltr'><strong>apopulo</strong></span> <span class='ocrx_word' id='word_1_543' title='bbox 1422 4919 1498 4974; x_wconf 88' lang='lat' dir='ltr'><strong>sunt</strong></span> <span class='ocrx_word' id='word_1_544' title='bbox 1513 4911 1615 4974; x_wconf 83' lang='lat' dir='ltr'><strong>electi.</strong></span> <span class='ocrx_word' id='word_1_545' title='bbox 1629 4911 1682 4972; x_wconf 87' lang='lat' dir='ltr'><strong>lsti</strong></span> <span class='ocrx_word' id='word_1_546' title='bbox 1698 4919 1804 4973; x_wconf 80' lang='lat' dir='ltr'><strong>aulem</strong></span> <span class='ocrx_word' id='word_1_547' title='bbox 1819 4911 2002 4992; x_wconf 84' lang='lat' dir='ltr'><strong>septuagin-</strong></span> 
     </span>
     <span class='ocr_line' id='line_1_46' title="bbox 456 5010 2002 5093; baseline -0.002 -19"><span class='ocrx_word' id='word_1_548' title='bbox 456 5017 569 5083; x_wconf 83' lang='lat' dir='ltr'><strong>Israel,</strong></span> <span class='ocrx_word' id='word_1_549' title='bbox 595 5033 673 5092; x_wconf 80' lang='lat' dir='ltr'><strong>quos</strong></span> <span class='ocrx_word' id='word_1_550' title='bbox 699 5023 734 5072; x_wconf 81' lang='lat' dir='ltr'><strong>lu</strong></span> <span class='ocrx_word' id='word_1_551' title='bbox 759 5016 844 5074; x_wconf 81' lang='lat' dir='ltr'><strong>nosti</strong></span> <span class='ocrx_word' id='word_1_552' title='bbox 867 5018 953 5093; x_wconf 80' lang='lat' dir='ltr'><strong>quod</strong></span> <span class='ocrx_word' id='word_1_553' title='bbox 976 5035 1063 5074; x_wconf 84' lang='lat' dir='ltr'><strong>senes</strong></span> <span class='ocrx_word' id='word_1_554' title='bbox 1083 5017 1202 5093; x_wconf 80' lang='lat' dir='ltr'><strong>populi</strong></span> <span class='ocrx_word' id='word_1_555' title='bbox 1257 5022 1287 5076; x_wconf 93' lang='lat' dir='ltr'><strong>la</strong></span> <span class='ocrx_word' id='word_1_556' title='bbox 1302 5010 1456 5092; x_wconf 87' lang='lat' dir='ltr'><strong>assumpti</strong></span> <span class='ocrx_word' id='word_1_557' title='bbox 1474 5017 1558 5087; x_wconf 89' lang='lat' dir='ltr'><strong>sunt,</strong></span> <span class='ocrx_word' id='word_1_558' title='bbox 1576 5018 1612 5070; x_wconf 91' lang='lat' dir='ltr'><strong>ul.</strong></span> <span class='ocrx_word' id='word_1_559' title='bbox 1627 5017 1883 5090; x_wconf 82' lang='lat' dir='ltr'><strong>cooperarentur,</strong></span> <span class='ocrx_word' id='word_1_560' title='bbox 1899 5010 2002 5071; x_wconf 85' lang='lat' dir='ltr'><strong>adsta·</strong></span> 
     </span>
     <span class='ocr_line' id='line_1_47' title="bbox 455 5107 2001 5191; baseline -0.001 -21"><span class='ocrx_word' id='word_1_561' title='bbox 455 5111 522 5170; x_wconf 84' lang='lat' dir='ltr'><strong>sint</strong></span> <span class='ocrx_word' id='word_1_562' title='bbox 543 5120 573 5170; x_wconf 85' lang='lat' dir='ltr'><strong>et</strong></span> <span class='ocrx_word' id='word_1_563' title='bbox 595 5113 755 5186; x_wconf 74' lang='lat' dir='ltr'><strong>mayz&#39;stri.</strong></span> <span class='ocrx_word' id='word_1_564' title='bbox 778 5111 863 5172; x_wconf 90' lang='lat' dir='ltr'><strong>lstnd</strong></span> <span class='ocrx_word' id='word_1_565' title='bbox 889 5111 1133 5191; x_wconf 85' lang='lat' dir='ltr'><strong>intelligendum</strong></span> <span class='ocrx_word' id='word_1_566' title='bbox 1157 5112 1201 5173; x_wconf 92' lang='lat' dir='ltr'><strong>vi·</strong></span> <span class='ocrx_word' id='word_1_567' title='bbox 1256 5119 1390 5191; x_wconf 90' lang='lat' dir='ltr'><strong>rentque</strong></span> <span class='ocrx_word' id='word_1_568' title='bbox 1411 5107 1508 5190; x_wconf 82' lang='lat' dir='ltr'><strong>Moysi</strong></span> <span class='ocrx_word' id='word_1_569' title='bbox 1531 5109 1563 5169; x_wconf 92' lang='lat' dir='ltr'><strong>in</strong></span> <span class='ocrx_word' id='word_1_570' title='bbox 1588 5107 1790 5170; x_wconf 83' lang='lat' dir='ltr'><strong>exsecutione</strong></span> <span class='ocrx_word' id='word_1_571' title='bbox 1811 5107 2001 5170; x_wconf 87' lang='lat' dir='ltr'><strong>universalis</strong></span> 
     </span>
     <span class='ocr_line' id='line_1_48' title="bbox 457 5204 2002 5290; baseline -0.003 -20"><span class='ocrx_word' id='word_1_572' title='bbox 457 5209 550 5270; x_wconf 89' lang='lat' dir='ltr'><strong>detur</strong></span> <span class='ocrx_word' id='word_1_573' title='bbox 571 5208 610 5270; x_wconf 92' lang='lat' dir='ltr'><strong>de</strong></span> <span class='ocrx_word' id='word_1_574' title='bbox 632 5207 693 5284; x_wconf 92' lang='lat' dir='ltr'><strong>his,</strong></span> <span class='ocrx_word' id='word_1_575' title='bbox 712 5207 744 5268; x_wconf 94' lang='lat' dir='ltr'><strong>in</strong></span> <span class='ocrx_word' id='word_1_576' title='bbox 768 5208 883 5289; x_wconf 91' lang='lat' dir='ltr'><strong>quibus</strong></span> <span class='ocrx_word' id='word_1_577' title='bbox 906 5217 991 5284; x_wconf 85' lang='lat' dir='ltr'><strong>aetas,</strong></span> <span class='ocrx_word' id='word_1_578' title='bbox 1012 5229 1201 5290; x_wconf 86' lang='lat' dir='ltr'><strong>morumque</strong></span> <span class='ocrx_word' id='word_1_579' title='bbox 1257 5207 1421 5288; x_wconf 88' lang='lat' dir='ltr'><strong>regiminis</strong></span> <span class='ocrx_word' id='word_1_580' title='bbox 1437 5206 1675 5288; x_wconf 85' lang='lat' dir='ltr'><strong>populi,ipsum</strong></span> <span class='ocrx_word' id='word_1_581' title='bbox 1691 5204 1845 5287; x_wconf 90' lang='lat' dir='ltr'><strong>populum</strong></span> <span class='ocrx_word' id='word_1_582' title='bbox 1860 5224 1918 5286; x_wconf 90' lang='lat' dir='ltr'><strong>per</strong></span> <span class='ocrx_word' id='word_1_583' title='bbox 1929 5225 2002 5268; x_wconf 94' lang='lat' dir='ltr'><strong>con-</strong></span> 
     </span>
     <span class='ocr_line' id='line_1_49' title="bbox 434 5302 2002 5388; baseline -0.001 -22"><span class='ocrx_word' id='word_1_584' title='bbox 434 5343 435 5348; x_wconf 29' lang='grc' dir='ltr'>ι</span> <span class='ocrx_word' id='word_1_585' title='bbox 456 5305 606 5386; x_wconf 88' lang='lat' dir='ltr'><strong>gravitas,</strong></span> <span class='ocrx_word' id='word_1_586' title='bbox 624 5324 680 5368; x_wconf 91' lang='lat' dir='ltr'><strong>seu</strong></span> <span class='ocrx_word' id='word_1_587' title='bbox 700 5305 765 5368; x_wconf 88' lang='lat' dir='ltr'><strong>vita</strong></span> <span class='ocrx_word' id='word_1_588' title='bbox 789 5307 929 5370; x_wconf 88' lang='lat' dir='ltr'><strong>virtuosa</strong></span> <span class='ocrx_word' id='word_1_589' title='bbox 948 5316 1045 5388; x_wconf 86' lang='lat' dir='ltr'><strong>atquc</strong></span> <span class='ocrx_word' id='word_1_590' title='bbox 1066 5307 1201 5370; x_wconf 87' lang='lat' dir='ltr'><strong>scientia</strong></span> <span class='ocrx_word' id='word_1_591' title='bbox 1257 5305 1340 5381; x_wconf 91' lang='lat' dir='ltr'><strong>silia,</strong></span> <span class='ocrx_word' id='word_1_592' title='bbox 1361 5305 1561 5380; x_wconf 89' lang='lat' dir='ltr'><strong>documenta,</strong></span> <span class='ocrx_word' id='word_1_593' title='bbox 1581 5303 1843 5383; x_wconf 88' lang='lat' dir='ltr'><strong>hortamentaque</strong></span> <span class='ocrx_word' id='word_1_594' title='bbox 1863 5302 2002 5383; x_wconf 84' lang='lat' dir='ltr'><strong>dirigen-</strong></span> 
     </span>
    </p>
   </div>
   <div class='ocr_carea' id='block_1_5' title="bbox 0 0 2181 6259">
    <p class='ocr_par' dir='ltr' id='par_1_15' title="bbox 0 0 2181 6259">
     <span class='ocr_line' id='line_1_50' title="bbox 0 0 2181 6259; baseline 0 0"><span class='ocrx_word' id='word_1_595' title='bbox 0 0 2181 6259; x_wconf 95' lang='lat' dir='ltr'><strong> </strong></span> 
     </span>
    </p>
   </div>
  </div>
 </body>
</html>
