4309 6259
549 501 723 549 Eunnnxrto
745 502 775 546 llll
797 501 865 546 CAP.
889 501 909 546 x
930 502 1126 549 uununonuu.
1150 523 1190 534 -·
1210 504 1281 550 ART-
1304 502 1369 548 nvn
1659 485 1731 550 -369

179 665 291 743 Exodi,
302 677 334 730 et
351 677 435 732 totus
451 672 840 750 Levitious,Numerorum
857 690 931 752 quo
946 671 970 734 Α
986 673 1130 754 gebatur,
1150 682 1181 737 et
1200 677 1297 738 ceteri
1313 676 1460 739 israelitae
1480 695 1552 738 cum
1573 676 1653 758 ipso,
1673 694 1731 739 nec

179 783 244 844 qne
264 784 329 828 non
351 769 477 832 modica
496 780 665 854 praecepts,
682 779 779 853 atque
794 791 850 852 per
867 771 932 832 sin·
986 773 1079 835 aliter
1101 773 1248 836 incedere
1274 784 1329 837 ant
1353 775 1516 856 quiescere
1542 776 1655 856 potuit,
1679 794 1733 857 pe-

65 893 161 924 amau.
179 863 271 942 gulas
292 865 395 927 tribus
410 867 861 952 distributio,principumque
879 870 931 931 oli·
988 871 1038 932 tiit
1057 872 1154 952 hujus
1180 873 1240 935 viri
1267 875 1429 936 ducatum.
1453 875 1499 936 nd
1521 874 1581 936 hoc
1600 874 1732 955 quidam

32 958 42 982 ¹¹
66 957 98 983 '¹¹'
180 961 269 1036 latio,
289 972 363 1024 sunt
386 967 557 1049 descripta.
575 969 706 1050 Insuper
729 968 872 1046 Magister
897 967 930 1028 in
988 971 1191 1050 respondent,
1215 973 1300 1051 quod
1324 971 1470 1052 quamvis
1493 981 1614 1035 motum
1637 972 1732 1033 nubis

179 1059 325 1123 historiis
351 1063 463 1126 scribit
491 1085 497 1128 :
524 1065 678 1139 Quoniam
706 1067 808 1148 primo
834 1083 929 1141 anno,
987 1069 1114 1148 assequi
1131 1070 1331 1146 tenebantur,
1351 1079 1456 1132 tamen
1472 1070 1581 1132 llobab
1603 1069 1662 1132 iste
1682 1086 1734 1131 co

167 1178 293 1222 mense
314 1162 418 1238 tertio,
438 1173 596 1227 venerunt
618 1165 651 1226 in
674 1175 814 1228 montem
831 1164 929 1241 Sinai,
986 1166 1098 1244 quovit
1113 1186 1183 1247 quae
1207 1167 1275 1230 loca
1295 1176 1385 1230 erant
1407 1167 1507 1246 magis
1529 1165 1734 1230 accommoda

90 1303 92 1310 .
178 1265 211 1318 ct
234 1257 275 1319 ab
297 1261 409 1323 eodem
433 1263 551 1341 egressi
578 1271 651 1325 sunt
673 1282 757 1325 anno
779 1264 929 1338 seeundo,
987 1283 1024 1325 ex
1040 1273 1130 1345 parte
1146 1264 1236 1341 situs,
1255 1273 1336 1328 etex
1351 1265 1516 1328 vicinitate
1531 1283 1684 1346 aquarum
1701 1271 1733 1326 et

178 1355 335 1420 vicesima
358 1357 410 1422 die
434 1361 554 1422 mensis
578 1362 721 1438 secundi,
735 1369 819 1443 patet
845 1361 931 1442 quod
987 1381 1194 1444 pascuarnm3
1214 1383 1286 1445 quae
1305 1363 1380 1425 ilem
1403 1363 1471 1426 loca
1489 1371 1595 1425 essent
1614 1363 1733 1425 securi-

177 1453 212 1515 in
230 1455 289 1517 hae
301 1458 469 1521 mansione
481 1460 631 1522 sederunt
643 1459 709 1522 lore
721 1479 928 1542 perannum:
986 1478 1051 1536 ora,
1069 1470 1101 1523 et
1123 1461 1157 1523 in
1180 1460 1297 1523 talibus
1318 1469 1439 1542 poterat
1461 1479 1516 1524 eos
1534 1461 1683 1540 dirigere,
1700 1468 1732 1522 et

176 1561 209 1614 et
235 1554 315 1617 dicit
330 1555 552 1638 Hieronymus,
570 1560 656 1640 quod
680 1578 736 1639 per
757 1578 876 1620 annum
899 1566 930 1621 et
986 1558 1091 1620 media
1108 1559 1224 1622 itinera
1244 1559 1521 1640 compendiosiora
1541 1567 1728 1620 monstrare.

175 1661 318 1732 quatuor
343 1655 411 1718 dies
437 1656 482 1718 ibi
510 1656 639 1719 luerunt
657 1675 664 1718 :
682 1658 767 1738 quod
792 1656 930 1720 difficile
985 1655 1090 1719 Potest
1101 1656 1197 1718 etiam
1209 1655 1377 1737 dici,quod
1388 1655 1499 1718 divina
1513 1655 1655 1717 subsidia
1666 1674 1730 1718 non

176 1758 226 1812 est
254 1752 413 1829 invenire,
433 1754 493 1816 nisi
522 1753 604 1818 torte
629 1754 724 1818 luerit
746 1775 848 1817 annus
868 1774 930 1818 em-
985 1753 1159 1816 excludunt
1173 1752 1731 1816 humanaNametllzeehiasvidens
1745 1765 1822 1823 tuneo
1826 1783 1878 1818 .....

176 1849 371 1912 bolismalis.
946 1844 968 1906 Β
986 1869 1091 1930 regem
1107 1851 1307 1933 Assyriorum
1325 1851 1435 1913 venire
1450 1851 1617 1914 adversum
1635 1870 1679 1928 se,
1688 1859 1731 1913 to
1746 1835 1837 1885 ’Μ’

223 1949 385 2026 Ile'uu'tque
414 1952 538 2026 Moyses
565 1953 675 2011 Hobab
704 1952 774 2028 filio
804 1955 929 2028 Rupuet
986 1958 1047 2011 lam
1065 1969 1154 2032 spem
1171 1969 1260 2012 suam
1277 1949 1446 2012 collocavit
1460 1949 1639 2013 inDomino
1658 1950 1730 2024 :ni-

175 2047 388 2118 Madiuuitoe,
406 2047 438 2107 id
458 2055 507 2109 est
528 2056 602 2110 nalo
618 2049 658 2110 de
681 2056 764 2111 terra
779 2049 901 2111 Madian
919 2067 926 2112 :
984 2047 1050 2110 hilo
1065 2049 1173 2110 minus
1190 2047 1264 2110 lecit
1279 2048 1318 2110 ad
1340 2048 1552 2111 resistendum
1573 2048 1729 2129 quidquid

174 2142 334 2222 qnoniam
351 2142 414 2205 luit
429 2144 709 2227 iilluslethroqui
725 2146 788 2210 alio
800 2147 929 2209 nomine
985 2146 1088 2228 potuit
1105 2147 1135 2208 vi
1152 2146 1291 2208 humana
1309 2165 1346 2208 ae
1368 2165 1425 2208 sua
1449 2145 1616 2208 industria.
1633 2147 1728 2210 Porro

175 2249 312 2304 vocatus
334 2251 382 2304 ost
404 2243 534 2324 Raguel,
551 2253 682 2326 eratque
705 2247 850 2309 sacerdos
867 2247 927 2308 Ma·
983 2245 1095 2306 beatus
1119 2244 1288 2323 Gregorius
1312 2244 1404 2306 aliter
1429 2243 1535 2321 solvit,
1559 2245 1695 2308 dicendo
1718 2263 1725 2309 :

175 2340 265 2416 dian,
284 2341 377 2422 eujus
390 2339 459 2404 filia
476 2342 539 2405 luit
553 2342 666 2425 Moysis
683 2362 762 2407 uxor
775 2369 782 2416 ;
795 2355 927 2422 coquam
983 2343 1172 2424 Plerumque
1187 2343 1320 2404 suadere
1336 2342 1428 2404 elatis
1448 2342 1589 2405 salubria
1612 2344 1727 2405 melius

173 2460 247 2508 suo,
264 2439 298 2501 id
314 2448 362 2501 est
377 2438 485 2517 allini,
502 2441 578 2521 quia
595 2461 674 2505 uxor
690 2461 746 2504 suu
763 2440 824 2503 luit
839 2461 928 2507 soror
983 2459 1163 2521 possumus,
1182 2439 1208 2501 si
1232 2437 1410 2521 proiectum
1433 2458 1543 2502 eorum
1568 2441 1659 2502 nobis
1675 2460 1728 2523 po

175 2537 272 2598 istius
288 2537 411 2600 Hobab.
429 2539 490 2600 Alii
509 2547 615 2602 lamen
640 2540 787 2603 nonnulli
804 2540 925 2620 dieunt,
984 2539 1159 2619 tius,quam
1172 2536 1473 2619 ipsis,proiuturum
1488 2537 1728 2601 dicamusllinc

174 2635 263 2716 quod
280 2635 392 2698 Hobab
408 2636 468 2699 iste
485 2635 548 2698 luit
567 2637 702 2718 ipsemet
715 2639 834 2714 tethro,
848 2658 927 2720 quos
983 2637 1112 2719 Moyses,
1130 2636 1187 2717 qui
1202 2635 1264 2699 Deo
1285 2644 1413 2714 regente
1433 2643 1465 2697 et
1483 2635 1564 2698 duce
1578 2636 1729 2700 columna

174 2734 324 2814 sequitur
338 2735 419 2815 Lyra
437 2751 444 2795 ι
461 2735 538 2816 qnia
552 2736 602 2815 (ut
617 2736 674 2816 ait)
686 2736 718 2797 in
729 2737 859 2800 Hebraeo
876 2737 928 2800 ha·
982 2735 1144 2816 pergebat,
1161 2753 1261 2814 quum
1281 2741 1451 2812 cognatum
1474 2753 1566 2795 suum
1589 2753 1608 2796 a
1628 2735 1728 2813 genti-

174 2832 282 2908 betur,
301 2831 417 2895 Socero
437 2852 505 2896 sno.
523 2834 569 2895 Ad
593 2836 677 2914 quod
698 2834 797 2897 Rabbi
813 2834 927 2898 Paulus
983 2834 1081 2896 litatis
1096 2831 1338 2895 conversatione
1353 2831 1449 2893 vellet
1464 2831 1610 2908 educere,
1624 2841 1656 2894 et
1670 2834 1724 2895 Dei

176 2931 362 3013 respondet,
380 2932 466 3012 quod
481 2931 580 2996 dictio
593 2932 648 2994 illa
664 2932 816 2996 Hebraiea
831 2934 927 3013 signi·
982 2930 1136 3013 obsequio
1151 2930 1333 3011 subjugare,
1352 2929 1397 2991 ait
1412 2949 1419 2992 :
1434 2928 1672 2992 Proficiscimur
1686 2933 1726 2994 ad

175 3028 256 3092 licat
276 3047 423 3092 socerum
439 3037 471 3092 et
485 3037 665 3110 cognatum.
684 3031 717 3092 ln
734 3030 927 3096 Scholastica
944 3022 966 3085 C
983 3031 1088 3094 locum
1109 3047 1204 3110 quem
1220 3027 1373 3090 Dominus
1394 3028 1526 3089 daturus
1549 3036 1597 3090 est
1620 3029 1723 3092 nobis.

173 3145 308 3209 quoque
327 3125 462 3189 historia
482 3127 707 3210 legitur,quod
731 3129 839 3192 Hobab
865 3129 927 3194 luit
981 3128 1146 3208 Quumque
1172 3125 1226 3188 ille
1251 3125 1477 3207 respondisset,
1501 3125 1569 3188 Non
1595 3145 1724 3209 pergem

175 3225 277 3288 irater
293 3225 402 3288 uxoris
418 3224 543 3308 Moysis.
561 3230 808 3304 Proficr'scimur
827 3233 871 3288 ud
886 3235 927 3290 to
983 3237 1107 3299 tecum3
1134 3224 1221 3287 illico
1245 3224 1364 3306 Moyses
1389 3223 1545 3305 adjunxit,
1572 3225 1641 3288 Noli
1667 3244 1726 3288 nos

173 3347 251 3386 cum
262 3345 357 3404 qzoeru
368 3327 528 3386 Dominus
541 3329 680 3386 datuurus
695 3335 740 3386 cst
755 3328 925 3398 uobismisi
982 3325 1173 3405 relinquere.
1192 3322 1237 3384 Tu
1253 3322 1339 3384 enim
1354 3324 1439 3385 nosti
1456 3322 1489 3384 in
1510 3322 1627 3404 quibus
1648 3324 1726 3387 locis

173 3423 303 3486 obicem
330 3423 492 3504 peccando
518 3441 700 3504 ponamus3
728 3427 802 3484 veni
826 3428 927 3486 azotis·
981 3432 1083 3487 castra
1098 3440 1217 3504 ponere
1231 3420 1624 3505 debeamus.NonMoysen
1642 3423 1728 3504 igno

173 3543 263 3590 cum,
285 3531 322 3580 ut
352 3522 592 3598 berzefaciamus
618 3523 687 3582 tibi.
713 3525 773 3583 Oui
798 3525 853 3583 tue
877 3545 927 3583 re·
983 3521 1084 3585 nantia
1107 3519 1231 3582 itineris
1253 3519 1461 3598 angustabat,
1479 3520 1534 3582 sed
1551 3521 1599 3583 vir
1621 3522 1727 3603 provi-

172 3621 308 3698 spondit
325 3640 336 3678 :
354 3621 427 3680 Non
448 3622 567 3680 oudam
584 3629 697 3691 tecum,
714 3624 769 3680 scd
784 3633 927 3682 reuertar
981 3622 1040 3682 dus
1055 3619 1138 3682 elato
1153 3616 1291 3680 auditori
1307 3617 1452 3698 loqucnS,
1470 3617 1618 3680 solatium
1634 3619 1727 3701 petiit

175 3723 349 3780 interram
366 3721 538 3780 circumiit
554 3720 610 3778 itte
622 3741 632 3778 .·
643 3721 862 3800 nututnquit,
872 3743 927 3782 um
982 3727 1016 3781 ut
1031 3718 1091 3780 hoc
1107 3723 1285 3798 praestaret;
1299 3715 1481 3795 requirebat
1490 3716 1602 3779 ducem
1619 3717 1652 3779 in
1664 3718 1725 3795 via,

174 3821 373 3898 relinquere.
395 3820 443 3877 Tu
458 3820 546 3877 euim
564 3819 649 3878 nosti
665 3820 700 3877 in
716 3821 832 3897 quibus
852 3823 927 3880 locis
982 3817 1033 3880 oui
1058 3816 1122 3877 dux
1148 3812 1241 3875 lieret
1265 3813 1304 3874 ud
1329 3812 1559 3894 sulutemEgil
1583 3832 1668 3895 ergo,
1690 3824 1726 3880 ul

171 3938 232 3994 per
257 3919 422 3976 tursertum
448 3925 553 3976 castra
576 3935 694 3993 ponere
721 3918 891 3978 debeamus
916 3939 927 3978 .·
983 3914 1139 3998 superbus
1150 3912 1275 3974 auditor
1290 3910 1361 3972 voei
1376 3911 1415 3972 ad
1432 3912 1565 3974 meliora
1580 3914 1723 3977 suadenti

175 4015 254 4096 quia
279 4012 432 4076 videlieet
457 4012 567 4075 llobab
599 4014 658 4076 iste
684 4021 777 4076 natus
803 4013 864 4076 luit
889 4017 928 4079 de
982 4033 1019 4078 eo
1036 4012 1137 4092 magis
1153 4009 1246 4072 lieret
1265 4010 1410 4084 devotus,
1426 4028 1490 4090 quo
1510 4010 1582 4092 plus
1603 4021 1726 4093 putare

177 4123 262 4176 terra
277 4112 406 4175 deserto
425 4111 500 4174 huie
521 4112 722 4193 propinqua;
748 4124 777 4174 et
792 4115 856 4173 eris
870 4117 929 4174 du·
984 4123 1034 4176 tur
1065 4109 1262 4174 necessarius
1282 4133 1289 4184 3
1317 4117 1350 4171 et
1379 4109 1464 4171 unde
1492 4109 1725 4176 exhortatorem

176 4224 243 4272 otor
265 4220 384 4270 noster.
403 4209 447 4269 Ex
472 4209 522 4270 his
548 4217 689 4292 apparet,
713 4211 798 4290 quod
819 4211 928 4274 Hobab
943 4215 967 4276 Ι)
983 4231 1077 4274 suum
1099 4207 1276 4291 praecedere
1298 4207 1451 4282 crederet,
1470 4206 1544 4271 inde
1564 4227 1598 4271 se
1619 4211 1727 4276 verbis

63 4383 72 4394 .
107 4335 162 4374 nn,
177 4311 238 4374 iste
264 4328 331 4372 non
359 4307 421 4370 luit
444 4308 563 4384 lothro,
589 4308 740 4389 quoniam
764 4308 797 4370 in
823 4309 928 4388 Exodo
984 4307 1179 4373 exhortantis
1196 4304 1374 4367 inclinaret.

177 4409 296 4489 legitur
312 4405 452 4487 qualiter
466 4405 574 4468 tethro
597 4405 630 4466 in
653 4425 742 4467 suam
758 4407 853 4468 rediit
869 4416 929 4470 ter·
1031 4412 1201 4484 Quumque
1225 4405 1388 4464 uobiscum
1414 4406 1538 4465 veneris
1563 4425 1664 4488 usque
1693 4409 1727 4472 in

177 4527 264 4570 ram:
277 4505 317 4566 Et
336 4503 363 4566 si
384 4503 519 4580 dicatur,
537 4511 571 4566 ut
588 4503 687 4583 aliqui
704 4503 826 4581 dicunt,
844 4505 928 4586 quod
985 4517 1101 4570 terram
1127 4502 1219 4566 nobis
1246 4499 1446 4582 promissam,
1463 4505 1627 4583 quidquid
1647 4513 1729 4586 opti-

176 4604 338 4687 disposita
360 4604 456 4665 domo
479 4622 546 4678 sua,
564 4603 603 4664 ad
620 4602 744 4684 Moysen
766 4603 806 4664 sit
826 4622 931 4666 rever·
985 4626 1075 4668 mum
1090 4603 1194 4680 fluuit
1208 4621 1249 4660 cu
1263 4601 1375 4677 opibus
1390 4619 1470 4678 quus
1486 4603 1575 4661 nobis
1588 4607 1728 4667 daturus

177 4724 244 4780 sus,
270 4710 369 4783 atque
390 4701 431 4764 ed
450 4701 647 4763 ludaismum
673 4719 745 4762 eum
770 4701 836 4763 suis
856 4720 931 4767 oon·
984 4715 1029 4764 est
1043 4702 1216 4768 Dorulaus,
1231 4700 1381 4758 dabimus
1398 4698 1467 4757 tibi.
1484 4696 1552 4759 Non
1569 4709 1616 4762 est
1636 4701 1730 4766 intel-

178 4817 318 4865 rersus:
343 4819 407 4862 non
432 4807 481 4862 est
506 4799 692 4876 verisimile,
710 4800 795 4880 quod
821 4819 931 4862 rursus
986 4800 1162 4883 ligandum,
1178 4797 1263 4879 quod
1286 4795 1405 4877 Moyses
1430 4798 1596 4878 proposuit
1621 4804 1730 4866 omnia

178 4899 338 4964 voluisset
363 4899 402 4960 ad
427 4917 485 4959 sua
506 4899 633 4974 reverti,
652 4897 701 4960 vel
724 4899 809 4978 quod
830 4899 932 4961 reddi·
986 4897 1170 4981 hujusmodi
1191 4895 1322 4957 meliora
1341 4892 1487 4956 conterre
1505 4914 1563 4959 suo
1582 4909 1728 4977 cognato,

178 5001 280 5062 disset
306 5015 341 5060 se
372 4996 416 5058 ita
441 4994 610 5059 difficilem
638 4997 677 5058 ad
702 4997 930 5058 remanendum
987 4999 1041 5062 sed
1065 5004 1190 5058 tantum
1215 5001 1370 5075 quantum
1401 4991 1470 5073 ipse
1498 4993 1732 5062 rationabiliter

179 5117 252 5160 cum
265 5095 382 5177 Moyse.
987 5094 1163 5160 allectaret.
1190 5091 1334 5170 Denique
1355 5089 1389 5150 in
1411 5096 1497 5153 textu
1517 5110 1583 5156 nou
1603 5093 1731 5176 legitur,

217 5197 377 5258 Praeterea
401 5192 518 5254 mimm
539 5193 677 5269 videtur,
704 5193 789 5273 quod
813 5192 932 5274 Moyses
988 5213 1028 5258 an
1051 5192 1160 5257 Hobab
1183 5187 1365 5270 acquievit3
1386 5190 1600 5254 communiter
1626 5201 1732 5257 tamen

179 5296 233 5376 qui
249 5291 434 5358 certissimo
456 5291 550 5353 nubis
566 5310 602 5354 ae
618 5289 724 5370 angeli
742 5291 839 5352 ductu
859 5291 934 5354 diri·
989 5299 1125 5366 tenetur,
1144 5288 1228 5369 quod
1246 5287 1320 5362 imo,
1341 5285 1419 5366 quia
1433 5294 1465 5348 et
1480 5287 1514 5348 in
1528 5289 1677 5353 iudicum
1696 5293 1734 5354 li-

308 5425 342 5478 T.
359 5423 383 5474 2.
1582 5423 1613 5473 24
