4309 6259
521 536 694 583 manuario
715 535 746 581 m
767 535 835 581 aar.
859 533 913 580 xru
933 532 1130 581 uuuaaonuu.
1152 552 1193 563 -
1212 532 1284 579 aar.
1306 530 1391 578 xxxv
1666 506 1723 571 tlt

177 710 457 781 Aratmoaitarara,
471 710 514 771 ita
529 708 614 790 quod
630 716 769 771 extrema
786 725 842 769 sua
857 696 926 785 qui·
940 703 967 766 A
982 727 1045 769 aaa
1058 706 1081 776 *,
1100 704 1131 770 id
1153 716 1201 771 est
1223 708 1334 770 urbem
1357 705 1403 769 sie
1425 703 1554 778 dietam,
1571 719 1642 782 quaa
1664 695 1726 759 luit
1761 716 1769 731 ·

178 806 237 869 bus
259 807 322 869 lilii
341 808 434 870 lsrael
456 806 724 890 propinquabant,
742 804 926 867 munitioni·
982 806 1064 869 inter
1079 807 1174 869 urbes
1189 807 1278 869 Moab
1297 806 1468 888 praecipua,
1488 812 1518 862 et
1533 802 1725 861 habitatores

176 906 238 969 bus
270 906 492 969 lirmaverunt.
520 905 679 987 Praeipua
708 913 814 967 tamen
845 903 925 965 ratio
980 910 1188 978 eacelsoram,
1214 906 1246 967 id
1276 914 1324 967 est
1353 901 1539 965 sublimium
1570 898 1723 971 locorum,

179 1004 251 1081 init,
270 1005 346 1086 quia
369 1005 451 1067 Deus
473 1002 637 1087 prohibuit
660 1002 739 1064 liliis
764 1002 857 1065 lsrael
880 1001 926 1063 iu·
981 1010 1110 1075 Arnon,
1126 1005 1185 1068 hoa
1200 1012 1249 1067 est
1273 1004 1383 1086 oppidi
1404 1012 1459 1065 aut
1485 998 1578 1061 lluvii
1595 994 1725 1059 nomine

35 1126 162 1175 Deai.tt,ll).
178 1105 294 1167 vadere
320 1103 529 1179 Ammonitas,
557 1109 592 1165 ut
622 1102 654 1163 in
681 1100 925 1164 Deuteronomio
980 1107 1100 1168 Arnon.
1119 1109 1169 1166 Vra
1186 1107 1244 1165 ttbi
1259 1107 1364 1165 Moab.
1377 1103 1509 1165 Carmen
1526 1097 1608 1160 istud
1625 1116 1644 1157 a
1660 1092 1725 1155 lau·

177 1203 325 1265 habetur.
350 1200 481 1277 ideireo,
499 1220 555 1282 per
578 1198 660 1263 forle
682 1199 864 1281 praesidium
884 1198 926 1259 is-
981 1203 1104 1265 toribus
1130 1202 1233 1265 Sehon
1257 1200 1445 1265 factumest
1469 1207 1500 1261 et
1525 1194 1722 1269 cantabatur,

178 1302 245 1377 tud,
271 1300 401 1382 quidam
425 1318 490 1362 non
513 1300 620 1381 inepte
643 1298 825 1378 intelligunt
850 1315 925 1379 pra·
980 1301 1037 1382 qui
1052 1300 1201 1363 dixerunt
1219 1317 1226 1361 :
1244 1295 1532 1373 testulutum
1549 1302 1607 1371 est,
1625 1310 1722 1367 mors,

176 1408 292 1461 tactam
317 1398 372 1461 Dei
395 1397 655 1480 prohibitionem.
674 1397 797 1459 Poterat
819 1403 924 1458 tamen
980 1398 1138 1476 confusio,
1151 1399 1281 1461 vastitas
1298 1397 1356 1459 tibi
1373 1396 1461 1458 illata
1475 1402 1534 1471 est,
1550 1411 1569 1456 o
1585 1411 1649 1467 rex,
1668 1409 1724 1453 seu

175 1497 342 1561 materiale
358 1496 438 1559 illud
460 1494 642 1578 praesidium
659 1514 728 1557 esse
750 1504 812 1557 tam
830 1492 922 1572 sorte,
980 1498 1071 1581 plebs
1091 1496 1233 1561 Moabitis
1253 1521 1260 1572 3
1282 1497 1411 1575 peristi,
1431 1497 1552 1573 papale
1578 1494 1722 1559 Cbamos,

175 1597 261 1677 quod
278 1595 342 1658 lilii
354 1595 447 1658 lsrael
464 1613 527 1657 non
544 1594 693 1659 valebant
708 1594 787 1656 illud
803 1593 925 1656 viribus
981 1596 1013 1658 id
1038 1604 1097 1671 est,
1115 1602 1149 1656 tu
1173 1612 1251 1675 gens
1275 1593 1450 1669 Moabitiea,
1467 1610 1538 1673 quae
1559 1588 1638 1652 eolis
1658 1586 1725 1649 ido-

175 1695 242 1757 suis
253 1712 445 1777 expugnare,
456 1711 514 1755 nee
525 1694 564 1755 ad
577 1693 636 1756 hoa
647 1692 748 1756 voluit
759 1710 813 1756 eos
823 1692 925 1755 Domi·
981 1694 1045 1756 lum
1064 1693 1193 1756 nomine
1208 1692 1353 1768 chamos,
1372 1691 1495 1771 dejecta
1519 1697 1551 1751 et
1570 1686 1655 1751 vieta
1676 1704 1722 1747 es.

175 1813 236 1856 nus
252 1792 540 1875 supernaturaliter
550 1792 711 1873 adjurare,
725 1791 874 1872 quoniam
889 1790 924 1852 li·
979 1794 1088 1863 Dedit,
1113 1790 1144 1852 id
1174 1798 1233 1866 ost,
1250 1789 1385 1852 Chamos
1411 1788 1493 1850 Deus
1518 1783 1722 1849 Moabitarum

175 1894 227 1955 liis
239 1893 297 1955 Lot
314 1890 397 1954 natis
413 1910 450 1954 ex
462 1892 609 1968 Ammon,
621 1891 792 1953 tradiderat
809 1898 922 1952 terram
942 1890 1137 1971 Boxposuit,
1156 1888 1204 1951 vel
1232 1888 1337 1971 potius
1364 1887 1444 1949 tradi
1470 1884 1625 1969 permisit,
1659 1882 1724 1944 imo

174 1992 275 2054 illam.
980 1987 1137 2071 impedire
1163 2006 1226 2050 non
1259 1987 1373 2070 potuit,
1395 1990 1482 2063 filios
1505 1986 1586 2063 ejas,
1613 1990 1723 2063 utpote

221 2092 300 2151 Urbs
322 2091 462 2151 Heaeboa
484 2090 552 2166 fait
576 2090 681 2149 aaron
704 2090 924 2163 111111Αο111-
979 2086 1091 2169 populi
1116 2106 1150 2149 se
1171 2085 1316 2162 colentis,
1336 2088 1372 2145 ia
1393 2086 1521 2163 sapam,
1538 2082 1613 2164 quia
1636 2082 1724 2161 luge-

174 2190 266 2250 11111.
279 2188 339 2249 Ρο1
355 2187 415 2249 hoe
432 2186 550 2249 satisfit
564 2184 736 2267 objectioni
753 2193 784 2247 et
800 2184 924 2247 dubita·
980 2194 1054 2248 runt
1073 2185 1173 2246 territi
1192 2184 1401 2260 Amorrhaeos,
1418 2194 1448 2243 et
1466 2185 1555 2261 filias
1572 2184 1608 2241 r'a
1625 2183 1724 2257 capti-

175 2286 267 2361 tioni‚
286 2304 359 2366 que
381 2284 501 2348 moveri
527 2292 631 2366 potest
652 2283 738 2345 eirea
760 2282 920 2364 predicta,
979 2287 1113 2345 vitatem
1130 2287 1199 2362 1191·
1214 2286 1478 2345 Amorrbaorum
1499 2285 1605 2343 Seboa
1621 2300 1633 2339 .·
1648 2278 1725 2361 quia

173 2384 314 2466 qualiter
330 2402 441 2446 verum
458 2382 500 2444 sit
522 2382 606 2463 quod
631 2380 693 2443 lilii
709 2380 802 2443 lsrael
819 2399 924 2462 posse
979 2382 1130 2446 mulieres
1149 2400 1214 2445 non
1230 2383 1359 2445 suntad
1382 2380 1569 2461 fugiendum
1585 2379 1721 2454 veloces,

173 2482 290 2544 derunt
306 2480 418 2543 urbem
435 2480 565 2543 nomine
580 2479 737 2555 Hesebon,
753 2498 853 2560 quum
869 2478 923 2541 illa
978 2489 1109 2564 propter
1132 2482 1216 2563 quod
1242 2480 1383 2544 velocius
1403 2480 1583 2562 capiuntur.
1599 2481 1723 2555 lupam

174 2579 366 2661 pertinuerit
383 2578 449 2657 regi
465 2577 565 2655 Moab,
578 2598 596 2639 a
611 2578 704 2659 eujus
720 2586 802 2639 terra
819 2576 923 2658 prohi—
978 2583 1124 2657 ipsoram
1150 2582 1312 2659 dispertit,
1334 2579 1366 2641 id
1394 2587 1452 2656 est,
1478 2585 1617 2659 potestas
1639 2575 1723 2655 regis

173 2678 286 2741 buerat
302 2677 456 2741 Dominus
472 2676 629 2740 lsraelem.
647 2677 685 2737 Et
701 2675 922 2757 respondetur,
978 2687 1010 2741 et
1032 2679 1135 2760 plebis
1151 2678 1250 2753 Moab,
1268 2698 1332 2760 qua
1355 2678 1435 2740 alios
1450 2678 1632 2759 opprimere
1651 2693 1724 2738 eon-

173 2778 258 2858 quod
275 2774 424 2858 quamvis
438 2775 551 2839 civitas
568 2774 622 2837 illa
638 2775 742 2857 primo
758 2774 923 2837 attinuerit
979 2777 1092 2855 suevit,
1111 2778 1271 2840 destructa
1286 2784 1345 2853 est,
1363 2780 1402 2837 ab
1419 2778 1560 2838 Heseboa
1579 2773 1724 2837 111110111-

174 2875 240 2956 regi
257 2875 360 2952 Moab,
377 2881 487 2956 postea
511 2882 615 2936 tamen
630 2875 701 2954 jure
723 2872 825 2955 praelii
842 2873 923 2936 obti-
977 2896 1038 2955 111
1061 2880 1105 2936 ad
1123 2878 1228 2937 Dibon
1253 2875 1407 2958 oppidum
1427 2874 1536 2947 Moab;
1555 2876 1632 2933 lassi
1652 2893 1724 2949 pa-

174 2975 243 3037 nuit
259 2992 330 3036 eam
348 2992 402 3037 rex
414 2974 527 3050 8011011,
539 2981 571 3035 01
586 2972 627 3035 ab
643 2972 698 3035 1110
714 2972 922 3035 obtinuerunt
978 2985 1136 3035 verterunt
1151 2977 1187 3035 ia
1204 2977 1315 3051 Nopbe
1334 2984 1364 3034 et
1385 2994 1484 3052 usqae
1505 2974 1642 3032 Medaba
1657 2992 1669 3030 .·
1690 2970 1722 3031 id

172 3092 241 3136 eam
268 3071 332 3133 filii
354 3072 447 3135 lsrael
473 3071 544 3153 jure
569 3070 658 3134 belli.
678 3072 741 3139 Qut
758 3073 922 3148 paqaavit
940 3080 962 3143 c
978 3080 1036 3149 est,
1063 3071 1205 3135 Moabitae
1233 3071 1403 3151 fugientes,
1431 3071 1557 3133 tandem
1585 3068 1720 3149 fatigati,

172 3180 284 3231 anatra
309 3191 416 3247 repam
437 3174 544 3240 Moab,
565 3180 594 3231 et
616 3172 692 3231 tulit
717 3190 841 3230 omnem
864 3179 922 3230 ter·
977 3172 1193 3234 veneruntad
1215 3172 1310 3234 urbes
1332 3170 1463 3234 nomine
1482 3169 1592 3251 Nopbe
1612 3176 1643 3232 et
1664 3168 1723 3230 Me-

172 3266 920 3349 1111111111111111111111111111111,111011,8011011
977 3269 1068 3346 daha,
1087 3271 1126 3332 ad
1141 3289 1221 3351 quas
1241 3269 1464 3349 confugerunt,
1482 3268 1559 3349 quia
1579 3267 1721 3331 nondum

173 3386 225 3429 1011
240 3367 375 3429 abstulit
396 3366 461 3447 regi
477 3366 565 3429 Moab
588 3384 716 3429 omnem
733 3375 848 3429 terram
871 3366 920 3427 sui
976 3368 1180 3450 perdiderant
1195 3388 1259 3432 eas.
1277 3369 1320 3432 De
1335 3369 1385 3430 his
1405 3377 1436 3430 et
1451 3368 1523 3430 aliis
1538 3366 1722 3431 civitatibus

171 3465 319 3541 dominii,
333 3486 431 3545 easque
441 3469 554 3526 Arana
567 3482 578 3525 .·
590 3483 646 3547 per
661 3464 746 3545 quod
763 3463 918 3541 innuitur,
975 3465 1062 3529 Moab
1078 3466 1195 3546 legitur
1209 3466 1336 3548 plenius
1353 3466 1384 3527 in
1400 3466 1479 3528 lsaia
1493 3464 1678 3528 etJeremia.
1737 3479 1864 3521 ranam

171 3565 257 3645 quod
283 3580 347 3625 11011
377 3562 510 3625 abstulit
534 3562 563 3625 01
594 3571 695 3625 lotum
726 3561 918 3625 territorium
1016 3568 1429 3645 Habitaor'titaqaelsrael
1453 3568 1490 3625 ia.
1507 3574 1593 3625 tarra
1609 3542 1858 3624 Amor-‘⁰''¹²⁸'¹¹¹’

172 3662 261 3743 regni
278 3662 340 3723 sui.
358 3664 485 3723 Iclar'rao
500 3664 626 3723 dieitur
641 3664 677 3722 ia
691 3664 870 3738 proverbio,
887 3660 919 3722 id
975 3666 1057 3725 rboei
1073 3686 1085 3723 .·
1110 3664 1185 3745 quia
1209 3664 1258 3726 hae
1281 3662 1375 3726 urbes
1408 3671 1565 3745 protunc
1593 3660 1720 3724 fuerant

171 3770 217 3824 est
244 3762 277 3823 in
301 3759 401 3823 verbo
423 3760 547 3842 vulgari
569 3768 600 3822 et
624 3760 765 3823 carmine
790 3759 920 3841 publiea
975 3762 1058 3843 regis
1089 3763 1355 3838 Amorrhaeorum,
1382 3769 1413 3824 et
1443 3780 1507 3824 non
1530 3762 1613 3841 regis
1642 3761 1720 3824 Moa-

170 3858 406 3940 aliquantulum
430 3859 624 3940 parabolice,
642 3859 918 3939 secundumquod
974 3860 1124 3923 bitarum.
1153 3863 1307 3941 Misitqae
1339 3864 1460 3939 Moyses
1495 3860 1650 3941 quosdam
1680 3860 1719 3923 de
1786 3851 1799 3871 ’

170 3957 209 4018 de
226 3956 424 4019 notabilibus
439 3956 534 4018 bellis
551 3956 796 4038 magnificisque
813 3957 919 4018 trium·
975 3959 1074 4032 lsrael,
1083 3962 1141 4039 qui
1150 3965 1357 4036 eaptorareat
1365 3963 1463 4021 Jaaer
1474 3958 1584 4020 urbem
1597 3958 1717 4032 Seb0n3

171 4054 243 4136 phis
263 4054 407 4118 carmina
430 4054 535 4117 solent
555 4056 704 4137 componi
726 4072 732 4117 :
755 4058 862 4115 Venite
882 4056 918 4115 111
973 4058 1068 4133 cajus
1085 4068 1237 4134 ceperunt
1254 4061 1386 4130 viculos,
1398 4069 1428 4119 et
1439 4062 1649 4135 possederant
1663 4060 1720 4118 lra-

171 4156 325 4223 Ilrsaboa,
342 4154 374 4215 id
395 4160 443 4216 est
463 4154 503 4215 ad
528 4153 632 4216 locum
651 4154 683 4215 in
709 4172 773 4234 qtro
789 4162 918 4217 steterat
974 4158 1131 4217 bt'tatores.
1150 4156 1370 4238 Exploratores
1386 4157 1440 4219 isti
1466 4157 1538 4239 plns
1561 4154 1717 4233 fecerunt,

171 4252 245 4314 urbs
275 4251 341 4329 illa,
366 4260 537 4334 antequam
560 4253 663 4315 Sabou
692 4273 745 4315 rex
771 4272 838 4315 eam
866 4266 957 4327 ira-1)
973 4273 1067 4336 quam
1084 4255 1130 4317 eis
1146 4254 1326 4336 injunctum
1343 4254 1424 4317 luit:
1442 4256 1518 4338 quia
1535 4273 1598 4318 non
1615 4255 1718 4317 solum

169 4351 284 4424 stavit;
308 4353 502 4428 aedificatur,
517 4361 546 4412 et
570 4362 779 4413 construatur
802 4354 917 4413 civitas
972 4354 1228 4435 exploraverunt,
1247 4354 1302 4416 sed
1325 4355 1420 4417 etiam
1444 4362 1647 4417 vastaverunt
1668 4373 1719 4416 ur-

169 4452 284 4519 Selroa,
299 4448 331 4509 id
347 4456 406 4525 est,
419 4447 533 4510 eivitas
549 4448 605 4511 illa
617 4450 683 4531 jam
698 4458 862 4530 reparetur
876 4450 916 4511 ad
972 4452 1055 4528 bem,
1072 4453 1112 4514 ad
1128 4470 1224 4533 quam
1240 4453 1466 4534 explorandam
1487 4462 1578 4516 erant
1591 4452 1715 4529 direnti,

168 4547 322 4610 bonorem
348 4547 453 4609 Sehon
480 4548 575 4629 regis,
603 4548 654 4611 eui
681 4568 765 4612 nune
790 4548 914 4611 attinet.
972 4551 1138 4615 etvioulos
1153 4550 1717 4631 circumjacentes.Habitatoresvero

169 4648 259 4723 lanis
280 4666 425 4723 eyressas
448 4657 493 4707 ast
514 4651 554 4707 cle
573 4650 727 4717 Haseboa,
744 4648 775 4710 id
796 4656 854 4725 est,
878 4666 916 4709 ex
972 4649 1113 4712 locorum
1132 4649 1258 4711 illorum
1277 4649 1455 4732 possedisse
1470 4649 1632 4728 dicuntur,
1642 4650 1718 4731 quia

168 4750 327 4825 praecepto
354 4742 437 4824 regis
455 4744 559 4807 Srhon
586 4744 779 4827 possidentis
804 4746 915 4809 urbem
971 4747 1180 4810 subdiderunt
1206 4767 1260 4811 eos
1286 4767 1350 4811 snae
1375 4747 1542 4825 voluntati,
1568 4757 1600 4811 ot
1625 4747 1718 4811 forsi-

168 4842 299 4905 nomine
315 4842 474 4917 Mesoboa,
492 4842 610 4922 egressi
635 4851 710 4905 sunt
732 4844 800 4925 ejus
824 4844 916 4906 mini·
972 4856 1023 4909 tan
1047 4846 1243 4909 oeciderunt.
1266 4851 1493 4927 tartareaeque
1513 4868 1557 4918 11,
1578 4856 1613 4910 ut
1635 4849 1718 4911 redi·

168 4940 222 5001 stri
239 4942 279 5003 ad
297 4939 534 5002 incendendum
558 4942 621 5003 alia
637 4942 754 5023 oppida
769 4942 915 5006 Moabita-
970 4953 1041 5007 rant
1060 4946 1100 5006 ad
1117 4944 1253 5026 Moysen,
1270 4958 1300 5007 et
1320 4951 1532 5008 ascenderant
1547 4969 1608 5025 per
1628 4950 1716 5009 eiam

167 5058 246 5100 rum.
260 5038 350 5101 Unde
366 5039 526 5101 sententia
542 5040 602 5101 ista
617 5040 689 5101 aliis
705 5041 810 5103 verbis
827 5061 916 5124 repe·
970 5048 1091 5113 Busan,
1110 5042 1140 5104 id
1163 5052 1211 5105 est
1237 5044 1376 5124 regionis
1403 5064 1458 5108 seu
1484 5045 1546 5108 loei
1572 5046 1670 5122 illius,
1687 5058 1716 5108 et

167 5136 253 5211 titur,
272 5144 307 5199 ut
324 5137 422 5199 moris
438 5145 487 5199 est
510 5138 541 5198 in
565 5137 746 5200 cantilenis,
764 5144 915 5201 Flamma
969 5144 1109 5201 oaertrrtt
1133 5142 1179 5200 eis
1205 5146 1262 5218 09,
1287 5141 1319 5203 id
1343 5150 1401 5218 est,
1419 5145 1458 5204 ad
1483 5145 1715 5207 occurrendum

164 5238 204 5294 de
218 5237 336 5313 oppido
347 5238 467 5304 Sabora,
478 5234 629 5299 videlieet
639 5236 678 5297 de
689 5236 820 5317 prelata
836 5239 914 5301 urbe
969 5238 1094 5320 paravit
1109 5257 1154 5313 se,
1167 5249 1262 5319 atque
1277 5258 1443 5303 occurrere
1459 5242 1567 5323 eoepit,
1580 5264 1638 5303 rea
1653 5248 1715 5305 Ha-

165 5331 320 5409 ltesebon,
352 5343 382 5393 at
411 5336 578 5394 devoravit
610 5337 827 5396 Moabitarum
852 5340 914 5397 Ar·
967 5342 1124 5407 samaria
1140 5339 1661 5419 ornaipopalosa0,papaatarus
1677 5345 1713 5403 ia
