4309 6259
518 498 692 544 annnnsrm
713 499 743 543 m
766 498 833 543 aar.
857 498 899 544 xx
920 498 1116 546 nuumonuu.
1139 520 1180 531 -
1199 502 1271 548 aar.
1293 502 1389 549 xxxiv
1662 484 1721 551 433

178 666 276 729 luisse
292 668 326 729 in
342 668 413 745 hoc,
432 670 517 751 quod
536 670 627 747 dixit,
644 670 769 748 Audite,
788 670 923 733 rebelles
939 670 963 733 Α
979 689 1119 735 sensum.
1137 676 1232 737 Nosti
1246 696 1372 737 omnem
1388 678 1526 737 laborem
1537 677 1596 757 qui
1610 695 1721 754 appre-

175 772 206 827 et
223 765 392 829 increduli.
411 768 444 829 ln
467 768 587 849 quibus
606 768 712 831 verbis
734 769 873 831 ostendit
889 787 923 832 se
977 772 1091 832 tendit
1105 793 1173 845 aas,
1188 778 1345 853 quomodo
1356 784 1466 852 patres
1480 776 1584 836 nostri
1598 778 1722 835 clessam

174 864 292 927 habere
322 883 469 945 magnam
497 874 608 929 contra
639 867 793 949 populum
825 867 920 943 iram,
976 872 1086 931 cteriat
1101 874 1138 931 in
1152 875 1347 949 AEpyptam,
1360 883 1391 933 et
1405 876 1661 934 habitaverimus
1676 874 1723 933 ibi

173 963 258 1043 quod
280 961 343 1024 luit
359 964 529 1046 dupliciter
551 965 671 1027 malum
694 966 833 1041 :Prima
847 966 922 1046 quia
977 972 1078 1028 mutto
1105 979 1250 1047 tempore,
1274 973 1516 1050 offliacriatqae
1540 991 1598 1031 nos
1621 974 1723 1049 AEgy·

174 1059 206 1120 in
224 1062 921 1144 tantovitoaquocetetidebebantl'ormam
973 1068 1051 1144 prii,
1073 1076 1103 1127 et
1117 1072 1273 1147 quomodo
1288 1072 1536 1130 clamaverimus
1551 1073 1596 1129 ad
1614 1071 1723 1130 Domi-

172 1158 246 1223 vitae
272 1161 448 1238 addiscere,
468 1163 526 1239 ira,
554 1163 730 1245 praesertim
757 1163 790 1223 in
817 1163 922 1245 publi·
976 1184 1070 1233 aum,
1085 1175 1115 1226 et
1133 1168 1319 1227 eaomtierit
1338 1188 1406 1239 nos,
1423 1170 1609 1247 miseritque
1627 1186 1723 1244 anye-

173 1275 220 1335 co,
236 1258 329 1321 valde
344 1260 568 1341 vituperabilis
585 1260 657 1321 luit.
673 1260 829 1337 Secund0,
846 1260 922 1342 quia
976 1266 1045 1323 tom
1061 1266 1120 1343 qai
1132 1267 1247 1325 educit
1261 1286 1318 1327 nos
1335 1270 1376 1327 de
1389 1269 1542 1345 AEqypto.
1560 1265 1722 1339 Quomodo

173 1373 229 1436 per
246 1356 344 1420 verba
365 1358 431 1435 illa,
449 1358 570 1441 Moyses
590 1359 678 1421 dedit
699 1359 818 1440 populo
833 1378 922 1422 occa·
976 1368 1101 1442 poterat
1119 1381 1173 1425 rex
1193 1362 1248 1425 ille
1270 1362 1440 1426 idololatra
1463 1382 1594 1427 noscere
1615 1364 1723 1427 omnia

173 1454 298 1518 sionem
320 1457 471 1520 credendi
493 1458 579 1538 quod
600 1458 681 1521 Deus
704 1456 749 1520 eis
772 1457 921 1521 hocloco
977 1458 1126 1521 istatnisi
1138 1459 1222 1523 lorte
1232 1461 1464 1542 dicatur,quod
1474 1461 1652 1544 perceperit
1661 1459 1723 1524 ista

173 1552 365 1617 irasceretur
384 1572 391 1615 :
418 1555 504 1636 quod
516 1564 636 1618 tamen
663 1573 727 1618 non
755 1554 828 1632 luit,
846 1556 922 1636 quia
977 1556 1010 1618 in
1025 1558 1166 1636 generali
1182 1576 1221 1621 ex
1236 1559 1366 1640 publica
1382 1557 1479 1637 fama,
1492 1567 1561 1622 orta
1575 1578 1613 1621 ex
1629 1560 1723 1622 mira-

172 1651 326 1732 petebant
350 1671 416 1715 rem
445 1653 657 1716 neeessariam
687 1654 744 1731 eis,
772 1653 921 1717 videlicet
977 1654 1096 1718 bilibus
1117 1676 1189 1737 qua
1211 1657 1292 1719 Deus
1312 1656 1347 1719 in
1366 1656 1521 1740 AEgyptiis
1544 1657 1674 1734 lecerat,
1691 1666 1724 1721 et

172 1768 300 1830 aquam.
976 1753 1052 1834 quia
1073 1773 1130 1835 per
1144 1755 1355 1836 quadraginta
1377 1773 1478 1818 annos
1501 1755 1564 1816 lilii
1579 1756 1672 1818 lsrael
1688 1756 1721 1818 in

210 1848 301 1911 Circa
325 1849 393 1911 hac
409 1849 506 1913 verba
528 1850 628 1912 Rabbi
650 1850 737 1912 Pauli
759 1851 868 1928 miror,
890 1859 922 1914 et
938 1858 960 1919 B
977 1852 1150 1915 solitudine
1166 1862 1422 1934 permanserunt,
1440 1862 1610 1935 sequentes
1627 1854 1723 1917 nubis

170 1945 223 2007 vix
245 1947 375 2010 credere
391 1948 482 2011 valeo
497 1949 582 2030 quod
603 1948 703 2011 Rabbi
725 1948 845 2031 Moyses
867 1950 921 2013 ille
975 1952 1136 2027 ducatum,
1154 1960 1185 2014 et
1205 1970 1320 2033 panem
1337 1952 1376 2015 de
1392 1952 1474 2015 coelo
1489 1952 1626 2014 edebant
1644 1970 1651 2014 :
1669 1952 1721 2015 cui

169 2044 348 2127 AEgyptius,
366 2065 460 2127 quem
485 2055 632 2110 notamus
654 2066 754 2128 quum
776 2048 921 2111 absolute
975 2050 1143 2112 solitudini
1158 2050 1294 2113 idumea
1310 2048 1372 2110 luit
1386 2050 1673 2132 propinqua.Unde
1688 2051 1721 2113 in

168 2142 270 2205 liabbi
295 2144 422 2226 Moysen
448 2145 635 2227 allegamus,
659 2145 743 2207 dicat
765 2146 920 2227 populum
975 2148 1082 2210 Exodo
1097 2147 1249 2211 Dominus
1270 2147 1315 2209 ait
1336 2146 1491 2210 Pharaoni
1510 2165 1516 2209 :
1534 2148 1566 2210 ln
1589 2148 1650 2211 hoc
1673 2167 1723 2211 ex·
1752 2172 1825 2216 assu.
1839 2185 1867 2223 a.

170 2261 234 2305 non
265 2261 415 2325 peccasse
445 2244 505 2306 boc
535 2244 616 2321 loco,
643 2263 743 2325 quum
775 2243 808 2305 in
834 2252 920 2307 textu
975 2245 1071 2310 citavi
1096 2254 1137 2322 te,
1155 2253 1190 2307 ut
1205 2246 1370 2308 ostendam
1394 2244 1427 2306 in
1448 2254 1479 2308 te
1500 2244 1720 2309 fortitudinem
1737 2238 1770 2277 ¹⁶·

169 2342 372 2424 apertissime
387 2350 556 2419 asseratur,
574 2342 664 2405 Versi
681 2342 714 2404 in
731 2341 919 2405 seditionem
975 2363 1089 2421 meam,
1116 2352 1148 2407 et
1170 2343 1379 2406 annuntietur
1408 2362 1525 2407 noman
1554 2363 1662 2407 meum
1685 2345 1719 2407 in

170 2438 312 2516 luerunt,
325 2448 357 2503 et
372 2440 465 2511 valde
482 2439 663 2521 passionate
679 2440 776 2503 locuti
793 2448 877 2519 sunt,
888 2450 919 2505 et
975 2442 1123 2505 universa
1143 2450 1236 2503 terra.
1259 2441 1360 2524 Supra
1379 2460 1507 2523 quoque
1530 2442 1650 2524 Moyses
1674 2443 1721 2505 ait

169 2548 279 2600 contra
296 2539 466 2601 Dominum
483 2547 558 2600 sunt
572 2538 703 2620 jurgati.
713 2539 785 2600 Fuit
799 2538 918 2620 quippe
973 2542 1012 2603 ad
1024 2540 1192 2604 Dominum
1207 2540 1263 2602 :Ut
1278 2540 1410 2603 audiant
1419 2540 1612 2605 habitatores
1627 2550 1719 2605 terrm
1747 2562 1814 2605 nam.
1824 2576 1866 2611 aa

168 2635 268 2699 Rabbi
289 2636 409 2718 Moyses
432 2637 486 2699 ille
508 2636 558 2699 vir
580 2635 824 2718 profundissimi
848 2654 919 2699 sen·
972 2639 1079 2722 hujus,
1099 2637 1248 2702 videlicet
1268 2638 1450 2715 Cbananaei,
1468 2639 1523 2720 qui
1549 2640 1719 2703 audierunt
1734 2625 1809 2675 '³¹¹⁴‘

169 2754 231 2811 sus,
246 2753 383 2815 magnus
401 2734 566 2815 theologus
582 2743 614 2797 et
629 2735 799 2817 praelarus
815 2735 918 2817 pbilo·
972 2739 1057 2819 quod
1084 2747 1129 2813 tu,
1159 2738 1300 2813 Domine,
1322 2736 1355 2798 in
1381 2736 1500 2819 populo
1521 2738 1581 2801 isto
1607 2739 1662 2815 sis,
1686 2748 1719 2803 et

169 2833 299 2915 sophus,
326 2851 421 2914 quem
443 2834 574 2914 quidam
593 2833 704 2896 dicunt
724 2834 850 2896 tandem
872 2832 917 2897 la·
972 2833 1053 2899 facie
1069 2834 1208 2898 videaris
1219 2834 1260 2895 ad
1275 2832 1400 2910 laciem,
1419 2842 1450 2897 ct
1461 2834 1563 2898 nubes
1579 2844 1633 2898 tua
1648 2855 1718 2917 pro·

167 2942 253 2995 atum
280 2932 381 2995 luisse
407 2932 613 3015 neophytum,
639 2932 791 3014 quoniam
821 2951 916 3015 super
972 2944 1055 3015 tegat
1070 2953 1136 3011 eos,
1153 2942 1215 2997 etc.
1232 2936 1275 2995 Et
1290 2954 1357 2993 ecce
1372 2935 1406 2993 in
1425 2936 1501 2993 orde
1518 2938 1627 3006 Gades,
1646 2957 1718 3015 qam

168 3032 286 3093 librum
302 3031 450 3094 iudicum
472 3030 594 3108 scribit,
618 3031 703 3112 quod
722 3032 811 3093 Jesus
827 3032 916 3093 Naza-
932 3042 1013 3105 cest
1029 3035 1234 3094 ineatremis
1254 3034 1376 3109 finibus
1400 3033 1475 3103 tois,
1494 3032 1527 3093 id
1549 3041 1597 3095 est
1617 3051 1717 3115 prope

168 3149 263 3193 renus
285 3130 413 3192 videtur
436 3128 536 3192 luisse
551 3129 677 3192 Messias
700 3130 732 3191 in
755 3130 825 3210 lege
846 3148 916 3211 pro
970 3131 1126 3209 urbemin
1138 3129 1283 3194 conlinio
1295 3129 1411 3193 deserti
1428 3129 1515 3192 illius
1531 3138 1564 3193 et
1573 3131 1716 3195 ldumaeae

166 3230 295 3306 missua,
314 3237 345 3291 et
360 3238 492 3310 propter
512 3228 617 3309 ipsum
640 3229 757 3291 meruit
771 3228 865 3291 lsrael
881 3237 916 3289 ut
970 3230 1442 3308 locatam,positi,obsecramas
1458 3238 1494 3289 ut
1508 3230 1598 3290 nobis
1615 3240 1717 3291 trans-

166 3330 293 3391 caderet
311 3327 420 3408 gladio
436 3327 661 3390 Romanorum.
682 3326 821 3407 [lenique
836 3327 916 3409 Moy·
969 3331 1017 3387 ire
1037 3330 1132 3387 liceat
1150 3346 1210 3405 per
1227 3334 1346 3385 terram
1371 3333 1472 3385 tuam.
1500 3327 1574 3388 Non
1596 3328 1715 3387 ibimus

167 3447 215 3489 ses
237 3436 380 3503 sanctuS,
397 3425 452 3507 qui
469 3425 729 3488 erattudaeorum
752 3426 911 3507 praelatus,
964 3446 1025 3503 per
1053 3445 1147 3502 agros
1173 3444 1231 3484 aec
1250 3444 1312 3501 per
1341 3424 1463 3495 cineas,
1488 3444 1546 3485 nec
1575 3426 1715 3487 titemm

167 3534 290 3607 poterat
305 3544 360 3589 eos
376 3544 414 3587 ex
430 3526 477 3587 ira
492 3542 549 3606 per
564 3524 666 3587 zelum
683 3524 798 3587 acriter
814 3524 914 3587 incre·
968 3547 1070 3606 aquas
1093 3528 1133 3585 de
1153 3526 1262 3604 pateis
1287 3524 1352 3583 tais
1374 3522 1484 3603 gratis,
1512 3531 1548 3585 ut
1570 3522 1655 3587 inira
1680 3524 1713 3589 in

165 3644 251 3706 pare,
269 3622 473 3706 potissimum
490 3622 566 3703 quia
586 3622 620 3683 id
640 3631 834 3685 meruerunt.
853 3622 912 3685 Sed
969 3634 1055 3688 textu
1071 3622 1227 3684 innuitur.
1245 3622 1278 3684 ln
1296 3620 1360 3682 illis
1374 3620 1493 3683 etenim
1509 3621 1589 3685 locis
1605 3632 1637 3686 et
1653 3632 1714 3687 ter-

165 3730 239 3785 tunc
270 3721 374 3785 oritur
398 3720 544 3802 questio,
571 3720 647 3802 quia
674 3721 700 3781 si
732 3719 793 3781 lilii
819 3721 911 3784 lsrael
968 3724 1011 3785 ris
1032 3741 1115 3803 aqua
1130 3728 1178 3784 est
1201 3720 1349 3803 pretiosa,
1366 3727 1398 3783 et
1418 3720 1580 3784 multoties
1599 3741 1710 3804 pauca.

164 3826 378 3901 peccaverunt
404 3819 465 3881 boc
496 3818 566 3881 loco
594 3827 656 3880 tam
681 3818 831 3898 graviter,
857 3838 913 3881 cur
1009 3823 1069 3882 tat
1091 3819 1256 3896 respondit
1279 3819 1385 3877 Εάοηι
1404 3837 1416 3879 .·
1433 3819 1507 3880 Noa
1533 3821 1713 3883 transibitis

164 3938 226 3982 non
243 3920 376 3980 luerunt
390 3916 496 3999 puniti
512 3916 594 3979 sicut
609 3916 727 3998 Moyses
743 3925 774 3979 et
788 3916 913 3980 Aaron?
962 3940 1022 3997 per
1035 3939 1098 3989 me,
1114 3925 1174 3980 etc.
1192 3916 1374 3995 Statimque
1388 3935 1529 3991 egressus
1543 3926 1588 3976 est
1602 3920 1712 3978 obvius

163 4017 395 4100 Respondetur,
408 4015 492 4096 quod
509 4015 661 4077 Dominus
677 4032 786 4077 eorum
802 4016 913 4079 miser·
966 4018 1006 4080 ad
1026 4015 1240 4081 resistendum
1264 4012 1342 4074 liliis
1365 4014 1470 4091 lsrael,
1486 4036 1560 4076 cum
1576 4018 1711 4095 infinita

164 4126 213 4178 tus
230 4123 292 4191 est,
309 4114 463 4197 quoniam
486 4131 636 4193 magnum
660 4112 841 4175 habuerunt
864 4114 912 4175 in·
966 4118 1190 4186 multitudine,
1212 4114 1243 4177 id
1269 4121 1317 4177 ast
1345 4133 1419 4177 cum
1448 4114 1588 4177 exercitu
1612 4117 1713 4198 pluri-

163 4215 374 4278 citamentum
396 4213 434 4275 ad
459 4212 555 4274 istum
571 4230 746 4289 excessum,
763 4212 912 4275 videlicet
926 4220 950 4281 Ι)
966 4235 1052 4278 mum
1069 4213 1220 4295 copioso:
1238 4212 1347 4293 sicque
1363 4213 1448 4293 quod
1467 4212 1523 4290 ait,
1540 4213 1619 4277 Cum
1634 4215 1711 4278 inti-

164 4312 376 4395 indigentiam
401 4310 572 4374 necessarii
597 4318 701 4392 potus,
730 4329 788 4373 neo
813 4311 911 4392 petie·
966 4314 1033 4377 nita
1048 4311 1265 4387 multitudine,
1282 4318 1330 4374 est
1352 4310 1576 4394 hyperbolicus
1592 4333 1708 4392 sermo,

162 4420 237 4473 runt
251 4411 365 4473 vinum
388 4416 444 4471 aut
466 4409 610 4485 siceram,
633 4409 688 4471 sed
712 4408 911 4490 simplicissi-
965 4432 1029 4494 quo
1044 4410 1166 4492 aliquid
1183 4409 1300 4471 dicitur
1314 4428 1371 4490 per
1386 4428 1562 4488 excessum,
1579 4412 1619 4474 ad
1636 4412 1711 4475 insi-

162 4528 249 4572 mum
266 4528 358 4590 aquae
374 4516 497 4590 potum.
965 4511 1129 4573 nuandum
1145 4507 1398 4587 magnitudinem
1418 4508 1475 4571 rai.
1493 4507 1659 4589 Quaeritur,
1681 4513 1709 4575 si

200 4610 295 4671 Misit
311 4610 435 4669 interea
452 4610 576 4684 Moyses
598 4608 730 4667 nuntios
751 4609 791 4666 de
812 4608 909 4668 Gades
965 4629 1019 4673 rex
1028 4610 1127 4671 Edem
1140 4606 1234 4669 seivit
1248 4606 1356 4668 omnia
1370 4606 1436 4686 jam
1452 4616 1611 4688 praetacta,
1624 4610 1711 4675 vide-

160 4712 203 4769 ad
224 4727 330 4785 repe-m
348 4709 464 4777 Mtom,
487 4703 519 4767 id
544 4712 592 4767 est
616 4704 836 4781 ldumaeorum‚
854 4706 909 4786 qui
964 4708 1038 4772 licet
1053 4706 1191 4790 qualiter
1204 4706 1286 4767 Deus
1309 4722 1366 4786 per
1386 4704 1535 4785 angelum
1554 4708 1663 4771 eduxit
1678 4720 1711 4774 et

159 4813 250 4869 arant
274 4806 314 4867 de
339 4802 462 4866 semine
487 4802 569 4864 Esau
595 4800 702 4864 lratris
727 4803 833 4879 Jacob,
851 4807 909 4883 qai
964 4806 1054 4869 duxit
1069 4805 1156 4867 lilios
1171 4801 1277 4879 lsrael,
1295 4802 1455 4882 quomodo
1470 4822 1565 4867 ausus
1587 4804 1648 4869 luit
1662 4808 1709 4872 eis

157 4906 413 4965 dicerent:Haec
429 4904 566 4962 mandat
580 4902 686 4978 frater
703 4910 777 4961 tuas
793 4904 906 4964 Israel.
963 4905 1001 4968 ad
1028 4902 1240 4967 resistendum
1265 4918 1441 4964 occurrere.
1466 4902 1513 4963 Ad
1536 4905 1623 4984 quod
1645 4907 1709 4970 dici

158 5001 387 5083 Loquebantur
412 4998 445 5060 hi
478 4998 582 5061 nuntii
607 5017 646 5061 ex
669 4998 782 5081 Moysis
810 4998 909 5063 inlor-
964 5011 1079 5084 potest,
1096 5000 1183 5083 quod
1203 4999 1375 5062 excecavit
1395 5018 1469 5062 eum
1491 5001 1615 5066 malitia
1638 5024 1706 5083 sua,

159 5101 301 5163 mationa
323 5099 363 5161 de
383 5105 449 5161 toto
472 5094 643 5159 israelitico
669 5096 799 5179 populo,
817 5100 907 5178 quasi
964 5101 1045 5164 sicut
1068 5101 1133 5182 jam
1158 5104 1232 5161 ante
1255 5097 1419 5179 AEgyptios
1442 5106 1474 5161 et
1496 5109 1606 5180 postea
1629 5103 1708 5167 Cha-

159 5201 199 5262 de
214 5198 347 5261 bomine
363 5214 439 5273 uno,
457 5204 489 5258 et
509 5195 639 5258 nomine
654 5194 772 5257 Fratris
787 5196 910 5278 optavit
965 5216 1103 5275 nanaeoS,
1119 5196 1175 5279 qui
1195 5205 1227 5259 at
1242 5196 1312 5259 visa
1325 5195 1461 5259 statione
1480 5197 1557 5259 solis
1577 5199 1610 5261 in
1626 5203 1709 5266 coelo

160 5316 267 5377 regem
284 5296 376 5358 illum
392 5293 548 5358 inclinare
564 5294 602 5356 ad
617 5293 818 5357 caritativum
834 5314 909 5359 con·
963 5316 1020 5380 per
1035 5297 1193 5375 integrum
1208 5292 1306 5370 diem,
1322 5292 1468 5356 exierunt
1488 5304 1600 5359 contra
1620 5298 1708 5363 lilios

287 5428 320 5479 r.
338 5426 362 5478 a.
1347 5414 1351 5421 '
1555 5428 1586 5480 aa
