4309 6259
536 502 710 550 maranno
732 505 762 550 ur
784 501 852 550 cnr.
876 503 920 550 xu
940 502 1136 552 nuncnonuu.
1159 526 1199 536 -
1220 506 1291 553 aar.
1314 504 1368 554 xxi
1657 483 1716 553 387

172 683 297 733 cerum.
315 672 523 756 Omnipotens
546 675 633 738 enim
656 676 757 738 virtus
780 675 958 758 Spiritush
1012 677 1174 741 Postremo
1190 679 1270 740 [leus
1292 679 1447 759 populum
1469 697 1562 740 suum
1585 696 1648 742 non
1671 677 1717 760 pi·

172 768 289 846 Sancti,
305 772 362 852 qui
383 772 636 836 substantialiter
650 793 739 836 amor
754 783 786 838 ct
804 775 919 836 libcra—
973 776 1080 838 scibus
1102 783 1157 838 aut
1179 777 1344 856 jumentis,
1361 778 1416 840 sed
1436 777 1550 839 avibus
1566 776 1664 859 pavit,
1682 784 1718 839 ut

171 865 244 928 litas
276 875 334 946 cst,
362 870 446 951 ignis
472 881 503 934 et
529 873 649 949 unctio,
675 882 816 935 mentem
841 893 860 934 a
885 892 919 935 se
973 872 1156 935 coelestibus
1182 873 1320 935 nitamur
1344 873 1473 935 cibariis
1504 872 1607 948 retici,
1634 891 1717 954 pane

170 963 381 1028 inhabitatam
397 969 524 1062 assidue
542 971 669 1048 excitat,
690 979 796 1034 movet
811 979 843 1032 et
859 972 919 1032 ele·
973 970 1057 1046 vitae,
1075 971 1148 1034 cibo
1173 972 1404 1046 sacramentali,
1428 972 1526 1035 verbo
1551 971 1714 1046 doctrinm,

170 1075 233 1140 rat,
252 1084 311 1128 nec
328 1067 464 1132 sustinet
479 1089 548 1132 esse
565 1070 709 1145 otiosam,
729 1070 783 1132 sed
803 1070 918 1149 agilem
973 1070 1129 1133 suavitate
1138 1070 1427 1152 contemplationis,
1437 1071 1591 1132 bonarum
1603 1069 1717 1132 robore

170 1163 275 1225 reddit
293 1173 326 1227 et
341 1167 497 1243 accendit,
517 1167 561 1230 ita
575 1177 611 1230 ut
627 1187 661 1230 se
680 1176 818 1249 nequeat
832 1169 920 1232 cohi·
972 1167 1146 1244 actionum,
1163 1169 1304 1231 caritatis
1325 1170 1449 1232 ardore.
1467 1171 1584 1230 Adhuc
1605 1188 1717 1228 carnea

170 1259 257 1324 here.
272 1267 508 1327 Remaaserant
531 1277 639 1328 autem
663 1270 699 1328 t'rt
721 1271 835 1328 castris
854 1271 918 1328 dcco
972 1277 1065 1327 erant
1081 1269 1118 1326 in
1132 1271 1281 1329 dentibus
1295 1289 1417 1338 eorum,
1435 1274 1494 1329 etc.
1516 1265 1595 1327 Huic
1611 1265 1718 1327 simile

170 1363 247 1420 viri.
266 1361 407 1434 Quorum
431 1365 578 1447 exemplo
599 1366 759 1428 discamus
785 1385 822 1428 ex
845 1385 919 1429 vera
973 1365 1120 1444 estquod
1141 1365 1174 1426 in
1190 1366 1362 1446 Evangelio
1384 1365 1429 1427 ait
1444 1364 1587 1426 Salvator
1607 1362 1646 1424 de
1667 1381 1718 1424 cu-

170 1457 353 1524 lmmilitatc
369 1462 506 1526 honores
522 1464 694 1528 exteriores
705 1473 919 1541 contemnere,
972 1462 1048 1543 pido
1063 1470 1095 1524 et
1109 1463 1231 1540 guloso,
1249 1464 1305 1544 qui
1321 1463 1400 1525 dixit
1416 1462 1530 1524 animae
1546 1480 1611 1524 suae
1622 1479 1630 1522 τ
1643 1461 1718 1522 Ani·
1757 1481 1813 1525 rue.
1825 1495 1861 1532 ιιι,

169 1575 300 1620 omnem
323 1559 532 1624 ambitionem
554 1562 666 1640 vitare,
684 1563 766 1626 velle
788 1563 916 1640 nesciri,
973 1579 1035 1636 ma,
1053 1560 1152 1623 habes
1173 1562 1273 1624 multa
1294 1561 1379 1624 bona
1399 1561 1538 1642 reposita
1560 1559 1592 1622 in
1616 1577 1716 1622 annos
1732 1547 1765 1596 ¹⁰·
1779 1547 1813 1587 ²⁰·

169 1655 266 1718 malle
284 1658 427 1735 subesse,
445 1669 476 1722 et
493 1679 556 1723 non
573 1660 676 1723 solum
692 1663 730 1722 ad
747 1661 918 1743 praesideri·
974 1659 1150 1739 plurimos3
1176 1660 1350 1740 requiesce,
1373 1660 1515 1735 comede,
1538 1658 1623 1735 bibe,
1641 1677 1718 1740 epu-

170 1753 246 1816 tiam
275 1774 340 1818 non
362 1758 537 1839 adspirare,
561 1760 616 1822 sed
639 1768 670 1822 et
692 1759 831 1822 oblatam
860 1779 918 1841 pro
974 1758 1049 1820 lare.
1074 1758 1158 1820 Dixit
1182 1767 1288 1822 autem
1314 1757 1361 1819 illi
1386 1759 1468 1821 Deus
1487 1775 1494 1818 :
1513 1757 1624 1833 Stulte,
1649 1757 1718 1819 ani-

170 1870 264 1932 posse
291 1855 441 1934 abjicere.
460 1857 511 1920 Sic
533 1857 620 1919 enim
645 1857 799 1920 veraciter
822 1877 918 1940 super
937 1856 1058 1919 Bmam
1082 1864 1168 1919 tuam
1189 1857 1247 1919 hac
1263 1865 1356 1920 nocte
1371 1864 1520 1939 repetunt
1539 1875 1558 1918 a
1574 1865 1604 1919 te
1621 1876 1628 1920 :
1647 1875 1718 1937 quae

171 1969 229 2013 nos
246 1955 426 2034 requiescet
441 1954 577 2036 Spiritus
594 1955 806 2037 Sanctus,qui
823 1975 920 2038 super
972 1962 1079 2017 autem
1105 1955 1236 2037 parasti,
1260 1957 1353 2037 cujus
1377 1963 1472 2019 erunt
1492 1957 1504 2015 l
1528 1954 1648 2036 Nempe
1671 1954 1718 2017 sic

53 2064 77 2106 n.
85 2079 131 2116 titt,
138 2069 156 2108 a.
172 2049 329 2114 humilem
345 2061 377 2114 ct
392 2053 546 2133 quietum,
565 2053 629 2116 imo
645 2054 677 2115 in
694 2049 799 2116 medio
814 2054 919 2117 cordis
973 2053 1081 2115 evenit
1095 2052 1216 2130 multis,
1234 2062 1268 2115 ut
1284 2054 1359 2116 dum
1375 2053 1534 2117 carnalius
1550 2053 1658 2115 vivere
1673 2052 1719 2114 in·

173 2148 261 2211 illius
282 2151 511 2231 conquiescere
526 2171 563 2215 ac
585 2151 702 2215 morari
722 2151 822 2232 eligit.
843 2156 920 2221 Quia
974 2151 1091 2214 choant
1114 2159 1169 2214 aut
1193 2161 1388 2235 proponunt,
1414 2161 1445 2215 et
1475 2152 1567 2234 plura
1592 2149 1654 2212 sihi
1679 2151 1719 2216 de

172 2251 296 2310 tribuat
311 2260 348 2310 ut
367 2254 473 2312 omneis
491 2256 632 2330 populas
650 2255 840 2329 prophetet?
864 2252 920 2314 llic
974 2250 1203 2331 temporalibus
1223 2250 1430 2330 collegerunt,
1452 2259 1582 2333 repente
1607 2249 1719 2314 tollan-

170 2345 288 2410 caritas
310 2356 406 2429 atque
432 2348 595 2412 humilitas
620 2350 733 2432 lloysis
756 2369 919 2413 commen·
975 2357 1036 2410 tur.
1062 2348 1193 2430 Propter
1218 2350 1303 2429 quod
1329 2348 1362 2410 in
1388 2349 1471 2412 libro
1490 2348 1549 2412 lob
1573 2348 1716 2411 dicitur:

171 2445 276 2522 datur,
294 2447 447 2526 quoniam
465 2447 689 2510 universorum
708 2447 830 2530 optarit
849 2467 921 2531 pro
974 2447 1046 2510 Vidi
1072 2446 1208 2528 impium
1239 2446 1334 2510 firma
1360 2448 1479 2524 radice,
1507 2455 1539 2510 ct
1568 2445 1718 2510 maledixi
1745 2464 1844 2516 torva.

173 2541 305 2621 lectum,
329 2554 360 2607 et
382 2545 527 2608 subditos
551 2546 613 2609 sihi
639 2545 671 2608 in
696 2547 789 2609 donis
811 2546 921 2627 gratiae
975 2545 1207 2628 pulchritudini
1223 2544 1305 2625 ejus.
1322 2545 1424 2627 Atque
1441 2544 1720 2618 inPsalmozouo
1753 2563 1864 2614 aaran..

169 2651 297 2718 gratum
319 2641 468 2704 facientis
490 2662 525 2704 ac
547 2643 646 2722 gratis
668 2643 748 2706 datae
770 2643 921 2726 concupi·
975 2644 1069 2706 modo
1087 2642 1162 2706 lacti
1183 2644 1312 2705 suntin
1332 2642 1588 2707 desolationeml
1609 2642 1720 2706 Subito
1735 2629 1811 2677 '⁹¹²⁰'

171 2740 217 2801 vit
238 2740 423 2819 assimilari,
443 2760 506 2804 non
522 2741 688 2824 proprium
705 2761 851 2822 quaerens
869 2743 921 2806 ho·
974 2741 1177 2819 deiecerunt3
1194 2742 1358 2824 perierunt
1373 2751 1503 2824 propter
1518 2741 1720 2822 iniquitatem

172 2855 284 2902 norem
308 2847 364 2901 aut
388 2839 507 2902 lamam
530 2841 724 2923 praecipuam
744 2864 751 2915 3
779 2849 811 2904 et
835 2842 920 2923 quod
975 2860 1076 2903 suam.
1094 2839 1189 2904 Velut
1204 2840 1364 2903 somnium
1385 2839 1596 2920 surgentium,
1617 2839 1721 2902 Domi·

172 2936 243 3018 ipse
263 2955 320 3018 per
341 2957 376 3000 sc
397 2939 509 3018 nequit
527 2936 671 3014 allicere,
690 2957 746 3021 per
766 2938 846 3002 alios
866 2958 922 3022 op
976 2957 1026 3016 ne,
1045 2938 1079 3000 in
1099 2938 1228 3002 civitate
1248 2947 1302 3002 tua
1321 2938 1493 3019 imaginem
1515 2938 1658 3020 ipsorum
1679 2937 1720 3001 ad

172 3043 217 3098 tat
241 3035 397 3117 suppleri.
936 3037 1115 3100 Cnihilum
1135 3037 1268 3118 rediges.

715 3465 1038 3552 ARTIGULUS
1079 3466 1183 3550 XXI

273 3738 464 3784 heumanno
487 3737 661 3783 ttrTEttntls
683 3736 820 3783 citellum
841 3737 1003 3783 uuouactut
1026 3737 1033 3782 :
1060 3737 1233 3792 touurnoue
1255 3738 1308 3783 EST
1328 3738 1427 3785 nattln
1450 3740 1486 3784 ΕΤ
1507 3740 1624 3794 Annon.

244 4018 456 4081 Esctttrrts
477 4017 669 4100 praecedenti
692 4015 832 4098 capitulo
852 4017 924 4098 qui·
976 4018 1046 4093 ejus
1061 4017 1306 4095 AEtltiopiseam.
1324 4017 1477 4091 Quocirca
1501 4017 1644 4099 loquitur
1664 4019 1722 4081 Au-

253 4117 387 4179 busdam
411 4115 594 4179 excessibus
615 4115 804 4194 vulgarium,
822 4123 853 4177 et
875 4133 923 4178 eo·
977 4113 1123 4194 gustinus
1151 4133 1158 4176 :
1186 4116 1228 4178 lle
1256 4135 1354 4179 uxore
1384 4116 1496 4198 lloysis
1526 4116 1722 4199 AEthiopissa

173 4236 243 4279 rum
258 4215 356 4297 justis
372 4214 606 4295 punitionibus,
620 4233 705 4276 nunc
721 4213 923 4277 excellentio-
977 4213 1140 4292 quaeritur,
1158 4232 1198 4275 an
1220 4212 1290 4296 ipsa
1309 4214 1351 4276 sit
1371 4214 1441 4276 lilia
1453 4215 1572 4292 lethro,
1588 4235 1629 4278 an
1645 4216 1723 4279 alte·

172 4334 244 4376 rum
261 4332 470 4396 personarum
485 4313 632 4394 quaedam
642 4311 725 4374 mala
741 4321 920 4374 narrantur.
978 4329 1044 4372 ram
1060 4310 1186 4373 duxerit
1200 4320 1254 4373 aut
1274 4313 1497 4394 superduxerit
1511 4313 1642 4395 Moyses.
1661 4314 1721 4378 Sed

171 4417 360 4492 locutaque
391 4421 436 4472 eat
467 4414 577 4473 Maria
608 4423 638 4471 ct
668 4415 778 4472 Aaron
810 4422 922 4472 contra
978 4408 1079 4490 ipsam
1091 4408 1190 4472 luisse
1207 4408 1307 4472 liliam
1318 4411 1598 4487 lethr0‚credihile
1612 4413 1721 4474 estha

173 4515 320 4590 Moysen,
338 4511 370 4572 id
393 4519 451 4585 est,
470 4510 630 4591 loquendo
653 4517 865 4591 peccaverunt
888 4509 922 4572 in
977 4506 1455 4590 Madianitisquippeerant,qui
1472 4508 1722 4572 inlibroParali·
1744 4533 1866 4583 urent,

171 4610 311 4692 lloysen,
332 4617 364 4672 ct
380 4626 436 4690 per
451 4626 651 4689 consequens
667 4608 700 4669 in
716 4608 826 4670 Deum.
843 4608 923 4670 Prae-
977 4623 1136 4687 pomenon
1149 4605 1311 4687 AEthiopes
1327 4614 1561 4688 nuncupantur,
1574 4607 1630 4669 ubi
1645 4626 1720 4670 con·
1734 4597 1833 4647 ΜΨ·

173 4709 306 4790 ponitur
315 4715 423 4770 autem
439 4705 535 4768 llaria
550 4706 654 4768 Aaron
671 4704 923 4786 sacerdoti,quia
978 4713 1025 4765 tra
1044 4721 1099 4766 eos
1120 4723 1175 4766 rex
1192 4704 1365 4785 iosaphat*
1382 4721 1540 4786 pugnasse
1561 4713 1718 4784 narratur,
1754 4729 1819 4772 mn

174 4806 206 4867 in
223 4806 286 4869 isto
306 4823 437 4868 excessu
459 4803 668 4885 principalior
682 4811 714 4866 ct
728 4802 922 4884 culpabilior
976 4801 1052 4883 quia
1068 4801 1101 4862 in
1117 4801 1167 4863 his
1183 4802 1262 4865 locis
1277 4801 1393 4864 dicitur
1407 4820 1462 4866 eos
1477 4803 1614 4885 populus
1627 4803 1721 4878 lsrael

174 4905 275 4967 luisse
288 4903 427 4980 videtur,
444 4911 479 4964 ut
500 4901 586 4964 inira
606 4901 750 4974 dicatum
771 4908 868 4980 atque
888 4909 923 4962 ut
978 4909 1174 4980 persecutus,
1199 4899 1255 4962 uhi
1280 4899 1425 4963 habitant
1449 4900 1638 4979 liadianitae,
1664 4902 1721 4984 qui

174 5002 259 5066 inira
274 5000 426 5084 exprimit
443 5009 556 5078 textuS,
574 5007 740 5080 peccatum
757 4997 842 5061 istud
861 4998 923 5060 tuit
978 5017 1061 5060 nunc
1073 4998 1237 5060 Sarraceni
1252 5000 1546 5081 nuncupanturSed
1558 4999 1723 5064 nunciare

173 5101 340 5176 detractio,
370 5099 403 5161 in
428 5119 492 5180 qua
516 5099 612 5161 etiam
641 5097 704 5159 alia
727 5097 821 5178 plura
846 5096 923 5161 vitia
938 5111 962 5172 Β
978 5096 1085 5157 nullus
1101 5115 1154 5159 eos
1170 5105 1262 5160 vocat
1277 5097 1544 5179 AEthiopes,sicut
1559 5099 1663 5162 solent
1677 5099 1723 5163 lo

173 5206 417 5274 concurrerunt,
435 5197 519 5261 sicut
537 5196 669 5279 patebit.
692 5194 811 5258 Deinde
828 5214 924 5258 causa
978 5212 1087 5257 corum
1103 5204 1135 5256 et
1149 5195 1294 5274 gentium
1314 5196 1444 5258 nomina
1467 5197 1656 5279 plerumque
1671 5217 1724 5261 ve-

173 5296 382 5362 detractionis
397 5295 602 5378 subjungitur
620 5304 773 5372 :propter
789 5313 923 5354 acorem
978 5299 1094 5354 tustate
1123 5293 1248 5356 mutari.
1276 5293 1310 5354 ln
1339 5293 1390 5356 his
1413 5293 1581 5374 Augustini
1613 5295 1720 5359 verbis
