4309 6259
605 490 778 537 anxnnxrro
800 489 831 536 m
852 489 919 536 ear.
943 489 965 535 ιι
985 489 1182 538 uuxenonun.
1204 511 1245 522 -
1265 492 1336 538 aar.
1359 493 1392 538 ιιι
1709 469 1766 534 331

217 680 290 724 eere
306 661 444 737 Levites,
458 661 608 741 quoniam
626 679 690 724 non
706 669 918 744 peceaverunt
933 660 966 722 in
983 659 1008 722 A
1023 662 1150 726 videtur
1161 663 1237 726 ordo
1250 662 1391 725 historica
1405 662 1545 739 obviare,
1555 660 1706 742 quoniam
1717 659 1768 722 de

217 759 406 823 adoratione
428 760 516 823 aurei
538 760 642 837 vituli,
661 761 773 823 saltem
799 779 856 842 pro
879 766 967 841 parte
1023 761 1161 842 portatio
1183 770 1215 825 et
1237 762 1402 843 insignitiu
1423 761 1612 824 vexillorum
1634 759 1766 822 istorum

216 859 345 940 majori.
363 860 480 922 Contra
495 861 580 940 quod
597 860 708 922 scribit
724 859 823 922 Rabbi
838 859 964 934 Paulus,
1023 860 1078 922 diu
1102 861 1264 942 precessit
1286 860 1565 943 comparationem,
1588 859 1627 920 de
1649 876 1712 938 qua
1733 856 1766 917 in

216 957 375 1021 dicendo:
395 959 558 1022 Sententia
579 959 642 1022 lata
662 968 772 1024 eontra
792 978 967 1021 murmura·
1023 958 1268 1023 Deuteronomio
1294 960 1410 1042 legitur
1431 960 1550 1041 Moyses
1572 958 1678 1039 ipsum
1700 957 1765 1018 Dan
1781 978 1912 1028 necamur

217 1067 302 1120 torcs
324 1066 468 1140 tempore
489 1059 736 1140 exploratorum,
755 1057 815 1121 luit
835 1058 967 1140 praeeisa
1022 1058 1128 1121 catulo
1144 1078 1345 1142 comparasse
1361 1059 1473 1122 leonis,
1781 1043 1815 1084 ²²·

215 1165 329 1221 eontra
346 1157 429 1234 illos,
448 1158 504 1238 qui
526 1158 657 1220 luerunt
677 1158 833 1222 numerati
850 1178 868 1220 a
883 1158 967 1220 vice·
1062 1157 1224 1235 Praeterea‚
1243 1159 1328 1222 eirea
1348 1159 1512 1242 praefatam
1539 1156 1680 1218 tribuum
1705 1155 1766 1216 dis-

216 1257 298 1319 simo
320 1276 406 1319 anuo
422 1265 453 1319 et
470 1258 572 1319 ultra:
591 1259 623 1319 in
643 1277 707 1339 quo
727 1258 896 1321 manifeste
916 1278 967 1320 ex·
1023 1255 1227 1339 positionem,
1253 1258 1408 1341 losepbus
1433 1266 1463 1319 et
1488 1255 1632 1336 Magister
1657 1254 1690 1315 in
1715 1252 1765 1314 hi-

44 1363 193 1436 scem-r
215 1355 432 1418 eludebantur
446 1356 574 1433 Levita,
587 1357 643 1438 qui
659 1377 677 1419 a
694 1357 853 1420 tricesimo
869 1375 964 1433 anne,
1022 1356 1129 1420 storiis
1150 1357 1260 1419 dicunt
1277 1376 1284 1418 :
1307 1357 1416 1420 Ternas
1433 1355 1534 1417 tribus
1555 1372 1611 1436 per
1631 1359 1766 1434 quatuor

36 1441 65 1470 '¹¹'
89 1443 113 1469 ‘³'
216 1455 268 1517 vel
285 1453 326 1516 ab
342 1473 407 1516 uno
423 1473 533 1517 mense
549 1464 622 1517 sunt
639 1456 807 1532 numerati,
826 1463 860 1517 ut
881 1455 977 1518 inira
1022 1464 1127 1538 partes
1151 1456 1347 1519 tabernaculi
1369 1456 1578 1529 excubabant,
1596 1453 1639 1514 ita
1659 1461 1765 1514 tanmn

217 1554 368 1618 habetur.
1022 1564 1142 1619 remote
1157 1557 1198 1618 ab
1214 1555 1362 1632 invicem,
1376 1564 1412 1617 ut
1427 1555 1596 1617 maximam
1613 1553 1646 1614 in
1661 1552 1765 1614 medio

256 1654 391 1734 lnsupor
411 1653 496 1714 circa
517 1652 607 1728 illud,
624 1653 681 1715 Per
698 1654 787 1732 signa
805 1663 899 1735 atque
915 1673 965 1716 ve·
1022 1653 1158 1735 plateam
1186 1654 1349 1717 haberent.
1377 1654 1538 1735 Erantque
1561 1659 1692 1714 ornatus
1716 1670 1767 1713 ea-

213 1750 302 1828 xilla,
317 1751 430 1813 recitat
444 1751 541 1833 Lyra:
556 1752 669 1814 Dicunt
683 1753 812 1833 quidam
830 1753 963 1828 llebraei,
1021 1752 1270 1833 strorum,quasi
1287 1750 1391 1814 iorum
1408 1770 1514 1814 rerum
1526 1749 1695 1824 venalium,
1705 1749 1766 1810 sin-

212 1850 299 1930 quod
314 1849 468 1911 vexillum
481 1849 652 1930 cujuslibet
668 1851 771 1912 trihus
784 1850 844 1913 luit
860 1850 965 1914 simile
984 1844 1105 1930 Bgutis
1122 1850 1155 1912 iu
1171 1848 1282 1912 ordine
1298 1846 1633 1930 constitutisOpilicos
1648 1846 1765 1908 artium

211 1947 246 2009 in
264 1948 373 2010 colore
390 1947 488 2028 lapidi
505 1949 609 2029 posito
626 1948 658 2009 in
676 1949 833 2026 rationali,
852 1949 885 2011 in
900 1968 965 2031 quo
1021 1949 1277 2012 mechanicarum
1299 1949 1332 2009 in
1354 1947 1544 2010 stationibus
1567 1945 1644 2021 suis,
1664 1945 1695 2007 id
1718 1953 1766 2006 est

210 2045 378 2126 sculptum
404 2055 472 2108 erat
494 2064 609 2108 nomen
632 2047 682 2108 sui
705 2047 902 2121 Patriarchae‚
921 2047 965 2110 ita
1021 2049 1052 2109 in
1071 2046 1219 2109 fenestris
1236 2055 1267 2109 et
1282 2045 1425 2110 ollieinis
1447 2044 1586 2118 luerunt,
1605 2043 1648 2106 ita
1665 2052 1699 2104 ut
1714 2062 1766 2104 ur-

210 2144 299 2224 quod
318 2144 472 2205 vexillum
488 2144 590 2206 tribus
606 2144 715 2207 Ruben
733 2145 794 2207 luit
811 2145 900 2208 rubei
917 2166 965 2208 eo·
1021 2145 1053 2209 bi
1069 2145 1236 2208 aedificatae
1251 2154 1353 2208 eastra
1373 2164 1482 2209 eorum
1504 2143 1668 2204 simillima
1684 2142 1767 2206 vide

211 2241 586 2323 loris,quemadmodum
603 2241 739 2319 sardius,
757 2243 789 2304 in
805 2263 869 2324 quo
885 2245 965 2306 seul·
1021 2245 1246 2307 rentur.Porro
1263 2243 1345 2305 inter
1361 2241 1601 2304 tabernaeulum
1616 2249 1647 2303 et
1663 2249 1765 2304 eastra

210 2348 302 2421 ptum
328 2339 391 2402 luit
414 2359 529 2402 nomen
552 2340 673 2402 Ruben.
692 2341 844 2414 Quocirca
865 2342 963 2404 Rabbi
1020 2342 1219 2406 excubabant
1244 2343 1361 2404 Levitae
1386 2341 1418 2402 in
1445 2339 1659 2403 tabernaculis
1684 2339 1762 2415 suis,

209 2436 329 2499 Paulus
348 2437 513 2518 adjungit:
533 2437 712 2500 Secundum
735 2439 883 2520 antiquos
907 2440 964 2502 lle-
1020 2441 1266 2524 propinquiores
1288 2440 1494 2503 tabernaculo
1513 2458 1610 2520 quam
1630 2438 1762 2512 eastris;

212 2536 373 2597 braeorum
387 2535 690 2616 expositore5‚signa
701 2537 882 2599 vexillorum
895 2558 965 2618 qua·
1020 2548 1051 2604 et
1071 2538 1271 2603 excubabant
1293 2539 1441 2601 similiter
1463 2558 1518 2621 per
1540 2546 1677 2620 quatuor
1699 2537 1765 2619 pla-

209 2642 286 2697 ·tuor
309 2633 451 2695 tribuum
475 2633 599 2710 harum,
616 2634 734 2714 quibus
751 2635 869 2714 junctae
890 2645 964 2698 sunt
1020 2639 1374 2720 gas,videlieetllloyses
1390 2638 1537 2700 etheron
1554 2657 1627 2700 eum
1642 2636 1709 2697 suis
1724 2637 1764 2698 ad

210 2731 285 2794 aliae
298 2732 414 2806 tribus,
428 2732 557 2796 luerunt
572 2733 638 2796 haee
652 2750 659 2793 τ
675 2734 707 2794 ln
725 2734 962 2798 vexillolluben
1019 2737 1186 2814 orientem,
1214 2739 1329 2819 reliqui
1356 2737 1508 2800 Caathitaa
1531 2737 1571 2798 ad
1597 2734 1764 2797 meridiem

214 2829 278 2892 luit
290 2829 396 2910 ligura
408 2829 715 2912 hominis,qu0niam
727 2832 823 2894 Jacob
835 2833 914 2894 dixit
925 2835 964 2896 de
1019 2836 1079 2898 sub
1101 2837 1244 2899 custodia
1265 2836 1405 2898 Eleazari
1429 2834 1491 2896 lilii
1513 2835 1618 2896 Aaron
1632 2833 1766 2907 3'Gerso

42 2949 190 2994 rra-auras.
211 2947 273 2994 co:
291 2928 403 2990 lluben
421 2929 652 3010 primogenitus
673 2950 774 2999 meus.
792 2931 826 2992 ln
847 2932 963 2996 vexillo
1020 2936 1095 2998 nitae
1117 2937 1155 2998 ad
1178 2935 1388 3012 occidentem,
1405 2933 1558 2997 Meraritae
1578 2933 1617 2994 ad
1638 2941 1765 3014 septen·

210 3026 302 3088 tuda
318 3025 382 3088 luit
399 3026 459 3100 leo,
472 3027 548 3107 quia
564 3027 604 3088 de
618 3028 697 3090 luda
712 3027 833 3090 dixerat
849 3030 960 3092 Jacob:
979 3029 1000 3092 C
1020 3035 1167 3110 trionem,
1194 3043 1225 3095 et
1254 3041 1344 3095 erant
1374 3033 1501 3114 utrique
1531 3032 1590 3093 sub
1620 3029 1764 3094 eustodia

68 3137 135 3180 rare.
150 3143 174 3180 a.
212 3125 346 3188 Catulus
372 3125 473 3186 leonis
497 3126 587 3188 luda.
610 3126 643 3186 ln
669 3127 786 3190 vexillo
812 3128 962 3210 Ephraim
1020 3133 1165 3194 ltbamar.
1183 3131 1254 3194 Haec
1270 3131 1302 3193 in
1319 3131 1513 3194 Scholastica
1528 3128 1671 3192 historia.

214 3223 280 3285 init.
297 3223 403 3302 ligura
424 3224 515 3300 tauri,
534 3225 587 3286 eui
608 3223 725 3306 Moyses
746 3246 819 3288 cum
840 3227 964 3289 assimi-
1059 3231 1219 3293 Postremo
1231 3229 1331 3311 quaeri
1348 3238 1529 3311 potcst,cur
1541 3226 1764 3310 praefataeque-

44 3335 189 3408 nsurmaa
211 3321 294 3383 laxit
310 3321 343 3383 in
361 3323 627 3385 Deuteronomio:
645 3322 738 3396 Quasi
757 3323 961 3405 primogeniti
1019 3338 1091 3390 tuor
1108 3329 1208 3390 tribus
1225 3327 1356 3391 luerunt
1371 3328 1565 3410 principales
1582 3327 1613 3389 in
1628 3334 1764 3407 quatuor

210 3420 298 3481 tauri
314 3419 520 3501 pulchritudo
536 3421 617 3501 ejus.
631 3421 663 3482 ln
679 3422 796 3485 'vexillo
811 3423 888 3500 Dan,
901 3424 962 3488 luit
1019 3427 1084 3489 illis
1100 3427 1276 3503 ordinibus,
1296 3428 1339 3490 ita
1354 3428 1438 3508 quod
1455 3428 1501 3489 eis
1516 3425 1673 3506 adjunctae
1689 3433 1764 3487 sunt

209 3516 320 3596 ligura
349 3518 476 3598 aquilae.
504 3518 581 3580 Nam
607 3519 703 3582 Jacob
730 3520 962 3586 assimilaverat
1019 3534 1141 3601 ceterae,
1169 3534 1278 3608 utpote
1304 3527 1374 3588 duae
1398 3525 1531 3588 cuilibet
1559 3544 1679 3588 aarum.
1707 3525 1764 3586 lle-

59 3634 74 3710 ··
108 3669 112 3677 .
167 3671 168 3674 ,
207 3634 286 3678 eum
313 3616 561 3696 colubro,quod
588 3635 650 3680 non
676 3627 724 3680 est
748 3618 866 3681 animal
892 3621 963 3704 pul·
1018 3625 1169 3706 sponderi
1185 3626 1394 3706 potcst,quod
1412 3624 1513 3687 tribus
1527 3625 1607 3686 luda
1624 3623 1684 3684 luit
1699 3643 1763 3686 una

207 3715 326 3786 ebrum
352 3714 392 3776 ad
417 3715 601 3796 ponendum
628 3715 660 3777 in
687 3717 814 3780 vexillo.
842 3717 961 3800 Moyses
1018 3732 1049 3786 et
1065 3723 1168 3805 prima
1178 3723 1220 3786 ob
1230 3724 1441 3806 multiplicem
1453 3723 1659 3787 eminentiam
1671 3742 1760 3784 suam

208 3830 289 3874 xero
305 3812 494 3874 assimilavit
510 3832 583 3875 eum
600 3814 705 3876 catulo
722 3814 823 3877 leonis
841 3816 872 3877 in
883 3816 961 3880 heu·
1018 3830 1210 3904 praetaetam
1229 3831 1260 3884 et
1274 3823 1424 3903 quoniam
1445 3821 1540 3885 Jacob
1560 3819 1761 3902 prophetavit

100 3942 187 3978 mm,
211 3911 404 3987 teronomio,
428 3911 538 3974 dieens
561 3929 568 3972 z
593 3913 658 3974 Dan
685 3914 809 3976 catulus
836 3914 958 3978 leonis:
1016 3940 1053 3983 ex
1070 3940 1107 3982 ca
1117 3920 1275 3982 Christum
1292 3929 1323 3982 ct
1339 3939 1428 4002 reges
1445 3921 1633 3983 nascituros
1646 3919 1760 3980 Tribus
1787 3941 1908 3991 ecana,

46 3993 68 4029 ²²
207 4011 298 4091 quod
324 4009 451 4090 signum
478 4012 658 4093 pertinebat
682 4015 720 4076 ad
742 4014 866 4077 Judam.
889 4016 960 4080 ldco
1016 4017 1418 4099 Ruben,quoniamRuben
1435 4017 1758 4101 primogenituram,
1776 4007 1808 4046 ¹⁰·

207 4107 335 4182 dieunt,
361 4110 447 4189 quod
474 4110 547 4172 data
574 4111 615 4172 sit
639 4111 747 4192 aquila
773 4131 830 4193 pro
855 4113 958 4192 signo,
1016 4115 1161 4196 quamvis
1182 4117 1433 4198 primogenitura
1452 4136 1509 4178 sua
1528 4116 1588 4178 luit
1605 4115 1758 4198 privatus.
1794 4139 1884 4182 naua

207 4203 423 4268 conformiter
447 4209 485 4270 ad
509 4217 656 4288 quartum
683 4209 811 4284 animal,
834 4211 873 4272 de
895 4230 959 4291 quo
975 4215 999 4276 ι)
1016 4213 1130 4276 Tribus
1146 4215 1307 4296 Ephraim,
1326 4216 1476 4296 quoniam
1497 4215 1593 4278 Jacob
1614 4214 1760 4297 praetule-
1783 4239 1907 4290 irratam,

74 4321 99 4361 :2
144 4335 186 4372 a,
208 4303 243 4363 in
267 4302 432 4366 Ezcehiele
452 4304 579 4384 legitur,
597 4315 755 4386 qrratcnus
772 4307 803 4368 in
820 4307 890 4369 istis
910 4327 960 4370 ve·
1015 4320 1062 4373 rat
1084 4312 1187 4396 ipsum
1205 4313 1353 4394 Ephraim
1370 4314 1529 4377 Manassae.
1548 4313 1661 4376 Tribus
1680 4308 1807 4389 llan,²⁰·

72 4416 77 4424 ·
207 4401 297 4464 xillis
323 4401 539 4486 figurarentur
559 4415 696 4486 quatuor
717 4408 867 4470 animalia
892 4409 957 4474 illa.
1014 4411 1166 4492 quoniam
1180 4411 1292 4474 fortior
1303 4420 1334 4473 et
1345 4413 1529 4494 populosior
1541 4413 1602 4474 tuit
1613 4411 1759 4474 tribubus

207 4501 270 4564 Sed
293 4501 369 4564 huic
391 4501 505 4566 ultimo
526 4503 622 4579 dieto,
640 4506 679 4566 de
696 4525 790 4567 causa
807 4506 847 4568 ob
862 4527 956 4588 quam
1015 4509 1075 4570 sibi
1094 4510 1274 4590 adjunctis:
1292 4519 1359 4573 crat
1379 4530 1507 4592 quoque
1522 4512 1586 4574 [lan
1605 4511 1760 4592 primoge-

206 4599 283 4660 data
305 4599 423 4662 dieitur
442 4599 551 4681 aquila
573 4601 668 4663 tribui
691 4601 756 4664 llan
778 4621 834 4684 pro
854 4602 956 4683 signo,
1015 4607 1101 4670 nitus
1117 4609 1209 4670 Balae.
