4309 6259
449 473 508 538 aba

813 490 986 538 auxumam
1007 490 1038 534 ΙΝ
1059 489 1127 535 GAP.
1151 486 1224 532 XXVI
1244 486 1381 532 tavtrtel.
1404 504 1444 514 -
1464 485 1535 531 Ant.
1559 484 1630 531 xiix

448 660 593 743 nequivit
607 662 755 725 Ecclesia
771 661 950 743 persecutio
969 667 1188 741 tyrannorum,
1207 656 1366 718 Actiacos
1391 657 1430 718 de
1455 654 1600 718 hostibus
1626 673 1712 715 nune
1742 651 1901 735 predictis
1923 675 1930 724 3
1955 659 1981 710 et

449 759 553 822 rabies
568 759 778 842 perfidorum,
796 758 967 821 crudelitas
985 758 1189 838 injustorum.

491 861 675 928 Dormictia,
685 869 715 919 ct
726 879 789 918 aon
800 859 863 917 erit
873 859 931 936 qui
941 865 1105 918 catcrrcot.
1116 855 1193 918 Con·

450 957 627 1038 templativi
643 957 676 1018 in
692 957 826 1020 Domino
848 955 983 1018 dulciter
997 962 1028 1017 et
1044 952 1192 1034 frequen-

301 1078 356 1121 σε».
367 1090 389 1126 u.
401 1076 434 1117 ar.
450 1064 498 1117 ter
513 1054 718 1118 obdormiunt
732 1074 770 1118 eo
786 1073 910 1136 sopore,
926 1071 1023 1135 quem
1038 1052 1192 1115 Dominus

448 1153 537 1215 misit
552 1152 585 1214 in
601 1153 699 1215 Adam
718 1171 725 1214 :
743 1171 805 1234 quo
822 1160 853 1214 et
872 1170 988 1233 eorpus
1003 1151 1043 1212 ab
1059 1149 1192 1212 exterio

448 1252 536 1314 ribus
557 1260 735 1332 soporatur.
753 1250 892 1313 l'irtuosi
907 1269 1036 1331 quoque
1058 1247 1192 1311 meliora

446 1349 571 1414 somnia
581 1349 709 1427 habent,
723 1357 753 1412 et
764 1349 922 1429 sapientes
933 1348 1190 1429 phantasmatum

447 1447 683 1510 ludificationes
704 1455 924 1510 centemnunt.
942 1448 1103 1522 rfufiram
1124 1467 1191 1506 ma-

447 1551 494 1606 taa
510 1549 633 1607 bestias.
652 1545 775 1609 Scimus
797 1546 882 1626 quod
899 1545 1045 1626 pessimae
1061 1543 1137 1606 ferae
1160 1551 1191 1606 et

445 1645 674 1707 erudelissima
689 1644 799 1708 bestiae
821 1642 938 1705 sanctis
953 1642 1097 1704 Patribus
1118 1642 1191 1706 obe-

446 1743 570 1805 dientes
606 1742 748 1819 fuerunt,
775 1751 806 1804 et
830 1740 985 1824 plurimes
1016 1748 1189 1821 martyrum

1245 766 1427 816 ceretaniae·
1445 755 1541 824 cedia,
1556 757 1662 813 decem
1678 754 1798 824 miliia,
1815 750 1881 814 imo
1906 768 1982 810 unus

1247 851 1393 914 fidelium
1407 851 1610 933 persequitur
1620 869 1703 933 sape
1714 857 1744 912 et
1755 849 1855 913 vineit
1869 856 1981 910 tantam

1247 951 1425 1013 daemonum
1449 949 1664 1031 vitiorumque
1687 949 1822 1024 turbam,
1841 947 1983 1028 quemad-

1247 1051 1377 1113 modum
1392 1048 1436 1110 ait
1452 1049 1614 1130 Scriptura
1631 1065 1638 1109 :
1655 1047 1775 1110 Cadent
1789 1067 1807 1108 a
1823 1047 1919 1108 latere
1935 1055 1983 1108 tuo
2007 1065 2107 1110 nexa:

1246 1148 1345 1224 mille,
1363 1156 1395 1209 et
1416 1149 1525 1210 decem
1548 1147 1682 1209 milliaa
1702 1145 1821 1209 dextris
1842 1145 1905 1207 tuis
1923 1168 1931 1218 3
1947 1145 1982 1206 ad

1247 1255 1276 1308 te
1292 1255 1395 1309 autem
1420 1265 1483 1309 nen
1506 1245 1785 1328 appropinquabit.

1285 1347 1467 1423 Respiciens
1479 1365 1531 1405 ces
1541 1344 1633 1408 oculo
1644 1343 1857 1407 miserationis
1873 1352 1902 1405 ot
1915 1342 1984 1404 sub

1244 1443 1415 1520 ventionis,
1442 1443 1524 1506 sicut
1554 1443 1691 1525 respexit
1716 1443 1869 1506 Dominus
1896 1442 1983 1504 Jcsus
2011 1462 2111 1504 aaran.

1244 1543 1369 1604 Petrum
1391 1560 1397 1603 :
1422 1563 1459 1604 cx
1482 1561 1545 1623 quo
1567 1549 1713 1624 respectu
1735 1541 1789 1604 ille
1809 1561 1882 1605 mox
1903 1527 2071 1604 cem-⁶¹³³·

1245 1650 1400 1722 punctus,
1429 1640 1520 1703 flevit
1549 1660 1673 1703 amare.
1701 1643 1743 1702 Et
1774 1662 1909 1701 crescere
1937 1642 1986 1718 fc-

1244 1740 1342 1808 eiam,
1358 1739 1471 1801 merito
1486 1747 1518 1800 et
1540 1758 1672 1802 numero
1690 1755 1697 1800 :
1715 1738 1790 1820 quia
1812 1738 1985 1820 praelectis

447 1848 575 1922 tangere
591 1858 655 1903 non
671 1840 842 1903 audebant.
859 1838 970 1901 Bestiae
980 1857 1108 1919 quoque
1124 1857 1190 1899 ma·
1206 1843 1229 1904 B
1246 1835 1397 1899 fidelibus
1414 1845 1500 1899 tanta
1521 1837 1693 1919 gratiarum
1718 1837 1908 1900 charismata
1930 1837 1987 1898 lar-

446 1939 485 2002 le
506 1947 581 2000 sunt
595 1940 767 2015 deamones,
786 1938 825 2000 de
846 1936 962 2018 quibus
985 1945 1053 1999 orat
1074 1936 1124 2000 vir
1143 1937 1191 2018 ju·
1241 1936 1327 2016 gitur
1351 1934 1568 2017 Omnipotens,
1591 1944 1625 1998 ut
1654 1936 1784 2012 orando,
1812 1936 1983 2018 loquendo,

312 2051 352 2095 ee.
361 2065 429 2102 ιιιιιι,
446 2045 526 2098 stus:
539 2037 583 2099 Ne
594 2036 698 2099 tradas
710 2036 821 2098 bestiis
832 2035 971 2097 animam
981 2034 1189 2098 confitentem

446 2137 516 2200 tibi.
533 2137 616 2210 Ques
632 2137 785 2199 Dominus
805 2135 919 2212 aufert,
938 2135 1014 2197 dum
1036 2153 1090 2197 eos
1105 2155 1123 2196 a
1139 2153 1191 2198 no

446 2235 496 2298 bis
516 2235 602 2298 vinei
625 2234 713 2297 facit.
730 2235 819 2296 Unde
842 2242 873 2296 et
895 2233 927 2294 in
949 2233 1007 2295 lob
1029 2232 1188 2295 habetur:

312 2347 424 2397 nivea
446 2334 564 2397 bestias
584 2342 676 2396 terrra
698 2352 761 2396 nen
784 2332 983 2396 formidabis.
1001 2334 1044 2392 Et
1055 2335 1191 2409 placitus

306 3794 338 3836 li.

446 2454 511 2493 non
528 2434 679 2494 transibit
691 2434 842 2492 termines
859 2441 986 2491 vestros,
998 2430 1191 2493 Persecutio-

446 2551 520 2594 nem
542 2531 628 2593 enim
653 2539 858 2612 tyrannorum
881 2529 1012 2591 abstulit
1027 2529 1108 2591 lteus
1133 2528 1192 2592 fre-

446 2637 581 2712 quenter
603 2649 621 2691 a
642 2628 708 2690 suis
732 2627 893 2704 fidelibus,
916 2637 947 2690 ct
969 2627 1115 2708 quemvis
1130 2628 1193 2709 gla-

447 2728 519 2791 dius
549 2736 746 2810 pertranseat
775 2727 946 2790 terminum
977 2735 1132 2803 nestrum,
1160 2725 1192 2788 id

447 2835 505 2904 est,
529 2844 644 2907 corpus
666 2825 800 2901 occidat,
824 2823 978 2888 termines
1007 2833 1113 2886 mmen
1141 2843 1194 2887 no

448 2933 541 3002 stros,
557 2923 706 2988 videlieet
721 2941 837 3005 eorpus
852 2931 884 2984 et
898 2921 1050 2998 animam,
1068 2941 1124 2985 seu
1146 2923 1194 2985 in-

1243 2035 1307 2097 imo
1323 2035 1464 2097 oaritatis
1480 2035 1593 2098 merito
1609 2043 1640 2097 et
1662 2034 1897 2116 exemplaribus
1913 2035 1985 2096 aeti-

1243 2134 1302 2196 bus
1318 2142 1503 2196 convertant
1514 2143 1545 2195 et
1560 2134 1651 2211 alios,
1663 2143 1695 2196 et
1710 2133 1907 2216 spiritualem
1921 2152 1988 2215 pro

1243 2241 1351 2295 creent
1381 2232 1533 2295 sobolem.
1568 2235 1740 2294 Comedetis
1771 2235 1984 2294 vetustissima

1244 2342 1386 2392 veterum
1402 2353 1412 2390 .·
1429 2331 1461 2393 id
1483 2339 1541 2406 est,
1559 2331 1813 2394 consideratione
1830 2339 1859 2394 et
1887 2331 1988 2392 imita-

1244 2429 1331 2492 tione
1347 2438 1482 2511 patrum‚
1500 2430 1556 2511 qui
1580 2428 1709 2492 fuorunt
1724 2430 1756 2491 in
1781 2430 1850 2509 lege
1867 2438 1987 2492 naturae

1245 2537 1276 2590 et
1291 2527 1360 2607 loge
1377 2528 1504 2610 scripta,
1523 2527 1709 2590 reficientur
1725 2529 1838 2592 anima
1854 2537 1984 2602 vestram

1245 2626 1472 2690 cerimonialia
1494 2645 1622 2708 queque
1645 2629 1761 2691 veteris
1781 2628 1986 2704 Testamenti,

1246 2733 1400 2807 quantum
1416 2726 1455 2787 ad
1472 2725 1609 2787 litteram
1632 2727 1837 2802 consumetis,
1853 2735 1885 2788 ct
1908 2727 1990 2790 ultra

1247 2843 1311 2887 non
1337 2843 1406 2886 esse
1429 2824 1583 2886 servanda
1604 2823 1791 2905 probabitis.
1807 2828 1850 2886 Ει
1871 2836 1987 2897 vetera,

1246 2926 1338 2983 rzeoia
1353 2924 1663 3000 supravenientibam,
1667 2925 1847 3001 projicietis
1855 2945 1866 2982 .·
1879 2923 1912 2985 id
1930 2932 1988 3000 est,

448 3023 610 3087 tellectum
636 3033 667 3086 et
691 3022 887 3086 voluntatem
910 3021 1103 3102 pertransire
1129 3041 1191 3086 non
1208 3022 1229 3085 C
1247 3021 1724 3102 evangelicaelegistestimonia,
1733 3022 1991 3104 eonsiliactpra·

447 3123 542 3199 valet,
569 3122 720 3204 quoniam
745 3119 851 3183 anima
876 3138 949 3183 cum
975 3119 1115 3201 prefatis
1140 3140 1194 3203 po-

448 3223 557 3287 tentiis
582 3221 648 3283 suis
669 3229 716 3284 est
739 3218 939 3282 immertalis.
956 3219 1060 3282 Potest
1085 3239 1194 3281 rursus

449 3341 506 3404 per
516 3320 666 3402 gladium,
676 3318 842 3381 diabolicae
858 3317 1109 3399 impugnationis
1123 3338 1194 3381 aeu-

451 3439 525 3483 men
540 3417 689 3496 intelligi,
701 3417 741 3479 ad
757 3417 841 3497 quod
859 3416 939 3478 illud
955 3416 988 3477 in
1004 3416 1062 3479 leb
1077 3417 1194 3498 poterit

327 3541 427 3586 nram.
451 3517 611 3600 pertinere
628 3534 634 3577 :
652 3515 686 3577 ln
702 3515 786 3578 bello
809 3523 898 3578 eruet
912 3523 943 3578 te
962 3517 1001 3577 de
1017 3535 1114 3577 manu
1129 3515 1194 3596 gla-

452 3616 508 3679 dii.
525 3617 640 3679 lterum
660 3614 785 3696 gladius
804 3614 906 3695 accipi
929 3622 1032 3695 potest
1046 3615 1080 3674 in
1096 3614 1192 3692 beno,

319 3729 436 3808 peterse
452 3735 551 3796 quum
575 3715 660 3777 dieat
684 3714 853 3795 Apostolus
878 3711 1038 3774 :Gladius
1062 3713 1194 3794 spiritus

451 3823 500 3879 est
514 3813 648 3878 verbum
665 3811 730 3875 oei.
742 3812 801 3885 Qui
816 3810 941 3892 gladius
959 3830 1022 3874 non
1038 3821 1195 3893 pertrans-

452 3915 477 3976 it
491 3913 645 3977 terminos
660 3919 785 3974 nostros
803 3910 946 3972 exeundo
963 3917 995 3972 et
1015 3911 1195 3992 relinquen-

452 4015 503 4090 do,
521 4012 577 4075 sed
593 4009 707 4072 firmus
723 4017 754 4071 et
776 4007 899 4070 stabilis
916 4007 949 4069 in
965 4008 1106 4072 Ecclesia
1126 4029 1194 4091 per-

451 4118 569 4175 manet.

1246 3127 1337 3202 cepta
1352 3121 1583 3202 amplectendo,
1596 3121 1697 3202 legem
1709 3130 1863 3202 quantum
1874 3122 1912 3184 ad
1930 3141 1989 3186 ea-

1248 3219 1427 3282 rimonialia
1446 3218 1650 3300 etjudieialia
1669 3220 1740 3301 ejus
1760 3229 1919 3302 praecepta
1941 3221 1991 3283 de·

1249 3317 1445 3399 relinquetis.
1463 3322 1590 3381 Ponam
1616 3321 1859 3380 tabenaculo-m
1882 3342 1990 3382 mettin

1248 3420 1284 3476 in
1306 3419 1410 3480 medie
1434 3419 1541 3478 vestri.
1559 3417 1623 3480 Hoc
1637 3417 1736 3479 Filius
1752 3417 1806 3480 [lei
1828 3420 1988 3500 promisit,

1249 3516 1407 3597 loquens:
1436 3515 1467 3578 Si
1493 3517 1565 3597 quis
1590 3516 1695 3596 diligit
1721 3536 1782 3592 me,
1809 3536 1988 3582 sermonem
2010 3542 2114 3583 rouen

1249 3633 1354 3677 meum
1366 3615 1516 3690 servabit,
1530 3623 1561 3678 et
1571 3615 1660 3677 Pater
1676 3634 1766 3678 meus
1776 3616 1889 3696 diliget
1903 3637 1988 3696 eum,
2005 3607 2038 3646 ²³·

1249 3713 1334 3776 etad
1356 3733 1428 3776 eum
1446 3713 1623 3791 veniemus,
1639 3721 1671 3776 et
1686 3703 1883 3778 mansionem
1905 3719 1990 3800 apud

1250 3833 1321 3874 eum
1340 3811 1504 3875 faciemus.
1522 3815 1700 3874 [tribulabo
1716 3816 1801 3874 inte
1817 3836 1883 3893 enos,
1894 3827 1923 3877 et
1938 3838 1990 3877 ero

1250 3922 1349 3972 vester
1368 3915 1466 3981 Deus,
1482 3932 1596 3990 eosque
1618 3914 1710 3972 eritis
1732 3915 1815 3974 milri
1835 3919 1988 3992 populus.

1249 4011 1312 4073 Hoc
1327 4019 1375 4072 est
1396 4011 1479 4091 quod
1505 4011 1537 4072 in
1553 4010 1741 4093 Apocalypsi
1764 4013 1988 4092 promittitur:

1249 4109 1328 4171 Eece
1343 4109 1581 4171 tabernaculum
1592 4109 1646 4171 Dei
1662 4128 1734 4172 eum
1750 4110 1947 4189 bominibus,
1960 4123 1991 4175 et
2017 4138 2120 4192 spent

491 4207 734 4286 Persequemiai
756 4206 906 4264 inimices
927 4217 1056 4275 vestroe,
1072 4207 1194 4270 scilieet
1210 4214 1234 4276 D
1248 4208 1405 4271 habitabit
1429 4227 1501 4269 oum
1525 4208 1596 4284 eis3
1620 4217 1652 4268 ct
1674 4208 1734 4290 ipsi
1758 4210 1895 4291 populus
1921 4212 1991 4293 ejus
2007 4202 2027 4242 ³'

451 4306 631 4372 invisibiles
647 4305 754 4367 hostes
770 4311 800 4366 et
816 4303 916 4366 aciem
927 4303 1077 4367 vitiorum
1090 4325 1126 4369 ae
1140 4327 1194 4370 sie

451 4408 517 4472 culi
537 4404 702 4479 vanitates,
721 4403 767 4465 eis
789 4402 925 4466 viriliter
947 4402 1134 4480 resistendo,
1152 4413 1195 4466 at-

452 4526 515 4590 que
530 4503 711 4580 virtutibus,
728 4501 903 4584 presertim
919 4501 1053 4579 caritati,
1067 4503 1195 4566 humili-

452 4607 509 4668 tati
524 4613 556 4668 et
577 4601 764 4677 concordiae,
783 4601 970 4663 insistendo.
987 4604 1031 4662 Et
1045 4612 1194 4664 corruent

307 4713 437 4766 remeas.
451 4726 558 4766 ceram
575 4704 672 4772 vobis,
684 4700 765 4763 sieut
780 4699 825 4762 ait
833 4699 990 4781 Propheta
1001 4717 1008 4760 ε
1021 4700 1194 4780 Persequar

453 4803 600 4866 inimicos
611 4818 708 4875 mena,
722 4808 753 4861 et
763 4798 1030 4880 comprehendam
1040 4817 1105 4860 eos.
1119 4803 1194 4860 Pcr-

450 4912 621 4980 aeqocntur
640 4901 783 4979 quinque
804 4901 844 4956 dc
860 4900 958 4965 vebia,
973 4896 1029 4976 qui
1045 4897 1129 4959 cirea
1144 4917 1193 4959 ex·

450 5001 602 5063 teriorum
627 4997 770 5078 quinque
795 5015 946 5058 sensuum
976 4995 1102 5075 objecta
1128 5016 1191 5060 nen

448 5106 656 5181 occupantur,
684 5114 742 5158 nee
776 5095 965 5157 afficiuntur
1000 5093 1189 5170 inordinate,

448 5199 509 5261 boe
523 5206 571 5259 est
591 5214 655 5258 nen
679 5193 740 5255 nisi
757 5195 929 5256 seeundum
952 5201 1045 5255 reeta
1060 5193 1192 5255 rationis

447 5295 615 5380 judicium,
627 5313 664 5356 ae
674 5292 790 5354 divinae
801 5292 879 5372 legis
895 5301 1048 5368 tenerem,
1060 5302 1189 5352 centem

1248 4315 1351 4382 erunt,
1370 4314 1402 4368 et
1425 4305 1493 4388 ipse
1518 4307 1599 4368 Deus
1624 4325 1698 4368 eum
1723 4307 1779 4385 eis,
1797 4309 1856 4370 erit
1880 4327 1990 4372 eorum

1249 4405 1340 4466 [leus.
1366 4409 1407 4466 at
1432 4406 1577 4481 cenfrcpi
1601 4415 1730 4466 catenas
1758 4409 1918 4468 ceruicem
1945 4429 1993 4468 oe-

1247 4513 1404 4572 strarrtm,
1420 4513 1455 4563 ot
1472 4505 1658 4563 incederetis
1673 4506 1779 4564 crecti.
1799 4505 1941 4568 Christus
1957 4507 1990 4569 in

1250 4621 1306 4663 sua
1320 4601 1507 4680 dignissime
1519 4601 1666 4682 passione
1676 4601 1804 4664 vincula
1819 4611 1851 4664 et
1865 4613 1992 4668 catenas

1249 4699 1406 4763 cervicum
1424 4707 1614 4774 nostrarum,
1623 4699 1735 4780 jugum
1752 4702 1884 4781 peccati,
1895 4702 1992 4764 demi-

1249 4799 1409 4860 nationem
1432 4799 1562 4876 diaboli,
1579 4817 1673 4860 omne
1696 4800 1820 4880 pondus
1844 4798 1992 4880 iniquita-

1248 4906 1312 4959 tum
1327 4898 1539 4979 prementium
1550 4906 1689 4959 mentem
1700 4898 1860 4974 deorsum,
1870 4899 1990 4982 dirupit

1248 5005 1278 5058 et
1294 4997 1366 5058 tulit
1381 5017 1399 5059 a
1415 4997 1518 5072 nobis,
1537 5016 1593 5078 per
1608 5015 1738 5059 suorum
1755 4996 1988 5061 sufficientiam

1248 5095 1445 5158 meritorum.
1470 5095 1589 5158 Deinde
1612 5095 1645 5156 in
1668 5095 1867 5176 baptismatis
1889 5116 1991 5160 saera-

1247 5203 1365 5270 mento,
1380 5195 1412 5255 in
1428 5201 1625 5258 sacramento
1641 5212 1767 5275 quoque
1782 5194 1989 5272 Paenitentia,

1246 5300 1277 5354 et
1287 5310 1344 5373 per
1360 5311 1448 5354 suam
1464 5293 1725 5373 gratiosissimam
1737 5293 1987 5374 preventionem
