4309 6259
406 493 466 557 ato
709 577 715 586 ὗ
785 504 958 560 manuario
980 515 1010 560 m
1031 515 1099 560 aar.
1124 513 1359 561 romanorun.
1381 535 1421 545 —
1441 516 1512 562 aar.
1535 517 1567 563 ax

406 691 457 745 tus
473 684 568 747 talem
584 683 703 748 habens
719 695 1009 762 amorem,vocatur
1019 687 1145 749 zelotes.
1163 684 1188 746 l
1203 695 1298 768 atque
1322 687 1361 750 ad
1383 689 1477 752 talem
1502 689 1639 752 retertur
1664 688 1776 767 linem,
1802 707 1867 752 non
1893 689 1949 751 de-

405 782 565 864 Zelotypia
585 784 776 866 quandoque
801 784 919 848 dicitur
943 785 1092 862 moechia,
1116 793 1148 848 et
1203 786 1257 850 bet
1276 789 1422 852 sacerdos
1442 789 1518 853 buic
1537 789 1690 852 oblationi
1713 789 1949 871 superfundere

403 880 577 963 zelotypae,
587 881 721 944 adulter.
736 882 820 945 Solet
842 903 968 965 quoque
991 883 1148 966 zelotypia
1201 886 1307 949 oleum
1324 906 1383 950 nec
1398 890 1472 951 tbus
1483 888 1512 952 ei
1528 889 1702 971 imponere.

404 978 467 1042 dici
493 980 560 1042 sola
585 979 725 1062 suspicio
749 981 909 1060 adulterii,
936 992 967 1046 et
992 983 1036 1046 ita
1061 1001 1146 1045 nunc
1241 985 1394 1059 Quocirca
1409 986 1441 1049 in
1458 987 1540 1050 libro
1550 988 1590 1051 de
1605 988 1680 1051 Fide
1695 997 1725 1051 et
1736 987 1861 1068 legibus
1872 987 1948 1049 scri-

403 1078 549 1140 sumitur.
576 1079 612 1140 Et
635 1079 710 1160 quia
736 1081 788 1144 bic
810 1081 938 1159 dicitur,
961 1081 993 1144 Si
1014 1081 1146 1164 spiritus
1203 1085 1251 1147 bit
1269 1085 1456 1148 Parisiensis
1474 1107 1481 1150 :
1499 1087 1563 1150 lloc
1582 1086 1777 1150 sacrificium
1799 1106 1863 1150 non
1878 1096 1948 1150 crat

402 1177 579 1258 zelotypiae,
607 1176 707 1259 aliqui
738 1177 921 1261 opinantur,
948 1182 1032 1262 quod
1063 1181 1146 1270 sicut
1202 1183 1265 1246 nisi
1295 1185 1455 1247 modicum
1487 1185 1599 1248 larinaa
1627 1185 1822 1262 hordeaceae,
1848 1205 1947 1268 super

402 1275 584 1357 specialiter
599 1276 716 1358 aliquis
732 1278 856 1342 daemon
868 1289 997 1342 vocatur
1013 1280 1145 1361 spiritus
1201 1302 1296 1365 quam
1313 1282 1403 1344 lundi
1421 1284 1538 1359 oleum,
1551 1293 1583 1347 et
1598 1285 1673 1366 poni
1691 1285 1763 1346 thus
1778 1284 1948 1366 prohibuit

403 1374 623 1437 fornicationis
644 1384 699 1437 aut
718 1376 849 1438 alterius
865 1377 946 1453 riui,
967 1379 1012 1441 sic
1027 1379 1145 1461 aliquis
1201 1381 1353 1444 Dominus
1371 1400 1378 1444 :
1396 1383 1472 1463 quia
1490 1402 1548 1445 nec
1567 1390 1696 1465 propter
1715 1383 1769 1446 Dei
1789 1383 1946 1446 bonorem

402 1474 527 1535 daemon
558 1483 688 1536 vocetur
720 1474 850 1557 spiritus
883 1476 1061 1559 zelotypiae,
1089 1478 1145 1558 qui
1204 1479 1379 1554 liebat,nec
1394 1481 1526 1544 exbona
1540 1481 1703 1545 voluntate
1718 1482 1946 1563 processitsed

402 1571 510 1653 praesit
524 1572 603 1635 vitio
619 1572 693 1646 huic
711 1591 718 1634 :
736 1576 821 1655 quod
841 1575 918 1637 satis
938 1575 1145 1657 probabiliter
1201 1579 1304 1642 solum
1331 1598 1426 1641 causa
1447 1580 1615 1660 detegendi
1640 1581 1799 1643 occultum
1823 1580 1948 1643 adulto-

401 1679 504 1742 sonat,
521 1673 676 1734 sumendo
691 1673 876 1754 zelotypiam
894 1683 987 1755 prout
1003 1685 1095 1737 sonat
1112 1677 1144 1737 in
1201 1677 1295 1740 rium.
1309 1678 1380 1740 ldoo
1391 1686 1497 1740 autem
1513 1697 1551 1741 ex
1567 1677 1670 1741 larina
1685 1679 1860 1743 hordeacea
1875 1679 1947 1741 sine

401 1770 531 1832 malum.
549 1769 728 1852 Aliquando
749 1781 854 1834 tamen
871 1782 918 1835 est
940 1773 1079 1856 suspicio
1095 1795 1146 1838 ve
1201 1777 1295 1839 thure
1319 1784 1351 1839 et
1375 1776 1446 1839 oleo
1470 1775 1678 1853 oflerebatur,
1700 1785 1735 1837 ut
1758 1776 1837 1838 viris
1861 1785 1948 1839 esset

400 1870 532 1932 tremens
548 1878 643 1951 atquc
659 1870 924 1953 probabilisque
941 1891 1003 1936 non
1020 1882 1068 1934 est
1083 1874 1146 1936 cul·
1161 1873 1184 1933 B
1200 1874 1319 1950 rubori,
1338 1875 1413 1957 quia
1427 1875 1654 1939 ostendebatur
1667 1876 1730 1938 Deo
1746 1874 1946 1948 ollerri,non

400 1968 484 2051 pain
501 1987 545 2031 se.
1199 1993 1238 2035 ex
1258 1974 1437 2050 devotione,
1462 1976 1516 2037 sed
1539 1974 1740 2056 suspicione3
1764 1983 1842 2051 tum,
1866 1995 1948 2056 quo

440 2067 471 2129 Si
486 2085 562 2148 ergo
577 2067 709 2149 spiritus
724 2069 897 2151 zelotypiae,
908 2069 940 2131 id
956 2078 1004 2132 est
1019 2070 1145 2132 animus
1200 2072 1285 2134 niam
1302 2072 1366 2135 vile
1383 2082 1451 2135 erat
1466 2073 1499 2134 in
1518 2092 1562 2149 se,
1581 2073 1646 2135 imo
1661 2072 1803 2136 omnium
1821 2074 1948 2135 sacriti-

400 2165 592 2248 suspicionis
617 2167 657 2228 dc
681 2166 848 2243 adulterio,
872 2177 927 2230 aut
946 2168 1144 2232 vehementis
1199 2170 1319 2233 ciorum
1336 2169 1541 2232 vilissimum.
1559 2170 1665 2234 Noluit
1679 2170 1774 2233 etiam
1790 2171 1946 2234 Dominus

399 2263 458 2326 zeli
481 2283 536 2326 seu
558 2263 741 2328 allectionis
762 2265 822 2328 viri
846 2267 878 2327 in
895 2267 1077 2348 conjugem,
1090 2277 1145 2329 aut
1200 2268 1232 2330 in
1249 2269 1307 2331 hac
1323 2277 1412 2352 parte
1428 2269 1644 2332 sacerdotibus
1659 2270 1734 2331 dare
1745 2270 1945 2332 occasionem

400 2362 531 2445 spiritus
549 2383 684 2445 nequam
706 2373 831 2427 tentans
852 2365 1014 2429 hominem
1030 2367 1069 2428 dc
1086 2366 1144 2429 hac
1199 2368 1394 2450 cupiditatis,
1412 2387 1452 2429 ne
1476 2367 1650 2430 invitarent
1671 2367 1810 2449 aliquem
1829 2368 1869 2430 ad
1891 2368 1947 2430 bu-

400 2461 504 2544 culpa,
529 2462 713 2525 excitaverit
738 2463 841 2526 virum
868 2473 977 2527 contra
1002 2484 1142 2541 uxorem,
1198 2467 1337 2548 jusmodi
1355 2465 1946 2548 sacrificiumottereuuum,qu0dnon

401 2581 471 2640 quur
496 2565 546 2620 vet
565 2565 693 2638 pollute
718 2572 762 2622 cst
787 2562 955 2640 adulterio,
983 2568 1032 2624 aet
1056 2565 1143 2642 falsa
1200 2576 1262 2628 tem
1288 2564 1536 2628 honoriticentia
1556 2564 1611 2627 Dei
1633 2565 1747 2645 exegit,
1766 2583 1862 2646 quam
1882 2585 1948 2628 ma-

399 2661 579 2736 suapictoee
594 2662 769 2737 appetitur,
791 2660 822 2722 id
845 2668 936 2737 est‚a
959 2661 1073 2725 marito
1097 2661 1144 2724 in·
1200 2665 1269 2727 litia
1290 2665 1477 2726 maritorum
1498 2663 1640 2726 extorsit.
1658 2664 1729 2726 llaec
1743 2663 1945 2727 Guillelmus.

399 2757 525 2820 veditur
550 2766 604 2820 aut
629 2760 881 2821 accusatur:ad
905 2760 1143 2841 quodquidam
1246 2763 1488 2826 Rationabiliter
1513 2763 1640 2825 demum
1670 2762 1732 2824 luit
1758 2763 1818 2826 hoc
1845 2763 1947 2826 sacri·

399 2855 515 2933 mariti,
535 2858 573 2919 dc
588 2857 716 2939 propria
733 2858 966 2921 incontinentia
982 2867 1013 2921 et
1030 2858 1144 2922 iulide
1200 2863 1312 2925 licium
1335 2861 1529 2937 institutum,
1548 2861 1623 2942 quia
1639 2870 1674 2923 ut
1693 2863 1738 2924 ait
1754 2861 1891 2925 Thomas
1910 2863 1945 2924 in

398 2955 487 3018 litate
508 2955 570 3017 sibi
590 2955 721 3034 conscii,
744 2965 818 3018 sunt
839 2956 1007 3038 procliues.
1025 2958 1143 3040 Estque
1199 2963 1303 3044 prima
1322 2961 1480 3036 secundae,
1498 2959 1675 3040 quaestione
1696 2961 1754 3023 lot
1771 2979 1778 3022 :
1798 2960 1945 3024 Mulieres

397 3055 516 3137 grande
528 3063 690 3135 peccatum
703 3054 1142 3138 seeundumerysostomum
1161 3059 1183 3122 C
1199 3079 1307 3143 pronae
1330 3067 1404 3121 sunt
1427 3060 1467 3121 ad
1489 3059 1680 3121 adulterium
1704 3067 1833 3141 propter
1854 3059 1944 3123 dele·

399 3173 493 3235 super
515 3152 706 3229 Mattbaeum,
725 3153 875 3216 videlicet
896 3173 934 3216 ex
955 3153 1079 3218 levibus
1102 3155 1144 3217 si·
1198 3158 1385 3233 clationem,
1414 3165 1444 3218 et
1470 3157 1593 3219 occulto
1618 3156 1697 3219 illud
1722 3157 1941 3233 committunt,

399 3252 471 3333 gnis
487 3259 610 3314 tantum
631 3252 749 3314 malum
767 3252 922 3334 suspicari
939 3254 978 3316 de
994 3254 1140 3334 conjuge.
1198 3256 1351 3338 quoniam
1375 3255 1488 3318 oculus
1508 3255 1643 3317 adulteri
1668 3254 1814 3317 observat
1831 3256 1944 3336 caligi-
1985 3283 2116 3328 roem,

399 3353 547 3410 Adducet
565 3370 635 3409 cam
651 3353 694 3408 ed
713 3353 908 3410 sacerdotem
924 3372 935 3410 .·
952 3349 983 3412 id
1006 3359 1064 3428 est,
1084 3352 1143 3414 boc
1200 3374 1283 3418 nem.
1302 3354 1454 3416 Praeterea
1471 3353 1569 3434 quari
1593 3362 1706 3434 potest,
1726 3373 1783 3416 cur
1805 3354 1854 3416 lex
1876 3375 1942 3418 non
1961 3352 2002 3390 ¹⁵·

400 3446 504 3510 lacere
519 3455 622 3528 potest
638 3448 812 3509 secundum
830 3447 942 3526 legem,
965 3467 1005 3510 ne
1026 3447 1059 3509 in
1074 3467 1143 3529 gra·
1199 3453 1348 3528 instituit,
1366 3461 1400 3514 ut
1424 3450 1552 3514 leminae
1574 3451 1672 3513 simili
1696 3453 1789 3515 modo
1812 3465 1943 3534 possent

399 3545 518 3608 viorcm
532 3545 651 3608 incidat
663 3545 959 3628 culpam,videlicct
970 3547 1143 3611 occidendo
1198 3552 1329 3615 maritos
1351 3570 1389 3614 ex
1410 3551 1593 3632 suspicione
1613 3551 1760 3613 adulterii
1780 3571 1941 3631 accusare,

398 3653 453 3707 aut
468 3645 666 3707 vulnerando
687 3663 815 3707 uxorem
836 3664 873 3707 ex
890 3645 944 3707 tali
961 3646 1143 3728 suspicione
1199 3650 1390 3725 examinare,
1415 3649 1577 3730 impetere.
1602 3649 1719 3711 Forsan
1744 3661 1872 3732 propter
1892 3653 1945 3714 ni—

398 3753 548 3824 tanquam
575 3743 763 3818 adulteram,
792 3751 826 3805 ut
852 3743 929 3806 dicit
954 3743 1143 3807 Guillelmus
1198 3751 1296 3812 miam
1319 3748 1511 3830 pronitatem
1533 3747 1703 3810 mulierum
1725 3749 1764 3810 ad
1788 3750 1944 3831 suspicio-

397 3840 594 3918 Parisiensis,
612 3850 644 3904 et
665 3842 709 3903 ita
731 3841 878 3904 instituta
893 3849 941 3904 est
961 3841 1011 3904 lex
1032 3842 1092 3904 ista
1106 3843 1144 3904 si·
1199 3867 1256 3910 nes
1276 3845 1472 3927 hujusmodi,
1490 3854 1522 3909 et
1539 3846 1690 3927 quoniam
1712 3846 1760 3908 vir
1778 3857 1873 3929 caput
1891 3859 1944 3912 cst
1985 3881 2117 3935 epte„

396 3940 465 4002 mili
486 3941 619 4015 ratione,
641 3949 750 4021 quaet
773 3941 876 4002 lende
893 3939 1001 4003 libello
1017 3941 1142 4023 repudii
1198 3945 1355 4026 conjugis.
1375 3945 1413 4005 Εῖ
1433 3963 1553 4019 rursus,
1573 3943 1724 4025 quoniam
1749 3945 1942 4010 adulterium
1959 3948 2003 3987 ²³·

397 4039 521 4112 dund03
548 4049 578 4099 ct
604 4046 712 4117 offeret
736 4042 927 4100 oblationem
948 4061 1009 4117 pro
1034 4061 1083 4110 ea,
1110 4039 1142 4102 id
1198 4045 1306 4107 uxoris
1321 4043 1459 4124 amplius
1475 4043 1664 4105 dehonestat
1679 4044 1828 4106 maritum
1843 4064 1879 4107 ac
1894 4065 1944 4109 so·

397 4145 455 4214 ost,
478 4155 535 4218 pro
555 4137 776 4216 cognoscenda
791 4137 923 4200 veritate
938 4138 978 4200 de
1000 4137 1078 4219 ipsa,
1102 4159 1142 4200 an
1198 4143 1316 4215 b0lem‚
1339 4160 1435 4222 quam
1460 4141 1651 4204 adulterium
1676 4142 1735 4203 viri
1758 4162 1885 4206 uxorem
1908 4155 1944 4208 et

398 4233 1333 4323 exsistatadulteradeclmdmpurtcmscutiferi·Dprolem.
1360 4240 1512 4320 Itemque,
1538 4239 1614 4320 quia
1639 4258 1702 4302 non
1728 4239 1790 4302 luit
1820 4243 1945 4322 pericu-

399 4333 690 4403 nartordeaceoedd
705 4341 751 4395 est
769 4335 925 4396 modicam
943 4333 1014 4396 talis
1031 4334 1143 4397 lerina
1201 4341 1278 4416 lum,
1303 4339 1388 4420 quod
1410 4338 1527 4400 mulier
1549 4337 1592 4399 ita
1613 4328 1771 4402 occideret
1793 4340 1943 4403 maritum

398 4431 620 4513 quantitatem,
647 4432 738 4512 cujus
759 4451 906 4495 mensura
927 4434 986 4495 sati
1013 4432 1143 4496 nomine
1201 4458 1293 4500 suum
1314 4456 1353 4499 ex
1373 4436 1555 4517 suspicione
1570 4436 1731 4513 adulterii,
1749 4438 1831 4501 sicut
1850 4457 1946 4502 econ-

398 4530 584 4609 dosignatur
606 4547 613 4590 ε
635 4548 706 4611 quae
730 4537 834 4592 tamen
862 4550 1021 4608 mensura,
1038 4532 1143 4612 quoad
1201 4547 1259 4599 tra.
1277 4537 1419 4617 Insuper,
1441 4535 1517 4616 quia
1538 4535 1719 4597 adulterans
1742 4545 1946 4619 comparatur

399 4648 488 4690 suam
520 4628 763 4698 determinatam
797 4630 1020 4712 capacitatem,
1051 4630 1143 4692 nobis
1200 4636 1356 4716 jumento,
1375 4641 1459 4695 recte
1477 4632 1581 4694 lerina
1600 4632 1786 4710 hordeacea,
1798 4654 1870 4716 qua
1889 4655 1947 4717 pa

400 4728 507 4808 ignota
533 4734 591 4803 est,
608 4735 640 4789 et
664 4728 752 4808 juxta
775 4729 946 4810 Josepbum
974 4727 1034 4790 luit
1059 4748 1145 4790 assa·
1200 4732 1310 4795 bulum
1322 4731 1553 4803 estbrutorum,
1562 4749 1618 4812 pro
1628 4731 1946 4813 investigandoadul-

400 4825 481 4887 rium
505 4825 686 4888 hordeaceae
709 4826 831 4902 larinaa,
853 4827 937 4907 quod
954 4835 1003 4889 est
1021 4827 1145 4889 decima
1201 4828 1281 4892 terio
1296 4827 1564 4891 oflerebatur.Cui
1582 4827 1742 4892 sacrificio
1757 4830 1861 4893 oleum
1879 4850 1945 4894 non

401 4943 474 5005 pars
490 4922 562 4985 sati.
573 4925 645 4985 Nou
661 4925 816 5002 a'ofuodet
831 4947 926 5002 super
940 4947 1011 4986 cam
1026 4930 1143 4997 oleum,
1200 4927 1402 5004 miscebatur,
1425 4927 1577 5008 quoniam
1601 4927 1672 4991 olco
1696 4927 1797 5010 pietas
1821 4927 1947 5008 signifi-

400 5043 456 5081 nec
473 5024 613 5098 imponet
630 5024 702 5082 thus
718 5043 729 5082 .·
744 5025 824 5102 quia
845 5025 1045 5102 sucrificium
1066 5029 1146 5084 zelo·
1200 5034 1291 5090 catur
1315 5034 1347 5088 et
1371 5025 1510 5089 claritas.
1528 5027 1592 5089 Hoc
1616 5035 1721 5088 autem
1748 5026 1944 5091 sacrificium

402 5122 500 5197 typice
514 5130 569 5192 cst,
582 5119 615 5181 id
631 5128 679 5181 cst
695 5139 732 5182 ex
747 5121 904 5204 zelotypia
920 5123 1106 5204 procedens,
1116 5132 1147 5182 ct
1199 5143 1264 5187 non
1291 5125 1379 5187 venit
1403 5143 1442 5187 ex
1472 5123 1600 5206 pietate,
1626 5133 1722 5206 atque
1744 5125 1777 5187 in
1804 5126 1946 5190 tenebris

401 5219 517 5278 oblatio
533 5219 731 5296 investiendo
746 5223 947 5281 adulterium
963 5243 974 5280 .·
990 5220 1081 5302 quasi
1102 5221 1147 5283 di·
1201 5221 1273 5284 lieri
1295 5222 1375 5285 solet
1397 5223 1457 5286 boc
1478 5222 1603 5285 vitium.
1622 5223 1726 5286 Thure
1748 5243 1876 5306 quoque
1895 5226 1947 5288 de

401 5324 502 5392 catur,
520 5315 564 5378 Eo
579 5313 649 5396 ipso
664 5333 728 5397 quo
744 5336 781 5380 ex
798 5317 852 5379 tali
869 5317 975 5381 radice
990 5318 1144 5400 procedit,
1201 5319 1287 5383 vetio
1303 5329 1334 5382 et
1353 5321 1431 5384 odor
1446 5321 1537 5384 bonas
1553 5319 1646 5384 lamae
1662 5319 1946 5399 signantur.0uum
