4309 6259
420 489 479 553 oct
841 507 1019 553 arraocnrro
1040 506 1071 552 m
1093 506 1341 552 ranrsraucnuu.
1366 526 1405 535 -
1426 507 1497 552 cnr.
1520 507 1541 553 1.

422 677 455 739 in
471 678 535 740 Deo
554 696 691 754 manere,
708 687 740 739 ct
759 679 908 740 mandata
928 679 998 759 ejus
1024 696 1087 740 non
1113 697 1166 741 cu·
1180 678 1205 740 Α
1221 678 1285 759 ptis
1301 686 1332 740 et
1347 678 1474 742 actibus
1489 676 1697 760 perveniendi
1712 677 1833 740 adeam
1850 675 1968 737 illumi-

421 776 529 852 stodit,
542 776 678 838 mendax
692 785 740 839 cst
755 785 788 839 et
803 776 909 838 fallax.
923 776 983 839 Sed
999 796 1093 857 quem
1111 776 1166 839 fal-

286 875 486 942 ver.11‚n.litt
507 893 614 938 nonne
639 895 672 938 se
697 875 801 957 ipsum
818 878 830 936 l
850 876 966 955 llrguet
991 884 1021 938 te
1044 876 1166 938 malitia

422 984 522 1051 tua,o
545 973 730 1050 simulator3
747 984 779 1036 et
799 974 922 1038 aversio
946 984 999 1037 tua
1023 975 1167 1057 increpa-

276 1088 406 1137 numm
422 1074 470 1136 bit
501 1081 540 1149 te,
561 1091 581 1135 o
604 1071 717 1135 infelix
739 1073 914 1155 hypocrita.
931 1073 1090 1154 Numquid
1116 1092 1166 1136 mc

421 1172 461 1234 ad
487 1171 682 1233 iracundiam
709 1190 873 1253 provocas,
893 1171 972 1235 dicit
990 1172 1165 1235 Dominust

422 1287 529 1332 nonne
549 1269 751 1351 temetipsum
770 1270 802 1330 in
819 1268 1041 1332 confusionem
1058 1270 1166 1332 vultus

422 1366 492 1429 tuit
507 1368 595 1442 ltem,
609 1375 696 1429 tanto
712 1367 808 1429 Deum
826 1366 858 1428 in
880 1368 982 1449 patria
1003 1368 1166 1429 ardentius

421 1465 593 1545 diligemus
617 1464 828 1546 amplexando
852 1472 1051 1546 presentem,
1068 1483 1167 1545 quan-

422 1573 454 1627 to
471 1581 555 1626 nuno
570 1563 709 1645 amplius
724 1582 796 1625 enm
813 1564 976 1642 diligimus
987 1563 1168 1626 desidoran-

422 1663 463 1726 do
483 1662 659 1725 absoniam.
677 1662 715 1723 Et
730 1662 881 1743 quoniam
899 1661 1008 1724 fruitio
1030 1681 1101 1743 quas
1121 1670 1168 1724 est

423 1761 480 1823 dos
495 1759 620 1836 animas,
637 1760 863 1841 correspondet
878 1760 1018 1822 caritatis
1036 1760 1165 1837 fervori,

1221 795 1346 852 nemnr,
1365 775 1447 839 siout
1463 778 1496 838 in
1512 776 1636 840 Psalmo
1652 782 1781 839 sanctus
1796 783 1965 857 precatur:

1220 873 1381 938 llluminet
1391 875 1516 937 vultum
1528 894 1619 937 suum
1631 894 1727 957 super
1737 893 1802 937 nos
1810 873 1858 936 Ad
1868 890 1966 955 quern
1981 884 2020 927 1³1.
2030 900 2080 932 un.
2092 888 2108 926 a.

1221 972 1333 1049 finem,
1351 981 1382 1036 et
1403 993 1466 1055 quo
1490 972 1606 1049 fructu,
1629 973 1769 1054 adjecit:
1794 972 1833 1034 Ut
1853 976 1967 1051 o'ogno
2004 994 2063 1037 ιιιι,
2076 998 2094 1034 ι.

1222 1091 1345 1133 scamus
1364 1072 1396 1133 in
1421 1081 1504 1135 terra
1521 1072 1613 1135 'viam
1639 1081 1737 1149 tuam,
1756 1072 1789 1132 in
1815 1070 1966 1134 omnibus

1220 1171 1369 1251 gentibus
1392 1172 1529 1233 salutare
1545 1179 1645 1233 tuum.
1663 1170 1737 1244 Quis
1759 1170 1845 1233 enim
1866 1168 1967 1232 homi·
1989 1193 2107 1249 separa,

1222 1289 1298 1331 num
1316 1270 1432 1352 poterit
1447 1270 1529 1333 scire
1544 1269 1715 1334 eonsilium
1731 1268 1808 1332 Deil
1823 1277 1879 1331 aut
1891 1267 1967 1349 quis
1983 1261 2013 1299 ¹³·

1221 1368 1338 1449 poterit
1363 1368 1501 1449 cogitare
1526 1368 1604 1450 quid
1630 1368 1708 1432 velit
1730 1368 1821 1442 Deus,
1845 1367 1907 1429 nisi
1934 1374 1967 1426 tn

1221 1466 1346 1530 dederis
1373 1467 1574 1550 sapientiam,
1601 1476 1633 1531 et
1656 1466 1782 1530 miseris
1812 1466 1967 1548 Spiritum

1222 1573 1310 1627 tuum
1327 1566 1365 1627 de
1381 1564 1575 1627 ooelistHaec
1591 1582 1665 1645 ergo
1682 1565 1730 1627 lex
1747 1568 1969 1647 sup'ernatura-

1223 1664 1273 1740 lis,
1286 1663 1403 1726 dicitur
1419 1664 1467 1725 lex
1483 1663 1603 1740 divina,
1616 1682 1688 1744 quat
1703 1672 1751 1725 est
1766 1681 1916 1725 mensura
1931 1680 1968 1723 ac

1223 1762 1331 1843 regula
1352 1770 1479 1825 actuum
1505 1762 1717 1825 bumanorum
1740 1762 1772 1823 in
1795 1760 1908 1825 ordine
1928 1760 1967 1821 ad

294 1880 409 1929 rma-111,
423 1859 691 1942 quemadmodum
707 1859 861 1941 scriptum
878 1868 936 1932 est,
953 1860 1018 1938 ligo
1034 1859 1168 1941 diligen·
1186 1856 1208 1917 B
1223 1861 1408 1924 felicitatem
1424 1870 1584 1924 aternam.
1596 1862 1654 1923 Por
1670 1860 1848 1923 hancenim
1865 1860 1966 1940 legem

277 1946 308 1985 f7.

283 2009 409 2055 locurum,

277 2074 311 2113 il.

425 1967 472 2021 tes
486 1977 537 2024 me
552 1958 671 2037 dilig03
689 1966 721 2020 et
737 1958 890 2034 Salvator,
907 1958 964 2032 Qui
982 1959 1088 2040 diligit
1103 1980 1164 2035 me,

423 2058 575 2139 diligetur
590 2057 708 2120 aPatre
722 2076 805 2134 meo,
818 2067 848 2120 et
863 2076 921 2138 ego
933 2058 1062 2137 diligam
1074 2078 1165 2134 eum3

424 2156 516 2237 cujus
545 2156 726 2219 dilectionis
751 2156 916 2237 premium
944 2156 1067 2238 pandit,
1092 2160 1167 2221 dum

301 2276 395 2321 teroem.
423 2255 521 2333 addit,
538 2256 577 2318 Et
593 2254 807 2319 manifestabo
822 2256 852 2318 ei
868 2275 919 2318 mc
936 2256 1040 2338 ipsum
1059 2281 1066 2331 ;
1085 2257 1166 2321 visio

424 2374 562 2437 namque
587 2362 635 2417 est
660 2362 725 2418 tota
748 2372 890 2417 merces:
908 2364 1086 2437 propterea,
1104 2375 1167 2437 quo

424 2472 510 2516 nunc
527 2453 671 2516 calidiori
686 2452 805 2515 affectu
822 2454 919 2516 ileum
937 2454 1165 2533 desideramus,

424 2571 461 2615 co
483 2552 654 2633 copiosiori
677 2552 849 2634 ditioriquc
869 2553 1071 2635 possessione
1095 2574 1166 2617 eum

391 2728 393 2731 7
424 2649 670 2732 possidebimus,
702 2659 733 2713 et
763 2651 847 2714 intra
876 2670 933 2714 nos
965 2653 1165 2735 recipiemus,

425 2750 620 2812 Desiderium
643 2751 729 2812 enim
752 2751 905 2832 aperitet
926 2752 1066 2832 patulam
1093 2751 1168 2815 facit

424 2856 561 2912 mentem
583 2850 722 2931 optantis
744 2851 783 2913 ad
807 2852 1019 2932 receptionem
1046 2852 1166 2915 dilecti.

367 2946 370 2951 ’
424 2948 537 3010 Totum
554 2947 650 3027 igitur
665 2950 807 3011 studium
823 2958 977 3026 nostrum,
996 2951 1033 3012 ad
1050 2951 1105 3013 Dei
1121 2952 1169 3013 in-

1224 1960 1303 2023 ratio
1318 1960 1481 2040 cognoscit
1496 1968 1527 2023 et
1542 1961 1651 2036 dictat,
1668 1959 1744 2040 quid
1766 1960 1805 2022 de
1821 1960 1883 2021 Deo
1899 1978 1969 2020 scn-

1224 2059 1378 2136 tiendum,
1390 2060 1549 2141 quomodo
1565 2058 1594 2121 ei
1610 2058 1868 2133 ministrandum,
1882 2066 1914 2121 et
1929 2058 1966 2119 ad

1223 2176 1318 2238 quem
1335 2156 1433 2219 finem
1450 2156 1492 2218 sit
1507 2176 1601 2220 omne
1616 2156 1800 2219 exercitium
1822 2165 1967 2218 nostrum

1223 2254 1970 2337 referendum.DehaclegeaitPsalmograpbus:

1223 2355 1285 2417 Lex
1301 2354 1426 2417 Domini
1451 2354 1664 2431 immaculata,
1687 2362 1877 2416 convertens
1901 2354 1971 2416 ani·
1984 2371 2105 2414 reulus.

1224 2472 1301 2515 mas.
1319 2451 1417 2525 Quam
1437 2451 1498 2514 sibi
1522 2452 1606 2514 idern
1623 2452 1834 2515 necessariam
1850 2452 1967 2529 sciens,

1223 2559 1350 2615 exorat:
1368 2551 1481 2630 Legem
1499 2569 1582 2632 pone
1597 2550 1688 2628 mibi,
1706 2550 1847 2627 Domine,
1867 2550 1899 2612 in
1917 2551 1969 2613 via
1984 2570 2104 2613 mmm.

1225 2659 1288 2712 tua.
1307 2649 1345 2711 Et
1368 2649 1482 2713 iterum
1497 2667 1503 2710 :
1521 2650 1634 2728 Legem
1651 2668 1734 2731 ponc
1756 2649 1847 2726 mibi,
1865 2648 1970 2713 Domi·
2003 2670 2103 2711 rauna
2133 2694 2134 2723 ,

1224 2768 1276 2825 nc,
1293 2748 1378 2811 viam
1393 2747 1662 2829 justificationum
1683 2757 1819 2810 tuarum.
1837 2748 1969 2831 Propter
1984 2736 2018 2775 ³³·

1224 2848 1305 2910 banc
1336 2847 1437 2927 legem
1467 2846 1652 2909 bominibus
1677 2867 1695 2909 a
1719 2847 1781 2910 Deo
1805 2848 1966 2921 collatam,

1224 2945 1319 3009 isaias
1331 2945 1753 3027 testatur:Dominusjudex
1764 2955 1882 3023 noster,
1894 2955 1966 3024 etc,
2005 2970 2101 3011 renco.
2133 2986 2134 2991 κ

424 3055 547 3110 ternam
563 3054 659 3129 atque
682 3047 859 3111 ferventem
879 3048 1084 3113 dilectionem
1101 3069 1170 3113 ver·
1187 3046 1209 3109 C
1224 3048 1294 3127 ipse
1318 3045 1425 3109 veniet
1452 3054 1483 3107 et
1503 3044 1639 3107 salvabit
1661 3063 1730 3107 nos.
1754 3045 1793 3106 lit
1816 3046 1970 3108 ieremias
1985 3036 2018 3075 ²¹·

1225 3147 1264 3208 de
1279 3145 1343 3207 Duo
1358 3160 1507 3206 exorsus:
1528 3142 1621 3219 flabo,
1640 3143 1755 3225 inquit,
1773 3144 1858 3225 leges
1882 3164 1969 3207 meas
2002 3166 2102 3207 rann,
2133 3144 2134 3195 t

299 3165 410 3215 nectem,
426 3154 528 3209 mmus
544 3154 575 3209 et
590 3146 785 3232 ordinemus,
803 3156 834 3209 et
849 3166 912 3210 non
929 3148 994 3209 sint
1010 3143 1043 3209 in
1059 3148 1169 3211 multis

279 3233 312 3272 fll.

286 3292 410 3342 Lm,
425 3253 515 3308 actus
538 3246 649 3322 nostri,
666 3246 818 3327 quoniam
835 3266 934 3308 unum
959 3254 1006 3309 est
1031 3266 1171 3311 neccssa-

280 3342 520 3421 buticularium.
539 3343 590 3405 Ait
605 3344 689 3406 enim
707 3343 871 3426 Scriptura
884 3362 890 3405 :
903 3343 961 3418 Qui
979 3346 1097 3409 timetis
1113 3346 1171 3409 [lo

426 3442 561 3519 minum,
586 3442 709 3521 diligito
729 3429 832 3518 illum,
849 3450 881 3504 et
903 3443 1171 3507 illuminabuntur

286 3541 521 3608 rs.1v··,c.corda
537 3549 652 3603 vestra.
669 3541 799 3618 idcirco,
816 3541 951 3622 Diligam
967 3550 1009 3619 te,
1026 3542 1169 3621 Domine,

288 3658 328 3701 rs.
337 3672 382 3709 nn
390 3661 411 3701 ι.
427 3638 581 3702 fortitudo
596 3658 677 3716 mea,
695 3649 727 3703 et
742 3658 865 3721 precor,
883 3648 917 3701 ut
934 3640 1016 3703 sicut
1030 3641 1125 3724 adipe
1141 3650 1172 3704 et

426 3738 621 3821 pinguedine
644 3739 802 3820 repleatur
817 3738 924 3800 anima
939 3759 1010 3802 mea
1031 3740 1172 3804 dilectio-

426 3854 466 3898 ne
484 3844 537 3898 tna
553 3836 680 3899 deifica.

466 3934 607 4016 Denique
623 3934 649 3995 si
661 3934 757 3997 bomo
774 3952 836 3997 non
854 3934 1056 3997 ordinaretur
1071 3937 1169 4014 aDeo,

426 4032 488 4095 nisi
514 4034 553 4094 ad
583 4032 758 4095 naturalem
786 4031 969 4096 felicitatem
996 4054 1032 4096 ac
1059 4034 1169 4113 finem,

426 4131 693 4212 quemadmodum
725 4130 940 4212 opinabantur
973 4131 1169 4213 philosophi,

1985 3228 2102 3270 sedetur.

1226 3245 1258 3305 in
1275 3241 1424 3307 cordibus
1440 3260 1561 3317 eorum,
1580 3250 1611 3303 et
1633 3241 1665 3303 in
1681 3241 1842 3305 mentibus
1857 3262 1967 3306 corum
1986 3295 2018 3333 ,θ’

1226 3340 1457 3423 superscribam
1489 3358 1553 3402 eas.
1580 3339 1667 3414 Quod
1691 3348 1795 3403 tamen
1822 3341 1861 3404 de
1886 3360 1969 3404 nova

1227 3441 1295 3521 lege
1321 3458 1390 3501 esse
1417 3439 1619 3521 pradictum,
1646 3439 1815 3521 Apostolus
1843 3440 1967 3517 asserit,

1226 3558 1297 3621 quae
1313 3538 1358 3599 ita
1377 3556 1411 3601 se
1426 3538 1522 3600 habet
1537 3538 1575 3600 ad
1597 3547 1736 3601 veterem
1756 3538 1869 3619 legem,
1888 3539 1970 3603 sicut

1226 3636 1376 3699 meridies
1391 3637 1431 3698 ad
1446 3654 1602 3713 auroram,
1622 3636 1728 3699 lumen
1750 3637 1790 3699 ad
1810 3638 1967 3715 umbram,

1227 3734 1343 3800 veritas
1375 3735 1413 3797 ad
1443 3734 1591 3815 figuram,
1616 3736 1680 3799 imo
1712 3735 1794 3798 sieut
1819 3737 1970 3818 splendor

1227 3836 1264 3897 ad
1283 3834 1438 3909 tenebras,
1456 3841 1487 3896 ct
1503 3834 1568 3896 vita
1583 3835 1622 3897 ad
1638 3843 1783 3898 mortem.

1266 3933 1428 4009 Praeterea,
1457 3940 1570 4013 preter
1600 3933 1701 4013 legem
1732 3934 1908 3997 naturalem
1939 3944 1969 3996 ct

1227 4040 1377 4094 aeternam
1400 4040 1497 4113 atque
1517 4030 1671 4109 divinam,
1689 4032 1818 4115 ponitur
1841 4032 1891 4096 lex
1913 4033 1969 4095 bu·

1226 4149 1330 4207 mana,
1358 4150 1429 4211 quae
1454 4138 1503 4194 cst
1526 4132 1686 4212 quoddam
1713 4130 1844 4194 rationis
1873 4131 1969 4195 dicta-

427 4228 592 4292 sufficeret
615 4228 644 4291 ei
671 4229 720 4291 lex
746 4229 910 4305 naturalis,
940 4248 1044 4311 neque
1066 4230 1171 4293 altiori
1187 4228 1211 4291 D
1227 4248 1311 4305 men,
1330 4246 1394 4309 quo
1410 4228 1592 4308 diriguntur
1612 4238 1701 4292 actus
1717 4230 1850 4293 humani
1873 4230 1907 4292 in
1923 4250 1970 4293 or-

427 4328 496 4407 lege
512 4335 627 4407 egeret.
646 4328 705 4390 Sed
721 4328 873 4409 quoniam
892 4330 931 4390 ad
948 4337 1173 4410 supernatura-

427 4427 489 4489 lem
506 4425 736 4489 beatitudinem
753 4426 873 4488 conditi
890 4446 1013 4503 sumus,
1030 4428 1119 4507 juxta
1137 4426 1172 4488 il-

279 4545 411 4594 namnum.
427 4525 482 4586 lud
507 4524 661 4607 Apostoli,
687 4524 793 4586 Gratia
817 4525 871 4587 liei
896 4524 961 4586 vita
985 4532 1123 4599 aterna3
1142 4534 1172 4587 et

286 4642 411 4694 leoena
427 4622 554 4699 iterum,
571 4621 687 4685 Oculus
710 4640 775 4684 non
791 4621 883 4699 vidit,
902 4642 960 4685 nco
975 4622 1062 4685 auris
1084 4623 1173 4685 audi-

286 4705 319 4748 Ia.
328 4719 382 4756 extr,
391 4707 412 4748 f.

428 4720 483 4797 vit,
502 4739 559 4783 neo
582 4720 614 4781 in
634 4738 689 4782 cor
710 4720 850 4783 bominis
866 4722 1076 4784 ascenderunt
1102 4742 1172 4804 queo

427 4818 616 4902 preparavit
632 4819 715 4881 Deus
732 4819 939 4900 diligentibus
958 4839 1002 4882 se.
1023 4820 1098 4899 (Sed
1117 4841 1173 4883 un·

281 4935 411 4986 tommo.
425 4920 465 4981 de
478 4918 537 4981 hoc
554 4917 649 4994 nosti,
663 4917 833 5000 Apostolet
849 4920 1029 5000 Respondet
1042 4936 1049 4981 :
1062 4920 1169 4996 Nobis,

426 5016 541 5099 inquit,
559 5017 714 5080 revelavit
737 5018 819 5079 Deus
842 5036 897 5099 per
920 5018 1074 5099 Spiritum
1099 5018 1172 5081 San-

426 5118 537 5195 ctum.)
549 5116 668 5179 idcirco
682 5116 862 5196 indigemus
878 5118 1113 5198 supernaturali
1131 5118 1172 5181 le-

424 5232 474 5295 gc,
501 5233 558 5296 per
586 5234 682 5296 quam
707 5215 747 5277 de
771 5234 845 5276 vera
870 5233 906 5276 ae
936 5216 1171 5297 supernaturali

425 5314 622 5377 beatitudine
645 5314 852 5391 instruamur,
877 5322 972 5395 atque
997 5315 1035 5378 do
1058 5334 1172 5396 prateo-

1226 4328 1301 4390 dine
1316 4328 1355 4390 ad
1373 4328 1471 4391 finem
1487 4327 1563 4391 boni
1581 4329 1770 4392 communis.
1784 4330 1970 4393 Haecautem

1228 4426 1277 4489 lex
1302 4446 1340 4489 ex
1367 4426 1503 4489 naturali
1530 4426 1599 4506 lege
1624 4427 1836 4509 progreditur,
1863 4438 1894 4489 et
1924 4437 1969 4490 est

1226 4525 1318 4605 quasi
1335 4524 1557 4588 determinatio
1579 4533 1608 4587 et
1631 4525 1800 4607 explicatio
1821 4526 1903 4607 legis
1919 4545 1971 4589 na-

1227 4622 1337 4684 turalis
1354 4622 1438 4685 circa
1459 4623 1665 4705 particulares
1686 4624 1854 4687 bominum
1871 4633 1970 4687 status

1226 4730 1321 4801 atque
1353 4721 1488 4800 negotia,
1514 4740 1606 4784 casus
1636 4742 1673 4785 ac
1697 4741 1803 4804 opera.
1827 4723 1906 4784 Nam
1935 4742 1969 4785 ea

1226 4839 1296 4900 quae
1322 4821 1361 4882 ad
1387 4820 1563 4883 naturalem
1590 4820 1750 4902 pertinent
1776 4821 1889 4901 legem,
1908 4840 1968 4885 non

1228 4926 1301 4979 sunt
1323 4919 1431 4981 omnia
1449 4938 1540 5000 aeque
1565 4920 1745 4997 manifesta,
1769 4929 1800 4983 et
1821 4922 1969 4983 omnibus

1226 5026 1332 5080 certa:
1351 5026 1381 5079 at
1397 5018 1468 5081 ideo
1485 5037 1541 5099 per
1562 5018 1664 5099 legem
1681 5018 1852 5079 humanam
1872 5018 1970 5100 expri-

1227 5116 1325 5178 mitur
1346 5126 1377 5178 et
1393 5117 1509 5179 clarius
1532 5117 1721 5193 declaratur,
1738 5118 1821 5199 quod
1845 5118 1895 5180 lex
1917 5137 1968 5179 na-

1227 5216 1338 5278 turalis
1354 5216 1489 5278 obscure
1504 5215 1829 5298 complectitur.Talis
1845 5234 1967 5297 quoquc

1228 5314 1277 5376 lex
1289 5314 1466 5407 necessaria
1477 5322 1525 5377 est
1535 5312 1609 5377 vitae
1619 5315 1776 5377 humanae.
1786 5312 1874 5376 Finis
1885 5314 1965 5377 enim
