4309 6259
583 511 759 561 tannnntto
781 515 812 560 tu
833 511 901 560 CAP.
925 513 955 560 lV
976 513 1114 559 tat'ITttt.
1138 532 1177 542 -
1199 511 1269 558 ΛΒΤ.
1294 511 1325 558 lll

1671 491 1728 556 tat

180 688 377 771 dignissimae
389 688 582 752 dilectionis
593 689 713 752 Cantas
725 705 862 770 namquo
873 706 929 769 per
944 688 969 748 Α
986 686 1107 750 Ιιιιιιι.
1125 686 1214 748 lude
1236 694 1267 748 ιι
1292 683 1532 767 scriptumest:
1552 682 1731 745 Liberame
1758 701 1796 743 ιι
1808 713 1826 752 t
1838 699 1871 740 ιι.

181 807 276 871 opera
292 789 378 852 bona
388 789 540 866 nutritur,
552 787 618 851 imo
629 807 686 870 per
701 787 869 851 interiores
883 806 931 848 ac-

181 895 231 949 tus
247 907 323 951 suos
338 888 540 970 potissimum
557 887 682 964 crescit,
699 896 843 967 augetur,
860 905 931 968 per-

182 985 302 1049 licitur
316 990 430 1050 Omnis
445 991 542 1066 adeps
552 989 688 1048 Domcnt
702 989 764 1047 eret
771 1007 852 1062 jure
857 1005 931 1062 per

177 1086 377 1164 poenalium
388 1087 485 1168 adeps
496 1086 529 1147 iu
540 1085 625 1148 bono
636 1083 930 1167 suscipitur,cordis

183 1183 517 1263 dulcedo,devotionis
533 1183 802 1260 excessus,lervor
813 1182 930 1245 amoris

183 1284 359 1366 peripsum
376 1282 612 1366 significantur.
630 1284 738 1346 Omnis
760 1283 867 1365 itaque
887 1290 932 1343 ta-

184 1381 223 1444 lis
238 1383 338 1466 adeps
352 1383 416 1446 Deo
431 1391 480 1446 ιιι
499 1381 740 1459 adscribendus,
758 1389 789 1444 et
804 1381 845 1444 ab
861 1379 931 1462 ipso

56 1493 170 1544 aaut.
184 1483 351 1564 petendus,
378 1481 467 1562 juxta
489 1481 568 1544 illud
593 1480 733 1543 Psalmi:
756 1479 845 1542 Sicut
866 1479 932 1542 adi-

184 1599 224 1664 pe
238 1590 270 1644 ιι
284 1581 481 1663 pinguedine
497 1581 656 1663 repleatur
672 1580 778 1643 anima
795 1598 876 1642 mea.
893 1578 932 1640 Et

65 1691 96 1735 12.
103 1694 158 1742 ua.
185 1679 260 1743 item
277 1680 311 1742 iu
325 1679 426 1744 lsaia:
440 1679 655 1743 delectabitur
671 1678 704 1740 in
721 1677 932 1742 crassitudine

184 1779 291 1841 anima
306 1788 424 1842 vestra
441 1781 508 1841 Nec
523 1781 652 1855 adipem
669 1799 725 1838 nec
738 1779 932 1855 sanquinem

985 787 1025 850 de
1040 786 1262 866 sanguinibus
1280 785 1444 866 ltemque:
1462 784 1540 847 Caro
1555 791 1587 846 ιι
1602 782 1731 862 sanguis
1758 799 1833 907 0ιιοι
1841 813 1876 850 ιι,

987 903 1119 966 reguum
1130 885 1185 947 Dei
1202 902 1265 948 non
1277 883 1497 967 possidebunt
1510 883 1643 966 Adipem
1655 867 1778 945 v⁵ero⁰'

986 983 1163 1060 comedere,
1177 991 1224 1046 est
1240 981 1289 1047 vel
1307 981 1438 1064 prelata
1453 981 1632 1064 spiritualia
1647 980 1731 1042 bona

987 1082 1048 1143 sibi
1073 1082 1136 1164 ipsi
1163 1091 1313 1163 tanquam
1339 1079 1478 1163 propriis
1503 1080 1624 1143 viribus
1648 1079 1731 1141 lacta

987 1182 1150 1261 deputare,
1168 1181 1277 1263 sicque
1299 1179 1331 1241 in
1352 1181 1399 1242 cis
1421 1179 1558 1242 inaniter
1572 1176 1702 1260 gloriari
1720 1201 1728 1251 3

986 1281 1089 1344 valea
1105 1300 1175 1361 quae
1192 1279 1380 1343 sensualiter
1391 1279 1551 1342 oblectant
1565 1276 1727 1360 amplecti,

987 1399 1042 1442 seu
1071 1380 1177 1459 gulam
1210 1373 1436 1460 c'rapulamque
1460 1396 1576 1440 amare.
1600 1377 1730 1458 Propter

986 1480 1071 1560 quod
1089 1479 1225 1541 dicitur:
1237 1477 1295 1552 Qui
1311 1485 1396 1540 amat
1410 1477 1570 1540 vinumet
1584 1475 1752 1595 pinguia,
1761 1490 1827 1533 rme.
1834 1503 1877 1542 ιιι,

987 1597 1049 1640 non
1066 1577 1127 1640 crit
1143 1577 1279 1659 sapiens.
1290 1576 1433 1639 Christus
1444 1595 1572 1658 quoque
1583 1575 1616 1637 in
1632 1555 1778 1639 Evan-¹⁷

986 1677 1090 1758 golio:
1105 1677 1227 1754 l'idete,
1252 1677 1366 1758 inquit,
1386 1695 1425 1740 ne
1440 1685 1612 1756 graventur
1634 1675 1875 1739 cordetenus.

986 1796 1041 1839 ιιι
1046 1786 1091 1838 tra
1107 1776 1236 1859 crapula
1251 1776 1302 1838 vel
1319 1774 1483 1838 ebrietate.
1496 1775 1638 1857 Itemque
1652 1774 1731 1858 Apo·

184 1880 360 1940 comedetis.
374 1877 567 1957 Sanguinem
582 1878 760 1953 comedere
773 1884 821 1939 est
836 1893 933 1958 opera
950 1876 1112 1944 Bstolus:
1130 1877 1244 1938 Curam
1267 1895 1372 1937 carnis
1388 1894 1428 1938 ue
1445 1874 1609 1938 leceritis
1601 1894 1633 1937 m
1650 1875 1730 1938 desi·
1763 1887 1824 1931 nom
1833 1899 1876 1938 ιιι,

184 1978 335 2055 carnalia,
348 1978 475 2055 vitiosa,
493 1985 547 2040 aut
562 1976 699 2040 aliorum
715 1975 860 2038 laesiones
876 1993 931 2036 seu

185 2076 359 2140 homicidia
378 2085 573 2160 perpetrare,
592 2074 660 2138 sive
681 2075 714 2137 in
738 2075 854 2138 talibus
876 2074 930 2137 de·

987 1975 1096 2039 deriis
1114 1975 1232 2056 Nempe
1247 1993 1318 2056 quae
1336 1974 1440 2037 taliter
1463 1974 1605 2038 lovente
1589 1951 1778 2052 e¹⁸arnem,

987 2073 1176 2136 interimunt
1192 2073 1351 2155 spiritum.

749 2508 1072 2596 ARTICULUS
1109 2509 1170 2601 lll

204 2785 396 2833 unctaunrto
417 2785 592 2831 Ell'lEllALlS
613 2785 750 2831 carttdtt
771 2785 883 2838 Quantt
906 2785 912 2829 :
937 2785 1127 2840 notatusque
1149 2785 1202 2830 EST
1223 2785 1354 2830 boninus
1377 2785 1418 2829 ΑΙ)
1439 2784 1569 2843 notatu,
1593 2783 1710 2829 DlCENS.

259 3063 342 3127 UNC
368 3065 408 3128 de
437 3064 608 3129 sacrificiis
638 3066 744 3148 agitur
773 3085 844 3148 quae
875 3084 932 3147 pro
949 3064 971 3127 C
989 3065 1034 3127 ibi
1054 3075 1103 3128 est
1125 3083 1229 3128 sermo
1245 3066 1283 3128 de
1300 3063 1480 3144 sacriliciiS,
1493 3085 1564 3148 quaa
1579 3084 1617 3129 ιιι
1639 3065 1734 3130 devo-

270 3163 462 3227 remissione
488 3162 709 3228 offerebantur
736 3164 868 3247 peccati.
894 3164 933 3225 Et

185 3260 261 3342 quia
281 3261 373 3343 juxta
398 3263 560 3326 diversum
581 3271 709 3341 statum,
726 3264 860 3344 gradum
877 3282 933 3326 seu

184 3361 373 3442 qualitatem
399 3363 612 3444 peccantium,
639 3363 851 3427 diversimode
881 3381 934 3444 ag-

183 3469 358 3540 gravantur
373 3479 430 3525 scu
444 3461 636 3525 alleviantur
646 3471 795 3544 peccata:
813 3461 933 3525 idcirco

185 3577 270 3622 nunc
286 3559 328 3621 lit
343 3561 465 3623 mentio
479 3563 520 3625 de
534 3563 631 3626 variis
647 3560 765 3624 hostiis
782 3580 840 3643 pro
862 3579 934 3642 pec-

185 3666 328 3721 catorum
345 3659 535 3724 remissione
549 3660 738 3737 ollerendis,
756 3660 932 3722 secundum

183 3759 270 3838 quod
287 3758 350 3839 ipsi
370 3758 427 3839 qui
447 3767 661 3840 peccaverunt
681 3767 771 3821 erant
793 3758 826 3819 iu
849 3765 932 3819 statu

184 3875 239 3919 scu
249 3857 353 3938 gradu
369 3857 550 3921 sublimiori
566 3867 621 3921 aut
636 3856 783 3934 bassiori,
795 3857 843 3919 vel
861 3875 933 3938 pro-

184 3963 217 4016 ut
232 3974 347 4018 corum
362 3973 511 4019 excessus
526 3955 682 4038 processit
693 3975 731 4018 cx
747 3956 853 4018 radice
869 3974 933 4016 ma-

183 4053 232 4133 gis
246 4062 303 4116 aut
325 4053 432 4116 minus
456 4055 622 4137 culpabili.
640 4055 729 4117 Unde
745 4054 777 4115 in
801 4054 862 4116 isto
884 4072 932 4116 ca-

182 4153 287 4233 pitulo
314 4153 497 4234 specialiter
521 4154 626 4234 agitur
651 4154 691 4216 de
716 4152 829 4216 hostiis
860 4171 931 4234 qua

990 3166 1076 3227 tione
1098 3173 1130 3228 ιι
1145 3171 1258 3246 sponte
1282 3164 1529 3228 immolabantur
1549 3183 1555 3226 :
1574 3164 1733 3247 quomodo

989 3281 1063 3343 ergo
1080 3283 1164 3327 nunc
1185 3264 1373 3346 exprimitur
1389 3265 1484 3328 homo
1503 3283 1560 3347 per
1580 3263 1731 3338 animam,

989 3383 1088 3444 quum
1104 3363 1143 3426 de
1154 3371 1282 3446 peccato
1293 3362 1432 3427 hominis
1450 3362 1491 3425 sit
1502 3371 1652 3426 tractatus
1663 3365 1674 3422 t
1687 3361 1733 3423 td

988 3461 1074 3543 quod
1097 3463 1317 3545 respondetur,
1336 3463 1420 3544 quod
1440 3462 1522 3525 siout
1543 3480 1659 3526 nomen
1679 3461 1733 3525 bo

988 3561 1086 3622 minis
1111 3561 1265 3643 accipitur
1291 3563 1323 3622 in
1347 3561 1518 3644 Scripturis
1540 3561 1732 3644 quandoque

990 3659 1021 3720 in
1038 3659 1134 3736 bono,
1152 3667 1186 3721 ut
1201 3679 1298 3742 quum
1315 3660 1359 3722 ait
1373 3659 1555 3742 Apostolus,
1573 3660 1605 3724 Si
1621 3678 1732 3723 secun·
1759 3677 1874 3730 ιιοωι,

988 3759 1062 3820 aum
1090 3758 1265 3836 nominem,
1290 3759 1322 3820 ιι
1347 3767 1395 3821 est
1421 3758 1664 3836 rationabiliter,
1692 3743 1780 3822 adfl-

987 3859 1106 3921 bestias
1128 3858 1267 3939 pugnavi
1283 3857 1411 3940 Ephesi,
1429 3858 1461 3920 id
1478 3866 1537 3936 cst,
1554 3867 1664 3922 contra
1680 3858 1732 3922 be·

988 3957 1095 4019 stiales
1116 3957 1262 4019 homines
1278 3957 1437 4038 disputavi
1454 3957 1487 4018 in
1504 3957 1638 4039 Epheso,
1656 3957 1731 4040 quia

987 4055 1136 4118 videlicet
1157 4075 1339 4138 supremum
1360 4063 1390 4118 ιι
1410 4055 1675 4138 specialissimum
1697 4056 1730 4117 in

987 4155 1128 4231 homine,
1147 4163 1194 4218 est
1210 4155 1290 4218 ratio
1311 4174 1367 4218 seu
1383 4155 1546 4218 rationalis
1563 4155 1728 4237 perlectio,

182 4269 240 4332 pro
266 4252 409 4334 peccatis
432 4270 470 4314 cx
495 4252 675 4331 ignorantia
697 4251 928 4316 atterebantur.
946 4261 1083 4336 [taqua
1106 4254 1237 4317 sortitur
1254 4262 1285 4317 ct
1300 4255 1450 4336 speciem,
1468 4255 1553 4317 unde
1568 4254 1730 4318 interdum

181 4348 419 4414 Enumerantur
434 4369 561 4433 quoque
576 4360 608 4415 et
623 4352 863 4430 distinguuntur
878 4351 930 4413 bic

182 4459 321 4529 quatuor
337 4467 482 4531 persona
501 4450 714 4533 peccantium,
733 4458 809 4530 puta
829 4467 931 4511 sacer-

182 4548 251 4623 dos,
269 4548 434 4630 princeps,
451 4567 622 4631 synagoga,
640 4547 673 4610 id
690 4556 739 4610 ιιι
755 4547 931 4610 communi-

183 4655 242 4722 tas,
259 4656 293 4710 et
308 4646 428 4723 anima,
445 4647 478 4708 id
493 4656 542 4710 cst
556 4647 752 4729 quicumque
768 4647 807 4709 dc
822 4645 929 4726 vulgo.

223 4746 332 4809 Primo
347 4745 455 4827 itaque
466 4746 505 4809 de
521 4747 684 4809 sacerdote
696 4765 780 4807 nunc
795 4744 930 4807 dicitur:

185 4848 390 4925 locutusque
413 4848 633 4906 enneminta
654 4848 698 4906 ad
719 4848 863 4922 Moysen,
883 4846 935 4903 di-

185 4965 258 5004 cens
273 4965 286 5004 .·
302 4947 447 5024 Loquere
468 4947 552 5022 filiis
572 4947 677 5005 Israel
692 4965 703 5003 .·
718 4946 842 5004 Αιιιίιια
864 4963 934 5022 quae

180 5045 367 5120 peccaverit
387 5063 447 5120 per
470 5045 706 5121 iqnoranttam.
729 5042 818 5105 Circa
844 5060 935 5104 exor-

185 5141 276 5203 dium
293 5140 442 5204 littcralis
464 5140 672 5225 expositionis
698 5140 830 5204 secundi
851 5139 936 5221 eapi-

186 5240 247 5302 tuli
262 5240 387 5304 dictum
403 5249 462 5318 est,
479 5242 563 5323 quod
581 5240 626 5301 ibi
642 5239 869 5304 convenienter
884 5240 936 5302 de

186 5338 335 5421 signatur
358 5339 455 5404 bomo
480 5339 610 5403 nomine
634 5339 760 5416 animae,
784 5338 936 5420 quoniam

987 4372 1138 4416 vocamus
1162 4353 1349 4428 humanum,
1369 4354 1453 4434 quod
1474 4361 1522 4416 est
1542 4353 1731 4416 rationabile

986 4459 1081 4532 atque
1107 4451 1219 4532 pium3
1242 4451 1415 4533 aliquando
1435 4470 1511 4515 vcro
1537 4470 1653 4514 nomeu
1678 4453 1732 4516 bo

987 4549 1084 4610 minis
1106 4549 1138 4609 in
1156 4550 1240 4612 malo
1261 4550 1427 4632 accipitur,
1447 4558 1483 4612 ut
1502 4570 1600 4632 quum
1621 4571 1731 4613 rursus

986 4647 1101 4709 Paulus
1116 4646 1238 4724 ellatur,
1256 4649 1356 4722 Quum
1371 4649 1412 4710 sit
1430 4649 1577 4712 intervos
1594 4648 1679 4712 zelus
1701 4656 1732 4713 et
1745 4673 1805 4719 tcta.
1815 4689 1843 4728 ιι,
1853 4677 1872 4718 ι.

988 4746 1161 4822 contentio,
1182 4765 1288 4810 nonne
1314 4747 1461 4810 homines
1487 4747 1586 4811 estisl
1613 4749 1728 4827 idest,

988 4845 1150 4908 sensuales
1166 4854 1197 4909 ιι
1215 4846 1356 4927 fragiles,
1374 4847 1641 4931 passionibusque
1657 4849 1731 4911 sub-

987 4943 1075 5024 jecti,
1089 4944 1164 5024 quia
1182 4944 1331 5008 videlicet
1346 4945 1447 5027 major
1462 4966 1535 5028 pars
1550 4946 1729 5025 bominum,

989 5042 1131 5105 camales
1153 5041 1354 5121 affectiones,
1366 5043 1617 5128 passionumque
1632 5045 1733 5126 sequi-

991 5150 1041 5202 tur
1057 5150 1182 5203 motus:
1201 5141 1244 5204 ita
1259 5143 1299 5205 de
1314 5142 1421 5205 anima
1436 5144 1499 5206 dici
1516 5153 1630 5227 potest,
1646 5146 1733 5225 quod

991 5259 1076 5302 nunc
1098 5240 1131 5300 in
1153 5238 1248 5319 bono,
1272 5260 1357 5303 nunc
1381 5241 1413 5303 in
1436 5243 1525 5307 malo
1546 5242 1732 5324 suscipitur,

991 5340 1167 5402 secundum
1183 5341 1268 5421 quod
1288 5340 1422 5406 diversa
1438 5341 1523 5407 vires
1541 5351 1572 5405 et
1592 5340 1733 5405 actiones
