4309 6259
558 521 732 567 aunnnnrro
753 523 784 566 us
806 522 874 567 cnr.
898 518 963 567 xxu
984 517 1121 566 tsvrncr.
1144 537 1185 549 —
1205 519 1277 564 cnr.
1299 518 1361 566 xuu
1670 501 1730 566 279
1791 546 1794 550 -

182 692 266 776 petit
280 693 322 770 ei,
335 701 489 774 tanquam
505 693 544 755 de
560 692 659 774 stirpe
675 691 862 755 sacerdotali
878 710 932 753 na·
946 691 972 753 A
1029 694 1093 761 Qui
1108 694 1279 752 consederit
1293 695 1333 752 de
1346 693 1558 768 sanctificatis
1569 712 1630 770 per
1644 694 1730 770 iquo-

182 801 228 868 to,
245 811 346 874 quum
368 792 636 874 impedimentum
658 791 768 853 utendi
789 809 846 852 suo
861 792 932 872 jure

184 889 291 953 luerat
306 890 458 953 deletum.
476 892 700 960 Mortim'num,
714 889 746 951 id
764 898 811 952 est
828 908 884 970 per
899 908 933 951 se

181 997 358 1066 mortuum,
375 1000 405 1050 et
420 999 564 1066 captum,
579 988 612 1050 id
631 997 679 1050 est
694 987 900 1066 suffocatum,
912 1012 933 1051 a

183 1092 298 1159 bestia,
314 1088 435 1170 diuque
450 1096 612 1150 mortuum
629 1107 667 1150 ex
687 1087 798 1150 bestiae
820 1088 934 1150 lacera·

53 1201 168 1244 mum
183 1186 284 1262 tione,
301 1207 369 1246 non
389 1187 551 1247 comedet*
572 1193 665 1248 natus
685 1185 724 1247 de
747 1186 846 1265 stirpe
861 1185 930 1262 hac,

65 1301 168 1355 mam
182 1285 433 1362 necpolluetur*
443 1286 479 1343 in
490 1285 549 1353 eis,
559 1283 591 1345 id
601 1290 651 1345 est
666 1283 699 1343 in
714 1301 771 1344 esu
786 1282 931 1344 istorum.

53 1369 83 1403 tur

183 1384 271 1445 lstud
282 1383 469 1445 mandatum
482 1381 654 1444 undecimo
663 1379 804 1461 capitulo
815 1388 847 1442 et
855 1380 933 1442 alibi

183 1481 313 1563 plenius
329 1480 509 1545 continetur
519 1488 614 1561 atquc
624 1479 804 1561 expositum
815 1488 870 1542 est.
882 1484 935 1541 Gu-

181 1581 329 1641 stodiant
339 1590 502 1658 Jnaecepta
516 1599 599 1650 mea,
616 1587 652 1637 ut
668 1598 732 1637 non
747 1578 933 1654 subjaceant

177 1689 320 1756 peccaro,
332 1688 362 1738 et
372 1679 558 1737 moriantur
574 1679 610 1736 in
625 1678 822 1747 sanctuario,
832 1697 933 1754 quum

179 1779 361 1854 polluerint
385 1778 482 1836 illud.
500 1777 568 1852 Epo
589 1775 761 1844 Dominus,
778 1777 837 1853 qui
859 1794 934 1834 san·

180 1879 286 1952 ctifico
303 1896 364 1935 eos.

183 2000 186 2005 ’
223 1976 338 2035 Omnis
348 1974 534 2050 alienipena
544 1992 609 2032 non
620 1974 758 2030 comedet
768 1973 808 2030 de
816 1973 933 2031 sancti·

180 2073 300 2149 ficetis.
313 2071 442 2133 Certum
457 2077 506 2131 est
521 2070 605 2150 quod
623 2067 674 2130 bis
690 2068 744 2149 qui
761 2086 825 2130 non
841 2076 932 2130 erant

182 2171 315 2233 natione
331 2168 441 2244 ludaei,
452 2186 510 2230 nec
521 2168 560 2229 ad
570 2167 766 2230 Iudaismum
775 2167 929 2242 conversi,

182 2287 248 2330 non
275 2267 368 2329 licuit
384 2264 471 2329 vesci
496 2265 639 2328 oblatis:
658 2263 777 2327 idcirco
803 2263 932 2327 nomine

181 2365 375 2447 alienigene
405 2371 511 2445 potest
539 2363 634 2425 modo
661 2362 798 2442 intelligi
826 2362 932 2424 omnis

182 2483 248 2528 uon
264 2462 423 2526 exsistens
433 2463 473 2524 de
489 2462 574 2523 tribu
585 2461 784 2537 sacerdotali,
794 2461 932 2542 demptis

182 2574 292 2627 lamen
308 2561 371 2637 his,
383 2561 440 2642 qui
456 2560 550 2641 paulo
566 2568 638 2640 post
653 2558 865 2641 excipiuntur.
879 2565 932 2620 In·

180 2662 334 2743 quilinus
348 2661 531 2729 sacerdotis,
550 2657 581 2718 id
599 2664 648 2719 est
662 2656 787 2718 alienus
801 2658 840 2718 ad
857 2665 932 2720 tem·

181 2781 243 2843 pus
275 2759 309 2820 in
336 2758 432 2819 domo
462 2773 663 2817 commorans
693 2755 876 2831 sacerdotis,
902 2767 932 2816 et

181 2857 418 2923 mercenarius,
429 2853 486 2934 qui
501 2853 600 2915 servit
611 2851 767 2914 sacerdoti
783 2871 840 2934 pro
851 2871 933 2914 mer-

181 2957 272 3032 cede,
291 2973 350 3016 nec
370 2954 411 3014 de
427 2952 496 3033 ejus
514 2959 562 3013 est
582 2950 715 3027 semine,
733 2971 798 3012 non
814 2973 933 3012 uescen-

988 792 1146 860 rantiam,
1158 809 1217 852 nec
1233 799 1281 852 est
1295 790 1334 852 de
1351 791 1550 853 sacerdotum
1565 790 1728 872 progenie,

988 892 1084 949 addet
1099 890 1248 968 qrtintam
1260 899 1388 965 purtem
1404 909 1477 949 cum
1490 909 1524 949 eo
1540 893 1625 969 quod
1639 911 1733 950 come·

987 991 1048 1058 dit,
1067 987 1100 1048 id
1120 996 1178 1062 est,
1198 995 1319 1048 tanturn
1341 987 1497 1063 restituet,
1514 996 1670 1068 quantum
1686 989 1732 1050 sic

989 1086 1101 1148 illicite
1112 1087 1327 1162 manducavit,
1340 1095 1371 1148 ει
1384 1085 1466 1147 ultra
1477 1086 1537 1149 boc
1547 1104 1605 1168 pro
1622 1086 1733 1167 quinta

989 1193 1078 1266 parte
1097 1192 1231 1260 tantum,
1249 1203 1307 1265 pro
1328 1184 1561 1246 inadvertentie
1581 1193 1612 1246 et
1634 1184 1734 1265 negli-

988 1282 1096 1364 gentia
1111 1301 1178 1359 suc,
1196 1301 1267 1363 que
1282 1302 1346 1345 non
1362 1290 1489 1344 excusat
1504 1302 1577 1345 eum
1594 1282 1627 1343 in
1644 1291 1730 1354 toto;

987 1391 1017 1440 et
1032 1384 1123 1441 dabit
1144 1384 1302 1441 sacerdoli
1318 1384 1354 1441 in
1369 1383 1606 1453 sanctuarium,
1624 1381 1730 1458 idest,

988 1479 1028 1540 ad
1050 1478 1166 1540 atrium
1188 1479 1385 1542 tabernaculi
1401 1476 1524 1540 deleret
1546 1478 1607 1540 ista
1629 1479 1668 1540 ad
1685 1497 1733 1541 sa-

988 1577 1156 1651 cerdotem‚
1165 1577 1217 1639 cui
1228 1596 1285 1639 sua
1296 1577 1409 1639 illicita
1418 1577 1614 1640 comestione
1625 1577 1735 1640 intulit

988 1676 1151 1751 damnum,
1164 1684 1196 1738 ει
1211 1685 1246 1738 ut
1262 1676 1408 1738 sacerdos
1418 1682 1487 1738 oret
1502 1694 1559 1756 pro
1575 1694 1624 1752 eo,
1637 1684 1732 1758 atquo

989 1773 1110 1835 illatam
1132 1772 1194 1835 sibi
1219 1773 1369 1856 injuriam
1393 1773 1557 1854 indulgeat
1582 1773 1642 1835 illi.
1666 1777 1733 1836 Nec

950 1873 1254 1937 Beontaminabuut
1282 1873 1484 1948 sanctificata
1511 1872 1658 1948 filiorum
1687 1875 1734 1934 Is-

987 1973 1064 2038 rael,
1076 1969 1108 2030 id
1124 1977 1172 2031 εει
1187 1969 1220 2030 bi
1236 1969 1293 2050 qui
1309 1986 1372 2031 non
1389 1977 1463 2030 suut
1478 1969 1664 2046 sacerdotes,
1675 1989 1733 2033 nec

987 2085 1095 2130 eorum
1114 2065 1279 2134 domestici
1291 2067 1384 2128 modo
1401 2066 1554 2148 praetacti,
1565 2085 1628 2129 non
1645 2086 1733 2128 usur-

988 2164 1111 2245 pabunt
1134 2165 1252 2240 oblata,
1275 2185 1346 2243 qua
1372 2168 1553 2244 offeruntur
1572 2168 1734 2237 Domino,·

987 2285 1027 2324 nc
1041 2265 1125 2340 sorte
1134 2265 1316 2324 sustineant
1327 2265 1535 2342 iniquitatem
1545 2265 1599 2324 sui
1608 2266 1731 2335 delicti,

986 2382 1088 2442 quum
1109 2364 1312 2439 sanctificata
1332 2363 1536 2432 comederint,
1555 2361 1667 2439 idest,
1693 2382 1732 2425 no

987 2459 1096 2522 forsan
1126 2477 1199 2522 mox
1231 2459 1405 2540 puniantur
1436 2467 1605 2540 antequam
1634 2459 1734 2541 poeni·

987 2558 1116 2621 tuerint.

1027 2661 1227 2736 baculusque
1241 2666 1285 2716 est
1302 2658 1460 2717 Dominus
1475 2659 1519 2719 ad
1534 2657 1734 2734 Moysendi·

986 2777 1057 2816 cens
1074 2759 1243 2834 :Loquere
1262 2757 1307 2814 ad
1321 2757 1433 2814 Aaron
1448 2765 1478 2814 et
1496 2756 1583 2831 filios
1599 2756 1680 2832 ejus,
1702 2766 1732 2816 ct

986 2859 1030 2915 ad
1050 2874 1156 2914 omnes
1180 2855 1266 2930 filios
1284 2856 1398 2924 Israel,
1421 2855 1568 2932 dicesque
1592 2856 1636 2912 ad
1655 2873 1704 2913 eos
1721 2875 1732 2914 .·

988 2955 1090 3012 Homo
1109 2955 1149 3010 de
1169 2955 1261 3014 domo
1278 2954 1390 3021 Israel,
1410 2951 1442 3011 id
1464 2958 1513 3013 est
1537 2950 1666 3014 natione
1691 2952 1733 3014 ls-

181 3067 237 3117 tur
252 3075 295 3113 cx
308 3055 355 3112 eis
371 3069 383 3110 .·
398 3050 473 3131 quie
489 3056 565 3110 sunt
580 3049 629 3110 sui
644 3048 737 3130 juriS,
755 3069 814 3112 nec
828 3051 867 3112 ad
884 3070 932 3111 se·
948 3053 969 3116 C
986 3049 1108 3125 raelita,
1127 3060 1157 3109 et
1177 3053 1217 3108 de
1241 3050 1375 3108 advenis
1391 3051 1450 3128 qui
1473 3050 1621 3110 dubitant
1642 3054 1732 3128 apud

180 3153 345 3216 cerdoiem
367 3148 530 3230 pertinent
547 3147 695 3208 multum.
709 3151 808 3216 Quem
823 3159 931 3209 autem

178 3253 328 3312 sacerdos
346 3248 473 3316 emerit,
488 3245 521 3307 id
541 3253 590 3308 est
607 3264 717 3309 servus
732 3246 803 3327 ejus
820 3247 931 3327 empti-

180 3349 262 3422 cius,
276 3357 307 3406 et
322 3347 382 3426 qui
397 3348 591 3405 vernaculus
601 3347 715 3404 domus
729 3345 799 3421 ejus
813 3345 928 3420 suerit,

181 3448 280 3508 idest
297 3442 437 3505 nutritus
453 3450 485 3503 et
500 3449 593 3503 uatus
610 3441 643 3501 in
659 3441 753 3503 domo
764 3449 860 3523 atque
876 3440 932 3504 ob-

180 3543 294 3625 sequio
310 3540 483 3604 sacerdotis
497 3564 504 3613 ;
517 3542 554 3600 lu'
568 3542 729 3600 comedent
739 3561 780 3599 ecc
789 3542 845 3610 eis,
854 3540 930 3601 dum

181 3641 304 3705 luerint
318 3638 432 3701 mundi
451 3656 458 3699 :
478 3656 536 3701 nec
552 3637 638 3700 cuim
655 3646 730 3699 sunt
745 3637 865 3719 proprii
881 3638 931 3718 ju-

181 3741 237 3815 ris,
255 3739 312 3802 sed
328 3757 379 3800 res
395 3756 431 3799 ac
452 3736 611 3818 possessio
632 3735 806 3798 sacerdotis
821 3736 931 3818 hujus-

180 3838 280 3901 modi.
291 3839 332 3899 Si
345 3838 420 3915 filia
434 3837 607 3895 saemdotis
623 3836 753 3894 cuilibet
763 3857 804 3894 eu
812 3840 930 3912 populo

180 3947 285 4014 nupta
301 3936 418 4011 suerit,
435 3933 466 3994 id
486 3941 535 3995 est
556 3931 652 3995 alicui
675 3932 744 3995 viro
765 3949 829 3994 non
850 3933 930 3994 exsi-

179 4035 278 4098 stenti
304 4035 345 4096 de
369 4031 470 4114 stirpe
492 4031 701 4103 sacerdotali3
725 4035 765 4091 de
789 4033 840 4092 iris
859 4053 930 4110 que

178 4136 386 4210 sanctificata
402 4141 490 4201 sunt,
506 4139 536 4190 ct
554 4133 595 4190 de
613 4131 774 4207 primitiis
793 4129 856 4192 Deo
877 4129 930 4192 ob

986 3169 1050 3218 vos,
1069 3146 1100 3209 id
1117 3154 1165 3209 est
1179 3146 1373 3227 quicumque
1388 3147 1426 3208 ad
1442 3145 1607 3209 llosaioam
1629 3146 1730 3228 legem

986 3265 1169 3322 conversus,
1196 3252 1228 3308 et
1250 3244 1332 3306 inter
1357 3263 1413 3308 vos
1438 3261 1649 3322 commorans,
1673 3249 1731 3326 qui

985 3347 1135 3406 obtulerit
1146 3347 1336 3405 oblationem
1345 3365 1439 3404 suam
1450 3343 1513 3405 Deo
1528 3361 1584 3424 per
1599 3362 1729 3405 manum

986 3441 1170 3518 sacerdoliS,
1188 3447 1237 3502 uel
1252 3452 1325 3502 uota
1340 3445 1474 3510 sulcem,
1486 3441 1517 3502 id
1534 3449 1582 3504 εει
1597 3441 1730 3505 oblatio-

987 3560 1060 3602 nem
1072 3561 1110 3603 cx
1126 3539 1338 3622 promissione
1354 3537 1492 3602 debitam
1505 3538 1670 3615 exhibens,
1681 3545 1730 3600 vel

984 3650 1094 3717 sponte
1113 3642 1256 3718 offerens,
1276 3644 1352 3718 puta
1368 3655 1407 3698 ex
1432 3636 1600 3699 devotione
1625 3644 1656 3698 et
1681 3657 1730 3699 su·

986 3737 1246 3821 pererogati0n03
1267 3737 1429 3816 quidquid
1448 3737 1598 3796 obtulerit
1619 3738 1655 3796 in
1678 3739 1729 3796 ltc-

986 3841 1165 3896 locaustum
1180 3836 1325 3904 Domini,
1347 3832 1432 3912 quod
1449 3833 1488 3894 ad
1504 3832 1558 3894 Dei
1574 3833 1728 3896 honorem

986 3933 1125 3999 totaliter
1150 3932 1407 4006 consumebatur,
1432 3941 1468 3991 ut
1494 3934 1650 4009 offeratur
1669 3953 1730 4010 per

985 4055 1054 4101 vos,
1082 4032 1113 4093 id
1139 4038 1188 4092 est
1212 4048 1269 4110 per
1295 4027 1485 4109 obsequium
1511 4028 1726 4106 sacerdotum,

983 4148 1121 4214 quorum
1146 4127 1207 4189 luit
1232 4127 1351 4190 hostias
1377 4126 1487 4208 populi
1512 4126 1575 4188 Deo
1595 4125 1727 4204 offerre,

181 4233 267 4309 latis,
284 4251 351 4292 non
369 4240 537 4289 vescetur:
553 4227 717 4308 quiacum
738 4227 853 4290 marito
875 4229 928 4290 tali
945 4226 1146 4289 [lenunculus
1167 4227 1396 4286 immaculatus
1418 4226 1494 4293 erit,
1510 4223 1569 4286 hoc
1592 4232 1640 4314 est
1662 4226 1730 4286 ani-

181 4331 268 4394 lacta
283 4337 421 4391 estcaro
437 4345 512 4402 una,
530 4335 562 4388 et
576 4326 776 4406 emancipata
793 4345 811 4387 a
827 4334 928 4406 patre,

180 4429 303 4491 idcirco
323 4427 363 4488 de
388 4433 494 4488 eotero
518 4424 736 4487 conformatur
761 4425 875 4487 marito
895 4425 929 4486 in

180 4526 279 4589 rebus
303 4522 489 4587 domesticis
509 4522 661 4602 victuque
681 4521 835 4602 corporis.
852 4522 928 4583 Nam

179 4623 427 4704 conjugatorum
450 4639 515 4682 una
534 4628 582 4682 est
603 4638 725 4681 mensa.
743 4621 806 4679 Sin
822 4631 930 4680 autem

180 4725 287 4784 uidua
302 4725 352 4780 oel
374 4720 548 4796 repudiata
566 4728 596 4778 et
612 4721 728 4798 absque
746 4720 866 4789 liberis,
882 4739 931 4777 rc·

180 4841 275 4880 uersa
292 4820 397 4895 fuerit
416 4821 461 4877 ad
480 4820 613 4877 domum
633 4817 738 4892 patris
757 4818 811 4875 sui
820 4840 834 4886 ,·
847 4818 930 4877 sicut

176 4921 292 4996 pirella
306 4918 640 4984 consueuerat,aletur
653 4916 732 4972 cibis
744 4917 850 4990 patris
864 4917 928 4988 sui,

180 5017 215 5078 id
231 5023 280 5077 εει
295 5012 413 5076 oblatis
428 5012 545 5094 quibus
558 5021 632 5074 anto
647 5031 737 5073 suam
753 5014 931 5094 emancipa-

182 5115 304 5175 tionem
321 5111 409 5174 licite
425 5110 669 5191 utebatur,quia
680 5117 755 5171 tunc
772 5111 852 5173 ratio
867 5131 931 5172 ces-

182 5219 232 5273 sat
247 5209 393 5292 praelata.
412 5211 525 5271 Omnis
544 5211 731 5285 alienipenu
746 5213 932 5269 curnedendi

181 5331 225 5370 ear
238 5311 286 5369 eis
301 5328 366 5369 non
382 5309 475 5368 itabat
481 5317 678 5384 potestatem.

985 4326 1047 4388 mal
1064 4323 1234 4386 masculini
1250 4342 1353 4400 sexus,
1363 4345 1404 4382 en
1419 4325 1512 4382 bobus
1524 4331 1554 4382 ct
1570 4343 1607 4385 ex
1618 4326 1730 4385 ovibus

984 4435 1013 4485 et
1027 4446 1068 4484 ec
1083 4424 1201 4500 capris,
1219 4421 1250 4483 id
1267 4428 1315 4483 cst
1335 4439 1374 4483 ex
1389 4419 1557 4501 speciebus
1578 4439 1730 4502 pecorum

985 4520 1171 4603 hujusmodi
1197 4539 1252 4582 seu
1278 4538 1316 4581 ex
1341 4518 1449 4600 aliqua
1469 4519 1574 4600 specie
1605 4538 1731 4582 eorum-

985 4623 1056 4684 dem
1067 4639 1074 4682 :
1084 4620 1161 4701 quia
1172 4628 1206 4680 ut
1217 4619 1337 4681 dictum
1350 4625 1397 4678 ost
1409 4635 1502 4698 saepe,
1512 4636 1550 4680 ex
1561 4617 1729 4699 pecoribus

985 4738 1040 4780 seu
1060 4716 1215 4799 jumentis
1237 4716 1360 4778 nullum
1387 4714 1506 4777 animal
1530 4713 1593 4776 luit
1617 4715 1731 4778 imino-

985 4816 1140 4892 lancium,
1163 4815 1225 4876 nisi
1248 4814 1415 4876 individue
1437 4813 1534 4874 trium
1551 4813 1729 4895 specierum

985 4915 1129 4977 istarum.
1145 4914 1183 4976 Et
1202 4913 1355 4995 quoniam
1370 4911 1590 4974 holocaustum
1608 4910 1669 4973 luit
1683 4911 1731 4973 di-

985 5012 1175 5093 guissimum
1202 5011 1410 5086 sacrificium,
1433 5008 1552 5071 idcirco
1578 5028 1641 5072 non
1668 5009 1730 5071 nisi

986 5111 1137 5173 animalia
1162 5109 1339 5172 masculina
1360 5116 1507 5190 poterant
1527 5107 1559 5168 in
1583 5107 1732 5170 holocau-

988 5218 1071 5272 stum
1101 5207 1226 5283 offerri,
1253 5215 1288 5269 ut
1314 5206 1497 5287 trequentes
1522 5205 1730 5287 praehabitum

988 5317 1036 5371 est
1053 5325 1060 5368 :
1081 5307 1152 5369 idco
1168 5324 1262 5387 capra
1279 5322 1342 5367 non
1359 5311 1449 5366 notat
1469 5303 1522 5365 bic
1538 5321 1659 5379 sexum,
1677 5304 1732 5366 sed
