4309 6259
441 471 501 535 622
754 484 927 531 ENARRATIO
949 482 979 528 ΙΝ
1001 483 1069 528 CAP-
1092 481 1166 526 ΠΝ
1187 480 1421 526 ΒΕΙΙΤΕΙΙΟΝΟΙΙΙ.
1443 501 1483 510 -
1503 483 1576 528 aar.
1598 483 1683 528 mut

442 660 600 724 contrabit
626 667 698 722 ante
721 675 853 733 annum,
875 653 1007 717 infamis
1029 650 1228 727 eflicitur,d
1286 655 1420 713 Observa
1441 655 1627 730 dilipenter,
1650 654 1682 717 id
1704 662 1763 730 est,
1784 662 1816 716 te
1840 653 1949 735 ipsum
1970 673 1990 714 a

445 778 507 823 non
530 768 635 822 autern
660 757 835 820 secundum
860 772 998 818 canones
1018 769 1121 832 neque
1140 769 1188 812 se·
1244 751 1381 831 peccatis
1396 752 1532 825 custodi,
1542 774 1581 812 ne
1591 755 1741 814 incurras
1747 757 1883 830 plagam
1892 757 1990 829 teproe

363 883 426 920 cvr.
443 860 581 922 cundum
594 856 790 940 Apostolum,
804 855 858 917 sed
869 852 920 916 cui
932 852 1000 914 vult
1011 850 1114 927 nubit,
1124 858 1189 912 tan·
1243 869 1299 931 per
1324 849 1573 913 inobedientiam
1593 860 1699 914 tuam:
1718 870 1782 932 quo
1802 858 1935 926 constat,
1947 851 1990 913 le

325 965 331 976 ’
443 965 510 1020 tum
527 958 558 1018 in
576 955 720 1019 Domino.
731 954 955 1016 Verumtamen
966 949 1088 1031 justum
1099 958 1129 1010 et
1142 968 1188 1010 ra·
1242 967 1331 1029 pram
1348 947 1531 1030 frequenter
1541 948 1647 1029 infligi
1663 950 1848 1012 bominibus
1858 958 1989 1031 propter

445 1055 596 1118 tionabile
612 1061 670 1130 est,
683 1062 717 1114 ut
728 1071 792 1114 non
810 1050 907 1112 nubat
919 1049 1010 1111 alteri
1020 1067 1187 1129 quousque
1241 1065 1352 1109 eorum
1382 1067 1549 1121 excessus3
1575 1051 1630 1108 sed
1653 1050 1754 1126 facies
1778 1069 1987 1128 qtttt’cttrnque

442 1163 563 1218 eertum
580 1153 741 1228 reddatur,
758 1169 798 1212 an
815 1150 854 1212 de
872 1149 975 1230 primo
991 1145 1184 1228 conceperit.
1240 1149 1408 1206 docuerint
1438 1158 1466 1207 te
1489 1150 1665 1208 sacerdotes
1686 1149 1825 1208 Lecitr'ei
1844 1151 1985 1224 penei-rs,

483 1256 557 1316 Νοη
580 1252 715 1328 accipies
740 1254 805 1310 loeo
823 1249 973 1326 pr'pnoris
997 1267 1015 1309 a
1040 1245 1186 1328 proximo
1241 1244 1317 1305 dum
1334 1252 1439 1307 tamen
1461 1244 1542 1307 nibil
1565 1253 1674 1307 eontra
1696 1245 1797 1325 legem
1819 1246 1983 1321 edoceant,

441 1354 630 1430 inferiorem
655 1359 685 1410 et
708 1350 905 1426 superiorem
929 1350 1058 1416 molam,
1087 1344 1186 1406 idest
1241 1361 1299 1406 nec
1316 1344 1399 1406 ultra
1413 1364 1510 1427 quarn
1520 1363 1630 1407 eorum
1641 1345 1813 1408 auotoritas
1828 1364 1864 1408 se
1878 1353 1986 1407 exlen-

440 1450 560 1514 nullam
583 1468 703 1524 earum,
728 1466 827 1528 quum
851 1454 984 1525 utraque
1008 1443 1185 1506 necessaria
1240 1442 1312 1504 dit:
1334 1443 1406 1506 ideo
1431 1443 1589 1519 subditur,
1608 1444 1713 1520 jueta
1737 1447 1823 1522 quod
1843 1448 1986 1522 praecepi

439 1551 481 1611 sit
496 1550 535 1612 ad
553 1548 646 1610 blada
662 1545 906 1608 comminuenda
924 1551 976 1605 :et
993 1543 1076 1606 idem
1093 1543 1186 1604 datur
1238 1543 1295 1612 eis,
1308 1541 1458 1606 videlieet
1472 1543 1561 1623 juxta
1576 1541 1655 1621 legis
1671 1551 1812 1605 tenorem
1827 1553 1877 1618 3et
1887 1546 1985 1620 inepte

440 1647 575 1728 intelligi
587 1648 626 1709 de
641 1646 712 1708 aliis
729 1643 919 1706 utensilibus
935 1641 1062 1704 assidue
1078 1659 1186 1704 neces·
1238 1643 1383 1702 sollicite.
1401 1641 1465 1704 lloc
1480 1639 1661 1723 specialiter
1677 1641 1770 1702 modo
1791 1640 1982 1721 exprimitur

440 1747 533 1810 sariis
547 1771 554 1820 3
571 1748 650 1826 quia
668 1746 816 1804 cnr'mam
831 1761 925 1801 suoru
947 1743 1096 1818 apposuit
1113 1741 1182 1811 tibi,
1239 1757 1313 1800 eum
1326 1738 1628 1802 commemoratione
1643 1738 1750 1820 leprae,
1767 1739 1844 1820 quia
1860 1748 1893 1800 ut
1911 1739 1988 1802 scri.

441 1847 472 1909 id
498 1854 556 1922 est,
574 1842 736 1926 proximus
760 1849 832 1902 tuus
848 1858 904 1902 seu
926 1838 1050 1902 debitor
1071 1838 1105 1900 in
1132 1847 1185 1900 tua
1202 1839 1226 1902 B
1241 1845 1331 1917 ptum
1347 1847 1395 1900 est
1415 1837 1448 1899 in
1464 1837 1615 1909 Levitico,
1633 1838 1672 1899 ad
1690 1840 1870 1901 sacerdotes
1891 1840 1985 1920 perti·
2007 1859 2121 1900 afficta

440 1945 556 2028 pietate
578 1941 721 2006 conlisus
747 1947 805 2013 est,
823 1938 871 2001 vel
894 1958 931 2000 ea
956 1937 1072 2019 quibus
1098 1938 1185 2002 salva
1240 1937 1310 1998 nuit
1328 1937 1471 2018 judicare
1488 1936 1561 2017 quis
1583 1943 1666 1999 esset
1685 1956 1760 2000 vere
1780 1937 1937 2020 leprosus,
1952 1948 1982 2000 et
1997 1927 2071 1974 Μ·

440 2045 506 2107 vite
521 2050 625 2126 potest
640 2057 758 2114 carere,
771 2036 907 2120 praebuit
924 2037 981 2098 tibi
997 2055 1054 2119 pro
1072 2037 1183 2118 pigno·
1239 2044 1404 2117 suspectos
1428 2036 1468 2098 de
1491 2036 1580 2118 lepra
1599 2036 1788 2100 recludere:
1810 2036 1842 2098 in
1864 2037 1984 2118 quibus

440 2163 483 2216 re,
502 2143 573 2204 ideo
589 2158 653 2202 non
669 2135 869 2218 estamplius
890 2136 1109 2198 coarctandus.
1127 2135 1185 2198 llo
1239 2153 1335 2214 grave
1351 2134 1411 2197 luit
1423 2135 1564 2211 obedire,
1577 2144 1609 2198 et
1622 2144 1729 2198 tamen
1745 2136 1877 2199 obedire
1892 2156 1984 2219 opor-

438 2241 499 2304 luit
512 2241 633 2322 quippe
649 2239 708 2314 lex,
727 2245 762 2298 ut
776 2234 873 2298 Judaei
889 2243 994 2296 essent
1009 2243 1122 2298 mutuo
1136 2254 1185 2298 ea·
1239 2232 1310 2309 tuit,
1332 2234 1408 2314 quia
1427 2234 1487 2296 etsi
1511 2233 1586 2316 quis
1605 2252 1669 2297 non
1688 2233 1801 2297 luisset
1825 2235 1983 2317 leprosus,

439 2339 569 2416 ritativi,
596 2335 744 2400 benevoli
769 2341 800 2396 et
821 2332 1094 2410 communicativi,
1118 2352 1182 2396 non
1238 2338 1343 2394 tamen
1375 2332 1587 2396 inobediendo
1617 2333 1786 2395 meruisset
1819 2334 1985 2398 incurrere

438 2456 551 2520 graves
566 2445 595 2499 et
611 2433 727 2516 asperi.
1239 2431 1371 2512 lepram.
1384 2431 1507 2513 thuia
1518 2431 1662 2513 exempla
1673 2431 1746 2514 plus
1761 2441 1900 2510 movent,
1911 2433 1986 2496 sub

480 2539 519 2599 St
533 2537 745 2612 deprehensus
767 2532 870 2608 fuerit
891 2534 982 2592 borno
1002 2534 1183 2592 sollicitans
1238 2529 1400 2610 jungitur:
1414 2533 1603 2591 Menwntote
1617 2534 1810 2610 patefecerit
1824 2535 1985 2594 Domirm

438 2639 576 2716 fratrem
590 2653 688 2693 suum
702 2635 741 2691 de
761 2631 843 2708 filiis
858 2633 972 2700 Israel,
992 2629 1023 2691 id
1046 2638 1094 2692 est
1115 2648 1184 2712 pro
1241 2631 1357 2690 Merite
1367 2631 1403 2690 in
1414 2631 1469 2689 oia
1478 2650 1579 2708 quum
1589 2631 1823 2706 egrederemini
1831 2634 1987 2709 deAEyy-

438 2735 557 2797 xinrum
574 2751 666 2795 suurn
677 2727 842 2792 llebraeum
858 2728 1041 2809 importune
1051 2737 1106 2792 aut
1121 2729 1184 2792 eal-
1235 2728 1338 2804 pund
1348 2737 1403 2804 est,
1411 2727 1548 2809 qualiter
1563 2746 1633 2790 eam
1645 2727 1788 2809 perludit
1799 2728 1896 2811 lepra,
1905 2731 1985 2792 dum
2018 2746 2117 2788 saun.

439 2834 502 2896 lide
513 2828 777 2904 circumveniens
790 2835 844 2889 aut
858 2826 1032 2903 abducens,
1044 2827 1183 2909 itaquod
1238 2836 1348 2889 contra
1362 2826 1487 2908 Moysen
1509 2827 1720 2890 murmuravit
1736 2846 1774 2889 ac
1790 2827 1982 2909 superbivit,
2001 2811 2034 2850 ¹⁰·

438 2932 494 2994 illo
511 2929 612 2992 invito
635 2928 736 2990 tradat
757 2927 861 3008 ipsum
882 2925 986 2988 alieno
1007 2926 1103 2989 alicui
1125 2947 1182 3009 pro
1237 2944 1336 3006 quum
1353 2933 1458 2988 umen
1481 2925 1610 2987 aliunde
1632 2933 1716 2987 esset
1735 2925 1850 2987 mulier
1873 2935 1986 2990 sancta

439 3028 585 3114 pecunia,
603 3027 776 3090 seeundum
793 3025 879 3106 quod
899 3023 999 3105 aliqui
1015 3044 1073 3107 pro
1088 3045 1183 3108 pecu·
1198 3027 1220 3091 C
1237 3043 1272 3086 ac
1292 3023 1503 3106 prophetissa.
1526 3023 1611 3085 lstud
1630 3023 1766 3104 contigit
1786 3025 1820 3086 in
1842 3025 1983 3101 deserto,

439 3129 492 3191 nia
514 3128 617 3190 solent
633 3124 727 3189 vendi
751 3123 784 3184 in
805 3141 922 3198 servos
940 3134 968 3184 et
992 3128 1120 3186 urvrrda'to
1134 3146 1180 3199 eo,
1237 3123 1270 3185 in
1286 3123 1452 3186 mansione
1471 3142 1542 3204 quat
1562 3122 1646 3186 dieta
1666 3131 1714 3186 est
1728 3123 1892 3199 llaserotb,
1911 3135 1987 3207 post
2032 3146 2084 3187 vsu.
2097 3159 2118 3185 tt.

437 3229 593 3306 acceperit
604 3227 760 3302 pretium,
773 3229 848 3303 puta
864 3221 1031 3302 pecuniam
1045 3242 1102 3304 pro
1114 3243 1182 3305 pro
1237 3242 1396 3286 recessum
1425 3243 1444 3285 a
1467 3231 1575 3286 monte
1605 3221 1702 3299 Sinai,
1728 3243 1813 3288 anno
1842 3225 1988 3289 secundo
2003 3211 2041 3252 ³¹³
2056 3213 2111 3258 ¹·¹¹'

438 3326 523 3388 ximo
540 3343 608 3402 suo,
626 3323 851 3400 interficietur,
867 3341 966 3402 quum
988 3321 1183 3402 judicialiter
1236 3321 1427 3404 egressionis
1442 3340 1481 3384 ex
1495 3321 1638 3403 AEgypto‚
1656 3330 1691 3383 ut
1713 3341 1751 3384 ex
1771 3322 1985 3387 Numerorum

439 3425 536 3489 luerit
559 3422 722 3486 convictus
746 3429 777 3482 et
801 3419 1005 3501 dijudicatus.
1032 3420 1180 3495 Quamvis
1237 3421 1425 3485 duodecimo
1440 3430 1471 3484 et
1492 3439 1530 3484 ex
1551 3421 1804 3503 praecedentibus
1827 3421 1872 3485 ibi
1892 3425 1983 3507 eapi-

438 3525 524 3588 enim
537 3523 656 3585 lurtum
673 3519 806 3582 aliarum
825 3537 930 3581 rerum
947 3537 1011 3582 non
1029 3520 1183 3603 punieba-
1238 3522 1313 3585 tulis
1333 3520 1513 3584 innotescit.
1540 3521 1660 3584 ldcirco
1684 3522 1770 3602 quod
1795 3521 1849 3597 ait,
1877 3523 1983 3597 Quum

437 3631 487 3685 tur
498 3628 719 3698 morte‚tamen
733 3617 852 3680 lurtum
865 3617 1004 3681 bominis
1020 3619 1065 3682 sic
1076 3621 1185 3702 punie
1237 3619 1468 3702 egrederemini
1498 3620 1537 3681 de
1562 3619 1708 3702 AEgypto,
1736 3620 1985 3701 intelligendum

437 3722 531 3784 batur
547 3728 675 3802 propter
690 3716 829 3780 bominis
844 3716 1043 3796 dignitatem,
1061 3721 1184 3801 etquis
1237 3729 1295 3796 est,
1308 3719 1410 3794 Quum
1425 3717 1537 3781 essetis
1553 3716 1586 3778 in
1608 3716 1723 3782 itinere
1742 3720 1828 3801 quod
1850 3720 1985 3784 ineboa-

437 3821 600 3884 enormius
611 3826 659 3881 est
674 3814 860 3878 rationalem
877 3823 1052 3878 ereaturam
1064 3817 1108 3879 ita
1124 3827 1183 3882 tra·
1238 3819 1306 3895 stis,
1330 3818 1475 3880 exeundo
1490 3816 1669 3898 AEgvptum.
1691 3817 1742 3880 Sic
1766 3827 1798 3880 et
1815 3819 1905 3881 Ozias
1929 3841 1987 3884 rex
2002 3841 2117 3884 ursum

437 3929 522 3982 ctare
533 3937 629 4000 quam
646 3914 868 3978 irrationalem.
878 3914 954 3976 Nam
971 3923 1002 3976 et
1018 3925 1186 3997 peccatum
1237 3917 1316 3979 luda
1330 3935 1500 3999 percussus
1515 3923 1562 3978 est
1578 3915 1675 3997 lepra,
1688 3916 1837 3996 quianon
1853 3920 1987 4000 acquie—
2003 3909 2034 3946 ¹⁹·

437 4026 525 4080 tanto
540 4025 588 4078 cst
602 4013 741 4096 gravius,
758 4021 878 4093 quanto
893 4012 1020 4093 dignior
1035 4023 1082 4076 est
1106 4016 1133 4078 is
1149 4017 1182 4080 in
1239 4016 1286 4078 vit
1296 4014 1443 4098 pontifici
1459 4014 1520 4076 sibi
1536 4014 1718 4096 prohibenti
1735 4015 1933 4095 thurificare,
1949 4029 1988 4082 ut

405 4121 409 4128 '
438 4135 533 4197 quem
547 4122 703 4198 peccatur.
717 4113 811 4174 Porro
823 4111 849 4172 si
862 4111 1183 4194 lurdeprebendeba-
1239 4114 1377 4177 secundo
1392 4112 1654 4195 Paralipomenon
1673 4112 1798 4195 legitur.

438 4223 490 4277 tur
512 4223 682 4295 antequam
705 4211 846 4273 iuratum
872 4210 1057 4274 vendiderat
1083 4213 1224 4280 homi-D
1281 4217 1387 4282 Qum
1408 4221 1526 4290 repetes
1545 4231 1567 4271 a
1585 4214 1735 4290 proximo
1759 4223 1812 4273 too
1831 4234 1898 4272 rem
1925 4218 1990 4275 ali·

440 4331 524 4390 nem,
552 4330 615 4375 non
646 4318 765 4386 morte,
793 4309 847 4372 sed
873 4326 968 4391 poena
992 4310 1185 4392 puniebatur
1239 4332 1337 4392 quam
1351 4331 1449 4390 wem
1464 4312 1553 4370 debet
1570 4312 1638 4381 tibi,
1656 4318 1687 4373 et
1701 4329 1797 4391 quam
1815 4310 1859 4372 ibi
1875 4313 1989 4376 statim

440 4411 567 4476 minori.
589 4411 630 4474 De
647 4411 707 4473 isto
724 4408 906 4472 dictumest
922 4426 1017 4490 super
1034 4409 1113 4472 illud
1129 4412 1186 4473 Ex·
1240 4410 1363 4472 solvere
1386 4408 1507 4489 nequit,
1529 4416 1659 4489 propter
1685 4410 1770 4489 quod
1796 4409 1844 4471 vis
1866 4410 1989 4492 pignus

308 4531 424 4586 nasum,
440 4511 504 4587 odi,
520 4509 578 4585 Qui
595 4509 719 4571 iuratus
731 4507 829 4570 luerit
842 4505 1016 4584 homiuem,
1030 4515 1061 4570 et
1078 4509 1185 4572 vendi·
1239 4509 1327 4571 abeo
1338 4507 1555 4588 exiget-emon
1566 4509 1899 4585 inpredierisdcmum
1912 4512 1989 4587 ejus

294 4599 326 4641 ¹⁶·
440 4609 523 4672 derit
544 4628 629 4684 eum,
646 4606 811 4670 convietus
831 4623 931 4680 noxae,
950 4615 1051 4668 morte
1072 4607 1185 4670 moria·
1239 4617 1275 4667 ut
1287 4608 1408 4685 piparas
1423 4607 1567 4682 auferas,
1585 4624 1625 4668 ne
1640 4605 1803 4687 proximus
1819 4615 1891 4668 tuus
1907 4608 1988 4671 inde

440 4717 501 4770 tur.
526 4711 566 4770 ut
587 4709 715 4784 auferes
737 4709 862 4766 matum
884 4708 923 4764 de
945 4707 1049 4764 suedie
1073 4708 1134 4776 toi,
1152 4705 1183 4768 id
1238 4704 1393 4781 turbetur,
1412 4713 1443 4766 et
1464 4705 1503 4766 dc
1526 4723 1582 4766 sua
1607 4711 1792 4786 paupertate
1811 4715 1987 4786 conspecta

438 4814 497 4883 est,
515 4815 579 4868 tam
597 4803 730 4886 impium
748 4802 851 4866 iurem
869 4802 907 4865 de
924 4801 1034 4883 politia
1059 4811 1112 4865 tua
1128 4804 1184 4867 tol·
1239 4804 1491 4877 verecundetur;
1507 4806 1562 4863 sed
1578 4805 1676 4864 stabis
1692 4805 1787 4880 soris,
1800 4813 1830 4863 et
1849 4806 1906 4863 ille
1922 4808 1986 4865 tibi

438 4904 483 4967 les
500 4923 555 4986 per
571 4901 761 4966 occisionem
780 4899 891 4983 ipsiuS,
910 4900 960 4963 vel
976 4899 1102 4963 aulercs
1118 4921 1184 4964 ma·
1233 4904 1376 4980 proferet
1391 4905 1476 4981 quod
1490 4903 1650 4972 babuerit,
1667 4901 1700 4963 id
1715 4910 1762 4965 est
1782 4901 1896 4984 pignus
1915 4921 1983 4983 quo

436 5002 502 5064 lum
523 5001 636 5083 culpae,
655 4999 734 5062 illud
751 5000 834 5080 justo
854 4998 1057 5074 vindicando,
1078 5008 1112 5061 ut
1137 5000 1182 5063 sic
1237 5000 1353 5063 melius
1367 5008 1471 5082 potest
1486 5018 1592 5062 carere
1605 5017 1612 5061 ε
1625 4999 1983 5083 siequedebitorieom

435 5099 491 5162 alii
508 5100 639 5162 timeant
653 5097 834 5162 consimilia
845 5114 952 5177 agere:
964 5116 1020 5179 per
1034 5097 1181 5161 decorem
1237 5099 1363 5182 petebat
1378 5099 1499 5175 electio,
1517 5107 1552 5160 ut
1566 5100 1654 5161 daret
1670 5118 1726 5180 pro
1741 5099 1874 5182 pignore
1890 5101 1981 5180 quod

434 5217 563 5282 quoque
582 5197 724 5278 justitias,
745 5197 998 5279 recuperandum
1017 5205 1065 5259 est
1090 5198 1183 5260 dede·
1236 5197 1372 5274 volebat,
1397 5197 1569 5259 dummodo
1588 5206 1671 5259 esset
1695 5197 1863 5260 sufficiens
1887 5199 1982 5279 juxta

434 5317 490 5361 cus
506 5297 619 5379 culpas.
1237 5297 1322 5358 vires
1335 5295 1480 5358 debentis
1493 5319 1500 5370 3
1518 5314 1576 5358 nec
1591 5296 1824 5359 concedebatur
1841 5297 1982 5360 credito-
