4309 6259
438 474 477 539 32
818 485 991 535 mxnnxrro
1011 485 1042 531 ιιι
1063 481 1132 529 oxa.
1155 480 1233 528 xxm
1252 478 1356 527 mom.
1377 498 1418 510 -
1437 478 1508 525 aar.
1531 476 1602 525 xnrr

440 672 654 738 teratactam;
672 669 858 725 nontamen
874 658 999 722 videtur
1014 676 1084 719 esse
1099 673 1181 719 mor·
1194 653 1219 714 Α
1235 660 1299 715 tem
1314 653 1477 735 accipiunt
1491 649 1685 733 stipendium
1701 666 1751 709 sur
1741 644 1894 721 laboris,
1911 661 1977 705 non

436 761 498 823 tale
514 770 698 844 peccatum:
710 778 820 840 sicque
830 758 963 820 verbum
981 756 1066 818 istud
1077 760 1180 817 exstat
1235 751 1372 832 pretium
1392 757 1546 813 attestatae
1566 746 1720 810 veritatis.

434 860 615 923 consilium.
634 860 671 920 Et
694 858 775 920 siout
800 856 884 918 istud
912 855 1099 937 prohibetur
1122 871 1178 915 seu
1273 850 1435 912 Postremo
1447 848 1580 910 verbnm
1596 846 1692 921 istud,
1701 844 1744 905 Ne
1759 840 1897 923 accipias
1912 857 1978 900 mu-

434 958 635 1021 dissuadetur
649 955 821 1037 judicibus,
831 955 875 1016 ita
890 962 921 1016 ot
935 952 1089 1015 testibus:
1102 969 1179 1031 quo
1235 968 1321 1025 nera,
1342 948 1517 1011 secundum
1538 944 1693 1020 Glossam,
1715 942 1903 1005 sumendum
1928 944 1977 1001 est

434 1057 520 1119 niam
535 1074 668 1118 munera
688 1061 844 1117 excecant
866 1052 1049 1135 prudentes,
1068 1050 1101 1111 id
1117 1057 1176 1124 est,
1234 1049 1273 1111 de
1293 1047 1412 1129 triplici
1431 1065 1563 1109 munere
1579 1052 1688 1127 utpote
1704 1058 1835 1103 muno-re
1849 1056 1973 1112 manus,

433 1155 472 1218 ad
488 1154 605 1217 mentis
615 1153 858 1216 excaecationem
874 1150 1031 1212 inducunt
1045 1167 1100 1212 eos
1104 1147 1178 1229 ,qui
1234 1164 1366 1209 munere
1382 1146 1509 1225 linguae,
1522 1152 1554 1208 et
1568 1160 1700 1206 munere
1716 1138 1872 1221 obsequii,
1888 1136 1977 1217 juxta

434 1261 507 1315 ante
523 1253 696 1335 prudentes
716 1249 857 1313 luerunt.
875 1248 1040 1330 Siquidem
1056 1266 1094 1309 ex
1110 1265 1179 1308 mu·
1233 1244 1341 1307 illud'
1334 1264 1367 1305 ιιι
1387 1244 1487 1305 lsaia:
1505 1241 1563 1316 Qui
1578 1240 1697 1304 excutit
1716 1256 1829 1302 manus
1844 1254 1918 1298 suas
1934 1233 1976 1296 ab
2006 1250 2081 1292 ιιι
2139 1271 2140 1296 ι

435 1370 547 1414 nerum
573 1350 759 1432 acceptione
781 1347 953 1411 inclinatur
975 1345 1114 1408 allectus
1138 1344 1178 1406 ad
1233 1343 1321 1406 omni
1348 1360 1491 1405 munere.
1518 1339 1577 1414 Qui
1600 1357 1677 1403 vero
1706 1356 1764 1420 pro
1790 1316 2020 1397 muneribus¹

437 1448 653 1513 inordinatum
678 1464 834 1522 amorem,
862 1452 926 1507 tam
950 1444 1056 1507 dantis
1082 1462 1178 1524 quam
1234 1450 1420 1523 pervertunt
1433 1439 1599 1521 judicium,
1609 1446 1663 1501 aut
1676 1434 1892 1499 testimonium
1907 1450 1976 1513 pro

436 1547 590 1623 muneris,
610 1554 642 1608 et
661 1544 822 1609 emollitur
845 1550 954 1607 contra
973 1543 1111 1621 rigorem
1130 1542 1180 1622 J'u-
1235 1540 1343 1603 lerunt
1363 1539 1491 1616 falsum,
1510 1545 1688 1620 sequuntur
1705 1535 1818 1597 Judam
1837 1530 1976 1615 pmdito

436 1646 542 1722 stitiae,
559 1654 590 1708 et
605 1644 706 1706 invite
721 1641 859 1706 ollendit
873 1641 1056 1717 donantem,
1075 1659 1180 1702 essue
1234 1658 1312 1715 rem,
1329 1637 1558 1717 negotiatorem
1573 1633 1800 1708 miserrimum,
1816 1630 1872 1713 qui
1887 1628 1976 1691 (llari-
2015 1645 2089 1721 ιιιιιι

436 1744 558 1826 scitque
575 1744 667 1826 plura
691 1749 839 1824 appetere
856 1758 998 1815 munera,
1016 1747 1111 1821 atque
1127 1758 1179 1802 eo-
1235 1743 1319 1799 stum
1335 1755 1394 1818 pro
1408 1735 1540 1815 triginta
1554 1733 1694 1797 denariis
1709 1730 1864 1795 vendidit.

435 1862 506 1905 rum
521 1860 628 1905 amore
642 1841 784 1922 judicare
799 1857 957 1922 perverse.
976 1837 1026 1901 Sic
1048 1856 1178 1919 quoque
1194 1837 1218 1897 B
1273 1838 1449 1913 Pereqriao
1466 1839 1615 1895 molestas
1633 1853 1699 1893 aaa
1712 1833 1777 1891 eris
1798 1836 1908 1892 contra
1926 1827 1976 1907 ju-

436 1960 567 2004 munera
588 1938 777 2003 subvertunt
790 1937 888 2001 verba
903 1955 1013 1999 eorum
1028 1936 1085 2017 qui
1105 1944 1179 1998 ante
1235 1934 1365 2009 stitiam,
1388 1935 1499 1996 eadem
1523 1932 1729 2012 rationeque
1750 1946 1809 1991 nec
1833 1927 1973 1999 advenae,

434 2038 511 2119 J'usti
538 2038 678 2113 luerunt,
701 2037 756 2118 qui
781 2054 888 2098 amore
913 2053 1083 2097 munerum
1110 2052 1179 2097 cor·
1234 2034 1348 2109 viduas,
1365 2041 1421 2095 aut
1438 2032 1573 2114 pupillo,
1590 2040 1626 2092 nt
1648 2030 1681 2091 in
1704 2026 1910 2111 praecedentis
1926 2041 1974 2086 ar-

437 2144 639 2218 rumpuntur,
657 2135 700 2197 ita
723 2134 810 2215 quod
830 2141 942 2197 contra
956 2132 1123 2196 veritatem
1147 2140 1180 2195 et
1235 2132 1325 2195 ticuli
1355 2139 1387 2194 et
1414 2131 1546 2214 capituli
1576 2129 1775 2212 expositione
1803 2126 1972 2189 deductum

436 2234 591 2318 justitiam
606 2231 760 2314 judicant,
777 2238 809 2295 et
829 2229 938 2293 fovent
958 2249 1069 2292 causas
1093 2230 1179 2312 inju-
1235 2240 1294 2295 est.
1312 2230 1344 2293 Si
1362 2237 1469 2292 autem
1489 2228 1645 2293 referatur
1670 2226 1755 2288 istud
1778 2225 1818 2288 ad
1841 2223 1973 2304 judices,

306 2346 338 2389 n.
348 2358 363 2396 ι,
375 2346 408 2388 ιι.
438 2340 513 2393 stas.
529 2331 608 2393 Hinc
629 2329 662 2392 in
677 2328 756 2391 lsaia
775 2326 908 2389 habetur
928 2344 934 2387 :
951 2326 1116 2407 Principes
1135 2326 1179 2388 tui
1236 2348 1348 2393 sensus
1363 2338 1422 2405 est,
1439 2329 1524 2410 quod
1539 2328 1636 2409 judex
1651 2343 1715 2388 non
1737 2325 1833 2387 dehet
1847 2322 1976 2405 permit-

439 2429 598 2505 infideles,
607 2447 718 2492 omnes
734 2426 873 2506 diligunt
888 2443 1030 2501 munera,
1048 2443 1182 2506 sequnn·
1236 2434 1313 2505 tere,
1323 2434 1358 2488 nt
1373 2425 1534 2509 peregrini
1549 2424 1669 2506 injuste
1680 2424 1906 2487 retardentura
1919 2436 1976 2482 suo

440 2537 491 2590 tur
515 2526 767 2591 retributionem.
793 2524 938 2599 Econtra,
956 2523 1061 2604 justus
1085 2523 1181 2603 judex
1236 2525 1361 2600 itinere,
1378 2524 1428 2588 vel
1443 2525 1530 2606 quod
1545 2524 1592 2586 eis
1608 2522 1667 2585 liat
1682 2522 1875 2603 inJ'uria‚aut
1886 2518 1972 2602 quod

306 2641 423 2696 teman,
439 2634 567 2689 sanetus
583 2624 708 2687 Samuel
731 2623 836 2706 primo
851 2621 971 2702 Regum
996 2621 1041 2683 ait
1058 2639 1064 2682 :
1084 2621 1116 2683 Si
1141 2623 1181 2685 de
1235 2624 1339 2686 carius
1356 2624 1434 2707 ipsis
1449 2624 1615 2686 vendatur.
1632 2623 1671 2684 Et
1685 2622 1712 2684 si
1729 2621 1898 2685 habuerint
1906 2638 1977 2682 cau·

293 2707 314 2748 ³·
439 2743 536 2787 manu
560 2724 748 2804 cujusquam
773 2738 890 2781 munus
912 2719 1031 2801 accepi.
1049 2722 1092 2782 lle
1116 2739 1181 2801 qno
1236 2741 1302 2784 sam
1328 2732 1458 2805 propter
1482 2721 1634 2803 injuriam
1659 2721 1706 2784 eis
1733 2720 1858 2797 laetam,
1884 2719 1976 2783 debet

323 2841 397 2885 neco.
439 2830 471 2885 et
485 2820 723 2885 Ecclesiasticus
747 2818 860 2881 asserit
877 2835 884 2880 ε
901 2817 1054 2880 Pecunias
1077 2828 1108 2881 et
1128 2838 1180 2881 us·
1235 2821 1331 2903 judex
1352 2840 1480 2884 causam
1500 2839 1611 2884 corum
1632 2828 1788 2902 quantum
1810 2828 1912 2902 potest
1929 2840 1977 2883 ee

291 2907 390 2957 ’Μ’
439 2941 501 3003 que
523 2922 562 2984 ad
584 2920 799 2983 calceamenta
823 2918 862 2980 ab
883 2916 971 2980 omui
996 2936 1091 2980 carne
1116 2936 1179 2981 non
1237 2919 1345 2983 leriter
1359 2920 1519 3002 expedire,
1537 2938 1578 2982 ne
1593 2919 1639 2982 eis
1655 2918 1688 2980 in
1704 2926 1788 2983 terra
1802 2919 1906 2981 aliena
1924 2938 1976 2981 su-

439 3020 570 3102 acoepit,
588 3027 619 3081 et
635 3036 699 3081 nou
713 3015 875 3079 accusavit
896 3014 987 3077 illum
1004 3015 1110 3079 homo.
1129 3016 1180 3079 Sic
1197 3023 1219 3086 C
1237 3039 1293 3103 per
1313 3019 1527 3083 afflictionem
1550 3019 1686 3081 addatur
1709 3017 1855 3081 alllictio.
1878 3021 1976 3081 Scitis

292 3138 421 3189 ιιιιιιι,
439 3128 470 3183 et
493 3118 607 3181 Paulus
630 3123 849 3181 contestetur:
873 3115 1045 3196 Argentum
1070 3125 1102 3178 et
1126 3135 1181 3179 an·
1234 3120 1322 3180 caim
1332 3122 1534 3179 advenarum
1548 3118 1689 3188 animas,
1702 3116 1762 3180 hoc
1778 3124 1825 3179 est
1840 3116 1976 3198 peregri·

439 3238 509 3281 rum
532 3224 585 3280 ant
609 3223 730 3279 vestem
755 3214 875 3276 nullius
901 3214 1084 3297 concupivi.
1108 3215 1179 3279 llaec
1235 3216 1349 3282 norum
1364 3216 1607 3298 dispositionem
1628 3213 1823 3292 interiorem,
1841 3215 1917 3296 quia
1932 3214 1977 3278 la·

437 3319 627 3381 documenta
645 3322 677 3377 et
696 3313 850 3394 exempla,
868 3320 942 3375 sunt
953 3313 1119 3394 jndicibus
1134 3323 1181 3377 te-
1234 3315 1338 3379 ciliter
1352 3315 1680 3394 contristantur,quia
1694 3324 1725 3373 et
1739 3316 1804 3390 ipsi
1809 3315 1976 3391 perepriai

437 3414 602 3495 stibnsque
618 3411 780 3494 pensanda
794 3429 830 3473 ac
846 3410 1011 3473 imitanda.
1234 3416 1347 3492 scistis
1361 3417 1399 3475 in
1414 3425 1500 3475 terra
1513 3416 1653 3490 AEpypti
1668 3431 1680 3474 .·
1695 3412 1767 3475 ideo
1782 3411 1976 3494 experientia

474 3511 607 3586 Quidam
628 3508 758 3592 exponit
778 3508 845 3571 haec
861 3509 906 3570 sic
924 3526 931 3569 :
950 3508 1016 3572 Non
1040 3509 1179 3592 accipies
1234 3522 1339 3577 vestra
1352 3514 1533 3576 docerevos
1549 3519 1664 3593 potest.
1675 3510 1766 3574 Circa
1780 3511 1847 3575 heac
1863 3510 1977 3574 scribit

434 3630 566 3674 munera
585 3610 681 3673 etiam
702 3626 760 3689 pro
780 3625 854 3670 vero
873 3606 1005 3688 judicio,
1022 3609 1175 3690 quoniam
1232 3612 1363 3694 quidam
1380 3630 1387 3673 :
1404 3610 1592 3691 Peregrinus
1607 3608 1660 3673 hic
1674 3609 1803 3687 dicitur,
1816 3610 1974 3673 transiens

433 3710 530 3791 judex
545 3727 608 3772 non
619 3706 713 3771 debet
722 3704 878 3788 justitiam
890 3707 1079 3769 vendere.Si
1090 3707 1177 3770 enim
1232 3729 1290 3792 per
1304 3718 1421 3773 terram
1436 3708 1585 3771 alienam.
1597 3707 1684 3781 Quod
1696 3708 1821 3771 videtur
1836 3709 1976 3772 nousul-

434 3809 530 3889 J'udex
555 3816 602 3872 est
628 3805 771 3881 inferior,
798 3805 893 3868 debet
921 3824 991 3868 esse
1009 3813 1177 3869 contentus
1233 3808 1379 3872 sicienter
1403 3808 1573 3890 prolatum.
1591 3806 1692 3880 Quum
1717 3807 1803 3870 enim
1828 3807 1973 3885 dixisset,

435 3907 604 3990 stipendiis
625 3905 686 3967 sibi
708 3904 790 3967 datis
815 3923 833 3967 a
857 3904 1031 3986 superiore.
1049 3904 1081 3966 Si
1102 3924 1178 3969 vero
1232 3907 1401 3987 Peregrino
1426 3906 1579 3970 molestus
1604 3924 1667 3969 non
1697 3906 1772 3985 eris,
1798 3924 1856 3988 pro
1880 3924 1977 3969 causa

436 4006 476 4068 sit
490 4005 645 4088 superior,
664 4003 785 4067 scilicet
799 4002 949 4085 princeps
965 4010 1065 4077 terrae,
1084 4002 1178 4066 dehet
1232 4007 1359 4087 adjecit,
1383 4005 1477 4069 Scitis
1505 4004 1591 4067 enim
1621 4005 1816 4067 advenarum
1839 4006 1973 4068 animas

435 4124 504 4168 esse
529 4111 696 4167 contentus
721 4102 787 4163 suis
812 4100 1000 4175 redditibus,
1022 4101 1077 4181 qui
1103 4112 1178 4164 sunt
1232 4104 1297 4178 Quo
1312 4111 1445 4179 constat,
1463 4104 1548 4184 quod
1564 4102 1751 4184 peregrinus
1766 4122 1852 4166 nuno
1868 4103 1977 4185 appel-

435 4202 594 4285 stipendia
609 4201 670 4263 sibi
685 4218 835 4263 concessa
850 4218 868 4261 a
882 4199 1110 4263 communitate
1120 4219 1178 4281 pro
1191 4203 1218 4266 D
1233 4204 1327 4279 latur,
1337 4220 1400 4265 non
1416 4202 1519 4265 solum
1535 4200 1590 4283 qui
1608 4220 1664 4283 per
1678 4202 1817 4264 alienam
1832 4203 1977 4281 graditur

434 4300 655 4366 observatione
664 4298 859 4381 justitiaelle
875 4298 934 4361 hoc
951 4298 1091 4379 loquitur
1100 4299 1179 4362 Tho
1235 4310 1362 4377 terram,
1380 4302 1435 4363 sed
1459 4300 1535 4363 item
1554 4300 1612 4381 qui
1632 4300 1666 4361 in
1687 4300 1792 4363 aliena
1807 4309 1891 4364 terra
1912 4320 1977 4364 mo

435 4419 502 4463 mas
525 4399 557 4461 in
581 4398 719 4461 secunda
742 4397 900 4473 secundae,
916 4397 1094 4479 quaestione
1112 4398 1174 4459 71:
1233 4409 1331 4476 ratur,
1358 4400 1533 4482 presertim
1556 4398 1632 4481 quia
1656 4398 1872 4479 subjungitur,
1897 4398 1975 4473 Quia

436 4498 616 4562 Secundum
631 4495 855 4578 augustinum,
878 4495 975 4576 judex
997 4514 1060 4559 non
1084 4496 1179 4559 debet
1234 4508 1265 4563 et
1280 4499 1341 4581 ipsi
1364 4498 1523 4581 peregrini
1544 4498 1651 4560 inistis
1674 4498 1706 4560 in
1730 4507 1812 4561 terra
1827 4498 1973 4581 Egypti:

436 4598 574 4663 rendere
588 4596 709 4678 justum
724 4594 892 4676 judicium,
911 4612 969 4657 nec
985 4594 1074 4657 testis
1092 4596 1180 4659 testi·
1235 4598 1267 4660 in
1283 4616 1347 4679 qua
1361 4605 1482 4660 certum
1498 4605 1546 4659 est
1560 4615 1626 4675 eos,
1644 4597 1761 4679 quibus
1777 4597 1837 4660 istc
1852 4597 1975 4661 locutus

437 4696 579 4761 monium
602 4713 723 4758 verum.
745 4694 922 4757 advocatus
947 4701 1050 4756 tamen
1076 4702 1181 4775 potest
1234 4706 1283 4760 est
1296 4696 1426 4778 Moyses,
1443 4695 1497 4757 diu
1514 4695 1546 4757 in
1562 4696 1695 4778 AEgypto
1711 4696 1876 4758 mansisse.

436 4796 573 4861 vendere
589 4793 800 4877 patrocinium
817 4812 920 4854 suum.
938 4791 1014 4853 Nam
1030 4794 1179 4873 quamvis
1274 4798 1340 4856 Sea·
1354 4796 1451 4855 annis
1470 4797 1643 4855 seminabis
1663 4806 1782 4856 terram
1799 4804 1890 4855 tuam
1905 4812 1978 4877 pro·

436 4894 570 4957 scientia
588 4892 669 4974 juris
694 4892 736 4953 sit
761 4892 880 4955 bouum
906 4889 1083 4972 spirituale,
1101 4901 1180 4955 atta·
1235 4892 1305 4975 pria
1329 4910 1436 4967 manu,
1454 4891 1522 4955 sive
1547 4912 1604 4974 per
1627 4892 1774 4969 alterurn,
1799 4902 1828 4953 et
1852 4914 1978 4971 conpre-

437 5012 510 5057 men
525 5012 601 5055 usus
623 4992 692 5072 ejus
718 4991 758 5052 lit
777 5008 872 5071 opere
894 4990 1063 5071 corporali.
1079 4990 1178 5055 ludex
1230 4994 1323 5072 paliis
1336 4991 1449 5068 [rupes
1462 4993 1534 5067 ejas
1557 5000 1699 5073 tempore
1721 4992 1834 5055 messis
1856 4992 1890 5053 in
1904 4992 1978 5053 lror-

435 5100 541 5155 autem
557 5100 589 5153 et
605 5098 699 5153 testes
715 5096 789 5151 sunt
799 5088 1081 5170 personaeutrique
1096 5090 1178 5171 parti
1235 5110 1298 5154 rea.
1311 5093 1407 5151 Anno
1422 5100 1529 5149 autem
1543 5093 1676 5169 septimo
1691 5093 1835 5152 dimittes
1849 5112 1935 5159 eam,
1947 5099 1977 5150 et

434 5208 620 5253 communes
638 5206 645 5251 ε
664 5187 782 5251 idcirco
798 5186 959 5268 J'udicibus
976 5196 1050 5249 sunt
1066 5188 1107 5251 de
1122 5208 1180 5271 pu·
1233 5191 1425 5268 requiescere
1446 5190 1557 5266 facias,
1574 5199 1611 5249 ut
1630 5192 1796 5251 comedant
1816 5208 1975 5267 pauperes

435 5289 519 5354 blico
535 5287 693 5370 stipendia
712 5285 830 5351 laboris
852 5293 989 5361 statuta3
1006 5293 1102 5350 testes
1120 5307 1176 5350 au·
1230 5288 1347 5367 populi
1368 5288 1430 5357 tui,
1445 5297 1474 5348 et
1493 5290 1656 5367 quidquid
1675 5292 1838 5369 reliquum
1858 5289 1972 5367 fuerit,
