4309 6259
665 527 839 574 nnnnnn'tlb
860 528 890 575 ΙΝ
912 526 980 572 CAP.
1005 526 1036 572 Xl
1058 525 1194 573 lAEl'l'l'lCl.
1217 548 1257 557 -
1278 531 1348 575 ant.
1373 531 1434 576 XXl'

1048 610 1059 632 ο

1760 515 1819 578 aba

263 714 327 760 nes
347 696 381 758 in
403 698 526 762 somnis
546 717 580 762 se
600 698 796 764 suffocantes
813 701 945 765 videbit.
963 701 1019 764 l'e·
1034 698 1059 760 Α
1075 698 1107 761 id
1124 709 1171 762 est
1191 702 1344 766 cadavera
1365 723 1402 766 ex
1423 703 1595 766 intrinseca
1615 704 1819 786 corruptione

260 796 418 877 spertilio
447 807 496 860 est
524 798 594 863 avis
620 797 705 862 foeda
735 808 766 862 et
790 801 875 878 vilis,
903 800 1019 864 debilis

262 893 369 972 visus,
387 895 510 960 babens
529 897 595 960 alas
615 898 685 961 sine
704 899 835 980 plumis,
853 907 884 962 ct
904 919 1019 982 corpus

264 993 373 1056 instar
397 995 525 1071 muris;
550 996 635 1059 circa
659 1015 825 1079 vesperam
852 998 1018 1079 egrediens

259 1112 363 1156 snum
390 1092 572 1171 latibulum,
598 1114 658 1178 pro
682 1115 760 1159 voce
785 1097 916 1159 sibilum
943 1096 1019 1159 facit

262 1192 458 1256 terribilem.

259 1322 267 1338 ·-
308 1295 1018 1375 Omnedevolucribusqaodqraditm·snper

259 1401 409 1469 quatuor
423 1396 532 1470 pedes,
553 1396 768 1455 abominabile
787 1396 850 1455 erit
872 1396 958 1454 vobis
977 1394 1017 1456 ad

258 1490 512 1553 comedendum.
540 1491 627 1554 Talia
652 1492 739 1554 enim
764 1492 916 1568 volatilia,
944 1500 1018 1553 sunt

258 1585 358 1648 velut
382 1597 535 1665 monstra,
559 1589 592 1651 in
618 1599 709 1671 parte
735 1610 809 1653 eum
835 1591 958 1667 avibus,
986 1599 1017 1653 ct

258 1685 386 1767 partim
411 1707 485 1749 cum
509 1689 734 1767 gressibilibus
759 1689 1014 1752 convenientia:

257 1783 386 1864 quibus
401 1793 434 1847 et
448 1786 625 1850 idololatrae
641 1787 673 1850 in
689 1789 756 1851 suis
772 1787 943 1850 maleficiis
955 1796 1017 1850 ute

1074 807 1209 877 mortua,
1233 807 1408 879 pelluntur,
1424 815 1454 863 ct
1475 807 1664 864 imnuntdus
1686 807 1747 864 erit
1768 825 1819 864 us-

1073 919 1134 978 que
1155 903 1199 960 ad
1222 921 1395 979 uesperam,
1416 901 1448 963 id
1470 910 1528 979 est,
1553 901 1818 984 irregularitatem

1074 997 1243 1078 quamdam
1265 1017 1320 1061 scu
1340 999 1598 1082 ineptitudinem,
1616 1000 1665 1064 vel
1681 999 1820 1078 indigni-

1074 1103 1170 1157 tatem
1188 1095 1370 1160 introeundi
1390 1117 1514 1161 sacrum
1530 1099 1646 1175 locum,
1671 1099 1819 1162 videlicet

1074 1194 1228 1274 templum
1251 1214 1306 1258 seu
1327 1195 1455 1274 atrium,
1472 1196 1646 1259 contrahet.
1665 1198 1751 1258 Etsi
1766 1217 1818 1258 ne-

1072 1312 1153 1351 cesse
1180 1293 1296 1368 fuerit,
1322 1304 1358 1355 ut
1377 1305 1482 1372 portet
1505 1299 1676 1376 quidpiam
1701 1297 1817 1358 borum

1073 1400 1251 1460 mortuum,
1267 1394 1389 1453 iacebit
1408 1395 1595 1454 vestimenta
1613 1416 1687 1465 aaa,
1706 1406 1735 1456 et
1755 1398 1816 1455 erit

1073 1491 1264 1551 imntundas
1289 1512 1389 1570 usquc
1413 1495 1456 1552 ad
1484 1495 1560 1552 sciis
1589 1513 1745 1556 occasum.
1772 1495 1818 1558 Ex

1072 1587 1133 1650 isto
1156 1587 1283 1651 elicitur
1305 1599 1336 1651 ct
1358 1589 1520 1672 probatur,
1538 1593 1622 1672 quod
1645 1592 1818 1655 immundi-

1072 1686 1116 1747 tia
1141 1686 1201 1750 ista
1226 1706 1289 1750 non
1316 1687 1378 1750 fuit
1402 1688 1581 1770 inquinatio
1606 1689 1718 1772 culpa,
1743 1693 1817 1773 quia

1073 1785 1246 1849 necessitas
1276 1807 1294 1848 a
1323 1787 1418 1869 culpa
1446 1797 1584 1850 excusat.
1615 1788 1709 1852 Porro
1739 1789 1816 1853 lotio

256 1883 386 1945 bantur
400 1892 432 1946 et
447 1885 557 1963 sacris,
574 1905 646 1966 quae
665 1895 697 1950 ct
716 1885 894 1949 difficulter
910 1886 1016 1967 acqui·
1032 1886 1055 1947 B
1071 1883 1143 1960 ista,
1161 1882 1223 1945 fuit
1245 1885 1408 1966 adspersio
1433 1904 1534 1967 aqua,
1560 1885 1592 1947 in
1613 1905 1676 1968 qua
1699 1886 1815 1950 mixtus
1878 1923 1882 1932 ·

157 2024 161 2027 -
256 1989 393 2044 runtur.
405 1987 575 2064 Quidquid
590 1996 697 2046 autem
715 1985 893 2048 volatilium
908 1988 1016 2046 anibu-

255 2083 312 2140 lat
327 2100 427 2160 super
437 2092 579 2162 quatuor
584 2087 693 2161 pedes,
701 2087 755 2143 sed
765 2086 857 2144 babet
868 2087 1015 2160 tonqiora

254 2190 352 2239 retro
374 2200 485 2253 mura,
498 2201 559 2260 per
578 2203 651 2261 quaa
669 2185 746 2242 satit
765 2203 862 2260 super
882 2193 1014 2253 terram,

253 2282 427 2339 comedere
441 2282 570 2352 debetis,
588 2291 624 2340 ut
638 2291 683 2340 est
698 2283 836 2342 bruchus
851 2284 888 2341 in
900 2301 1015 2357 qaaere

252 2397 321 2436 suo
339 2401 353 2448 ,¹
374 2389 404 2438 et
429 2389 566 2450 attacus,
593 2388 689 2459 atque
711 2381 950 2456 ophiomachus,
977 2401 1015 2440 ae

256 2479 401 2546 lanista,
421 2480 555 2554 sinqufa
570 2479 674 2555 juata
691 2499 793 2556 qenes
812 2499 920 2540 suurn.
942 2478 1015 2560 Opi-

255 2581 384 2636 nantur
399 2576 511 2657 aliqui,
528 2577 615 2658 quod
631 2577 700 2640 istm
715 2577 780 2638 sint
795 2577 929 2639 diversae
945 2596 1015 2659 spc-

254 2673 332 2736 cies
354 2673 561 2751 locustarum,
585 2685 641 2737 aut
662 2675 765 2755 magis
789 2675 942 2737 animalia
967 2675 1015 2737 di-

252 2771 349 2834 versi
377 2773 495 2852 gradm
520 2773 554 2834 iu
579 2773 689 2835 eadem
715 2773 831 2854 speeie,
860 2773 904 2835 ita
928 2775 1013 2855 quod

252 2871 405 2933 bruchus
420 2879 469 2933 est
485 2869 570 2934 fetus
586 2870 715 2934 locustae
732 2872 873 2934 nondum
890 2872 1011 2934 alatus:

250 2969 318 3050 qui
336 2988 434 3050 quum
445 2970 548 3032 alatus
565 2969 670 3046 fucrit,
680 2970 876 3052 coeperitque
893 2971 1011 3046 volare,

1072 1980 1134 2042 fuit
1156 1982 1237 2044 cinis
1260 2002 1362 2046 vaccae
1385 1982 1464 2046 rufae
1489 1985 1672 2061 combustae,
1695 1986 1816 2049 scilieet

1071 2099 1161 2160 aqum
1191 2080 1400 2144 lustrationis.
1429 2082 1467 2144 Et
1492 2083 1568 2164 quia
1598 2084 1637 2146 de
1667 2092 1848 2165 tangente.

1071 2178 1204 2260 prefato
1234 2197 1297 2243 non
1327 2179 1444 2242 dicitur
1469 2182 1552 2261 quod
1579 2181 1696 2244 lavabit
1721 2183 1816 2244 vesti-

1071 2287 1178 2340 menta
1195 2299 1261 2356 sua,
1279 2278 1379 2361 aliqui
1400 2279 1520 2356 dicunt,
1538 2281 1623 2361 quod
1644 2280 1816 2342 immundi-

1072 2377 1115 2439 tia
1130 2377 1199 2459 ejus
1217 2377 1278 2440 fuit
1293 2379 1408 2455 minor,
1426 2399 1520 2461 quam
1542 2379 1634 2441 istius
1655 2379 1717 2442 talc
1737 2380 1814 2462 quid

1072 2476 1248 2556 portantis3
1267 2497 1324 2540 nec
1341 2478 1478 2559 indiguit
1495 2477 1682 2542 vestimenta
1699 2498 1754 2540 sua
1771 2479 1815 2540 la-

1069 2593 1154 2652 vare,
1173 2575 1205 2637 id
1221 2584 1268 2638 est
1283 2595 1378 2659 snper
1393 2595 1429 2638 ea
1444 2577 1590 2659 adspergi
1607 2597 1688 2659 aqua
1704 2576 1815 2658 praefa-

1070 2679 1111 2745 ta,
1130 2673 1397 2752 quemadmodum
1414 2673 1473 2736 iste
1489 2673 1544 2754 qui
1561 2674 1698 2755 portavit
1715 2692 1722 2736 τ
1739 2693 1814 2756 quo-

1070 2771 1155 2832 niam
1172 2771 1245 2853 plus
1261 2780 1308 2833 cst
1324 2781 1460 2854 portare,
1477 2791 1573 2854 qnam
1591 2781 1730 2853 tangere.

1110 2874 1201 2938 araca
1216 2872 1361 2931 ambalat
1375 2893 1471 2948 super
1486 2892 1613 2942 martam,
1632 2893 1672 2930 ca:
1691 2876 1813 2933 attractis

1069 2969 1293 3028 ordinantibus
1309 2990 1380 3048 qtae
1396 2971 1550 3030 incedunt
1570 2973 1808 3048 quadrupedia,

251 3076 395 3133 vocatur
416 3077 560 3142 attacus;
581 3069 697 3151 adepta
718 3088 793 3132 vero
816 3068 1013 3150 perfectione
1029 3064 1051 3126 C
1070 3067 1278 3126 irttrnundam
1302 3068 1374 3136 erit,
1398 3065 1428 3127 id
1453 3075 1500 3128 est
1525 3066 1673 3128 illicitum
1698 3067 1738 3129 ad
1764 3086 1813 3130 vc·

251 3167 405 3245 volandi,
431 3176 564 3231 vocatur
589 3169 722 3231 locusta.
750 3168 810 3231 Sed
836 3167 921 3229 istud
947 3185 1010 3230 non

253 3265 390 3329 videtur
413 3266 511 3329 textui
535 3285 720 3345 consonare,
742 3267 879 3349 quiade
899 3265 1012 3348 praefa-

252 3365 302 3426 tis
322 3363 508 3428 volatilibus
530 3366 629 3442 addit,
648 3365 779 3446 Singula
797 3365 887 3446 juxta
909 3383 1010 3444 genus

251 3481 382 3525 suum:
405 3483 463 3546 per
483 3465 570 3545 quod
591 3463 749 3525 insinuari
770 3463 907 3539 videtur,
924 3463 1009 3545 quod

249 3561 418 3626 differant
432 3564 581 3643 generice
596 3563 664 3625 sive
679 3561 842 3644 specifice.
860 3561 939 3624 lline
954 3560 1009 3623 alii

250 3661 385 3738 dicunt,
412 3664 498 3744 quod
523 3671 645 3725 attacus
676 3661 778 3743 major
802 3670 850 3724 est
874 3660 1006 3737 brucho,

249 3757 418 3822 differens
433 3759 795 3842 specieflpbiomaehus
806 3779 880 3823 vero
895 3767 943 3822 est
956 3759 1010 3821 be-

248 3857 323 3920 stia
348 3859 493 3938 quaedam
520 3877 666 3941 pugnans
695 3867 805 3922 eontra
831 3866 1006 3939 serpentes.

251 3956 417 4037 Denique,
439 3958 617 4020 secundum
638 3956 844 4019 Guillelmum
869 3958 903 4018 in
926 3956 1008 4019 libro

250 4055 300 4117 de
316 4053 394 4117 Fide
408 4063 441 4118 et
457 4055 591 4135 legibus,
609 4056 695 4136 quod
714 4074 831 4135 genera
848 4055 907 4117 ista
923 4055 1009 4117 loen-

253 4160 396 4229 starum,
413 4173 470 4217 seu
489 4171 592 4232 genus
612 4153 745 4216 locustae
760 4171 945 4216 eoncessum
960 4161 1009 4214 cst

1069 3164 1233 3240 scendum,
1251 3171 1285 3225 ut
1308 3184 1400 3226 ursus
1423 3173 1454 3228 et
1476 3163 1579 3242 simia,
1597 3183 1669 3246 quaa
1692 3183 1749 3247 per
1771 3166 1812 3227 sl-

1067 3262 1283 3325 militudinem
1314 3263 1485 3344 quamdam
1517 3263 1668 3326 dicuntur
1698 3283 1811 3326 manus

1067 3360 1195 3438 babere,
1223 3370 1254 3424 et
1282 3382 1376 3445 super
1406 3383 1443 3426 ca
1473 3363 1632 3439 incedere,
1660 3363 1811 3444 quoniam

1066 3459 1241 3530 anteriores
1261 3479 1370 3524 corum
1394 3463 1491 3543 pedes
1514 3469 1588 3524 sunt
1609 3461 1730 3524 similos
1746 3481 1811 3524 ma-

1067 3559 1173 3621 nibus
1199 3558 1338 3643 Corpora
1361 3579 1489 3642 quoqne
1513 3579 1635 3638 cerum,
1661 3561 1811 3623 detractis

1065 3658 1161 3721 coriis
1183 3677 1239 3721 seu
1261 3658 1409 3741 pellibus,
1428 3659 1670 3722 similitudinem
1693 3659 1812 3723 habent

1066 3777 1129 3820 non
1146 3759 1302 3821 modicam
1320 3779 1392 3821 cum
1409 3777 1540 3841 corpore
1556 3758 1707 3836 bominis,
1725 3779 1812 3821 exce

1065 3855 1211 3937 riathnc
1230 3877 1340 3939 pucro.
1361 3858 1450 3921 l'ndc
1465 3866 1497 3920 ct
1513 3876 1576 3919 una
1591 3857 1687 3938 hujus
1703 3857 1810 3940 probi-

1064 3952 1196 4016 bitionis
1213 3975 1308 4018 causa
1322 3956 1513 4035 assignatur,
1531 3975 1571 4018 no
1589 3956 1687 4018 ludaei
1708 3975 1744 4018 ex
1767 3964 1809 4017 ta-

1065 4049 1143 4112 lium
1155 4051 1339 4114 animalium
1357 4071 1412 4115 osu
1426 4051 1634 4115 afficerentur
1644 4053 1809 4115 comedere

1063 4168 1176 4212 carnes
1191 4149 1444 4213 humanas.Sunt
1454 4158 1559 4213 autem
1576 4161 1607 4213 ct
1621 4151 1690 4213 alim
1705 4169 1808 4212 causac

249 4251 379 4313 ludaeis
395 4251 428 4314 in
445 4271 548 4329 esum,
566 4251 684 4313 factum
701 4252 827 4314 videtur
843 4251 876 4312 in
892 4270 1008 4313 memo
1023 4251 1048 4312 D
1064 4248 1211 4330 superins
1229 4257 1328 4311 tacta.
1343 4251 1406 4318 Qui
1422 4251 1559 4327 tetiqerit
1577 4250 1748 4310 rtrorticina
1763 4271 1809 4310 eo-

253 4350 344 4412 riam
365 4351 476 4413 auxilii
497 4351 544 4414 eis
564 4350 701 4432 desuper
716 4351 780 4411 dati
797 4368 854 4432 per
870 4349 1008 4412 locustas

249 4457 374 4513 contra
388 4449 562 4531 Egyptics.
585 4448 791 4512 beatissimus
811 4466 938 4530 quoque
959 4447 1009 4510 io

248 4565 362 4612 annes
376 4548 517 4630 baptista
531 4548 648 4628 legitur
662 4567 740 4609 usus
760 4546 891 4610 locustis
911 4546 944 4608 in
964 4547 1009 4608 ei-

250 4649 351 4710 bum.
369 4646 476 4729 Aliqui
494 4654 599 4709 tamen
619 4645 664 4709 ibi
685 4665 743 4728 per
762 4645 900 4708 locustas
916 4645 1009 4707 intcl-

250 4745 367 4825 figunt
395 4744 522 4821 herbas,
549 4763 613 4808 non
643 4745 795 4806 animalia
821 4762 828 4806 :
856 4743 1007 4825 quoniam

250 4843 309 4907 eis
334 4843 471 4920 videtur,
489 4844 575 4925 quod
601 4861 665 4906 non
691 4843 733 4904 sit
756 4842 906 4905 carnibus
931 4861 1007 4904 usus

248 4945 292 5005 in
309 4959 427 5005 eremo.

299 5041 473 5118 Quidquid
493 5051 601 5101 autem
615 5061 657 5099 eae
672 5040 854 5099 volucribus
868 5048 1010 5117 quatuor

250 5148 391 5200 tantum
405 5140 498 5199 babet
509 5143 617 5217 pedes,
633 5139 826 5198 exsecrabile
845 5139 906 5196 erit
922 5139 1007 5196 endis

248 5236 588 5314 admanducandum,
606 5237 689 5298 sieut
709 5237 774 5317 jam
797 5235 916 5297 dictum
937 5244 1005 5308 cst3

248 5345 287 5400 et
308 5336 508 5416 quicumque
530 5336 703 5397 morticina
724 5354 832 5395 coriam
857 5335 1005 5409 tetr'qerit,

382 5468 414 5521 Τ.
431 5467 456 5518 2.

1064 4368 1152 4418 rain,
1163 4352 1341 4425 pelleretur,
1365 4347 1396 4408 id
1417 4356 1474 4425 est,
1497 4347 1681 4427 inquinatus
1702 4367 1809 4410 mane-

1063 4444 1121 4522 hit,
1146 4467 1245 4526 usque
1269 4449 1314 4506 ad
1338 4467 1500 4525 uesperam
1517 4463 1527 4505 :
1548 4445 1657 4526 sicque
1682 4445 1808 4508 videtur

1064 4544 1149 4624 quod
1173 4553 1244 4624 post
1266 4545 1436 4606 transitum
1456 4543 1607 4625 temporis
1630 4544 1720 4616 tanti,
1739 4545 1809 4607 rcd-

1063 4641 1197 4706 debatur
1221 4643 1261 4704 ab
1291 4641 1346 4704 illa
1371 4640 1547 4723 pollutione
1572 4640 1737 4703 immunis.
1764 4646 1807 4704 Et

1063 4746 1122 4820 qui
1135 4743 1312 4820 portaverit
1331 4739 1554 4818 btq'nscemodi
1572 4743 1743 4810 certavere,
1762 4744 1808 4800 la-

1066 4840 1152 4899 cebit
1176 4840 1363 4899 uestimenta
1387 4859 1459 4910 sua,
1482 4846 1511 4896 et
1533 4838 1723 4898 immundus
1745 4841 1807 4897 erit

1064 4940 1221 5014 usquead
1237 4955 1424 5012 oespcrum;
1437 4938 1518 5015 quia
1537 4937 1648 4996 otrtnia
1668 4936 1734 4997 frn’e
1750 4938 1808 4995 im-

1063 5037 1187 5094 munda
1201 5043 1277 5094 suaet
1293 5036 1388 5095 uobis.

1104 5135 1318 5211 [torqueque
1333 5134 1417 5193 inter
1428 5132 1608 5211 polluta,id
1625 5140 1673 5194 est
1687 5132 1754 5194 esui
1771 5132 1806 5194 il-

1063 5228 1161 5304 llcita,
1178 5233 1414 5308 reputabuntur
1429 5233 1469 5290 de
1484 5231 1621 5309 bisque
1637 5239 1806 5290 enecantur

1062 5332 1096 5390 in
1121 5333 1370 5400 teramnanae
1391 5338 1420 5390 et
1439 5349 1519 5389 tratas.
1537 5327 1667 5393 Mustela
1689 5327 1805 5388 dicitur

1649 5463 1680 5514 li
