4309 6259
435 510 494 572 550

773 526 945 573 annanamo
968 526 997 573 ΙΝ
1019 526 1088 571 GAP.
1113 526 1153 571 vu
1174 526 1407 573 uamaaonottn.
1430 546 1470 557 -
1491 527 1561 573 aar.
1586 526 1638 571 VIII

437 716 509 760 nem
521 699 701 779 suggerenti
715 696 833 780 objecit
847 698 930 760 hanc
942 695 1176 760 auctoritatem:
1194 695 1304 777 Aquae
1333 706 1365 759 ot
1392 698 1514 779 judicio
1538 696 1754 779 AEgyptiorum
1785 692 1977 777 patientium

287 810 420 861 araretur.
436 797 497 859 Non
510 796 646 860 tentabis
656 796 903 860 communiuit
913 796 999 860 enirn
1010 798 1180 859 descensus

289 873 378 923 ΜΝ
389 874 420 915 ¹²·
436 896 475 957 de
487 895 658 977 pinnaculo
670 895 780 977 templi
792 896 1070 977 paratus.lnsuper
1080 914 1179 976 quum

436 994 687 1076 experimentum
705 1014 830 1057 sumere
841 994 880 1056 de
895 994 1047 1069 bonitate,
1058 993 1181 1076 sapien-

437 1092 480 1153 tia
495 1101 550 1154 aut
566 1088 706 1173 potentia
717 1092 783 1168 Ilei,
794 1094 943 1173 procedat
958 1112 996 1154 ex
1010 1090 1182 1154 dubitatio-

436 1210 476 1253 ne
491 1198 545 1252 aut
562 1190 741 1271 ignorantia
754 1191 916 1267 tentantis,
926 1191 976 1253 vel
993 1209 1102 1252 eorum
1113 1190 1182 1270 qui-

436 1289 496 1351 bus
520 1289 589 1351 vult
615 1288 831 1366 manifestare,
857 1290 942 1371 quod
968 1289 1050 1351 Ilcus
1073 1287 1181 1351 omnia

437 1388 516 1449 sciat
536 1395 567 1450 et
589 1387 708 1469 possit:
728 1388 845 1451 idcireo
871 1388 969 1451 Deum
995 1396 1116 1451 tentare
1141 1388 1180 1449 ad

437 1486 509 1562 hoc,
526 1488 611 1569 quod
636 1486 705 1568 ipse
726 1487 783 1568 qui
808 1496 918 1564 tentat,
936 1487 1116 1570 experiatur
1140 1506 1180 1549 an

437 1586 521 1647 Deus
538 1584 617 1647 sciat
633 1586 797 1668 possitque
808 1587 983 1663 omnia‚cst
999 1594 1179 1667 peecatum;

438 1684 514 1764 quia
538 1685 578 1746 de
602 1683 662 1747 hoc
686 1684 765 1747 certi
790 1704 859 1747 essc
884 1684 1035 1748 debemus
1055 1703 1061 1747 :
1078 1695 1110 1750 ct
1134 1694 1182 1749 est

439 1782 572 1845 mortale
596 1792 761 1864 peccatum
786 1803 823 1846 ex
844 1802 971 1863 genere,
987 1785 1182 1847 contrarium

1234 796 1342 877 plagas
1358 796 1423 872 ilci,
1441 796 1579 879 pessima
1593 804 1694 859 erant.
1711 796 1754 857 Ile
1775 792 1830 855 tali
1853 790 1978 853 malitia

1235 896 1389 978 seriptum
1414 905 1463 957 est
1485 914 1491 957 :
1514 895 1601 957 Vidit
1624 896 1705 958 Deus
1729 893 1804 975 quia
1828 890 2119 954 conversionum

1235 1004 1310 1056 sunt
1324 994 1482 1071 Ninivitis,
1500 1003 1531 1057 ct
1552 995 1701 1057 misertus
1715 1001 1763 1055 est
1778 1008 1874 1073 super
1889 988 1978 1051 mali-

1235 1094 1312 1155 tiam
1323 1113 1417 1176 quam
1434 1094 1559 1157 locutus
1575 1092 1689 1169 fuerat,
1699 1101 1734 1153 ut
1745 1090 1865 1153 faceret
1878 1087 1979 1163 eis‚ct

1236 1211 1299 1254 non
1318 1192 1403 1255 facit.
1421 1192 1460 1252 Et
1474 1192 1569 1254 Amos
1584 1191 1648 1253 ait:
1666 1190 1698 1253 Si
1721 1190 1781 1253 erit
1801 1190 1921 1251 malum
1944 1187 1978 1249 in
1993 1212 2117 1254 Anaua.

1235 1291 1374 1368 civitate,
1390 1291 1476 1372 qnod
1492 1290 1644 1353 Dominus
1659 1307 1723 1352 non
1740 1288 1834 1351 leoitl
1849 1288 1882 1349 In
1899 1286 1979 1349 Isaia

1236 1408 1364 1473 quoquc
1386 1388 1538 1452 Dominus
1561 1395 1773 1471 protestatur:
1788 1387 1853 1465 Ego
1875 1386 1980 1448 Domi-
1995 1409 2111 1453 iamsi

1236 1509 1296 1551 nus
1313 1488 1433 1551 faciens
1450 1507 1570 1569 pacem,
1580 1494 1612 1549 et
1626 1505 1737 1549 creans
1752 1485 1981 1548 malumErit-

1235 1610 1296 1668 que
1317 1589 1419 1649 nostri
1441 1589 1630 1658 misericors,
1645 1588 1675 1646 si
1689 1587 1935 1646 custodierimus
1950 1594 1980 1643 et

1236 1688 1407 1766 fecerimus
1421 1687 1532 1745 omnia
1542 1694 1703 1762 precepta
1717 1685 1787 1760 ejus
1801 1702 1909 1742 eorarn
1920 1685 1981 1741 Do·

1238 1786 1325 1845 mino
1349 1787 1414 1845 Deo
1439 1794 1557 1854 nostra,
1573 1785 1656 1843 sicut
1681 1782 1852 1843 mundavit
1876 1782 1978 1840 nobis.

440 1880 585 1960 religioni
612 1900 667 1943 seu
693 1881 804 1958 latriae,
825 1884 917 1963 cujus
941 1892 989 1946 cst
1010 1884 1073 1946 Deo
1098 1902 1184 1947 rere·
1198 1881 1221 1942 B
1237 1884 1317 1945 Eece
1331 1882 1417 1963 quod
1432 1883 1589 1963 justornm
1606 1880 1738 1943 salvatio
1753 1887 1800 1941 cst
1816 1877 1980 1940 miseratio

440 1980 574 2041 rentiam
593 1980 752 2043 exhibere.
770 1981 885 2043 Dahae
904 1982 1037 2043 materia
1057 1982 1184 2065 plenius

440 2077 551 2140 scribit
566 2078 701 2141 Thomas
718 2078 751 2141 in
768 2080 906 2142 secunda
925 2081 1082 2157 secundae,
1100 2101 1185 2162 quae-

439 2177 542 2239 stione
557 2176 606 2239 97.

471 2278 587 2345 'Quum
602 2278 851 2354 interrogaverit
872 2288 899 2337 tc
920 2299 1001 2351 crus,
1020 2278 1052 2341 id
1077 2288 1125 2341 cst
1150 2280 1182 2342 in

441 2374 558 2449 futuro,
575 2377 667 2452 fitius
690 2385 776 2447 tuus,
795 2375 826 2437 id
842 2384 890 2438 est
905 2376 1010 2458 proles
1030 2396 1086 2439 seu
1102 2398 1184 2459 quaa

439 2491 576 2553 cumque
600 2490 736 2553 persona
760 2472 817 2535 tibi
844 2474 1023 2551 commissa,
1048 2484 1102 2537 aut
1127 2494 1183 2557 pro

440 2569 667 2634 informatione
697 2570 885 2651 confugiens
911 2572 948 2633 ad
976 2580 1017 2650 te,
1043 2577 1152 2633 rtieeus
1172 2597 1184 2634 .·

442 2672 528 2737 Ouid
542 2670 604 2728 sibi
620 2674 732 2730 uolunt
754 2673 935 2731 testimonio
957 2675 1023 2732 letes
1044 2682 1073 2732 et
1094 2676 1185 2734 creri-

441 2769 557 2828 monio’
571 2778 666 2847 atque
674 2770 809 2844 judicia
824 2772 913 2829 lices?
927 2768 959 2831 id
976 2778 1034 2844 cal,
1052 2790 1109 2833 cur
1125 2772 1185 2833 isla

441 2874 515 2927 sunt
532 2865 623 2928 nobis
640 2874 797 2948 praecepta
809 2869 820 2927 f
830 2870 923 2928 Dices
938 2871 969 2927 ei
979 2890 990 2927 .·
1006 2872 1102 2930 Servi
1116 2892 1185 2930 era-

441 2984 512 3025 mus
527 2966 724 3034 Pharaonis,
741 2964 772 3025 id
789 2974 847 3041 cst,
865 2966 905 3029 dc
921 2966 1065 3048 AEgypIIa
1086 2969 1186 3032 sorvi-

1237 1982 1302 2044 llei.
1316 1982 1392 2044 Nam
1408 1989 1440 2042 et
1455 1980 1568 2042 merita
1584 1988 1701 2055 nostra,
1714 1986 1788 2039 sunt
1803 1977 1858 2040 Ilei
1873 1978 1978 2052 dona3

1237 2089 1269 2143 et
1292 2079 1449 2162 quidquid
1474 2078 1619 2159 obsequii
1645 2076 1862 2159 impendimus
1876 2076 1919 2150 ci,
1937 2086 1981 2138 te

1239 2197 1361 2241 nemur.
1370 2179 1487 2259 Estque
1502 2178 1556 2259 pia
1571 2176 1711 2258 dignatio
1722 2175 1881 2260 Dci‚quod
1891 2174 1981 2238 obse-

1237 2279 1314 2361 quia
1328 2287 1436 2361 nostra
1452 2286 1516 2340 tam
1531 2277 1723 2354 defectuosa,
1741 2295 1811 2358 quie
1827 2284 1857 2338 et
1873 2295 1980 2358 panno
1996 2294 2121 2336 rotoma

1237 2374 1981 2457 menstruatraassimilantnr‚acceptat.Proptcr

1238 2476 1326 2558 quod·
1344 2474 1388 2537 ait
1410 2474 1572 2538 Salvator:
1589 2473 1690 2547 Ouum
1714 2472 1854 2536 feceritis
1873 2472 1981 2535 omnia
2015 2492 2120 2533 mm.

1237 2595 1308 2657 quaa
1334 2583 1491 2656 praecepta
1516 2581 1589 2634 sunt
1614 2572 1715 2649 vobis,
1744 2572 1867 2634 dicite:
1892 2570 1981 2633 Serri
1998 2557 2033 2595 ¹⁰·

1239 2674 1368 2735 inutiles
1384 2691 1493 2733 sumus
1504 2696 1511 2746 ς
1524 2672 1608 2752 quod
1625 2671 1792 2733 debuimus
1809 2669 1925 2744 facere,
1939 2668 1983 2731 fe-

1237 2773 1350 2835 cimus.
1368 2772 1412 2831 Ex
1435 2770 1485 2831 his
1505 2769 1728 2851 compellimur
1753 2788 1811 2831 nos
1836 2768 1924 2850 ipsos
1947 2767 1982 2828 in

1238 2868 1388 2934 omnibus
1410 2868 1569 2951 profunde
1590 2888 1627 2931 ac
1649 2866 1819 2931 omnifarie
1834 2867 1984 2929 humilia—

1239 2988 1283 3044 re,
1311 2987 1369 3030 nco
1394 2986 1535 3049 unquam
1561 2966 1698 3029 inaniter
1722 2966 1864 3046 gloriari,
1891 2966 1983 3047 quasi

441 3070 508 3125 tute
534 3080 591 3126 nos
617 3062 766 3125 liberavit
789 3081 795 3125 :
823 3083 887 3145 quo
914 3064 1007 3141 facto,
1035 3067 1186 3150 praecepit
1201 3066 1223 3129 C
1239 3066 1345 3146 magni
1361 3065 1483 3147 aliquid
1499 3064 1637 3147 operati:
1651 3064 1715 3127 imo
1725 3054 1894 3127 [lominum
1909 3083 1983 3125 cum

442 3160 534 3223 nobis
562 3160 623 3222 ista
652 3161 685 3223 in
712 3161 809 3238 Sinai,
837 3171 871 3224 ut
894 3163 1072 3227 obedIendo
1097 3165 1125 3227 ci
1151 3165 1185 3227 in

441 3258 522 3335 istis,
540 3259 759 3341 possideamus
781 3270 896 3323 terram
918 3263 1107 3343 promissam
1130 3264 1185 3326 diu

441 3366 536 3439 atquc
552 3357 698 3439 pacifice.
717 3362 866 3439 Freitque
878 3362 1032 3439 prodigio
1046 3372 1076 3422 ct
1090 3364 1186 3440 sigua

442 3477 561 3534 inagna
583 3468 613 3518 et
630 3461 782 3535 pessima,
800 3459 832 3521 id
857 3468 905 3522 est
930 3459 1022 3522 valdo
1048 3461 1187 3543 poenalia

442 3560 498 3618 seu
513 3557 604 3619 valde
620 3556 714 3633 mala,
728 3557 849 3619 malitia
865 3577 977 3639 poenaa,
991 3578 1055 3621 non
1071 3560 1184 3642 culpae,

1239 3164 1325 3228 omni
1342 3163 1524 3227 humilitate
1539 3173 1570 3227 et
1586 3163 1710 3227 fervore
1721 3163 1841 3245 jugiter
1854 3180 1986 3225 exorare

1239 3264 1403 3339 debemus,
1425 3272 1459 3324 nt
1475 3271 1613 3325 nostram
1636 3262 1901 3344 qualemcumque
1922 3280 1986 3323 ser-

1239 3363 1373 3427 vitutem
1399 3362 1451 3444 pic
1480 3371 1643 3444 acceptare
1673 3361 1833 3442 dignetur,
1862 3378 1987 3441 nosque

1239 3461 1487 3524 misericorditer
1512 3461 1623 3538 salvet,
1649 3468 1783 3536 tueatur,
1810 3469 1842 3522 et
1866 3458 1988 3521 indesi-

1240 3569 1352 3623 nenter
1366 3560 1532 3640 gubernet.

975 3988 1299 4076 laureatus
1340 3991 1448 4074 VIII

627 4260 803 4305 atualnnrlo
829 4261 1002 4306 ttrraaatts
1029 4262 1166 4307 cartrutt
1195 4262 1312 4307 sar'rnss
1335 4263 1342 4308 :
1367 4262 1448 4315 ouum
1474 4263 1551 4307 VERO
1577 4262 1798 4309 luruouuxamr

1014 4360 1051 4404 ΤΕ
1072 4359 1204 4406 Dominus
1226 4360 1255 4404 IN
1276 4359 1410 4405 TERRAM.

511 4639 587 4703 EUS
602 4640 805 4722 omnipotens
831 4656 966 4721 sponsus
992 4641 1113 4702 exstitit
1135 4641 1187 4723 Sy·
1203 4643 1226 4703 D
1241 4650 1375 4704 ctumex
1387 4640 1813 4723 propriocorde‚necsolum
1824 4642 1985 4716 mala‚scd

520 4756 679 4819 nngogae:
707 4738 779 4801 ideo
802 4757 890 4800 more
915 4738 1025 4819 sponsi
1049 4738 1183 4821 zelotypi

442 4836 544 4898 noluit
560 4836 647 4899 illam
665 4837 697 4898 in
713 4837 821 4918 aliquo
842 4837 1078 4900 communicare
1099 4838 1186 4901 adul-

441 4934 517 4997 tcris'
541 4935 701 5015 gentibus,
729 4942 806 5017 puta
835 4934 1023 5012 idololatris,
1050 4956 1184 5017 quarum

440 5033 554 5097 anirnae
571 5041 662 5096 erant
678 5034 908 5096 daemoniorum
931 5034 1102 5109 adulterae3
1121 5035 1185 5099 imo

440 5132 591 5215 praecepit
606 5150 730 5214 sponsae
747 5150 811 5194 suae
831 5132 976 5195 demoliri
999 5133 1184 5214 hujusmodi

439 5239 560 5311 gemae,
573 5238 604 5293 et
619 5229 716 5292 ritum
732 5250 840 5293 earum
858 5230 1042 5312 exstirpare,
1056 5249 1184 5293 omnem

1241 4748 1273 4802 ct
1296 4739 1480 4803 occasiones
1505 4739 1661 4802 malorum
1688 4758 1743 4800 scu
1768 4740 1985 4820 spiritualium

1241 4838 1500 4915 fornicationum,
1528 4846 1638 4919 utpote
1669 4846 1795 4919 pactum
1822 4848 1854 4901 et
1878 4841 1987 4902 amici-

1241 4937 1317 5000 tiam
1341 4946 1438 5019 atquo
1459 4936 1620 4999 connubia
1645 4935 1884 4999 idololatrarum
1908 4940 1986 5021 abji-

1239 5055 1321 5099 cere.
1343 5034 1423 5099 llinc
1447 5037 1567 5118 Moyses
1592 5056 1631 5099 ex
1655 5054 1709 5099 ore
1731 5035 1784 5097 Dei
1811 5038 1982 5120 pracepit:

1240 5138 1346 5203 Quum
1374 5156 1447 5194 vcro
1473 5137 1694 5195 introduceris
1718 5143 1746 5193 te
1767 5137 1927 5197 Dominus
1949 5139 1983 5197 in

1239 5243 1358 5294 terrain
1370 5233 1604 5315 promissionIS,
1614 5255 1713 5312 qrurm
1720 5241 1924 5309 possessurum
1938 5238 1983 5294 iu-

439 5346 567 5409 quoque
583 5337 707 5409 turpem
719 5328 911 5392 otvitiosum
927 5329 1089 5393 cradicare
1104 5329 1184 5393 affo-
1233 5334 1401 5406 gradieris,
1418 5342 1448 5391 et
1463 5334 1627 5400 deleverit,
1643 5331 1676 5394 id
1701 5339 1759 5406 est,
1777 5331 1816 5392 ad
1840 5332 1981 5396 occiden-
