4309 6259
614 518 787 565 utannntto
808 520 839 565 IN
861 520 928 567 CAP.
952 520 1027 567 lllllll
1049 522 1150 569 EXODl.
1174 542 1214 555 ·-
1235 524 1305 570 All'l'.
1328 524 1388 569 LVll
1731 512 1772 573 85

217 701 419 763 saltatorum,
439 691 534 755 idest
555 692 648 756 valdo
671 698 815 754 sanctum
837 710 893 774 ρον
915 711 971 754 un·
985 689 1011 752 Α
1027 710 1083 755 500
1101 692 1251 756 libamen.
1270 699 1418 756 Alterum
1435 716 1507 757 vcro
1522 719 1644 775 aptarem
1663 703 1771 778 offcrcs

217 791 373 870 ctionem,
392 800 424 854 01
439 792 677 873 comparatione
694 810 804 854 corum
820 810 892 873 qum
907 793 970 855 1)οο

218 912 285 957 non
312 892 512 967 dedicantur,
536 892 591 953 sod
617 890 650 952 in
672 909 875 954 communem
902 909 971 973 pro-

216 992 355 1055 veniunt
380 990 546 1054 hominum
570 1008 674 1052 usum.
693 990 799 1069 ltaque
825 998 969 1052 sanctum

217 1100 403 1156 sanctorum
431 1108 495 1152 non
521 1088 658 1152 sumitur
683 1087 735 1149 bic
758 1106 815 1168 pro
838 1087 908 1151 loco
928 1096 970 1149 ta-

216 1190 399 1265 bemaculi,
417 1189 531 1271 inquo
554 1188 657 1252 lucrat
676 1206 759 1249 arca.
780 1189 891 1248 Omm's
911 1190 970 1267 qai

218 1292 363 1368 tetigerit
380 1292 478 1359 illud,
490 1287 771 1365 sanctificabitur:
788 1285 893 1361 idest,
911 1285 967 1367 qui

216 1388 367 1453 ordinate
390 1387 469 1448 illud
495 1384 674 1461 accesserit,
693 1404 730 1447 cx
746 1384 806 1447 boo
830 1384 969 1467 applica-

216 1488 340 1551 tionem
357 1485 527 1568 quamdam
545 1485 584 1549 ad
600 1485 698 1547 Deum
715 1484 885 1561 sortietur;
903 1484 968 1548 imo

215 1607 262 1649 50
279 1587 387 1669 ipsum
417 1584 592 1665 adstringet
621 1584 660 1645 ad
690 1584 909 1646 mundandum
937 1593 968 1647 01

215 1684 489 1749 sanctificandum
515 1702 568 1747 cor
594 1700 699 1759 suum,
726 1688 761 1743 ut
785 1682 900 1762 dignus
926 1683 968 1745 sit

215 1784 403 1847 ministram
419 1783 504 1845 circa
528 1783 637 1858 altaro,
655 1781 741 1861 quod
765 1781 841 1843 solis
865 1801 967 1845 sacor-

215 1881 347 1946 dotibus
364 1880 455 1943 licuit
471 1889 610 1960 tangore.

257 1985 327 2043 Hoc
352 1990 397 2041 est
422 1984 508 2059 quod
529 1980 629 2058 [00105
656 1980 691 2037 irc
718 1980 829 2047 (cltctri,
848 1977 879 2039 id
905 1986 963 2055 cst,

215 2099 358 2162 sequens
370 2076 567 2141 sacrificium
580 2076 677 2139 lacios
689 2096 785 2157 super
799 2076 876 2137 illud
889 2095 967 2158 quo

215 2180 296 2241 lidio
313 2176 456 2241 exhiberi
475 2198 482 2241 :
501 2179 608 2253 Agnos
624 2177 794 2235 aratriculos
809 2178 889 2235 claros
906 2196 966 2253 pcr

214 2281 364 2355 singulos
378 2279 447 2337 dics
455 2278 595 2353 jupiter,
613 2296 716 2335 ((0001
733 2296 856 2353 agnum
872 2296 966 2336 010ηο

217 2377 318 2440 facies
333 2374 447 2439 offerri
464 2374 520 2449 ibi,
532 2384 562 2434 ct
578 2378 717 2434 alterum
734 2394 867 2452 vespere.
880 2374 965 2435 lslud

216 2475 281 2539 fuit
296 2476 372 2557 juge
389 2472 598 2548 sacrificium,
617 2472 650 2534 in
666 2492 729 2553 quo
745 2471 965 2535 offerebantur

215 2576 362 2658 quotidie
378 2574 441 2635 duo
457 2573 531 2654 agni
543 2572 694 2649 anniculi,
706 2572 737 2635 id
753 2580 877 2635 estnon
894 2572 965 2654 plus

215 2694 315 2757 quam
332 2673 429 2736 unius
445 2672 532 2749 anni,
551 2692 607 2735 sou
623 2671 709 2733 infra
724 2691 844 2733 annum
865 2691 965 2733 unum

215 2774 312 2837 adio
338 2780 449 2837 octava
475 2772 648 2834 nativitatis
674 2790 795 2844 corum,
813 2770 965 2852 qrroniam

216 2872 304 2935 infra
319 2880 467 2935 octavum
483 2872 567 2935 diem
584 2870 698 2933 offrrri
719 2890 783 2933 non
807 2878 963 2951 poterant.

214 2971 341 3037 Offrrcs
357 2990 486 3053 quoque
507 2990 579 3033 cum
602 2988 684 3051 agno
707 2969 869 3047 anniculo,
884 2973 966 3029 dect-

1026 795 1070 853 ud
1086 814 1249 871 vesperam
1256 796 1359 872 juata
1375 797 1478 856 ritmo
1499 800 1671 859 rnatutirroe
1686 802 1771 860 oblu-

1026 894 1135 962 tc'om's,
1156 902 1185 951 ct
1192 894 1295 969 Juxta
1318 915 1355 954 ea
1376 897 1679 974 malicitanam
1700 902 1771 957 odo

1025 1011 1092 1049 rem
1105 992 1290 1052 suam'tutis,
1313 992 1373 1055 1510
1389 992 1475 1055 enim
1496 994 1576 1056 alter
1595 1014 1695 1075 agnus
1715 1015 1770 1057 an-

1025 1088 1162 1165 niculus,
1188 1084 1386 1152 offerebatur
1410 1092 1443 1153 in
1469 1091 1664 1155 sacrificium
1693 1095 1767 1172 1100,

1024 1187 1135 1251 oodcm
1166 1188 1261 1251 modo
1291 1197 1322 1250 ct
1352 1189 1425 1268 ritu,
1458 1211 1514 1256 scu
1545 1212 1617 1254 cum
1647 1192 1767 1256 eisdam

1024 1286 1165 1349 materiis
1189 1306 1225 1351 ac
1242 1288 1411 1366 mensuris,
1428 1290 1545 1370 quibus
1571 1290 1768 1358 offerebatur

1023 1386 1106 1449 alius
1121 1406 1222 1467 agnus
1238 1386 1277 1449 dc
1294 1406 1399 1451 mano.

1064 1488 1274 1564 Sacrificium
1292 1496 1337 1547 cat
1353 1489 1492 1549 Domino
1512 1493 1587 1562 Dco,
1609 1493 1768 1552 oblatione

1018 1594 1175 1663 perpetua
1202 1588 1238 1645 irc
1260 1589 1481 1663 gcrrrratr'oncs
1505 1599 1635 1661 cestram,
1663 1590 1695 1653 id
1721 1598 1769 1653 esf

1022 1684 1208 1764 quotidiana
1233 1704 1289 1767 por
1311 1703 1405 1748 omno
1428 1693 1553 1768 tempus
1575 1689 1769 1753 0010015Το-

1022 1782 1235 1859 stamenti‚acl
1244 1786 1362 1843 ostr'um
1375 1786 1576 1846 tabernaculi
1592 1790 1768 1850 testiraouii

985 1882 1127 1943 licor-am
1144 1883 1293 1943 Domino.
1312 1881 1356 1943 lbi
1373 1882 1458 1944 enim
1476 1884 1508 1944 in
1526 1885 1606 1947 atrio
1618 1886 1708 1967 juxta
1723 1887 1768 1949 al·

1023 1987 1089 2041 toro
1111 1980 1299 2055 holocausti,
1318 1979 1419 2043 fiebat
1439 1982 1525 2063 jugis
1550 1984 1669 2048 oblatio
1694 1986 1764 2047 ista,

1027 2080 1087 2139 Ubi
1104 2081 1299 2139 constituam
1323 2090 1352 2140 ct
1378 2084 1492 2160 loquar
1516 2086 1560 2143 ad
1583 2094 1620 2145 te.
1638 2085 1671 2146 ln
1697 2084 1767 2150 1000

1021 2178 1108 2239 cuim
1125 2175 1276 2239 sacrificii
1300 2178 1388 2240 dedit
1403 2179 1485 2241 Deus
1509 2200 1670 2263 responsa,
1688 2204 1768 2265 pra-

1021 2282 1176 2357 ccptaquo
1200 2276 1308 2358 Moysi.
1332 2279 1444 2358 Ibique
1467 2282 1661 2359 precipiam
1684 2285 1767 2360 filiis

1020 2379 1133 2436 Israel.
1160 2374 1237 2437 Nam
1268 2375 1313 2437 ibi
1344 2396 1401 2458 per
1425 2377 1551 2460 Moysen
1580 2388 1676 2460 atquc
1709 2402 1767 2463 por

1021 2492 1163 2537 summos
1179 2473 1350 2555 pontificos
1366 2475 1482 2539 direxit
1497 2486 1655 2559 praccepta
1670 2480 1710 2541 ad
1726 2480 1767 2541 ls-

1020 2573 1159 2635 raclitas.
1177 2573 1266 2635 Unde
1288 2573 1320 2635 in
1340 2573 1480 2637 Levitico
1500 2594 1536 2638 ac
1557 2577 1766 2657 sequentibus

1021 2672 1113 2735 libris
1129 2672 1314 2754 frequentor
1330 2672 1464 2735 babetur
1476 2690 1484 2735 τ
1496 2674 1633 2737 Locutus
1648 2684 1696 2738 ost
1713 2677 1767 2740 Do

1021 2771 1128 2832 minus
1144 2771 1239 2853 Moysi
1256 2772 1295 2833 ad
1311 2772 1428 2834 ostium
1450 2772 1645 2836 tabernaculi
1664 2793 1671 2836 :
1688 2776 1767 2838 Pras

1020 2870 1092 2951 cipo
1109 2869 1187 2931 liliis
1203 2870 1308 2931 lsrael.
1326 2870 1371 2932 lbi
1386 2889 1514 2952 quoque
1536 2891 1620 2953 saepo
1643 2873 1765 2937 locutus

1020 2977 1067 3031 ost
1078 2968 1173 3050 lloysi
1190 2969 1339 3032 etheron
1356 2970 1463 3046 simul,
1476 2970 1590 3033 deindo
1606 2972 1763 3036 Eleazaro.

215 3093 304 3133 (000(
317 3080 448 3150 portem
469 3071 587 3129 st'mt'lrc
606 3089 780 3146 corrapcrsoe
795 3072 861 3129 olco
884 3077 964 3139 tuso,
984 3071 1006 3134 C
1061 3070 1104 3129 Et
1117 3070 1376 3145 sarzctificabitnr
1391 3073 1495 3129 altare
1510 3071 1546 3129 irc
1558 3073 1666 3147 glorio
1683 3093 1764 3143 inca,

216 3170 248 3233 id
265 3179 314 3232 est
330 3189 388 3251 por
405 3168 507 3250 pilum
524 3186 673 3250 expresso
690 3188 745 3231 sou
762 3167 836 3230 trito
854 3187 860 3232 :
878 3167 965 3248 quod

215 3270 324 3333 oleum
346 3267 499 3331 mundius
519 3266 787 3349 praestantiusque
806 3266 963 3341 consistit,

215 3377 247 3430 ct
264 3368 297 3429 in
315 3367 504 3449 pistrationc
525 3366 640 3429 similae
661 3364 890 3427 infundebatur
907 3384 964 3446 pro

216 3486 300 3549 panr
322 3466 443 3529 fiendo.
461 3465 604 3528 llcnsura
628 3464 757 3527 domum
777 3464 965 3526 determina-

216 3574 248 3627 ta
273 3566 387 3629 similas
408 3565 516 3646 hujuS,
535 3583 599 3628 non
624 3563 813 3646 exprimitur
828 3562 891 3640 hic,
909 3562 962 3625 scd

216 3686 256 3729 cx
273 3666 420 3729 Numeris
436 3664 650 3746 cognoscitur,
663 3664 749 3745 quod
766 3662 827 3724 luit
842 3662 964 3725 decima

215 3786 291 3850 pars
312 3764 387 3847 ephi
406 3783 413 3826 :
434 3764 474 3827 de
490 3783 555 3844 qua
570 3782 718 3825 mensura
741 3762 773 3823 in
797 3760 964 3844 expositio-

214 3886 256 3928 00
279 3862 505 3947 quintidcrimi
525 3861 658 3943 capituli
674 3861 794 3924 dictum
816 3870 874 3923 cst.
892 3860 965 3923 Por-

213 3984 250 4027 ro
271 3964 312 4026 dc
335 3980 485 4025 mensura
501 3960 564 4023 olei
586 3960 693 4041 hujus,
713 3960 745 4021 iu
772 3967 858 4022 tcxtu
878 3979 963 4022 nunc

213 4062 344 4137 dicitur,
366 4064 454 4141 quod
473 4062 585 4121 1100001
606 4080 791 4120 01005ον010
811 4069 963 4139 quartam

208 4172 342 4243 partem
364 4163 435 4221 ltin.
453 4159 514 4220 llin
531 4166 579 4220 051
601 4177 702 4239 genus
718 4178 876 4222 mensurae
892 4177 963 4239 quaa

1021 3168 1081 3230 hoc
1097 3176 1155 3241 est,
1173 3167 1271 3229 altaro
1288 3166 1464 3229 holocausti
1485 3168 1692 3233 sanctificabo
1708 3190 1765 3253 per

1019 3266 1194 3345 gloriosum
1210 3266 1376 3349 potcstatis
1390 3286 1470 3329 mcae
1489 3266 1522 3330 cl
1524 3267 1654 3345 fectum,
1671 3278 1765 3351 prout

1021 3364 1167 3447 sequenti
1183 3366 1322 3447 capitulo
1338 3366 1490 3447 tangitur.
1508 3366 1546 3429 Et
1561 3366 1693 3431 Levitici
1710 3387 1765 3430 no-

1020 3482 1062 3525 no
1078 3463 1223 3540 habetur,
1241 3465 1326 3545 quod
1344 3465 1426 3543 ignis
1443 3466 1482 3528 do
1504 3466 1585 3529 coelo
1601 3467 1764 3530 descendit
1778 3481 1831 3524 aa.
1842 3482 1911 3532 aaa

1020 3582 1116 3645 super
1136 3564 1236 3627 altare
1261 3564 1348 3642 illud,
1375 3566 1503 3646 quando
1528 3586 1565 3629 ca
1586 3586 1657 3647 quae
1679 3585 1764 3629 nunc

1020 3671 1176 3743 praccepta
1207 3662 1369 3745 leguntur,
1397 3663 1590 3727 exsecutioni
1617 3665 1764 3727 mandata

1020 3768 1105 3821 5001.
1127 3762 1342 3839 Sanctificabo
1362 3773 1392 3822 ct
1413 3764 1656 3823 tabernaculum
1678 3766 1764 3823 testi·

1020 3860 1124 3919 monr'i
1147 3879 1220 3918 cum
1252 3861 1370 3930 altari,
1396 3870 1425 3920 ct
1448 3864 1561 3922 Aaron
1585 3882 1659 3921 cum
1682 3863 1765 3940 filiis

1018 3959 1101 4033 rjus,
1117 3968 1153 4018 ((1
1173 3959 1347 4018 sacerdotio
1369 3959 1556 4036 satagantur
1577 3963 1662 4022 oniti
1676 3980 1688 4023 .·
1704 3961 1765 4024 hoc

1018 4064 1076 4133 cst,
1095 4064 1157 4117 tam
1175 4056 1280 4138 ipsum
1296 4056 1538 4119 tabernaculum
1554 4077 1650 4139 quam
1666 4060 1765 4124 altare

1018 4154 1245 4236 thymiamatis,
1263 4155 1349 4236 quod
1370 4155 1403 4216 in
1427 4155 1497 4237 ipso
1520 4163 1579 4233 est,
1597 4157 1762 4236 dcdicabo,

212 4269 348 4325 vocatur
364 4258 530 4321 sextarius.
548 4257 701 4319 Mensurae
717 4265 822 4319 autem
839 4265 870 4319 ct
888 4276 963 4339 pon·
977 4251 1003 4313 ll
1018 4253 1179 4335 apparebo
1195 4262 1226 4315 et
1246 4254 1461 4336 appropriabo
1487 4255 1589 4318 cultui
1613 4274 1683 4321 meo
1709 4276 1766 4338 pcr

212 4362 301 4438 dora,
320 4358 499 4422 secundum
524 4355 740 4420 diversitatem
765 4356 906 4418 locorum
927 4375 962 4418 ac

212 4469 414 4541 temporum,
442 4454 607 4519 variantur
634 4472 641 4515 :
669 4454 788 4517 idcirco
818 4453 964 4517 determi-

213 4566 322 4620 natam
344 4574 455 4619 rorum
478 4553 688 4635 quantitatem
706 4571 764 4634 pro
789 4561 875 4615 certo
900 4570 963 4615 non

214 4653 420 4730 scimus,nisi
438 4672 533 4735 super
549 4652 608 4715 hoc
624 4660 709 4714 corta
725 4651 897 4713 habeamus
913 4651 966 4714 do

214 4760 367 4818 cumrnta
384 4751 650 4834 experiundarum
664 4760 718 4812 aut
734 4750 962 4813 sensationum.

215 4858 259 4919 at
273 4855 390 4914 cinam
407 4856 451 4913 cd
468 4853 648 4924 libandum,
662 4850 694 4912 id
711 4859 758 4913 cst
774 4851 813 4912 ad
829 4848 966 4912 011ονοη-

216 4955 294 5016 dum
314 4970 412 5033 super
430 4950 539 5026 altare,
556 4951 697 5027 ejusdcm
718 4968 875 5009 mensurat
893 4964 965 5009 cum

215 5053 301 5126 0100,
320 5054 356 5111 (ἠ
374 5069 458 5125 apim
481 5068 556 5121 arno,
577 5048 682 5124 idest,
700 5067 773 5110 cum
796 5065 859 5109 uno
885 5062 966 5125 agno

217 5148 373 5213 anniculo
395 5148 551 5209 istasunt
573 5146 691 5229 paritor
713 5144 891 5210 offerenda.
916 5146 967 5206 Sa-

216 5248 383 5313 crificium
409 5254 514 5309 autrm
538 5247 578 5308 do
601 5245 742 5308 materiis
766 5243 909 5325 liquidis,
933 5253 967 5306 ut

217 5350 258 5413 dc
274 5346 351 5410 rino
368 5344 499 5421 010100,
517 5343 646 5427 proprio
662 5343 840 5425 appellatur
856 5341 967 5405 libatio

1018 4350 1301 4430 consecrationem,
1320 4361 1351 4415 ct
1371 4373 1428 4435 por
1447 4353 1558 4417 divina
1577 4373 1673 4436 opera
1694 4374 1766 4436 quaa

1019 4450 1064 4513 ibi
1091 4449 1232 4513 facturus
1257 4471 1339 4513 sum.
1366 4452 1454 4526 Quod
1479 4452 1617 4535 qualiter
1647 4453 1765 4517 factum

1019 4552 1071 4628 sit,
1091 4550 1185 4627 infra,
1203 4569 1239 4611 ac
1256 4550 1289 4612 in
1306 4550 1399 4613 libris
1414 4552 1623 4633 sequentibus
1639 4552 1766 4616 eviden-

1020 4660 1066 4714 ter
1087 4657 1244 4712 narratur.
1266 4652 1310 4709 Et
1329 4652 1477 4710 habitabo
1499 4652 1537 4711 in
1556 4653 1660 4711 rncdr'o
1681 4654 1766 4729 filio-

1019 4771 1096 4810 ram
1111 4752 1225 4819 Israel,
1244 4748 1275 4809 id
1291 4756 1339 4810 ost
1355 4748 1388 4809 in
1410 4748 1560 4811 cordibus
1577 4750 1764 4814 devotorum

1019 4847 1230 4911 lsraclitarum
1243 4865 1299 4927 por
1314 4865 1429 4926 magna
1443 4854 1476 4909 01
1490 4848 1640 4929 specialia
1655 4849 1767 4929 gratia-

1021 4966 1091 5008 rum
1107 4945 1307 5008 charismata.
1315 4943 1463 5017 Quamvis
1479 4946 1586 5027 itaque
1597 4945 1659 5009 filii
1671 4947 1764 5010 lsracl

1021 5064 1078 5128 pro
1093 5044 1208 5125 majori
1225 5052 1314 5126 parto
1330 5041 1452 5106 fuerint
1465 5045 1552 5122 mali,
1571 5046 1637 5109 hac
1658 5055 1764 5109 tamen

1020 5143 1239 5206 denominatio
1254 5142 1447 5205 adscribitur
1461 5143 1651 5223 generaliter
1666 5162 1766 5226 popu-

1022 5244 1053 5305 lo
1070 5240 1131 5318 illi,
1149 5250 1278 5323 proptor
1303 5248 1426 5322 partem
1452 5242 1563 5322 ipsius.
1580 5244 1708 5323 Eroqac
1721 5244 1766 5300 ets

1021 5339 1213 5405 1100551100
1235 5346 1294 5416 cst,
1319 5339 1457 5421 speciale
1478 5359 1587 5403 corum
1611 5340 1764 5421 regimen,
