4309 6259
527 517 701 563 aunnmrro
723 517 752 561 m
774 516 842 562 cnr.
866 515 920 561 ιιι
940 515 1137 563 nuucaonmt.
1158 536 1198 547 -
1218 517 1289 563 eur.
1313 518 1397 565 xxxv
1665 497 1732 561 -tttt

184 685 287 757 tiam:
316 687 367 751 vel
393 686 565 769 cujuslibet
595 688 726 751 alterius
755 687 871 766 gentis,
898 685 931 747 in
947 683 972 745 Α
988 685 1069 750 liber
1089 685 1246 750 bellorum
1268 687 1406 764 Domini,
1424 687 1505 749 liber
1526 686 1568 748 sit
1582 686 1732 750 Numero

183 802 322 864 qnorum
344 785 499 849 librorum
524 786 633 868 aliquo
654 787 713 849 boc
735 786 838 867 potuit
864 804 933 847 csse
988 801 1069 861 rum,
1093 785 1147 847 ubi
1171 786 1320 849 scribitur
1342 786 1454 849 istud:
1478 784 1627 866 quoniam
1651 783 1732 846 liber

183 884 366 966 scriptum:
389 885 444 967 qui
467 894 572 948 tamen
599 885 680 948 liber
701 903 764 947 non
788 883 829 945 sit
851 885 934 945 inter
987 885 1208 959 Numerorum,
1229 884 1262 945 in
1285 902 1349 965 quo
1365 884 1569 947 continentur
1584 882 1668 945 bella
1683 882 1733 944 Ju-

184 982 365 1063 Scriptures
382 985 552 1047 canonicas
568 985 813 1066 computandus.
831 983 934 1045 Licuit
987 984 1140 1059 daeorum,
1152 983 1365 1045 communiter
1379 982 1558 1064 appellatur
1573 981 1655 1045 liber
1671 980 1733 1043 bel·

183 1080 271 1143 cnim
292 1082 475 1146 auctoritati
501 1084 618 1146 divino
642 1082 859 1145 testimonium
883 1100 935 1145 ve·
989 1082 1103 1157 lorum,
1121 1081 1197 1162 quia
1216 1082 1327 1143 divina
1345 1080 1515 1143 vincebant
1530 1080 1658 1143 virtute.
1676 1079 1733 1141 l'c-

184 1198 255 1241 ruru
282 1199 446 1243 assumere
469 1182 555 1243 unde
578 1181 713 1257 volebat,
737 1199 802 1244 non
829 1188 933 1243 temen
989 1188 1168 1243 rumtamen
1190 1181 1273 1242 istud
1295 1198 1358 1243 non
1374 1180 1511 1243 arbitror
1526 1197 1647 1241 verum.
1664 1178 1731 1240 Non

183 1278 294 1340 omnia
316 1278 361 1339 ibi
386 1278 504 1361 scripta
526 1279 727 1361 approbavit.
744 1280 806 1342 Cur
828 1286 933 1341 autem
988 1279 1073 1342 cuim
1102 1279 1267 1360 probabile
1296 1288 1355 1356 cst,
1383 1278 1466 1341 sicut
1495 1286 1526 1339 et
1550 1277 1630 1359 Lyra
1654 1275 1732 1338 alibi

184 1376 271 1439 istud
298 1377 359 1440 boc
385 1377 455 1441 loco
481 1378 522 1440 sit
547 1386 842 1453 commemoratum,
871 1395 933 1440 non
988 1378 1076 1454 dicit,
1094 1378 1178 1459 quod
1205 1377 1289 1439 idem
1313 1377 1393 1439 liber
1417 1377 1532 1455 alleget
1556 1394 1590 1439 se
1615 1374 1730 1456 ipsum.

185 1476 352 1539 evidenter
377 1485 520 1558 apparet,
548 1476 610 1538 nisi
640 1476 744 1539 lorsan
770 1475 856 1538 bello
883 1494 934 1557 ge·
988 1478 1131 1559 Denique
1151 1478 1177 1539 si
1199 1476 1279 1540 liber
1295 1478 1503 1539 Numerorum
1525 1476 1596 1538 ideo
1613 1493 1733 1537 nuncu-

185 1583 268 1635 stum
286 1573 329 1636 sit
344 1576 430 1656 quod
447 1574 530 1637 lines
548 1574 614 1637 illic
634 1576 716 1638 inter
731 1576 810 1637 duas
824 1583 934 1655 gentes
989 1586 1083 1659 patur
1099 1576 1181 1638 libcr
1196 1576 1353 1639 bellorum
1369 1575 1506 1651 Domini,
1524 1592 1562 1638 co
1577 1574 1663 1655 quod
1679 1573 1733 1635 sli-

185 1681 260 1733 sunt
286 1672 465 1750 constituti,
483 1674 568 1754 quod
594 1672 740 1736 homines
761 1673 821 1736 loci
847 1672 934 1734 illius
989 1695 1052 1757 qua
1074 1676 1158 1739 bella
1180 1675 1250 1756 ejus
1275 1675 1449 1737 recitentur
1474 1674 1507 1735 in
1533 1673 1615 1755 ipso,
1632 1672 1733 1735 multo

185 1770 308 1833 bellum
319 1771 445 1835 Domini
458 1771 664 1834 nominarunt
676 1782 805 1854 propter
816 1770 934 1852 magni·
990 1774 1062 1857 plus
1078 1774 1160 1838 liber
1169 1776 1273 1849 losue,
1286 1773 1431 1854 liberque
1440 1773 1586 1835 ludicum
1596 1771 1733 1834 diceren-

184 1870 329 1937 tudinem
347 1871 458 1947 rei,ite
470 1880 503 1933 ut
515 1870 707 1933 scriberetur
722 1879 753 1933 et
768 1878 933 1934 vocaretur
953 1867 975 1928 B
991 1882 1041 1936 tur
1062 1873 1137 1935 libri
1159 1864 1317 1935 bellorum
1332 1871 1470 1947 Domini,
1488 1871 1564 1952 quia
1586 1870 1619 1932 in
1642 1869 1733 1932 libris

185 1969 216 2031 in
248 1968 359 2049 aliquo
389 1969 472 2033 libro
503 1988 612 2033 eorum
644 1969 764 2032 bellum
794 1968 931 2033 Domini.
991 1974 1056 2035 illis
1073 1971 1399 2053 describunturplura
1410 1979 1441 2033 et
1456 1989 1520 2033 non
1536 1970 1643 2031 minus
1658 1988 1734 2051 prae·

184 2068 255 2131 llaec
275 2068 485 2149 Augustinus.
510 2068 571 2130 dlii
596 2068 705 2130 dicunt
728 2067 846 2128 librum
870 2067 935 2129 bel·
990 2070 1074 2137 olera
1097 2070 1181 2133 bella
1195 2070 1333 2146 Domini,
1350 2088 1446 2151 quam
1469 2070 1502 2130 in
1525 2068 1734 2131 Numerorum

184 2166 287 2231 lorum
306 2166 432 2230 Domini
449 2186 518 2229 esse
534 2166 705 2248 specialem
722 2165 852 2242 librum,
871 2184 934 2227 non
990 2170 1165 2235 volumine.
1179 2168 1331 2231 Similiter
1342 2169 1382 2231 de
1398 2167 1489 2230 libris
1502 2168 1621 2248 Regum
1637 2175 1668 2229 et
1683 2166 1735 2228 Pa·

185 2274 293 2329 tamen
311 2265 512 2342 translatum,
525 2273 557 2327 et
573 2264 656 2327 idem
672 2264 783 2327 dicunt
798 2265 837 2327 de
853 2263 935 2327 libro
991 2269 1211 2351 ralipomcnon
1227 2267 1317 2348 argui
1334 2276 1453 2349 posset.

184 2364 358 2428 Iustorum.
1031 2363 1735 2450 lnsuperrelcrtbyra:Hebraeidicunt,quod
1790 2424 1793 2429 .

226 2464 259 2526 ln
270 2463 467 2527 Scholastica
478 2462 610 2526 historie
621 2462 770 2527 scribitur
783 2481 789 2525 :
803 2462 935 2536 Quidam
991 2468 1051 2529 istc
1075 2466 1116 2527 sit
1141 2473 1244 2527 textus
1263 2481 1269 2525 :
1288 2464 1398 2527 Nonne
1430 2462 1584 2545 scriptum
1606 2472 1655 2525 est
1676 2462 1735 2525 hoc

188 2563 300 2627 dicunt
316 2570 414 2625 totam
431 2562 597 2625 historiam
608 2562 648 2625 de
659 2560 737 2623 liliis
754 2561 848 2624 lsrael
863 2560 937 2623 scri·
991 2566 1023 2627 in
1042 2564 1223 2627 narratione
1239 2562 1418 2626 bellorum?
1434 2561 1586 2643 quoniam
1602 2560 1734 2626 verbum

187 2670 286 2743 ptem,
318 2661 426 2725 vocari
459 2660 576 2723 librum
606 2660 765 2723 bellorum
795 2659 933 2737 Domini,
990 2661 1404 2743 Hebraicum,equirocum
1430 2661 1539 2723 estad
1561 2660 1680 2722 librum
1705 2668 1737 2723 ct

188 2758 262 2841 quia
279 2760 312 2821 in
329 2778 366 2821 ea
383 2758 568 2840 frequenter
583 2758 699 2839 legitur
711 2757 866 2821 Dominus
880 2774 935 2839 pu·
990 2764 1030 2826 ad
1059 2761 1285 2825 narrationem.
1312 2759 1427 2823 Dicunt
1451 2776 1539 2837 crgo,
1566 2759 1652 2839 quod
1680 2758 1735 2821 ubi

187 2877 302 2939 gnosso
319 2875 377 2939 pro
395 2855 475 2919 titiis
491 2856 606 2919 lsrael:
624 2865 655 2919 et
671 2856 809 2919 maximo
824 2856 935 2919 dicunt
991 2861 1053 2923 lilii
1077 2860 1171 2922 lsrael
1194 2866 1284 2921 erant
1307 2856 1482 2932 transituri,
1499 2864 1590 2918 crant
1611 2856 1734 2937 scopuli

188 2957 321 3032 Hebrrei,
343 2955 542 3019 Amorrhaeos
568 2955 600 3017 in
628 2964 710 3019 terra
735 2955 791 3018 illa
813 2955 935 3038 potenti
992 2960 1128 3023 multum
1144 2957 1284 3039 protensi
1307 2974 1402 3038 super
1423 2973 1551 3036 aquam,
1569 2954 1602 3015 in
1618 2954 1735 3035 quibus

188 3074 283 3119 manu
300 3054 503 3118 Hebraeorum
527 3073 597 3117 csse
617 3055 748 3118 deletos.
766 3054 804 3115 Et
826 3054 878 3115 isti
896 3054 936 3117 le·
952 3054 974 3116 C
991 3066 1082 3123 erant
1097 3054 1354 3129 cavernositates,
1373 3053 1406 3115 in
1429 3053 1545 3134 quibus
1561 3052 1734 3116 adversarii

187 3165 277 3235 gunt,
302 3154 452 3229 Dicetur;
475 3172 550 3231 non,
575 3152 721 3216 Dicitur:
746 3153 822 3239 quie
847 3163 878 3216 et
903 3153 936 3214 iu
992 3158 1192 3220 llebraeorum
1217 3161 1393 3235 posuerunt
1422 3160 1561 3216 armatos
1586 3152 1732 3229 latenter,

188 3254 318 3317 llebraeo
341 3251 486 3328 babetur,
504 3252 604 3333 Super
623 3252 684 3315 hoc
707 3251 830 3315 dicetur
846 3252 879 3313 in
902 3251 937 3314 li·
991 3256 1046 3338 qui
1065 3254 1149 3317 lilios
1165 3252 1257 3315 lsrael
1276 3252 1443 3314 desubtus
1461 3259 1672 3327 transeuntes,
1690 3250 1736 3312 in-

190 3353 259 3429 bro,
273 3351 306 3413 in
325 3350 567 3414 recitationibus
583 3350 740 3414 bellorum
752 3349 937 3413 Dominillt
993 3354 1176 3418 teriicerent
1191 3351 1352 3433 lapidibus
1371 3370 1408 3413 ac
1431 3349 1565 3429 sagittis.
1583 3349 1736 3413 Dominus

189 3452 301 3533 legunt
317 3449 382 3513 sic:
397 3448 496 3527 Unde,
509 3449 542 3511 id
557 3458 605 3512 est
620 3450 660 3512 de
670 3450 789 3525 Arnon,
802 3449 933 3524 dicetur,
991 3461 1096 3516 autern
1113 3450 1259 3535 scopulos
1280 3448 1353 3511 illos
1373 3448 1449 3512 lecit
1471 3448 1619 3511 inclinari
1635 3467 1736 3529 usquc

191 3551 250 3615 hoc
266 3557 325 3626 est,
344 3546 466 3611 montio
482 3545 540 3609 liet
556 3547 588 3608 in
605 3547 687 3610 libro
703 3546 859 3610 bellorum
876 3548 936 3611 Do-
991 3553 1029 3615 ed
1053 3550 1149 3614 aliam
1172 3557 1292 3631 partem
1320 3556 1410 3610 terrae
1430 3547 1480 3609 vel
1502 3566 1603 3629 aquae.
1622 3546 1673 3609 Sic
1694 3547 1736 3609 la·

190 3648 282 3725 mini,
296 3647 328 3710 id
344 3654 394 3709 est
409 3646 442 3707 in
457 3644 590 3707 historia
606 3646 676 3721 ista,
690 3645 840 3709 videlieet
855 3645 937 3708 libro
993 3658 1094 3713 tentes
1110 3668 1146 3710 cx
1163 3646 1219 3709 ille
1241 3645 1449 3708 inclinatione
1470 3644 1600 3707 inerunt
1621 3645 1736 3708 exstin-

189 3749 400 3810 Numerorum
422 3744 474 3807 vel
494 3744 727 3807 Pentateucho:
752 3745 839 3808 Sicut
861 3744 938 3807 fecit
991 3749 1045 3825 eti,
1058 3757 1091 3811 et
1106 3746 1170 3808 filii
1182 3744 1274 3807 lsrael
1292 3763 1387 3826 super
1402 3744 1550 3825 scopulos
1566 3742 1736 3806 inclinatos

190 3845 342 3909 Dominus
353 3843 388 3905 in
398 3843 478 3905 mari
490 3842 603 3919 Rubro,
613 3842 846 3924 submergendo
854 3844 939 3924 AEgy·
992 3847 1091 3910 libere
1112 3844 1317 3907 transierunt.
1339 3842 1405 3916 Quo
1428 3840 1523 3918 lacto,
1542 3842 1664 3924 scopuli
1687 3842 1735 3904 di-

189 3945 285 4028 ptios,
304 3944 351 4007 sic
368 3941 464 4006 faciet
484 3941 516 4003 in
539 3941 733 4005 torrentibus
749 3942 868 4021 Arnon,
886 3943 937 4005 de
991 3945 1066 4009 vina
1082 3944 1199 4007 virtute
1215 3942 1254 4003 ad
1274 3940 1378 4004 locum
1403 3939 1567 4003 redierunt
1582 3939 1732 4021 priorem.

190 4040 937 4121 lendodmorrbaeos.thuodsequitur,Seopu-
992 4045 1061 4106 llaeo
1077 4042 1168 4123 Lyre.

192 4146 216 4202 ti
233 4141 426 4203 torrentium
442 4141 598 4199 inclinati
607 4148 694 4208 sunt,
707 4147 777 4215 etc,
791 4138 938 4201 similiter
1031 4140 1120 4203 Unde
1134 4148 1166 4200 et
1176 4139 1285 4201 Petrus
1294 4137 1456 4200 Comestor
1469 4154 1476 4198 :
1494 4134 1608 4212 Potuit,
1618 4136 1733 4218 inquit,

190 4238 352 4319 ambigue,
378 4236 411 4297 id
436 4244 484 4299 est
513 4236 726 4298 diversimode
756 4236 936 4318 exponitur.
953 4237 1061 4304 Desse
1086 4237 1172 4319 quod
1196 4235 1296 4317 aliqui
1322 4235 1445 4317 scopuli
1465 4234 1605 4298 minores
1629 4254 1736 4299 coram

192 4339 307 4401 Dicunt
326 4335 414 4400 enim
430 4334 551 4398 Heorei
574 4334 774 4397 innumeram
795 4335 938 4397 multitu·
992 4336 1142 4402 lsraelitis
1157 4334 1301 4397 inclinati
1322 4341 1408 4410 sunt,
1425 4342 1461 4395 ut
1479 4334 1519 4396 de
1535 4331 1621 4395 facili
1638 4342 1736 4396 trans·

193 4437 299 4499 dinem
332 4434 600 4509 Amorrhaeorum,
628 4433 774 4515 posuisse
806 4434 938 4497 insidias
993 4438 1095 4500 irent:
1113 4434 1199 4514 quod
1217 4429 1737 4513 lortepraedictumluitiubene·

194 4534 273 4597 titiis
296 4533 390 4597 lsrael
416 4533 450 4593 in
473 4532 672 4595 convallibus
697 4532 884 4595 torrentium
907 4542 939 4595 et
993 4534 1133 4597 dictione
1142 4530 1269 4612 loseph,
1281 4547 1344 4610 quc
1360 4528 1486 4609 legitur,
1499 4530 1603 4592 Donec
1613 4530 1737 4592 veniret
1762 4556 1882 4605 cem,

193 4631 334 4716 scopulis
363 4632 484 4707 Arnon,
513 4637 546 4692 ut
576 4630 720 4694 incautos
745 4631 939 4713 perimerent
993 4630 1186 4694 desiderium
1217 4626 1346 4690 collium
1372 4635 1568 4689 aeternorum.
1591 4627 1629 4688 Et
1654 4620 1784 4690 iorte²⁶·

194 4738 405 4806 transeuntes,
430 4731 485 4793 sed
507 4729 676 4792 Dominum
702 4730 862 4793 latitantes
887 4748 938 4811 op
993 4732 1032 4793 dc
1060 4730 1171 4791 eodem
1197 4725 1314 4789 cecinit
1340 4724 1436 4787 David
1461 4742 1468 4787 :
1492 4724 1611 4787 Montes
1635 4727 1737 4789 cxsol·
1758 4744 1882 4788 remon.

194 4830 358 4912 pressisse,
376 4827 510 4911 rupibus
528 4827 602 4891 binc
619 4828 693 4891 inde
710 4828 882 4906 inclinatis
895 4828 939 4890 ita
995 4834 1140 4891 taverunt
1165 4833 1201 4885 ut
1225 4823 1350 4900 arictes,
1369 4832 1429 4886 etc.
1448 4822 1587 4885 Fuerunt
1608 4810 1737 4887 demum
1784 4826 1789 4833 ’

194 4937 227 4993 ut
248 4928 401 5003 labentia,
419 4927 451 4989 id
473 4934 522 4989 est
543 4925 646 5003 ruina,
664 4926 867 5008 scopulorum
887 4944 940 4989 ex·
993 4926 1049 5008 qui
1072 4922 1194 5005 opinati
1220 4928 1305 4997 sunt,
1327 4940 1384 5002 pcr
1408 4920 1506 4983 verba
1525 4920 1659 5002 praelata
1688 4923 1740 4984 de

194 5028 378 5090 tonderetur
402 5026 434 5087 in
456 5024 575 5101 Arnon,
594 5034 625 5087 et
645 5024 859 5106 requiesceret
881 5025 937 5103 ibi,
995 5021 1093 5086 scribi
1118 5020 1214 5081 situm
1241 5020 1359 5096 Arnon,
1386 5019 1462 5100 quia
1490 5039 1590 5101 quum
1616 5021 1739 5102 scopuli

195 5125 290 5188 idest
307 5123 468 5186 liniretur.
487 5123 558 5185 llaec
575 5122 629 5185 ibi.
995 5118 1147 5203 praerupti
1160 5127 1191 5180 et
1202 5117 1348 5180 altissimi
1366 5117 1475 5179 sintin
1491 5118 1626 5196 deserto,
1637 5118 1743 5200 paula-

235 5223 354 5297 Quibus
381 5221 457 5284 setis
482 5220 654 5283 concordat
677 5221 763 5301 quod
785 5221 864 5302 Lyra
890 5220 941 5282 hic
997 5220 1052 5281 tim
1071 5218 1280 5291 inclinantur,
1298 5217 1399 5279 donec
1415 5216 1626 5297 requiescant,
1644 5217 1677 5279 id
1696 5226 1744 5279 cst

198 5321 334 5384 scribit:
356 5320 501 5395 Quidam,
526 5318 686 5399 inquiens,
711 5318 831 5393 dicunt,
856 5319 943 5400 quod
999 5318 1168 5392 liniantur,
1193 5332 1293 5397 prope
1317 5316 1436 5377 Arnon.
1468 5314 1557 5378 Unde
1580 5314 1745 5396 subjungi-
