4309 6259
637 511 812 558 annonario
834 511 864 556 ln
886 511 954 558 GAP.
978 510 1021 556 llll
1041 509 1179 561 tattnlot.
1202 529 1242 541 -
1263 511 1334 558 nnn.
1358 511 1445 558 lllll'll

1748 493 1807 558 ili

248 679 308 746 bat
322 683 417 767 Lyra,
441 704 542 767 quum
562 684 658 767 paulo
685 693 755 767 post
781 684 906 748 dicatur
922 703 930 748 :
948 686 1006 766 qut
1020 682 1045 747 Α
1061 687 1108 745 stc
1125 687 1349 746 tnztndabttur.
1368 685 1438 748 llaec
1463 683 1523 747 fuit
1546 683 1666 749 oblatio
1690 704 1808 769 paupe

249 787 362 863 offeret
381 787 443 845 itta
463 805 571 845 coram
593 788 746 854 Domino,
760 795 788 846 et
809 787 933 862 rogabit
944 805 1005 862 pro

249 904 292 943 ea
309 884 470 960 sacerdos
482 894 512 943 et
523 887 570 943 sic
579 885 795 944 annunciabitur
810 906 830 944 a
840 887 1005 962 profluvio

249 984 432 1058 sanguinis
456 985 519 1042 sui.
543 982 601 1044 Per
625 982 711 1064 quod
730 989 826 1064 patet,
850 983 935 1064 quod
961 983 1006 1044 lo·

251 1081 366 1161 quitur
386 1089 492 1142 textus
508 1081 547 1143 de
568 1081 777 1144 mundatione
800 1081 922 1158 matris,
940 1100 1005 1144 non

251 1179 373 1262 prolis.
404 1179 463 1242 Cui
493 1179 712 1261 reprobationi
742 1180 878 1262 opponit
906 1180 1006 1242 Rabbi

249 1277 385 1354 Paulus,
413 1278 498 1359 quod
524 1278 690 1342 mundatio
717 1278 771 1341 illa
801 1299 819 1341 a
844 1278 1006 1361 profluvio

252 1377 438 1458 sanguinis,
466 1395 531 1439 non
557 1375 618 1439 luit
641 1376 809 1440 mundatio
833 1397 852 1440 a
877 1386 1007 1461 peccato

251 1475 405 1538 mulieris
420 1475 455 1538 in
471 1485 628 1559 conceptu
644 1483 819 1554 contracto,
829 1478 884 1539 sed
900 1497 918 1538 a
933 1496 1008 1558 qua·

253 1576 331 1638 dam
349 1575 584 1656 irregularitate
606 1575 831 1653 immunditiae,
848 1577 889 1640 ob
911 1595 1007 1658 quam

252 1693 323 1738 non
339 1682 466 1757 poterat
482 1674 701 1738 sanctuarium
717 1675 853 1755 ingredi,
865 1683 926 1738 etc.
937 1675 1007 1738 llaec

252 1774 391 1836 demum
422 1773 604 1855 reprobatio
635 1780 743 1850 staret,
773 1773 836 1835 nisi
862 1773 895 1835 in
922 1780 1007 1836 textu

1062 803 1144 846 rum.
1169 784 1259 847 Unde
1284 793 1315 847 et
1341 784 1555 848 sacratissima
1571 783 1667 864 Virgo
1691 785 1725 846 in
1751 805 1808 848 sua

1062 882 1290 966 purificatione
1307 884 1372 946 lucc
1389 883 1566 946 immolavit
1584 901 1668 965 :quo
1683 891 1808 947 constet

1061 982 1148 1064 quod
1166 1001 1287 1064 pauper
1304 990 1381 1058 eret,
1399 982 1545 1064 quamvis
1568 989 1715 1064 parentes
1739 983 1808 1064 ejus

1062 1081 1139 1143 satis
1151 1079 1267 1144 divites
1283 1080 1461 1144 fuerint.At
1477 1100 1547 1161 quaa
1564 1079 1596 1141 in
1608 1080 1660 1143 die
1671 1079 1810 1162 Epipha-

1063 1179 1124 1241 niae
1140 1179 1270 1260 copiosa
1286 1178 1386 1240 Unico
1408 1197 1466 1242 suc
1483 1177 1613 1241 fuerunt
1635 1197 1769 1242 munera
1791 1199 1810 1242 a

1062 1277 1158 1356 llagis
1173 1276 1289 1354 oblata,
1299 1277 1367 1359 ipsa
1378 1276 1517 1339 creditur
1533 1277 1728 1359 pauperibus
1744 1297 1811 1342 ero

1061 1383 1226 1454 gasse‚aut
1242 1375 1357 1457 inpios
1374 1394 1449 1436 usus
1461 1375 1811 1458 expendissellenique

1064 1473 1284 1537 holocaustum
1303 1474 1382 1536 illud
1399 1473 1466 1538 sive
1480 1489 1593 1552 agnus,
1612 1471 1678 1536 sive
1693 1481 1808 1552 turtur,

1063 1581 1119 1635 aut
1134 1572 1292 1649 columba,
1315 1571 1512 1635 offerebatur
1527 1589 1584 1653 pre
1601 1570 1688 1646 fetu;
1706 1572 1811 1635 hostia

1063 1680 1170 1734 autem
1196 1672 1259 1734 alia
1284 1690 1342 1753 pro
1367 1670 1509 1753 parentis
1540 1678 1679 1752 peccato.
1709 1671 1812 1752 Atque

1064 1771 1269 1852 utJosephus
1294 1768 1393 1846 addit,
1416 1777 1447 1830 et
1469 1787 1506 1831 ex
1529 1776 1613 1830 textu
1636 1769 1734 1832 Exodi
1761 1789 1813 1852 pa·

252 1871 462 1954 apertissime
482 1871 651 1947 diceretur,
669 1872 755 1952 quod
772 1870 953 1935 columbam
970 1872 1009 1934 si·
1026 1865 1049 1926 B
1066 1877 1120 1946 tet,
1139 1867 1342 1951 primogeniti
1359 1875 1475 1950 prater
1490 1867 1557 1930 hacc
1574 1867 1813 1931 redimebantur

251 1991 296 2035 re
313 1978 471 2033 turturem
487 1969 605 2034 offeret
624 1989 682 2052 pro
702 1979 843 2053 peccato.
861 1971 1007 2034 Attamen

253 2069 444 2152 reprobatio
463 2069 552 2151 Lyrae
567 2069 694 2132 videtur
709 2089 743 2132 se
759 2071 861 2152 ipsam
876 2071 1010 2153 perime-

253 2188 303 2248 re,
322 2168 401 2250 quia
417 2187 528 2232 revera
544 2168 711 2232 mundatio
725 2189 743 2231 a
760 2168 923 2251 profluvio
940 2190 1010 2232 san-

252 2267 380 2348 guinis,
394 2286 457 2328 non
474 2265 537 2328 fuit
552 2267 719 2331 mundatio
735 2287 753 2330 a
769 2276 910 2349 peccato,
928 2269 1011 2330 sicut

254 2375 291 2428 et
313 2365 417 2428 Rabbi
439 2365 555 2427 Paulus
582 2364 694 2445 tangit.
711 2365 801 2428 Unde
825 2367 911 2447 quod
934 2367 1013 2430 dici-

254 2473 325 2541 tur,
343 2463 454 2528 [trabit
469 2482 528 2546 pro
543 2483 580 2527 aa
596 2465 754 2540 sacerdos,
771 2473 803 2527 ct
818 2465 864 2527 sie
879 2466 1012 2528 munda-

255 2563 350 2646 bitur
365 2583 385 2625 a
400 2561 577 2645 profluvio,
594 2571 701 2645 potest
721 2564 765 2626 ita
781 2563 908 2646 exponi,
926 2564 1012 2646 quod

254 2662 410 2725 sacerdos
425 2660 568 2724 offerens
579 2661 683 2724 orabit
697 2681 756 2744 pro
771 2662 906 2725 muliere
921 2671 953 2725 et
967 2682 1013 2726 re-

253 2759 417 2823 missione
442 2759 492 2821 sui
518 2760 652 2842 peccati,
679 2761 764 2841 quod
788 2761 856 2824 sive
886 2761 919 2824 in
940 2780 1013 2824 con-

253 2865 369 2938 ceptu,
390 2857 458 2920 sire
484 2857 613 2920 interim
640 2857 785 2921 incurrit.
809 2858 905 2922 Porro
927 2861 1012 2941 quod

255 2956 421 3036 sequitur,
434 2956 474 3018 Et
489 2956 535 3018 sic
551 2956 769 3035 mundabitur,
788 2965 862 3034 etc,
876 2957 1014 3021 referen-

1064 1967 1209 2050 quinque
1221 1966 1319 2044 siclis,
1333 1965 1555 2048 primogenitis
1566 1965 1747 2030 Levitarum
1763 1985 1812 2030 ex·

1065 2066 1177 2149 ceptis.
1904 2129 1906 2136 .

1105 2165 1273 2242 ltloraliter‚
1292 2164 1408 2228 mulier
1431 2172 1578 2246 suscepto
1595 2164 1717 2227 semine
1736 2183 1812 2228 con·
1833 2189 1961 2234 suma

1065 2265 1189 2346 cipiens
1214 2273 1245 2327 et
1270 2264 1397 2346 pariens
1422 2263 1611 2340 masculum,
1636 2272 1684 2325 est
1706 2262 1813 2326 anima
1828 2252 1887 2296 '⁸¹⁵¹‘

1066 2363 1305 2440 rationalis,Dei
1322 2381 1439 2444 sponsa
1454 2370 1485 2425 et
1501 2361 1618 2443 conjux
1633 2361 1713 2443 Agni
1723 2381 1730 2426 z
1741 2381 1813 2443 quae

1067 2461 1260 2525 fecundante
1291 2481 1361 2524 cam
1393 2460 1513 2543 Spiritu
1545 2460 1659 2523 Sancto
1689 2460 1812 2524 lumine

1065 2561 1176 2640 gratiae
1192 2579 1247 2623 scu
1263 2560 1360 2624 verbo
1376 2558 1477 2622 divini
1494 2559 1813 2642 sermonis‚concipit

1067 2659 1161 2723 virile
1191 2659 1403 2741 propositum,
1430 2666 1462 2721 et
1492 2658 1571 2720 illud
1602 2658 1749 2740 perducit
1772 2660 1812 2721 ad

1067 2766 1175 2821 actum
1191 2757 1539 2833 virtuosum,idencum
1555 2765 1586 2820 et
1602 2765 1810 2834 constantem,

1066 2858 1156 2938 juxta
1172 2857 1251 2919 illud
1268 2855 1354 2919 lsaiae
1367 2857 1413 2918 :A
1429 2855 1510 2919 facie
1526 2864 1579 2919 tua
1593 2857 1811 2939 concepimus,
1850 2877 1882 2920 n.
1900 2889 1956 2927 ειη,

1067 2966 1099 3020 et
1110 2956 1293 3040 peperimus
1304 2955 1452 3037 spiritum
1464 2955 1813 3018 salutisl'erumtamen
1830 2943 1862 2992 ¹⁷·
1876 2943 1909 2983 ¹⁸·

254 3055 341 3118 dum
355 3062 404 3117 est
419 3055 459 3116 ad
476 3062 577 3118 totum
594 3057 788 3137 praecedens,
802 3063 911 3138 utpote
927 3059 1012 3138 quod
1029 3055 1050 3119 C
1068 3056 1185 3119 mulier
1201 3055 1261 3117 ista
1282 3054 1445 3116 immunda
1467 3060 1515 3116 est
1536 3063 1657 3136 septem
1672 3054 1785 3118 diebus
1804 3074 1811 3120 :

255 3171 422 3236 puerpera
437 3171 495 3234 per
510 3153 747 3217 observantiam
758 3153 883 3216 dierum
899 3154 1014 3216 utrius-

254 3269 327 3332 que
342 3249 581 3332 purificationis
604 3271 679 3328 suta,
698 3260 729 3314 et
749 3261 1014 3334 ceterorumque

255 3349 290 3413 ci
308 3368 397 3410 nunc
411 3350 501 3430 jussa
517 3359 602 3427 sunt,
613 3350 841 3432 purificabitur
855 3371 873 3414 a
889 3352 1015 3432 sangui-

258 3449 316 3512 nis
343 3467 399 3510 seu
425 3447 559 3510 seminis
583 3449 633 3510 sui
658 3448 833 3531 profluvio,
861 3450 904 3512 ita
928 3451 1015 3532 quod

256 3557 397 3631 propter
407 3547 606 3630 profluvium
622 3547 702 3610 illud
718 3549 1015 3631 praeteritum,ultra

257 3667 331 3711 non
348 3645 572 3728 prohibebitur
597 3667 617 3708 a
639 3648 811 3710 sanctuarii
835 3649 1016 3725 introitu,a

258 3744 493 3810 communione
512 3745 619 3807 mariti
639 3755 794 3826 quantum
820 3748 859 3809 ad
886 3747 1014 3825 lectum,

260 3865 326 3908 nec
342 3864 361 3906 a
381 3851 531 3906 contactu
546 3851 578 3905 et
592 3863 649 3906 esu
665 3843 913 3907 immolatorum.

304 3949 375 4008 lata
391 3954 436 4005 est
452 3949 504 4004 lec·
515 3945 679 4021 parientis
700 3949 881 4006 titasculum
896 3957 954 4006 aut
973 3951 1017 4026 se-

260 4047 406 4115 minam,
423 4042 455 4103 id
481 4050 540 4119 est,
563 4040 797 4122 praeinductum
820 4052 1015 4126 pracceptum

260 4139 433 4227 concernit
458 4158 660 4222 puerperam,
679 4149 743 4203 tam
765 4160 835 4203 eam
856 4161 928 4223 quaa
951 4161 1017 4204 ma-

1068 3154 1145 3236 quia
1160 3172 1217 3236 per
1227 3172 1321 3217 omne
1338 3152 1547 3235 tempusvitae
1561 3152 1814 3235 presentisuni-

1070 3273 1169 3316 versae
1190 3252 1321 3335 justitiae
1345 3259 1460 3314 nostrae
1482 3260 1557 3314 sunt
1577 3253 1667 3334 quasi
1690 3271 1814 3334 pannus
1843 3261 1962 3312 tticum

1069 3360 1285 3428 menstruatae,
1302 3359 1333 3415 et
1356 3350 1389 3412 in
1410 3350 1520 3414 multis
1536 3351 1734 3415 offendimus
1749 3327 1963 3429 om-ii00a1..‚2.

1071 3470 1138 3515 nes
1158 3453 1191 3514 ln
1217 3458 1328 3514 octava
1353 3458 1459 3512 autem
1485 3451 1668 3528 mundatur,
1685 3449 1761 3531 quia
1782 3449 1816 3511 in

1070 3549 1303 3614 resurrectione
1329 3547 1436 3610 future
1467 3548 1572 3610 omnis
1603 3547 1746 3611 defectus
1776 3549 1816 3611 ab

1071 3649 1180 3713 electis
1208 3647 1345 3710 tolletur.
1373 3646 1430 3709 Per
1455 3646 1665 3727 quadraginta
1689 3664 1818 3728 quoque

1071 3750 1139 3811 dies
1156 3745 1404 3829 purificationis,
1414 3753 1539 3826 tempus
1556 3743 1752 3826 poenitentiae
1767 3745 1818 3808 da·

1072 3847 1227 3926 signatur,
1254 3843 1330 3926 quia
1355 3851 1386 3906 et
1411 3842 1554 3906 Christus
1585 3851 1631 3907 tot
1659 3843 1819 3925 jejunavit

1071 3944 1194 4007 diebus
1205 3944 1244 4004 Si
1255 3953 1360 4004 autem
1368 3944 1530 4020 pepererit
1545 3943 1714 4020 seint'nant,
1724 3941 1755 4003 id
1772 3950 1820 4005 est

1072 4042 1272 4126 propesitum
1298 4040 1532 4103 emendationis
1561 4047 1617 4102 aut
1643 4040 1819 4122 spiritualis

1072 4141 1234 4223 profectus
1251 4159 1385 4222 parrum
1401 4158 1438 4201 ae
1449 4137 1564 4216 debile,
1574 4138 1820 4221 instabilemque

260 4240 404 4317 sculum,
422 4258 519 4320 quam
542 4238 630 4301 illam
653 4258 724 4321 qua}
748 4239 898 4302 feminam
921 4240 1015 4322 parit.
1033 4238 1057 4300 b
1073 4238 1308 4302 exsecutionem
1322 4237 1430 4319 ipsius,
1441 4245 1605 4319 reputatur
1615 4236 1818 4314 immundior,
1913 4239 1914 4242 ’

259 4339 405 4420 Fuitquc
429 4338 541 4401 eadem
568 4336 700 4414 oblatio,
729 4337 796 4400 sive
825 4338 1015 4414 masculum,

261 4439 338 4501 sire
361 4436 526 4500 femellam
551 4443 715 4517 genuerat.
738 4435 891 4510 Quocirca
916 4438 1016 4520 quaeri

260 4542 474 4621 pesset‚quot
485 4534 598 4597 dicbus
609 4535 753 4597 durasset
768 4535 952 4617 purificatio
962 4556 1017 4599 seu

261 4632 476 4698 immunditia
498 4633 580 4713 ejus,
598 4632 626 4694 si
649 4631 745 4695 simul
768 4634 945 4697 masculum
963 4653 1016 4715 ge·

262 4734 392 4802 aruisset
406 4750 443 4794 ac
460 4730 576 4793 liliam.

308 4835 402 4901 Qecod
423 4833 454 4890 εἰ
475 4850 542 4891 non
564 4832 727 4891 ittcetterit
748 4851 863 4890 ananus
882 4832 965 4909 ejus,
985 4831 1017 4894 id

262 4938 328 5005 est,
346 4928 386 4991 ad
407 4927 614 4991 offerendum
635 4946 699 4991 non
722 4927 879 5005 habuerit,
897 4951 954 4989 nec
964 4950 1019 5007 po

264 5028 370 5091 cuerit
385 5025 564 5106 acquirere,
581 5045 685 5107 neque
700 5029 812 5105 offerre
827 5048 1019 5104 optionem-

263 5137 333 5188 met
351 5129 434 5185 duos
450 5133 592 5185 turturea
613 5134 671 5185 aut
685 5127 765 5184 decos
775 5130 885 5202 petllos
899 5131 1019 5188 colum-

264 5228 398 5294 barum,
415 5243 522 5284 unutn
540 5224 576 5281 in
592 5225 824 5294 holocaustum,
835 5234 865 5284 et
880 5229 1018 5286 alterum

262 5345 330 5404 pro
342 5332 495 5402 pecceto;
510 5323 676 5401 orabitque
688 5342 749 5399 pro
765 5344 801 5382 ra
817 5327 972 5396 sacerdos,
989 5334 1018 5385 et

1074 4347 1105 4400 et
1121 4337 1219 4420 dupla
1243 4335 1470 4418 purificatione
1485 4344 1533 4397 est
1549 4333 1697 4417 indigens
1721 4354 1728 4398 :
1746 4336 1821 4417 quia

1074 4437 1251 4499 secundum
1268 4453 1448 4496 mensuram
1466 4433 1599 4516 peccati,
1618 4433 1714 4496 debet
1729 4442 1759 4497 et
1776 4454 1822 4498 sa·

1076 4534 1269 4598 tisiactionis
1295 4534 1408 4596 modus
1434 4532 1620 4596 consistere.
1648 4533 1819 4610 Postremo,

1073 4634 1204 4715 quidam
1220 4633 1310 4713 quasi
1329 4631 1523 4712 theologicas
1539 4639 1571 4694 et
1586 4631 1736 4713 mysticas
1752 4649 1823 4694 cau·

1074 4752 1124 4794 sas
1146 4732 1395 4813 assignantem
1423 4730 1456 4790 in
1481 4737 1573 4812 partu
1597 4729 1732 4792 femella
1753 4730 1823 4804 diue

1072 4831 1196 4893 turnior
1207 4828 1409 4891 immunditia
1420 4834 1488 4890 erat
1505 4827 1823 4910 parientis,videlicet

1074 4930 1160 5012 quod
1170 4929 1251 4991 Deus
1267 4927 1436 4991 honoravit
1450 4927 1484 4990 in
1501 4928 1562 4990 hec
1577 4946 1686 4990 sexum
1702 4946 1823 4991 mascu-

1074 5026 1270 5107 linum,quia
1281 5026 1453 5088 humanam
1466 5033 1612 5088 naturam
1629 5025 1662 5086 in
1678 5044 1754 5088 sexu
1766 5026 1822 5090 illo

1074 5125 1215 5188 decrevit
1238 5143 1410 5200 assumere,
1437 5133 1469 5186 et
1488 5124 1562 5206 quia
1589 5124 1623 5185 in
1648 5132 1823 5206 transgres-

1075 5225 1164 5287 sione
1180 5223 1344 5304 originalis
1361 5223 1482 5304 peccati
1500 5223 1615 5286 mulier
1630 5223 1822 5306 culpabilior

1076 5322 1147 5384 luit.
