4309 6259
410 462 451 527 ao
811 484 986 531 muriano
1006 484 1037 529 nr
1058 484 1128 529 car.
1149 483 1225 529 nu
1244 483 1347 529 nom.
1368 503 1410 513 -
1428 483 1501 528 aar.
1523 483 1552 527 u

407 674 508 733 pura,
523 674 669 735 coccoque
685 658 733 715 his
750 658 859 727 tincto,
875 666 904 715 et
919 658 1009 733 bysso
1024 663 1156 722 retorta,
1170 652 1196 713 A
1211 661 1260 715 tos
1283 653 1476 731 babuerunt,
1497 652 1730 735 longitudinem
1754 651 1951 716 tabernaculi

412 772 503 832 opere
524 758 703 831 plumario.
731 753 845 835 Sieque
875 753 936 816 luit
966 773 1004 816 ex
1034 753 1156 815 eisdem
1211 751 1344 833 triginta
1357 752 1474 815 cubitis
1491 754 1696 833 tegebantbe
1710 750 1951 833 quatuordecim

413 850 557 915 materiis
571 872 644 915 cum
659 851 731 917 velo
750 854 914 935 praedicto,
930 852 1077 934 quamvis
1090 870 1155 914 non
1212 869 1289 914 sero
1315 852 1451 914 residuis
1475 851 1607 926 cubitis,
1632 860 1755 933 septem
1778 850 1952 913 descende·

412 949 569 1012 scribatur
585 959 671 1014 tanta
681 951 833 1015 varietate
847 960 995 1014 ornatum
1012 960 1047 1013 ut
1062 951 1154 1013 illud.
1210 959 1286 1011 runt
1310 959 1384 1013 ante
1408 960 1532 1033 partem
1556 950 1757 1026 orientalem,
1774 958 1805 1013 ει
1829 958 1952 1030 septem

412 1050 609 1129 thur'nque
622 1054 790 1111 columnas
803 1052 976 1111 deaurabis
990 1052 1156 1128 Itynomm
1211 1057 1286 1110 ante
1311 1058 1434 1130 partem
1458 1048 1699 1112 occidentalem.
1719 1047 1875 1129 losephus
1897 1066 1954 1108 au-

409 1150 501 1207 aetim
517 1148 576 1209 :id
592 1156 652 1225 cst,
668 1148 811 1231 quinque
825 1149 992 1213 columnas
1005 1167 1043 1211 ea
1059 1148 1157 1229 lignis
1211 1156 1288 1223 tem,
1305 1166 1401 1228 quern
1414 1148 1448 1209 in
1463 1149 1526 1212 isto
1540 1148 1684 1229 seqnitur
1697 1146 1859 1227 Origenes,
1875 1145 1955 1209 dicit

410 1245 503 1308 setim
521 1245 763 1329 formabis,qure
777 1256 851 1309 ante
866 1248 1082 1311 sanctuarium
1098 1257 1158 1309 sta·
1209 1247 1350 1308 cortinas
1365 1256 1471 1327 tegere
1486 1256 1588 1310 totum
1602 1246 1954 1323 tabernaculnm‚etde

410 1344 492 1407 bunt
516 1364 628 1409 versus
652 1347 809 1410 orientem
836 1347 868 1407 in
893 1346 1028 1409 introitu
1057 1348 1154 1426 eius3
1210 1346 1363 1407 acendere
1380 1346 1470 1427 juxta
1484 1345 1568 1408 latus
1581 1344 1778 1407 occidentale
1791 1363 1894 1425 usque
1913 1344 1953 1405 ad

410 1455 487 1506 onte
506 1466 586 1525 quaa
605 1448 742 1505 ducetur
762 1448 935 1506 tentorium
951 1463 963 1504 :
979 1444 1010 1506 id
1027 1453 1087 1521 est,
1104 1464 1157 1507 re
1211 1452 1328 1505 terram
1345 1468 1354 1517 3
1379 1444 1547 1508 introitum
1572 1462 1648 1507 rero
1670 1461 1735 1505 non
1759 1443 1823 1523 tegi
1846 1442 1955 1523 aliqua

412 1543 478 1605 lum
494 1542 581 1605 istud
596 1542 747 1625 pendebit
761 1553 835 1606 ante
851 1542 923 1605 illas
939 1543 1106 1607 columnas
1122 1544 1155 1606 in
1209 1550 1301 1623 parte
1314 1543 1521 1619 cortinarum,
1531 1562 1628 1624 quum
1644 1541 1809 1624 proprium
1823 1540 1956 1603 haberet

411 1639 556 1722 ingressu
583 1642 790 1719 tabernaculi,
812 1642 899 1723 quod
920 1662 1031 1705 versas
1052 1641 1158 1706 orien-
1210 1641 1329 1704 selum.
1347 1641 1500 1705 Similiter
1521 1643 1561 1704 de
1577 1642 1662 1721 sagis
1674 1642 1720 1703 ait
1736 1650 1836 1704 totam
1852 1640 1956 1703 taber·

412 1739 507 1801 talem
527 1739 653 1821 plagam
673 1758 736 1803 non
757 1740 893 1803 habebat
912 1741 1079 1822 parietem,
1100 1742 1156 1804 sed
1212 1739 1361 1804 naculum
1376 1740 1496 1822 operiri
1511 1740 1634 1821 absque
1647 1740 1793 1802 introitu.

412 1838 482 1901 loco
498 1836 628 1920 parietis
639 1838 750 1901 babuit
764 1840 871 1904 velum
884 1840 1018 1916 istud‚ut
1032 1840 1157 1902 cunctis
1174 1836 1198 1898 B
1250 1840 1367 1902 l'erum
1383 1838 1434 1901 bis
1448 1839 1561 1920 objicit
1581 1838 1726 1919 Magister
1745 1837 1780 1900 in
1799 1837 1954 1914 historiis,

412 1945 535 2019 pateret
561 1936 733 2018 ingressus.
763 1942 910 2007 Quartam
934 1938 1156 2001 columnarum
1211 1939 1287 2022 quia
1313 1939 1490 2000 secundum
1518 1938 1603 2001 dicta
1633 1938 1779 2014 istorum,
1803 1924 1957 1999 extrinse

411 2047 508 2097 erunt
522 2039 631 2113 capita
646 2058 757 2109 aerea,
774 2047 803 2097 et
818 2039 904 2098 basa
919 2058 1025 2099 cenea.
1043 2037 1158 2118 Sicque
1211 2058 1249 2100 ea
1270 2057 1344 2119 pars
1370 2038 1542 2099 sanctuarii
1565 2036 1739 2119 plurimum
1762 2036 1902 2118 pretiosa
1924 2045 1956 2099 et

413 2132 585 2197 dillerebat
607 2135 713 2198 velum
738 2136 821 2198 istud
845 2135 885 2197 ab
905 2136 981 2212 alio,
1004 2136 1156 2216 quoniam
1212 2138 1366 2219 speciosa,
1394 2155 1458 2199 non
1488 2136 1672 2218 apparebat,
1698 2154 1757 2198 nec
1786 2135 1852 2197 ulla
1883 2154 1956 2217 pars

414 2232 494 2295 illud
516 2233 674 2315 pendebat
690 2242 764 2297 ante
780 2243 917 2316 quatuor
932 2234 1108 2311 columnas,
1126 2244 1157 2297 ει
1211 2236 1406 2299 cortinarum
1418 2255 1491 2317 quae
1505 2236 1590 2298 eirea
1605 2235 1843 2298 tabernaculum
1858 2234 1958 2297 dellu-

415 2331 477 2393 tuit
497 2332 581 2393 intra
603 2332 854 2409 tabernaculum,
870 2333 1046 2413 habuitque
1065 2332 1158 2396 bases
1211 2334 1367 2397 ebatlmo
1382 2335 1557 2396 seeundum
1568 2334 1691 2409 Bedam,
1701 2334 1876 2415 pretiosum
1892 2341 1957 2394 ten-

414 2440 591 2512 argenteas.
621 2432 707 2494 lstud
731 2432 891 2514 pendebat
914 2440 989 2495 ante
1014 2432 1158 2515 quinque
1213 2433 1330 2496 torium
1352 2452 1408 2495 seu
1433 2433 1540 2496 velum
1562 2432 1648 2514 qaod
1672 2440 1740 2494 erat
1763 2438 1838 2494 ante
1859 2431 1957 2493 intro

414 2529 592 2607 columnas,
608 2539 681 2607 etc,
699 2550 795 2613 super
815 2549 893 2611 quas
915 2531 1010 2594 etiam
1031 2531 1095 2593 luit
1109 2551 1160 2595 re
1213 2532 1305 2608 itum,
1334 2550 1398 2594 non
1424 2531 1584 2613 apparuit.
1608 2530 1659 2593 Sic
1688 2548 1816 2611 quoque
1839 2528 1956 2592 trustra

415 2628 487 2705 ctis,
505 2629 557 2690 cni
580 2647 636 2709 per
656 2628 793 2691 circulos
812 2647 924 2692 aureos
945 2628 1007 2692 tuit
1027 2629 1088 2692 hoe
1106 2650 1160 2693 re
1213 2630 1306 2694 lacta
1322 2630 1459 2693 luissent
1475 2638 1539 2692 tam
1555 2629 1717 2711 speciosa.
1735 2628 1794 2691 Sed
1814 2628 1853 2690 ad
1872 2628 1956 2690 istud
2019 2624 2025 2636 “

415 2728 482 2791 lum
500 2728 665 2789 inscrtum.
1213 2731 1298 2793 idem
1314 2730 1496 2811 respondet,
1514 2729 1599 2810 quod
1615 2728 1746 2791 cortinae
1759 2737 1791 2789 ει
1806 2745 1881 2807 saga
1895 2726 1958 2791 lor·

455 2825 628 2904 Postremo,
653 2826 691 2889 de
717 2827 811 2889 modo
835 2835 992 2909 operturae
1016 2828 1160 2891 taberna·
1213 2829 1297 2890 sitan
1313 2827 1446 2890 funibus
1461 2828 1546 2889 circa
1560 2826 1800 2889 tabernaculum
1815 2825 1959 2887 extende

415 2924 480 2989 culi
502 2942 559 3006 per
575 2934 712 3005 quatuor
728 2944 785 2988 sua
800 2925 998 3007 operimenta
1013 2925 1156 3009 praelata,
1214 2926 1502 3007 bantur,aereisque
1517 2925 1644 3007 paxillis
1659 2924 1753 2987 tunes
1767 2923 1958 3004 colligaban-

416 3022 534 3085 diversi
559 3022 774 3087 diversimode
796 3032 871 3085 sunt
892 3023 1002 3087 locuti.
1027 3025 1159 3091 Strabus
1177 3024 1199 3086 C
1215 3035 1276 3088 tur.
1300 3026 1378 3088 Nam
1399 3033 1430 3087 et
1455 3023 1541 3087 intra
1564 3024 1691 3104 legitur,
1717 3022 1957 3085 tabernaculum

414 3122 533 3185 etenim
548 3122 593 3185 ait
611 3122 766 3185 :Cortinae
781 3123 825 3185 ita
840 3122 1026 3204 operiebant
1041 3132 1159 3188 tectum
1214 3124 1366 3187 habuisse
1387 3123 1534 3205 paxilloS,
1557 3132 1654 3204 atque
1675 3123 1709 3183 in
1730 3123 1861 3185 modum
1883 3121 1958 3183 tecti

416 3219 625 3296 tabernaculi,
643 3229 676 3281 ut
698 3227 729 3283 et
750 3239 806 3303 per
826 3221 925 3284 latera
944 3222 1015 3303 ejus
1030 3222 1161 3285 descen·
1214 3219 1424 3303 dependentis
1448 3220 1697 3300 circumquaque
1717 3218 1956 3294 attollebantur,

416 3318 537 3394 derebt,
557 3326 671 3380 terram
689 3327 793 3381 tamen
811 3336 874 3380 non
892 3327 1067 3400 tangerent.
1082 3321 1161 3400 Saga
1214 3330 1249 3383 ut
1265 3328 1296 3383 ει
1314 3318 1553 3381 tabernaculum
1572 3319 1716 3399 undique
1735 3326 1842 3400 posset
1856 3316 1958 3380 videri

415 3425 522 3479 autem
538 3424 655 3479 tectum
672 3425 704 3479 et
723 3416 820 3479 latera
836 3416 1033 3498 operiebant,
1052 3427 1084 3480 et
1102 3428 1161 3481 ter·
1214 3428 1245 3483 et
1260 3418 1391 3481 circuiri
1406 3417 1447 3479 ab
1462 3417 1717 3497 ingredientibus
1737 3416 1797 3479 sub
1812 3416 1956 3479 cortinis.

417 3534 484 3577 ram
508 3514 690 3596 tangebant.
713 3514 816 3577 Pelles
837 3534 912 3578 vero
936 3516 1104 3579 rubricata
1124 3536 1161 3578 ac
1254 3518 1385 3599 insuper
1407 3516 1441 3577 in
1462 3515 1657 3578 Scholastica
1677 3515 1778 3578 fertur
1798 3514 1957 3579 historia:

416 3612 630 3696 hyacinthina
643 3622 758 3677 tectum
772 3623 894 3676 tantum
904 3614 1161 3697 operiebant,nec
1214 3617 1281 3681 Non
1297 3625 1345 3678 est
1360 3614 1505 3695 quastio,
1523 3614 1555 3675 id
1570 3623 1619 3676 est
1634 3613 1801 3689 dubitatio,
1813 3613 1853 3676 de
1868 3612 1960 3695 pelli-

416 3714 454 3776 ad
467 3713 565 3777 latera
581 3713 796 3777 declinabant.
806 3714 885 3776 Hinc
895 3713 940 3776 ait
955 3722 986 3776 et
997 3715 1077 3777 Beda
1088 3732 1095 3777 ε
1105 3716 1162 3778 lle
1215 3717 1276 3778 bus
1290 3714 1426 3775 arietum
1442 3710 1613 3774 rubricatis
1628 3730 1665 3773 ae
1679 3710 1818 3793 pellibus
1831 3711 1960 3793 hyacin-

416 3830 486 3875 cem
508 3812 639 3875 cortinae
661 3811 723 3874 sibi
748 3811 886 3875 invicem
911 3813 1077 3895 copulatae,
1104 3832 1162 3896 per
1215 3813 1328 3889 thinis,
1344 3810 1421 3893 quia
1435 3810 1600 3892 superiora
1616 3818 1738 3871 tantum
1754 3817 1906 3890 tegentes,
1918 3810 1958 3871 ad

416 3919 632 3975 transversum
647 3920 842 3993 operuerunt
858 3911 1097 3975 tabernaculum
1114 3921 1161 3975 to·
1215 3913 1315 3974 latera
1329 3928 1394 3973 non
1409 3909 1654 3986 descenderunt,
1663 3910 1717 3971 sed
1733 3907 1960 3987 circumligatae

417 4018 506 4083 tum;
528 4018 561 4071 et
579 4010 809 4072 descendentes
825 4028 882 4091 per
897 4009 1007 4086 latera,
1024 4028 1088 4074 uno
1108 4030 1162 4074 cu·
1216 4010 1347 4072 luerunt
1363 4006 1495 4069 [unibus
1510 4016 1542 4070 et
1557 4006 1684 4089 paxillis
1699 4007 1790 4070 areis
1805 4015 1897 4069 terrae
1913 4005 1961 4067 al-

417 4105 484 4169 bito
504 4105 666 4168 distabant
686 4125 706 4168 a
725 4116 833 4169 terra:
851 4107 1160 4189 etquoniamsimul
1217 4108 1302 4171 lixis.
1319 4107 1546 4169 Verumtamen
1566 4106 1646 4187 Lyra
1664 4105 1742 4167 dicit
1761 4103 1960 4187 probabilius

416 4204 545 4285 juncta,
563 4203 774 4285 quadraginta
795 4204 919 4268 cubitos
940 4205 1159 4283 continebant,
1176 4207 1296 4283 besse,
1322 4204 1408 4287 quod
1432 4205 1495 4268 duo
1519 4205 1587 4267 haec
1610 4204 1808 4286 operimenta
1830 4204 1961 4265 deseen-

418 4302 652 4382 longitudinem
669 4301 959 4385 tabemaculi,quae
974 4304 1162 4385 erattrigin-
1216 4306 1332 4368 derunt
1356 4305 1395 4366 ad
1421 4310 1546 4379 terram,
1570 4321 1634 4366 non
1659 4301 1763 4365 solum
1793 4301 1827 4364 in
1857 4300 1960 4363 tribus

418 4410 450 4464 ta
470 4400 662 4479 cubitorum,
682 4401 840 4481 tegebant.
863 4403 1066 4484 Reliquorum
1086 4423 1161 4467 vero
1216 4402 1413 4466 tabernaculi
1428 4401 1583 4483 partibus,
1601 4401 1870 4482 quemadmodum
1891 4418 1960 4462 cor-

418 4501 527 4563 decem
550 4499 731 4564 cubitorum
751 4501 894 4582 quinque
915 4501 1097 4583 pendebant
1121 4504 1160 4565 ad
1217 4502 1292 4564 tina
1316 4509 1348 4563 et
1372 4519 1458 4581 saga,
1476 4501 1531 4562 sed
1556 4500 1652 4563 etiam
1674 4498 1866 4581 pependisse
1885 4506 1961 4559 antc

418 4600 501 4661 latus
523 4598 732 4676 occidentale,
751 4599 806 4661 alii
827 4598 972 4681 quinque
991 4599 1162 4663 descende-
1216 4601 1323 4665 velum
1346 4600 1432 4682 quod
1454 4600 1488 4661 iu
1510 4598 1644 4661 introitu
1664 4596 1860 4661 tabernaculi
1879 4606 1958 4674 erat,

418 4698 496 4761 bant
511 4706 585 4760 ante
604 4706 796 4779 aperturam,
819 4716 889 4778 quae
912 4697 977 4760 luit·
995 4699 1035 4759 ad
1057 4699 1162 4761 orien—
1216 4708 1251 4762 ut
1264 4698 1420 4781 losephus
1435 4697 1489 4760 ait.
1502 4698 1650 4760 Attamen
1664 4697 1836 4778 losephum
1851 4715 1962 4759 secun-

419 4805 493 4859 tem.
512 4796 592 4877 Saga
611 4814 738 4878 quoque
757 4798 1055 4878 superponebantur
1074 4797 1163 4859 simi·
1216 4800 1292 4861 dum
1313 4796 1400 4859 istud
1422 4815 1485 4860 non
1508 4796 1625 4872 dicere,
1642 4796 1719 4857 satis
1740 4803 1885 4869 constat3
1902 4812 1961 4857 nec

419 4895 493 4959 liter
508 4894 713 4959 tabernaculo
728 4914 785 4977 per
802 4903 1028 4957 transversum.
1038 4895 1075 4957 Et
1087 4896 1162 4977 quia
1217 4896 1297 4960 ratio
1313 4896 1398 4959 ralet
1412 4914 1508 4977 quam
1524 4894 1652 4975 allegat,
1665 4894 1822 4956 dicendo:
1840 4892 1886 4955 nd
1901 4892 1962 4956 hoc

420 4992 550 5075 triginta
565 4993 744 5056 cubitorum
761 4992 902 5069 luerunt,
920 5012 977 5075 per
997 4993 1095 5057 latera
1109 4996 1164 5057 de-
1217 5003 1307 5059 erant
1322 5003 1357 5056 ut
1373 4994 1564 5076 repellerent
1578 4993 1641 5058 rim
1659 5002 1827 5057 ventorum
1847 5011 1884 5054 ac
1904 4991 1964 5053 im-

419 5093 612 5156 sccnderunt
627 5092 783 5172 usquead
800 5100 927 5169 terram,
945 5091 1055 5174 sicque
1074 5093 1164 5156 eubi-
1218 5094 1336 5157 brium.
1353 5093 1451 5155 Erant
1466 5093 1553 5154 enim
1569 5091 1614 5153 ibi
1634 5100 1666 5154 et
1685 5110 1743 5173 pro
1758 5091 1831 5153 aliis
1845 5090 1961 5165 causis,

420 5198 487 5253 tum
508 5188 642 5253 cortinis
665 5208 728 5252 non
751 5189 890 5268 relatum
913 5189 1083 5265 velabant;
1107 5192 1163 5254 sed
1218 5200 1254 5254 ut
1269 5190 1382 5275 patuit.
1393 5191 1431 5253 Et
1442 5191 1505 5254 alia
1519 5191 1582 5253 duo
1597 5190 1797 5273 operimenta
1810 5208 1847 5253 ac
1856 5189 1964 5252 velum

419 5288 571 5372 quoniam
590 5306 628 5353 ex
647 5296 826 5353 transverso
846 5288 1056 5372 quadraginta
1075 5289 1164 5353 cubi·
1219 5288 1401 5373 prefatum,
1423 5298 1455 5353 et
1476 5288 1563 5352 aliud
1585 5288 1624 5352 de
1646 5306 1711 5369 quo
1732 5288 1867 5366 dicetur,
1888 5286 1965 5349 satis
