4309 6259
442 492 502 555 556
739 492 743 499 ⁴
786 516 959 562 Exaunntto
981 516 1011 561 tu
1032 516 1101 561 CAP.
1126 516 1179 560 ttlt
1199 516 1434 563 usercensem.
1456 538 1497 547 -
1518 520 1589 564 nul.
1611 520 1644 565 lx

443 680 519 744 citia
533 682 722 766 disciplinae,
736 704 792 767 per
802 686 1043 750 exercitationes
1058 705 1186 769 quoque
1200 688 1226 749 A
1242 690 1300 748 dua
1312 691 1468 766 ejeceris
1480 689 1610 751 metalla
1621 694 1808 769 fodiuntur.
1820 688 1879 762 Qui
1895 690 1982 751 enim

298 796 428 847 rancun.
443 782 647 859 monasticas,
661 783 704 844 ita
719 792 753 845 ut
765 783 870 847 dicere
884 795 1002 867 queant
1012 787 1075 849 Deo
1089 786 1186 860 :Ouo

444 879 529 941 niam
547 889 675 963 propter
691 893 722 944 te
737 883 969 945 mortificamur
982 892 1045 947 tota
1061 886 1121 948 die.
1132 890 1187 947 Αι-

315 997 428 1049 folrat.
443 1000 503 1059 que
515 990 659 1041 uacaret.
673 980 783 1043 Militia
800 1001 938 1064 namque
953 992 1001 1046 est
1012 984 1076 1046 vita
1088 984 1186 1047 bomi-

444 1077 494 1139 nis
505 1097 601 1159 super
612 1088 736 1157 terram,
747 1081 811 1144 imo
824 1082 962 1157 tentatio,
973 1091 1006 1144 ut
1017 1082 1081 1146 alia
1090 1083 1186 1146 babet

443 1177 618 1242 translatio.
645 1177 773 1260 Affligit
799 1198 855 1242 nos
879 1200 1007 1262 quoque
1028 1186 1185 1261 sarrinia,

440 1275 517 1337 dum
533 1286 647 1357 sponte
657 1278 848 1359 castigamus
863 1298 996 1361 corpora
1011 1290 1186 1364 nostraper

441 1372 650 1437 abstinentias
660 1384 755 1458 atque
765 1378 896 1459 jejunia.
910 1379 966 1442 Dat
981 1380 1076 1443 etiam
1093 1380 1186 1444 nobis

441 1491 558 1535 manna
579 1474 719 1553 coelestc,
737 1476 886 1539 videlicet
908 1477 1114 1542 Eucharistiae
1140 1498 1186 1541 sa-

441 1581 649 1635 cramentum.
668 1574 864 1637 Vestimenta
879 1576 975 1639 ctiam
997 1585 1105 1641 nostra
1121 1598 1184 1641 non

440 1670 599 1734 deficiunt
615 1680 782 1750 vetustate,
800 1676 875 1737 dum
897 1696 935 1738 ex
950 1676 1103 1758 temporis
1119 1678 1186 1739 diu-

441 1770 592 1833 turnitate
614 1790 677 1834 non
699 1772 923 1853 tepescimusa
943 1775 1102 1857 spirituali
1127 1776 1186 1839 fer·

1242 796 1423 851 sanctorum
1434 789 1561 851 Patrum
1572 789 1763 871 sapientiam
1772 797 1805 850 et
1815 787 1984 870 perfectio

1241 904 1313 947 nem
1330 886 1521 963 considerat,
1533 886 1679 969 exempla
1693 888 1893 956 constantiae,
1910 886 1984 947 effi-

1240 986 1425 1066 caciamque
1440 986 1597 1047 sermonis
1611 986 1700 1048 elicit
1715 986 1801 1048 iude.
1813 985 1916 1047 llonet
1931 987 1985 1047 de-

1241 1103 1329 1146 mum
1345 1102 1403 1146 nos
1414 1084 1499 1147 istud
1513 1084 1700 1166 capitulum,
1713 1103 1754 1147 ue
1763 1103 1801 1146 ex
1815 1082 1985 1146 beneficiis

1240 1182 1294 1244 Dei
1310 1182 1530 1263 corporalibus
1545 1191 1599 1245 aut
1615 1182 1835 1265 spiritualibus
1854 1182 1986 1245 extolla-

1241 1300 1320 1357 mur,
1334 1301 1392 1344 nec
1402 1282 1446 1344 ita
1457 1282 1636 1363 repleamur
1645 1281 1726 1344 cibis
1736 1291 1791 1345 aut
1802 1281 1941 1363 potibus,
1950 1291 1985 1343 ut

1241 1400 1260 1442 a
1275 1380 1379 1461 rigore
1392 1380 1554 1444 interioris
1565 1381 1717 1443 custodiae
1727 1380 1916 1455 relaxemur,
1926 1400 1988 1443 nec

1241 1479 1534 1542 obliviscamurllei
1550 1487 1582 1543 et
1598 1479 1759 1542 metuendi
1771 1479 1843 1561 ejus
1858 1480 1983 1559 judicii.

1280 1578 1437 1659 Amplius,
1455 1579 1535 1641 Deus
1552 1598 1608 1660 per
1624 1579 1816 1641 tentationes
1830 1588 1863 1640 et
1878 1578 1986 1640 adrer-

1242 1678 1362 1753 sitates,
1379 1677 1675 1758 subtractioncsquc
1693 1676 1921 1739 consolationis
1940 1677 1987 1737 iu-

1241 1785 1350 1851 ternae,
1363 1795 1437 1839 suos
1447 1775 1568 1856 affligit
1578 1776 1706 1853 electos,
1719 1784 1750 1838 et
1759 1776 1798 1837 ad
1808 1784 1984 1837 extremum

442 1886 528 1945 vore,
547 1888 604 1933 nec
620 1871 752 1933 virtutes
775 1879 808 1934 et
826 1883 914 1935 actus
930 1894 1050 1951 earum,
1068 1875 1185 1956 quibus
1204 1872 1227 1932 B
1241 1874 1411 1937 miseretur
1422 1875 1554 1951 eisdem,
1567 1874 1737 1938 relevando
1751 1893 1806 1937 eos
1820 1893 1839 1936 a
1855 1873 1983 1936 talibus.

443 1966 557 2029 animae
574 1968 763 2047 vestiuntur,
776 1971 973 2047 amittimus3
992 1992 1049 2035 nec
1066 1993 1121 2054 pes
1134 1993 1186 2036 no

443 2074 507 2127 ster
537 2067 693 2144 atteritur,
725 2069 800 2129 dum
833 2070 1049 2151 spiritualium
1081 2072 1187 2153 profe-

442 2170 551 2224 ctuum
570 2184 757 2246 progressus
773 2185 837 2230 non
859 2168 1024 2246 decrescit,
1042 2171 1097 2233 sed
1113 2190 1187 2234 con-

442 2261 573 2325 valescit
602 2262 636 2323 in
663 2264 900 2347 nobis.·ltaque
925 2269 1131 2331 recordemur
1155 2278 1187 2331 ct

1242 1974 1357 2056 Sicque
1384 1992 1442 2055 per
1471 1972 1698 2054 experientiam
1728 1974 1863 2047 discant,
1889 1992 1984 2054 quarn

1243 2073 1383 2153 fragiles,
1410 2071 1598 2149 defectuosi,
1624 2080 1655 2135 et
1681 2071 1897 2133 infirmissimi
1923 2072 1984 2133 siut

1242 2188 1280 2233 ex
1296 2188 1330 2232 se
1345 2169 1436 2251 ipsis,
1453 2178 1484 2232 et
1500 2169 1619 2232 idcirco
1636 2188 1699 2233 non
1715 2169 1823 2232 dicant
1843 2170 1877 2230 in
1891 2170 1985 2232 corde

1242 2287 1299 2332 suc
1316 2286 1324 2329 t
1341 2270 1511 2329 bbrtitwfo
1528 2289 1597 2329 crea
1618 2279 1648 2329 ct
1663 2272 1761 2329 robur
1778 2290 1895 2328 mortua
1911 2290 1986 2330 rerem

443 2362 687 2444 perpendamus,
702 2364 838 2444 qualiter
852 2365 1005 2428 Dominus
1022 2368 1186 2452 bucusque
1237 2369 1460 2446 praestiterunt
1483 2370 1566 2428 rnr'ln'
1585 2368 1670 2430 bona
1691 2387 1763 2449 quea
1787 2367 1911 2440 babe03
1931 2369 1985 2430 sed

443 2460 573 2543 plenos
594 2463 806 2540 conservavit,
825 2472 856 2527 et
877 2465 1022 2527 toleravit
1044 2467 1076 2528 in
1098 2467 1187 2532 vitiis

443 2560 571 2635 nostriS,
582 2568 677 2641 atquc
687 2580 705 2623 a
715 2560 850 2624 diversis
862 2562 1007 2626 liberavit
1022 2566 1184 2647 periculis,

443 2676 540 2737 quum
558 2666 662 2720 tamen
677 2659 741 2739 jam
758 2660 850 2722 multi
868 2661 1030 2743 perierint,
1043 2665 1099 2745 qui
1116 2685 1188 2747 pec-

442 2765 595 2820 eaverunt
610 2756 710 2820 mullo
726 2758 832 2821 minus
853 2779 949 2841 quam
967 2781 1035 2825 nos.

484 2855 614 2937 lnsuper
634 2855 808 2919 introduxit
831 2876 889 2921 uos
909 2863 943 2919 r'n
967 2872 1087 2923 terrem
1102 2865 1188 2924 rico-

443 2976 529 3027 runr,
552 2976 726 3034 equorum,
750 2967 779 3017 ct
803 2960 957 3037 sontium,
985 2960 1044 3022 boc
1074 2971 1123 3024 est
1153 2964 1186 3025 iu

1242 2466 1383 2529 recolant
1397 2465 1515 2527 auxilia
1524 2466 1579 2529 Dei
1597 2466 1644 2528 eis
1660 2466 1811 2540 exhibita,
1820 2475 1852 2528 et
1869 2467 1986 2529 fatean-

1242 2572 1293 2625 tur
1314 2563 1394 2625 nibil
1416 2562 1533 2625 virium
1556 2564 1589 2625 in
1611 2584 1645 2626 sc
1667 2583 1746 2641 esse,
1765 2564 1827 2626 nisi
1850 2584 1888 2627 ex
1910 2566 1983 2639 lico,

1241 2662 1297 2743 qui
1316 2662 1360 2724 ait
1381 2681 1437 2744 per
1460 2661 1563 2725 Osee:
1584 2662 1721 2726 Perditio
1745 2672 1800 2724 tua
1823 2683 1863 2725 ex
1889 2671 1937 2736 te3
1952 2663 1985 2724 in
2000 2684 2107 2724 cimelia

1242 2781 1293 2824 me
1309 2762 1528 2825 tantummodo
1543 2760 1697 2823 auxilium
1713 2771 1814 2823 tuum.

1281 2860 1452 2935 Postremo,
1475 2858 1508 2920 in
1534 2859 1649 2922 saecuto
1672 2859 1734 2922 isto
1760 2867 1835 2921 sunt
1859 2870 1986 2923 urentes

1242 2967 1415 3039 serpentes,
1432 2958 1491 3021 boc
1515 2966 1563 3020 est
1582 2959 1743 3021 daemones
1765 2968 1796 3021 et
1820 2958 1985 3023 libidinosi

444 3052 633 3116 militantem
651 3054 835 3133 Ecclesiam,
854 3057 886 3118 in
903 3066 1043 3121 sanctam
1061 3054 1223 3141 religio-C
1242 3057 1400 3134 homines,
1417 3057 1472 3138 qui
1494 3056 1574 3120 flatu
1601 3077 1659 3120 suo
1684 3058 1833 3134 adurunt,
1851 3058 1928 3139 quia
1953 3059 1986 3119 in

444 3171 527 3229 nem,
541 3153 573 3215 in
587 3153 849 3235 tranquillitatem
863 3156 1032 3232 internam,
1046 3160 1101 3221 ubi
1114 3170 1188 3223 sunt

444 3250 538 3313 rivuli
565 3251 741 3313 salubrium
768 3253 994 3333 doctrinarum,
1015 3256 1118 3321 fontes
1141 3280 1187 3322 sa·

443 3348 582 3431 pientiae,
597 3358 707 3431 utpote
719 3351 793 3414 libri
805 3353 985 3435 Scriptura,
1000 3366 1030 3419 et
1041 3358 1187 3421 doctores

442 3448 603 3523 catholici,
623 3450 861 3531 gratiarumque
886 3472 987 3534 aquae.
1005 3456 1046 3516 In
1064 3460 1187 3533 campis

442 3554 548 3609 autem
573 3547 731 3624 Ecclesia,
751 3550 809 3611 boc
830 3560 877 3613 est
899 3551 1100 3635 simplicibus
1125 3555 1187 3617 sin·

444 3646 590 3726 cerisque
612 3646 773 3725 cordibus,
790 3659 819 3709 et
839 3648 872 3710 in
897 3654 1068 3723 montibus,
1086 3654 1118 3715 id
1138 3663 1187 3717 est

445 3744 708 3827 contemplativis
718 3761 893 3825 erumpunt
904 3752 1090 3827 fluviorum
1099 3755 1188 3829 odys·

444 3846 484 3916 si,
516 3843 575 3906 boe
606 3852 654 3906 est
683 3844 885 3909 abundantiae
915 3848 1187 3912 illuminationum

445 3941 635 4020 coefestium,
647 3944 723 4025 quia
738 3962 811 4006 cum
828 3944 1029 4027 simplicibus
1041 3950 1188 4013 sermoci-

446 4039 531 4103 natio
548 4040 613 4103 Dci.
626 4041 682 4103 Est
697 4040 771 4104 item
789 4042 930 4107 Ecclesia
946 4053 1028 4107 terra
1043 4050 1196 4127 frumen.

446 4142 483 4208 ti,
499 4142 624 4209 bordei,
640 4161 678 4200 uc
693 4142 864 4201 uinearum
876 4162 886 4204 :
898 4143 974 4224 quia
989 4144 1189 4226 Evangelicae

1242 3175 1276 3218 se
1291 3154 1370 3237 ipsis
1381 3164 1456 3217 sunt
1471 3155 1558 3236 pleni
1574 3157 1687 3219 ardore
1703 3156 1877 3237 impictatis
1892 3164 1987 3237 atquc

1242 3254 1398 3330 libidinis,
1416 3262 1448 3317 et
1463 3254 1712 3317 allocutionibus
1732 3254 1798 3316 suis
1814 3256 1988 3335 suggestio

1243 3351 1634 3433 nibusquelascivisalios
1645 3352 1759 3415 vitiose
1770 3351 1984 3415 inflammant.

1243 3457 1322 3519 Sunt
1339 3455 1434 3517 etiarn
1452 3454 1485 3516 in
1502 3455 1619 3518 saeculo
1635 3454 1697 3518 isto
1718 3456 1915 3537 scorpiones,
1929 3457 1987 3518 boc

1242 3564 1291 3618 est
1320 3555 1520 3616 simulatores
1545 3562 1577 3616 ct
1601 3554 1708 3616 callidi
1739 3554 1930 3631 adulatores,
1956 3565 1988 3617 et

1242 3654 1386 3735 duplices
1411 3654 1516 3729 corde,
1534 3652 1588 3734 qui
1616 3652 1697 3716 facie
1721 3652 1940 3729 blandiuntur,
1957 3662 1988 3715 et

1243 3751 1350 3815 verbis
1380 3751 1583 3834 praetendunt
1613 3750 1770 3827 favorem,
1802 3752 1857 3813 sed
1887 3752 1987 3814 cauda

1243 3859 1398 3933 pungunt,
1416 3848 1491 3930 quia
1516 3858 1633 3912 nocent
1656 3849 1779 3912 occulte
1802 3858 1834 3911 et
1860 3849 1983 3926 fallunt,

1243 3951 1332 4031 juxta
1343 3948 1422 4009 illud
1431 3948 1586 4025 ieremias,
1598 3947 1718 4028 Sagitta
1734 3948 1918 4025 vulnerans,
1930 3949 1987 4010 lin·
2011 3970 2105 4016 renas.

1243 4067 1305 4129 gua
1320 4065 1441 4109 eorum.
1458 4047 1492 4108 lu
1513 4064 1568 4109 ore
1590 4064 1647 4109 suo
1665 4066 1775 4127 pacem
1790 4065 1864 4108 cum
1885 4046 1987 4108 emico

1244 4164 1300 4208 suo
1321 4145 1473 4225 loquitur,
1491 4153 1522 4206 et
1542 4144 1666 4207 occulte
1681 4144 1772 4225 ponit
1793 4143 1822 4205 ei
1841 4144 1985 4206 insidias,

444 4236 524 4317 legis
547 4238 691 4300 doctrina
707 4246 738 4301 et
761 4241 876 4303 veteris
892 4241 1084 4305 Testamenti
1108 4244 1227 4308 Scri-l)
1244 4244 1396 4325 Dipsades
1421 4261 1496 4307 vero
1522 4250 1597 4305 sunt
1621 4241 1754 4325 spiritus
1778 4242 1930 4319 avaritiae,
1955 4251 1986 4304 et

445 4344 548 4418 ptura,
576 4355 612 4398 ac
639 4336 814 4418 spiritualis
842 4339 1026 4420 jucunditas
1058 4341 1090 4403 in
1120 4343 1190 4425 ipsa

443 4433 622 4511 abundant3
636 4437 672 4495 in
687 4456 752 4515 quc
768 4445 843 4498 sunt
857 4442 950 4515 ficus,
961 4443 1189 4517 mologranato-

444 4551 480 4595 ac
495 4536 624 4605 oliveto,
638 4534 697 4597 hoc
712 4543 760 4596 est
776 4534 966 4599 refectiones
983 4538 1146 4616 virtutum,
1159 4548 1191 4603 et

444 4631 670 4697 delectationes
681 4634 900 4714 operationum
913 4636 1189 4713 bonarum,oleum

444 4730 565 4809 etmel,
584 4730 615 4795 id
631 4739 679 4795 est
694 4731 796 4811 pictas
811 4740 843 4795 et
862 4733 972 4796 dulcor
988 4734 1075 4816 pacis
1092 4734 1191 4797 inter-

446 4849 504 4893 nae.
529 4834 628 4909 (lujato
649 4833 771 4907 lapides
789 4832 917 4907 ferrum
938 4844 1025 4904 sunt,
1050 4833 1110 4897 hoc
1130 4843 1188 4913 est,

446 4926 560 4989 fideles
575 4945 728 5008 persona,
747 4946 785 4990 ex
805 4927 922 5008 quibus
945 4939 1127 4996 constructa
1143 4942 1191 4995 est

445 5022 596 5099 Ecclesia,
611 5024 642 5085 in
659 5024 820 5088 soliditate
836 5025 975 5090 fundatae
991 5038 1076 5106 sunt,
1088 5038 1118 5092 et
1133 5049 1192 5112 per

445 5120 629 5204 patientiam
651 5123 758 5186 omnia
780 5124 1001 5205 equanimiter
1020 5128 1189 5191 sustinent.

311 5236 429 5289 uncum
444 5220 534 5284 Unde
549 5222 587 5283 ad
605 5221 798 5286 Ezechielem
817 5221 968 5287 [lominus
984 5224 1048 5287 ait:
1066 5226 1104 5287 Ut
1118 5228 1193 5290 ada-

298 5302 318 5342 9.

446 5328 588 5384 mantem
604 5328 635 5384 et
651 5319 773 5385 silicem
792 5321 884 5403 posui
905 5331 944 5385 te.
964 5326 1006 5385 Et
1020 5327 1060 5384 de
1076 5327 1194 5385 monti-

1244 4344 1367 4405 daemon
1388 4340 1584 4418 ambitionis,
1602 4361 1638 4405 ac
1658 4361 1749 4405 vanae
1767 4340 1878 4421 gloriae
1900 4341 1988 4402 insti-

1244 4448 1344 4522 gator,
1369 4440 1425 4522 qui
1450 4440 1666 4503 occultissime
1691 4447 1814 4502 mentes
1837 4439 1988 4502 inficiunt

1245 4540 1309 4616 siti,
1322 4540 1382 4602 hoc
1394 4547 1442 4601 est
1457 4538 1614 4601 desiderio
1625 4538 1764 4621 pessimo
1779 4546 1986 4613 terrenomm,

1245 4637 1389 4719 appetitu
1404 4636 1546 4712 honoris,
1559 4644 1592 4698 et
1606 4644 1694 4699 motu
1710 4636 1911 4717 gloriationis
1926 4635 1989 4697 ina-

1246 4736 1307 4812 nis,
1321 4735 1365 4796 ita
1380 4742 1416 4796 ut
1431 4734 1484 4798 rix
1499 4735 1739 4817 deprehendant
1758 4753 1855 4816 quam
1871 4734 1939 4796 dire
1953 4753 1988 4795 ac

1246 4833 1444 4916 penetrativa
1467 4833 1632 4908 fedantur,
1651 4851 1710 4894 nec
1735 4832 1874 4894 sentiant
1899 4850 1990 4893 suum

1247 4930 1413 4993 interitum
1431 4948 1438 4992 :
1457 4930 1575 4993 ideirco
1591 4930 1727 4993 maxime
1743 4929 1921 5011 indigemus
1934 4948 1990 4990 au-

1247 5029 1324 5091 xilio
1350 5028 1486 5110 Spiritus
1512 5026 1618 5090 Sancti
1645 5027 1842 5110 praeservari,
1869 5027 1988 5101 curari,

1247 5127 1377 5191 defendi
1399 5147 1418 5189 a
1440 5126 1628 5190 vulneribus
1651 5145 1687 5188 ac
1703 5125 1790 5188 vitiis
1812 5124 1895 5199 istis,
1909 5125 1990 5207 jugi-

1248 5235 1360 5307 terque
1384 5244 1476 5288 orare
1501 5224 1664 5300 debemus,
1691 5233 1726 5285 ut
1748 5222 1793 5285 sic
1818 5223 1990 5306 eripiamur

1247 5325 1288 5387 ab
1303 5322 1360 5386 eis.
