4309 6259
605 526 782 572 arruooarro
803 526 835 571 ru
854 526 1104 574 anurnraucuuu.
1127 547 1168 556 —
1189 528 1259 573 aar.
1283 528 1325 573 vn
1674 510 1733 573 7l3

185 714 252 777 que
269 695 438 775 lindentia,
460 707 535 761 sunt
554 698 601 761 eis
615 699 655 761 ad
678 699 934 761 manducandum
948 695 973 757 A
989 697 1103 760 horum
1123 699 1220 775 deest,
1242 698 1450 781 spiritualiter
1472 698 1657 761 immundus
1672 706 1731 761 est.

184 812 350 858 concessa.
372 796 453 859 Sunt
473 796 560 859 enim
584 796 687 860 medie
702 798 935 879 complexiona—
988 796 1092 860 Pisces
1108 816 1235 879 quoque
1258 797 1411 861 habentes
1432 815 1581 879 squamas
1603 806 1634 859 et
1657 816 1733 879 pen·
1746 814 1880 865 narnus.

184 901 228 968 ta,
247 901 280 955 et
294 894 414 957 habent
428 895 578 957 humores
592 894 674 957 bene
689 895 838 977 digestos.
856 895 934 958 llam
989 896 1091 972 nulas,
1119 897 1229 958 mundi
1256 904 1371 960 crant:
1395 897 1470 977 quia
1495 915 1551 978 per
1576 895 1731 978 pennulas

183 992 273 1069 quod
290 1010 354 1054 uon
371 1000 446 1053 sunt
462 991 597 1053 nimium
619 993 761 1069 humida,
779 1001 934 1056 testantur
987 994 1226 1076 contemplatio,
1245 1014 1302 1078 per
1318 1014 1465 1077 squamas
1489 994 1632 1076 signatur
1647 1012 1733 1076 aspe

184 1089 336 1169 ungulam
353 1090 438 1171 quod
454 1098 560 1153 autem
579 1109 643 1153 nou
662 1100 736 1153 sunt
755 1090 852 1153 nimis
873 1099 935 1152 ter·
987 1091 1325 1174 rapoeniten‘tialisque
1341 1092 1416 1156 vita.
1760 1168 1763 1175 Ι

185 1186 311 1261 restria,
321 1196 409 1269 patet
423 1207 461 1251 ex
471 1188 531 1252 hoc
547 1190 632 1270 quod
648 1208 712 1252 non
727 1189 846 1251 habent
861 1208 934 1251 con·
1028 1191 1060 1251 ln
1077 1190 1286 1271 aquileram,
1308 1210 1379 1273 qua
1394 1192 1457 1255 alte
1471 1192 1566 1269 volat,
1585 1191 1733 1273 prohibe·

184 1284 310 1348 tinuam
327 1287 490 1366 ungulam.
508 1287 541 1349 lu
558 1287 699 1370 piscibus
715 1289 842 1350 demum
859 1306 934 1350 con·
988 1296 1039 1349 tur
1055 1289 1215 1371 superbia.
1239 1290 1272 1352 ln
1295 1291 1427 1372 grypho,
1445 1290 1501 1372 qui
1523 1290 1615 1372 equis
1636 1297 1733 1371 atque
1771 1365 1775 1373 Ι

184 1383 268 1445 cessi
294 1394 371 1446 suut
395 1385 441 1448 eis
466 1385 571 1467 pisces
596 1385 756 1462 sicciores
784 1404 932 1467 squamas
986 1387 1171 1449 homiuibus
1182 1388 1334 1451 molestus
1346 1397 1403 1466 est,
1422 1388 1610 1471 prohibetur
1620 1396 1732 1471 poten·

184 1482 409 1564 pennulasque
424 1483 589 1560 habentes,
606 1503 664 1566 per
677 1503 757 1565 quas
773 1484 812 1546 lit
827 1484 934 1547 mode·
987 1485 1066 1547 tium
1084 1486 1264 1549 crudelitas.
1288 1487 1322 1548 ln
1338 1486 1495 1563 halimeto,
1517 1486 1572 1569 qui
1589 1486 1732 1549 minimis

185 1587 254 1643 rata
269 1581 449 1663 complexio
464 1582 613 1664 piscium.
623 1582 704 1645 hves
719 1582 815 1645 etiam
831 1584 933 1663 magis
987 1584 1128 1665 pascitur
1142 1584 1267 1662 avibus,
1285 1585 1451 1665 signantur
1467 1585 1521 1667 qui
1538 1585 1732 1667 pauperibus

186 1686 382 1761 temperatae,
400 1689 475 1743 sunt
495 1681 542 1743 eis
562 1689 785 1759 concessant
806 1681 934 1763 gallina
987 1700 1098 1762 graves
1117 1683 1243 1744 suntin
1261 1682 1506 1761 milvo‚insidiis
1522 1691 1638 1760 utente,
1650 1682 1733 1764 ligu-

184 1784 218 1839 et
234 1777 469 1858 perdiceslllia
483 1780 598 1842 horum
615 1779 706 1855 ratio,
715 1780 836 1843 exstitit
850 1780 934 1843 dete
987 1789 1097 1843 rantur
1109 1780 1345 1843 fraudulentiln
1355 1782 1548 1864 vulturequi
1559 1780 1733 1845 exercitum

125 1906 128 1910 ·
185 1876 283 1939 statio
306 1876 505 1941 idololatriae.
522 1878 661 1941 Gentiles
682 1898 831 1960 namque,
855 1897 934 1961 prae
951 1878 1131 1960 Bsequitur
1154 1888 1189 1941 ut
1213 1879 1366 1942 cadavera
1388 1880 1517 1943 devoret
1541 1878 1730 1957 occisorum,

186 1976 299 2039 sertim
324 1976 478 2059 AEgyptii,
508 1977 591 2040 inter
615 1995 701 2059 quos.
720 1985 811 2041 erant
834 1978 933 2041 ludaei
988 1976 1223 2058 significantur,
1249 1978 1305 2059 qui
1334 1997 1441 2041 amore
1462 1978 1542 2042 lucri
1565 1978 1732 2042 hominum

187 2074 314 2153 nutriti,
331 2075 484 2138 animalia
498 2096 571 2158 quae
583 2075 700 2140 iudeis
719 2078 759 2139 ad
774 2077 934 2139 edendum
989 2094 1099 2139 necem
1115 2076 1370 2157 discordiamque
1392 2086 1574 2159 procurant.
1591 2076 1649 2139 Per
1667 2094 1734 2139 cor-

185 2192 340 2238 concessa
359 2183 445 2251 sunt,
463 2193 528 2238 non
552 2176 797 2253 manducabant,
819 2177 875 2238 sed
899 2185 936 2239 ut
987 2192 1056 2251 vos,
1072 2174 1129 2257 qui
1145 2174 1344 2255 voluptatum
1361 2174 1496 2238 libidine
1512 2175 1730 2255 denigrantur.

186 2274 264 2337 deos
280 2272 491 2349 colebant,'ut
506 2293 597 2338 ovem
614 2275 933 2338 ctbovemhliorum
987 2273 1044 2334 Per
1074 2272 1297 2349 struthionem,
1324 2272 1380 2354 qni
1406 2273 1553 2355 quamvis
1582 2273 1623 2335 sit
1652 2272 1731 2350 avis,

186 2391 264 2436 vcro
279 2390 352 2453 quae
365 2372 482 2435 ludaeis
500 2372 662 2455 prohibita
677 2372 814 2450 lucrant,
828 2372 935 2455 aliqua
988 2370 1096 2434 volare
1118 2378 1223 2432 tamen
1246 2382 1309 2433 non
1331 2370 1426 2448 valet,
1444 2372 1500 2434 sed
1516 2379 1607 2434 terrra
1631 2370 1734 2434 adha-

187 2470 409 2535 comcdebant.
433 2471 628 2535 Generaliter
652 2492 728 2537 vero
753 2471 934 2555 prohibitus
988 2476 1046 2546 ret,
1072 2469 1280 2549 designantur
1304 2470 1461 2547 homines,
1487 2470 1543 2552 qui
1569 2470 1644 2534 licet
1669 2470 1734 2533 sint

64 2586 172 2638 rea-mr,
187 2570 235 2633 cis
251 2568 314 2631 luit
335 2570 502 2651 sanguinis
524 2589 609 2647 esus,
625 2578 783 2653 quatenus
802 2571 935 2635 crudeli·
988 2568 1169 2642 rationales,
1196 2568 1259 2631 Deo
1284 2576 1389 2631 tamen
1415 2588 1479 2632 non
1502 2569 1652 2646 militant,
1678 2569 1733 2632 sed
1762 2590 1778 2634 u
1794 2592 1879 2643 rrum,

46 2648 174 2694 ¹⁰''⁴'⁰‘“‘·
188 2676 298 2745 tatem,
325 2668 524 2750 humanique
548 2669 715 2750 sanguinis
739 2670 934 2733 ellusionem
987 2665 1192 2729 sacularibus
1215 2666 1421 2748 implicantur
1441 2667 1588 2749 nogotiis.
1605 2668 1662 2730 Per
1677 2686 1733 2750 ny·
1748 2656 1768 2697 ⁴·

47 2723 77 2758 m,
88 2714 123 2762 lt;
136 2725 172 2762 xv,

47 2775 76 2816 2³«
187 2766 375 2843 horrerent;
399 2775 432 2829 et
451 2766 527 2848 quia
548 2767 724 2831 idololatra
744 2768 934 2849 sanguinem
987 2764 1187 2840 cticoracem,
1200 2764 1256 2845 qui
1280 2764 1312 2825 in
1333 2764 1385 2826 die
1407 2783 1471 2827 uon
1487 2765 1583 2839 videt,
1602 2767 1656 2829 sed
1680 2784 1734 2829 no

186 2864 427 2927 immolatorum
437 2865 681 2945 colligebant,et
690 2865 774 2930 circa
785 2886 857 2929 eum
869 2867 935 2930 ede
987 2869 1047 2938 cto,
1073 2862 1239 2941 signantur
1264 2862 1378 2942 quiin
1403 2863 1633 2945 temporalibus
1659 2872 1733 2925 sunt

186 2964 266 3027 bant
283 2982 290 3026 :
309 2972 439 3046 propter
462 2965 548 3045 quod
569 2965 721 3041 Dominus
745 2966 841 3047 jussit
865 2985 934 3028 san·
987 2961 1083 3038 acuti,
1100 2959 1134 3022 in
1150 2960 1370 3042 spiritualibus
1385 2970 1490 3024 autem
1507 2960 1621 3025 obtusi.
1635 2962 1733 3024 Larus

185 3063 318 3143 guinem
333 3061 473 3140 ellundi,
484 3071 514 3126 et
530 3064 662 3147 pulvere
676 3064 806 3146 operiri.
816 3064 933 3127 Eadem
949 3063 972 3126 G
987 3079 1062 3124 vero
1089 3078 1142 3123 eos
1171 3059 1290 3138 figurat
1316 3060 1372 3142 qui
1399 3060 1674 3124 circumcisionem
1701 3070 1732 3124 et

72 3173 171 3226 ιοωιι.
187 3160 312 3223 ratione
332 3179 397 3223 non
415 3160 507 3223 licuit
525 3161 572 3224 eis
592 3162 759 3224 comodere
775 3160 934 3224 suffocata
987 3158 1182 3240 baptismum
1195 3158 1290 3220 simul
1303 3158 1537 3222 honorantPer
1547 3159 1732 3241 accipitrem

49 3238 77 3277 ’θ’
186 3259 596 3341 etstrangulata,quoniam
608 3259 933 3338 sanguiseorumnon
987 3255 1215 3337 significantur
1240 3257 1296 3338 qui
1324 3256 1508 3337 potentibus
1534 3276 1629 3320 causa
1653 3274 1733 3338 prae-

186 3366 353 3441 separatur
368 3356 409 3420 ab
424 3357 566 3439 ipsorum
582 3357 786 3439 corporibus;
797 3359 847 3423 vel
858 3358 934 3439 quia
987 3354 1082 3416 dandi
1099 3354 1293 3417 deserviunt.
1307 3354 1365 3417 Per
1379 3354 1548 3432 bubonem,
1558 3355 1614 3436 qui
1631 3355 1663 3416 in
1680 3354 1732 3417 dic

186 3457 221 3519 in
248 3456 302 3518 tali
326 3454 435 3519 morte‘
450 3456 604 3519 animalia
622 3456 759 3519 multum
785 3456 934 3538 aliligun-
987 3453 1064 3516 latet
1087 3461 1119 3516 et
1145 3462 1236 3517 nocto
1259 3463 1402 3534 vagatur,
1424 3452 1580 3517 luxuriosi
1606 3454 1732 3533 signan-

186 3564 249 3632 tur,
263 3554 382 3618 idcirco
399 3555 500 3618 voluit
514 3574 569 3618 eos
584 3556 771 3619 Dominusa
793 3556 846 3618 tali
863 3575 935 3618 cru-
986 3559 1049 3613 tur.
1066 3552 1124 3615 Per
1140 3551 1330 3632 mergulum,
1343 3552 1399 3633 qui
1415 3552 1475 3615 suh
1491 3553 1582 3634 aquis
1599 3553 1653 3615 diu
1669 3572 1733 3616 mo

184 3653 316 3717 delitate
330 3652 837 3734 arcerecircabestias,quatenus
853 3654 934 3715 invi·
987 3659 1085 3726 ratur,
1103 3650 1218 3729 gulosi,
1235 3650 1291 3731 qui
1317 3670 1350 3713 se
1375 3650 1408 3713 in
1432 3651 1526 3732 aquis
1546 3652 1730 3715 deliciarum

50 3756 169 3812 riarum,
184 3770 255 3814 cem
267 3750 488 3813 misericordes
496 3750 820 3832 consisterenthdeps
830 3759 933 3814 autem
986 3748 1186 3829 demergunt.
1203 3749 1261 3810 Per
1284 3748 1415 3825 ibidem,
1440 3758 1576 3813 rostrum
1601 3750 1733 3829 longum

184 3848 231 3913 eis
248 3848 431 3930 prohibitus
447 3847 516 3923 luit,
526 3848 602 3929 quia
617 3848 792 3912 idololatra
805 3848 932 3929 adipem
986 3846 1168 3921 habentem,
1183 3855 1214 3909 et
1229 3865 1266 3910 ex
1287 3848 1489 3928 serpentibus
1506 3856 1632 3929 pastum
1647 3867 1732 3929 qua-

183 3948 393 4012 comederunt
408 3947 441 4009 in
458 3966 589 4011 suorum
604 3947 726 4010 honore
739 3947 883 4023 deorum,
901 3956 933 4011 ct
986 3944 1244 4025 rentem,signati
1260 3953 1334 4007 sunt
1349 3945 1526 4027 invidi,qui
1543 3966 1581 4009 ex
1595 3946 1730 4009 aliorum

182 4046 261 4128 quia
277 4045 478 4109 cremabatur
494 4046 534 4107 ad
551 4046 605 4109 Dei
622 4047 774 4109 honorem
790 4071 797 4122 ;
814 4047 932 4128 etquia
985 4042 1078 4104 malis
1093 4042 1185 4124 quasi
1197 4062 1235 4105 ex
1251 4043 1455 4126 serpentibus
1465 4043 1732 4108 reficiuntur.Pcr

182 4146 282 4227 adeps
297 4162 334 4207 ac
344 4144 475 4224 sanguis
491 4163 553 4207 non
570 4153 724 4223 generant
738 4144 857 4207 bonurn
876 4165 932 4208 nu·
984 4159 1119 4223 cycnum
1136 4142 1263 4203 candidi
1282 4142 1409 4219 coloris,
1427 4142 1578 4224 longique
1593 4143 1679 4219 colli,
1690 4143 1732 4204 si-

184 4242 384 4318 trimentum,
397 4250 432 4304 ut
442 4242 578 4305 adstruit
593 4242 694 4306 Rabbi
709 4242 839 4324 lloyses.
946 4246 971 4307 D
984 4246 1122 4319 guantur
1142 4239 1326 4321 hypocritae,
1340 4239 1395 4321 qui
1412 4259 1469 4324 per
1484 4241 1666 4323 apparentis
1683 4239 1730 4302 ni·

222 4341 319 4404 Porro
340 4340 420 4403 ratio
440 4339 586 4421 figuralis
610 4341 743 4403 istorum
764 4350 812 4405 est
830 4362 837 4406 :
857 4362 930 4405 nam
984 4344 1085 4400 torem
1107 4337 1240 4418 justitian
1262 4347 1386 4401 terrena
1411 4338 1501 4401 lucra
1523 4338 1728 4420 conquirunt.

183 4458 242 4522 pcr
251 4437 404 4502 animalia
419 4438 582 4520 prohibita
596 4438 815 4518 designantur,
823 4459 931 4503 secun·
984 4436 1040 4498 Per
1050 4436 1281 4513 onocrotalum,
1298 4436 1354 4517 qui
1371 4445 1418 4499 est
1428 4437 1495 4499 avis
1510 4436 1731 4513 orientis,lon-

183 4538 260 4600 dum
275 4535 502 4617 Augustinum,
520 4537 664 4617 quaedam
688 4537 931 4617 peccatavitan·
983 4553 1059 4614 gum
1085 4544 1223 4597 rostrum
1248 4534 1381 4611 habens,
1402 4544 1498 4615 atque
1523 4535 1556 4597 in
1583 4535 1730 4598 lancibus

58 4645 168 4701 ranna.
183 4634 234 4697 da.
253 4632 378 4695 Animal
395 4652 471 4713 ergo
491 4634 578 4714 quod
601 4634 752 4713 ungulam
776 4632 873 4696 lindit
893 4654 930 4697 ac
985 4632 1201 4709 lolliculos,in
1214 4632 1331 4713 quibus
1347 4632 1451 4715 primo
1466 4633 1573 4695 cibum
1591 4634 1728 4715 reponit,

184 4731 335 4807 ruminat,
354 4730 509 4792 mundum
526 4730 589 4793 luit
606 4748 613 4793 :
635 4730 786 4812 quoniam
803 4732 930 4813 ungulae
985 4750 1079 4811 quem
1096 4738 1167 4812 post
1183 4731 1292 4793 horam
1315 4730 1347 4792 in
1364 4740 1506 4795 ventrem
1530 4731 1727 4809 transmittit,

184 4831 281 4908 lissa,
289 4830 527 4893 distinctionem
542 4831 711 4911 designant
725 4831 862 4895 duorum
877 4832 931 4895 Te-
985 4830 1165 4911 ligurantur
1180 4830 1280 4907 avari,
1297 4830 1352 4911 qui
1370 4830 1555 4913 temporalia
1571 4829 1670 4892 nimia
1685 4830 1730 4892 di-

183 4936 426 5004 stamentorum,
444 4928 494 4993 vel
513 4929 613 4991 Patris
635 4937 667 4992 et
688 4928 771 5006 uitii,
787 4928 837 4991 vel
858 4930 930 4992 dua·
985 4929 1115 5008 ligantia
1131 4930 1306 4991 cumulant.
1323 4929 1380 4991 Per
1395 4928 1654 5012 porphyrionem,
1672 4929 1728 5010 qui

183 5046 253 5089 rum
266 5036 451 5089 naturarum
463 5028 496 5089 in
504 5027 636 5104 christu,
644 5027 931 5110 discretionemque
985 5037 1099 5109 praetor
1109 5028 1242 5090 aliarum
1254 5028 1361 5091 avium
1374 5030 1514 5105 modum,
1523 5028 1619 5091 habet
1630 5047 1728 5089 unum

183 5125 308 5188 boniet
332 5123 419 5186 mali.
440 5124 620 5189 Ruminatio
636 5134 742 5189 autem
768 5126 930 5206 significat
984 5127 1097 5208 pedem
1115 5127 1212 5189 latum
1235 5129 1274 5189 ad
1298 5129 1483 5204 natandum,
1501 5127 1598 5189 alium
1621 5125 1727 5188 lusum

182 5223 423 5287 meditationem
445 5223 690 5306 scripturarum,
709 5234 740 5288 et
761 5226 861 5287 altum
885 5226 930 5288 in·
983 5225 1258 5304 adgrediendum,
1276 5226 1308 5287 in
1328 5225 1559 5308 aquisuatans,
1584 5234 1729 5306 terraque

183 5321 345 5385 tellectum
361 5341 492 5397 aarum3
509 5322 700 5405 cuicumque
714 5342 788 5387 vcro
806 5323 928 5405 aliquid
984 5324 1162 5400 ambulans,
1176 5324 1232 5405 qui
1244 5325 1311 5388 solo
1327 5343 1434 5388 morsu
1451 5324 1543 5402 bibit,
1555 5334 1587 5388 et
1602 5342 1728 5387 omnem
