4309 6259
601 493 776 539 curamue
797 493 828 539 ur
850 492 917 539 aar.
941 492 1003 539 xxv
1025 492 1126 538 axoni.
1148 511 1189 522 -
1209 492 1280 537 sar.
1304 494 1321 538 n
1689 473 1728 537 53

33 680 157 730 aaran.
175 663 297 727 tabulae
322 664 414 745 lcgiS,
438 664 527 745 virga
542 664 658 742 Aaron,
676 673 707 728 et
727 682 808 727 urna
833 682 928 727 aurea
942 662 968 725 Α
984 666 1107 744 uiasque
1121 685 1222 742 supra
1232 685 1384 725 coronam
1394 684 1528 725 auream
1537 682 1598 741 per
1612 664 1728 722 circui·

176 762 302 825 habens
317 782 448 841 manna,
466 772 501 824 ut
516 763 633 826 dicitur
649 764 688 826 ad
703 763 850 827 Hebraeos
864 790 871 839 ;
885 762 928 824 ita
985 773 1053 824 tum
1069 783 1081 825 .·
1097 764 1250 845 qnoniam
1270 764 1414 827 Christus
1433 762 1534 844 gloria
1553 770 1586 825 et
1607 761 1727 823 honore
1753 778 1873 829 mma.

176 860 212 922 in
228 860 355 925 Christo
372 861 503 925 homine
524 862 655 925 luerunt
675 861 862 944 plenissime
877 862 928 923 de
982 868 1030 923 est
1046 872 1226 926 coronatus.
1244 864 1287 926 De
1301 882 1364 945 quo
1379 861 1525 945 praedixit
1539 861 1724 923 Psalmista:

176 960 325 1039 signatae,
347 979 405 1042 ρον
425 962 485 1023 tria
505 961 572 1038 illa,
591 960 741 1025 videlicet
762 960 929 1041 utriusque
983 960 1118 1023 Posuisti
1134 962 1168 1023 in
1188 962 1293 1044 capite
1312 963 1381 1043 ejus
1397 979 1546 1025 coronam
1563 961 1602 1023 de
1622 959 1728 1042 lapide
1747 974 1863 1026 eamr.

176 1058 375 1122 Testamenti
392 1060 536 1137 scientia,
547 1068 686 1143 potestas
697 1059 868 1142 praelatica,
881 1078 929 1121 νο
986 1058 1136 1142 pretioso.
1153 1060 1225 1123 Fuit
1240 1060 1326 1123 enim
1347 1080 1400 1123 rex
1416 1067 1447 1123 et
1462 1078 1606 1121 summus
1629 1078 1729 1121 sacer-

176 1156 277 1221 lectio
302 1157 488 1238 gratiarum.
505 1158 611 1235 Porro,
629 1177 686 1241 per
706 1176 813 1221 arcam
835 1157 929 1221 lsido·
985 1159 1053 1236 dos,
1071 1166 1104 1221 et
1127 1159 1228 1240 gloria
1248 1158 1406 1222 bcatilieae
1431 1157 1595 1221 fruitionis
1615 1157 1656 1219 ab
1679 1157 1728 1219 in-

176 1276 232 1318 rus
258 1255 413 1336 intelligit
428 1256 615 1333 Ecclesiam,
632 1275 670 1320 cx
690 1256 836 1339 personis
852 1255 929 1319 fide·
984 1258 1179 1321 carnationis
1204 1258 1334 1321 exordio
1357 1257 1562 1339 adimplet-ns,
1579 1255 1644 1318 imo
1665 1264 1730 1319 tota

176 1355 276 1432 libus,
300 1362 408 1419 mente
432 1363 465 1418 et
489 1374 621 1437 corpore
646 1356 850 1438 incorruptis,
874 1374 929 1420 seu
986 1357 1144 1439 capacitas
1170 1375 1235 1418 suae
1259 1356 1388 1433 animm,
1416 1355 1509 1418 donis
1532 1355 1642 1435 gratiae
1668 1353 1729 1416 luit

176 1454 393 1537 spiritualiter
428 1455 579 1536 integris,
611 1456 793 1518 adunatam.
825 1455 930 1518 Potest
985 1472 1116 1538 prorsus
1138 1456 1280 1537 impleta.
1298 1458 1340 1517 Et
1362 1466 1501 1535 quatuor
1515 1457 1650 1515 circutos
1675 1475 1730 1515 aa·

177 1554 257 1616 item
279 1572 337 1635 per
357 1572 463 1615 arcam
485 1552 622 1634 intelligi
648 1554 804 1636 templum
820 1554 875 1617 Dei
895 1554 928 1616 in
984 1576 1052 1617 reos
1068 1574 1081 1617 .·
1098 1574 1156 1637 per
1177 1573 1257 1635 quos
1281 1562 1418 1636 quatuor
1439 1552 1649 1632 Evangelistae
1674 1569 1730 1614 no

107 1728 111 1733 Ι
177 1651 403 1734 superioribus
427 1652 550 1716 viribus
570 1652 686 1716 anima
709 1652 931 1735 contemplati·
984 1662 1118 1717 tantur:
1141 1653 1196 1735 qui
1216 1661 1399 1735 pervectos
1419 1651 1548 1715 circulis
1569 1650 1727 1727 inductos,

177 1770 227 1813 vae
241 1768 248 1811 :
262 1770 335 1831 quae
355 1770 428 1813 arca
444 1769 482 1813 cx
492 1749 590 1832 lignis
608 1751 713 1829 setim,
726 1751 757 1813 id
776 1759 824 1814 cst
839 1750 930 1813 intel-
985 1754 1016 1816 id
1033 1762 1082 1816 est
1093 1771 1150 1835 per
1160 1752 1336 1834 discipulos
1347 1770 1421 1815 suos
1432 1750 1494 1813 sibi
1510 1749 1728 1831 incorporatos

178 1849 265 1912 lectu
281 1847 483 1912 deiformiter
498 1848 690 1927 illuminato,
707 1850 871 1913 voluntate
881 1869 930 1912 ve·
948 1851 1017 1915 Bet
1045 1849 1317 1913 affectuosissime
1340 1850 1480 1930 junctos,
1504 1849 1566 1911 hoc
1595 1856 1643 1910 est
1673 1866 1729 1929 per

176 1948 349 2011 hementar
368 1948 677 2024 accensa,memoria
693 1949 726 2011 in
746 1948 930 2011 coelestibus
986 1950 1149 2033 propriam
1165 1969 1201 2012 ac
1218 1949 1450 2031 discipulorum
1471 1966 1601 2011 suorum
1617 1946 1730 2030 praedi-

177 2046 335 2123 stabilita,
358 2046 567 2123 construitur,
590 2046 623 2108 in
651 2066 713 2128 qua
736 2056 801 2109 tota
821 2052 931 2129 super·
986 2049 1155 2125 cntionem,
1175 2066 1281 2111 arcam
1301 2046 1368 2124 Dei,
1388 2045 1539 2109 videlicet
1557 2044 1728 2123 Christum,

176 2145 367 2207 beatissima
383 2144 522 2207 Trinitas
541 2144 678 2209 libenter
699 2154 851 2209 moratur.
872 2147 931 2206 Cu·
985 2147 1269 2211 circumduxerunt
1280 2144 1598 2228 perqnatuormundi
1608 2143 1729 2225 plagas.

168 2245 233 2323 jus
245 2246 415 2321 longitudo
427 2244 541 2304 habeat
550 2247 632 2305 duos
643 2254 672 2305 et
687 2246 783 2305 semis
793 2246 931 2316 euchitas,⁸
1025 2249 1137 2309 Facies
1156 2256 1186 2307 et
1197 2247 1469 2324 propitiamrium
1483 2247 1522 2304 de
1539 2264 1619 2305 auro
1637 2264 1732 2304 mau-

179 2344 324 2403 latitado
350 2343 495 2403 cubitum
515 2352 544 2403 et
569 2344 772 2415 dimidium·
790 2346 931 2403 alu'tua'o
984 2344 1273 2408 dissimaChristus
1284 2342 1373 2407 omni
1383 2341 1580 2424 perfectione
1589 2341 1732 2422 etgratia

178 2458 311 2523 quoque
333 2440 542 2503 tantumdem.
560 2440 607 2503 Ad
626 2440 766 2503 litteram
786 2440 846 2503 ista
866 2460 931 2503 ma·
985 2444 1114 2526 penitus
1130 2443 1255 2526 plenuS,
1274 2461 1330 2525 per
1352 2442 1415 2504 duo
1436 2460 1491 2504 seu
1514 2459 1617 2523 pauca,
1636 2439 1731 2521 plene

176 2540 317 2619 gnitudo
333 2538 465 2601 sullecit
480 2558 560 2602 arcae
576 2540 615 2601 ad
632 2540 863 2614 continendam
881 2558 928 2618 ea,
986 2542 1165 2624 significari
1181 2559 1245 2604 non
1263 2540 1378 2624 potuit,
1397 2541 1452 2604 sed
1468 2558 1525 2623 ρον
1539 2538 1665 2601 diversa
1682 2547 1731 2601 cst

179 2646 314 2721 propter
338 2656 410 2719 quae
430 2638 624 2701 continenda
648 2646 696 2700 est
721 2637 815 2701 lacta.
833 2638 931 2721 Spiri-
986 2641 1156 2723 figuratus.
1173 2640 1251 2703 Nam
1266 2649 1299 2702 et
1317 2639 1386 2722 ipse
1401 2657 1458 2721 per
1473 2636 1730 2720 propitiatorium

179 2736 311 2799 tualiter
327 2754 403 2799 vero
419 2755 476 2818 ρον
491 2736 570 2799 duos
587 2737 713 2800 cubitos
728 2746 823 2818 atquc
839 2736 931 2799 dimi·
986 2748 1035 2803 cst
1049 2758 1229 2821 expressus.
1247 2738 1317 2820 lpse
1331 2736 1480 2820 equidem
1495 2745 1543 2800 est
1558 2736 1730 2798 advocatus
1758 2758 1876 2811 rumas,

178 2836 269 2898 dium
292 2834 505 2914 longitudinis
525 2854 617 2913 arcae,
641 2824 843 2915 significatur
867 2842 930 2897 tam
986 2846 1105 2915 noster,
1122 2846 1153 2900 et
1168 2836 1352 2918 propitiatio
1373 2853 1430 2916 pro
1446 2834 1584 2916 peccatis
1600 2831 1728 2897 nostris.
1745 2823 1794 2875 ¹⁸²
1869 2873 1871 2876 -

179 2933 325 2996 increata
340 2950 436 3013 quam
453 2940 558 2995 creata
582 2932 807 3013 longanimitas
823 2932 930 2995 Salva·
985 2937 1075 2999 Pater
1093 2954 1220 3017 quoque
1237 2934 1276 2997 de
1295 2952 1351 2998 orc
1368 2940 1400 2996 et
1419 2951 1476 3015 per
1495 2951 1531 2995 os
1551 2931 1622 3013 ejus
1643 2932 1731 2995 dedit

180 3033 270 3095 toris.
289 3032 347 3094 Ρον
367 3030 538 3094 dimidium
555 3049 630 3094 vero
652 3031 862 3111 longitudinis
878 3051 932 3095 cu·
949 3035 971 3099 C
987 3034 1079 3099 nobis
1105 3052 1268 3115 responsa,
1293 3038 1451 3113 praecepta
1475 3039 1506 3093 et
1528 3031 1729 3107 documenta,

179 3131 285 3193 bitum
302 3130 499 3210 designatur,
513 3131 598 3212 quod
610 3149 673 3193 non
691 3130 794 3193 solum
807 3130 931 3212 patiens
985 3135 1073 3216 juxta
1098 3131 1183 3214 quod
1203 3130 1357 3213 scriptum
1377 3137 1425 3191 cst
1442 3145 1449 3190 :
1466 3128 1643 3192 Novissime
1668 3128 1732 3191 dic
1744 3152 1877 3205 manaa

179 3250 217 3293 ac
233 3227 429 3309 longanimis
451 3226 524 3306 fuit,
541 3230 697 3310 quosdam
719 3229 932 3292 misericordi·
986 3234 1045 3295 hus
1066 3231 1137 3294 istis
1158 3230 1283 3294 locutus
1302 3237 1351 3293 est
1371 3228 1465 3292 nobis
1482 3227 1516 3290 in
1533 3226 1624 3291 Filio.
1641 3226 1731 3303 Unde

180 3336 228 3391 ter
243 3328 472 3403 convertendo,
491 3327 546 3389 sed
568 3326 664 3390 etiam
679 3328 795 3409 justus,
813 3326 931 3390 multos
986 3340 1018 3395 ct
1033 3330 1132 3392 Filius
1148 3336 1340 3412 protestatur
1357 3344 1364 3388 :
1383 3326 1471 3389 Sicut
1489 3325 1597 3390 docuit
1613 3344 1664 3389 me
1677 3326 1731 3388 Pa·
1753 3349 1878 3403 romam,

179 3426 265 3508 juste
286 3426 552 3507 derelinquendo.
569 3426 700 3508 Propter
719 3426 805 3507 quod
825 3425 929 3488 dixit:
986 3439 1044 3507 ter,
1067 3428 1114 3491 sic
1135 3428 1259 3509 loquor.
1283 3426 1411 3507 ldeaque
1430 3424 1575 3487 doctrina
1596 3441 1661 3487 non
1683 3432 1731 3486 est
1744 3414 1868 3464 ‘⁸³⁸¹l'l·

100 3561 165 3595 aa..
180 3526 271 3589 Nunc
285 3525 444 3607 judicium
460 3534 508 3587 cst
522 3525 645 3587 mundi.
658 3525 715 3587 Per
729 3525 873 3587 cubitum
890 3525 932 3587 la·
987 3547 1067 3605 mea,
1085 3527 1140 3589 sed
1149 3526 1226 3607 ejus
1241 3524 1296 3606 qui
1312 3524 1472 3587 misitme.
1484 3523 1637 3586 Praeterea
1647 3542 1732 3604 quae-

63 3642 69 3651 ·
181 3624 344 3700 titudinis,
361 3622 551 3705 exprimitur
573 3624 688 3686 caritas
705 3623 790 3687 circa
810 3624 929 3698 [leum3
986 3626 1013 3688 ri
1032 3633 1146 3708 potest,
1163 3622 1300 3705 qualiter
1315 3642 1388 3684 arca
1406 3620 1609 3703 operiebatur
1625 3620 1732 3703 propi-

179 3742 238 3805 per
261 3721 446 3799 dimidium,
467 3721 583 3783 caritas
607 3722 647 3783 ad
672 3722 818 3785 homines
836 3740 842 3784 :
860 3740 931 3803 quae
986 3723 1125 3799 tiatorio,
1143 3722 1170 3784 si
1187 3740 1243 3804 ρον
1259 3729 1431 3802 utrumque
1445 3719 1589 3782 Christus
1606 3718 1732 3799 signifi-

181 3830 318 3903 utraque
348 3820 381 3882 in
407 3820 533 3883 Christo
563 3819 626 3881 fuit
651 3820 848 3902 plenissima.
874 3820 931 3883 Per
986 3832 1086 3887 catur.
1104 3821 1142 3882 Et
1157 3818 1425 3901 respondendum,
1441 3818 1527 3899 quod
1542 3816 1730 3881 Christusin

179 3918 405 3995 altitudinem,
439 3918 620 3981 sublimitas
651 3918 931 4001 contemplationis
985 3929 1141 4004 quantum
1164 3919 1256 3996 Deus,
1275 3917 1362 3995 texit,
1380 3916 1528 3999 protexit,
1545 3923 1577 3980 et
1596 3915 1678 3979 rexit
1697 3934 1731 3979 se

181 4020 214 4081 in
231 4019 315 4102 ipso,
333 4019 379 4081 ite
394 4025 430 4080 ut
446 4036 502 4099 per
522 4017 666 4080 cubitum
686 4017 865 4080 altitudinis
881 4037 932 4081 ac·
986 4022 1092 4104 ipsum
1107 4018 1282 4083 secundum
1297 4017 1383 4098 quod
1399 4016 1494 4080 homo
1509 4024 1567 4078 est.

180 4118 320 4201 cipiatur
339 4115 497 4180 celsitudo
519 4115 798 4199 contemplationis
817 4116 932 4179 animae
1027 4125 1114 4180 Duos
1129 4136 1252 4199 quoque
1264 4117 1434 4178 Cherubim
1444 4134 1567 4176 aureae.
1579 4114 1637 4178 Per
1651 4133 1730 4198 quos

179 4216 298 4281 Christi
310 4216 396 4279 circa
411 4215 589 4278 increatum
605 4215 783 4296 objectum3
798 4234 855 4297 per
870 4234 932 4278 mc·
948 4218 972 4279 D
986 4218 1182 4299 designatur,
1195 4214 1280 4297 quod
1295 4232 1407 4278 omncs
1423 4212 1529 4277 Sancti
1539 4213 1664 4276 Christo
1675 4213 1732 4275 rni-

180 4317 270 4379 dium
294 4314 441 4378 cubitum
465 4313 655 4391 altitudinis,
673 4334 753 4396 apex
775 4334 840 4377 sua
859 4334 931 4378 con·
986 4318 1135 4393 nistrant,
1152 4323 1184 4378 ct
1196 4313 1339 4377 universi
1355 4312 1539 4376 deserviunt
1560 4312 1601 4390 ci,
1619 4331 1731 4376 secun-

181 4412 403 4497 tamplationis
418 4413 504 4476 circa
519 4413 644 4494 objecta
659 4422 774 4476 creata.
986 4417 1061 4478 dum
1074 4414 1161 4496 quod
1176 4413 1221 4475 ait
1233 4430 1240 4474 :
1250 4411 1408 4475 Videbitis
1419 4410 1549 4492 angelos
1561 4412 1731 4474 ascenden·
1751 4438 1875 4490 rsa„,51,

221 4518 265 4577 ut
276 4514 453 4574 deaurabis
467 4534 538 4573 eam
555 4531 636 4573 aare
653 4514 866 4573 mundissimo
882 4515 932 4575 iu·
986 4523 1033 4577 tcs
1049 4521 1080 4576 ct
1096 4512 1326 4575 descendentes
1341 4528 1436 4591 super
1445 4509 1561 4571 Filium
1577 4509 1728 4574 hominis

181 4625 233 4675 tus
257 4624 288 4675 et
307 4614 402 4689 foria.
429 4610 486 4673 Per
510 4610 596 4691 quod
623 4610 819 4690 designatur,
846 4612 930 4692 quod
986 4612 1156 4695 Apostolus
1178 4628 1306 4692 quoque
1328 4626 1335 4669 :
1359 4608 1500 4671 Aderant
1521 4627 1594 4671 eum
1619 4626 1730 4674 ornnes
1759 4637 1875 4688 neam.

179 4709 299 4775 Christi
316 4708 499 4771 humanitas
516 4707 578 4771 luit
588 4708 774 4791 plenissime
785 4710 932 4772 decorata
986 4710 1091 4790 angeli
1116 4707 1182 4772 [lei.
1199 4708 1256 4770 Per
1281 4707 1342 4770 hoc
1364 4707 1492 4769 demnm
1514 4708 1599 4788 quod
1614 4707 1731 4772 Cheru-

181 4809 271 4873 omni
293 4806 486 4871 charismate
509 4806 703 4883 divinorum,
721 4807 861 4870 caritatis
883 4828 932 4871 ar·
986 4810 1053 4873 bim
1069 4827 1103 4871 se
1118 4815 1230 4869 mutuo
1245 4806 1469 4888 adspexerant,
1480 4805 1730 4889 innuitur,quod
1810 4866 1814 4873 .

181 4909 270 4985 dore,
293 4904 461 4989 sapientiae
483 4904 647 4979 claritate;
672 4913 703 4968 et
724 4903 813 4982 loris,
831 4926 933 4969 exem·
987 4908 1089 4971 sancti
1114 4904 1219 4986 angeli
1250 4924 1284 4968 se
1313 4904 1451 4968 invicem
1476 4904 1653 4969 clarissime
1677 4926 1732 4971 no

183 5006 368 5090 plerissima
398 5004 656 5081 conversatione,
689 5003 932 5085 incomparabili
988 5013 1081 5069 scunt
1096 5025 1132 5068 ac
1151 5005 1325 5079 intuentur,
1336 5011 1368 5066 et
1383 5021 1540 5065 summam
1556 5003 1733 5067 sortiuntur

183 5103 381 5179 maturitate,
403 5102 598 5183 eloquentia,
626 5102 738 5183 signis,
766 5103 931 5185 prodigiis,
988 5106 1192 5169 concordiam
1208 5112 1303 5185 atque
1319 5101 1536 5165 inviolabilem
1549 5104 1733 5185 pacemht-

184 5204 364 5285 gratiisque
384 5199 533 5265 diversis.
551 5200 692 5264 Ecclesia
711 5219 840 5283 qnoque
855 5203 936 5264 mul·
990 5214 1096 5268 tamen
1117 5224 1151 5267 se
1166 5202 1317 5265 viderunt
1334 5200 1476 5266 vultibus
1494 5201 1528 5263 in
1547 5201 1733 5284 propitiato

145 5376 149 5381 1
186 5300 340 5384 tipliciter
361 5298 456 5364 donis
477 5298 637 5381 praetactis
662 5306 774 5361 ornata
799 5308 856 5362 est.
874 5306 935 5363 Fu
990 5304 1075 5366 rium
1091 5302 1204 5381 versis,
1217 5300 1371 5383 qnoniam
1387 5300 1488 5365 multo
1504 5301 1668 5380 directius,
1681 5301 1734 5364 de·
