4309 6259
564 504 737 553 autumno
758 503 789 550 ur
810 504 878 550 cnr.
902 502 934 549 ur
955 502 1150 549 uuuanonuu.
1174 521 1214 530 —
1234 502 1305 548 aar.
1328 501 1381 548 xri
1681 484 1741 548 tot

192 678 259 740 ctio
274 686 330 740 tua
344 696 440 761 super
455 695 585 739 manum
596 676 757 738 dexteram
775 683 872 750 tuam,
883 673 942 735 hoc
957 672 982 732 Α
997 681 1084 735 textu
1099 674 1139 735 de
1158 671 1366 735 observandis
1386 672 1419 734 in
1439 691 1496 735 esu
1515 671 1590 751 agni
1611 672 1741 753 pascha-

191 784 242 838 est
259 776 331 857 plus
348 795 444 857 quam
461 776 588 838 dextera
604 773 746 848 tuallel,
760 772 861 854 Super
876 771 943 833 ani·
998 773 1048 850 lis,
1067 773 1175 835 habita
1197 781 1271 835 sunt
1291 773 1324 834 in
1341 772 1448 836 Exodo
1469 781 1563 854 atque
1585 773 1738 855 exposita.
1769 791 1887 835 nmio.

192 893 246 935 rna
262 874 414 949 hominis,
429 873 461 935 id
476 880 525 935 est
539 891 577 936 ex
594 873 654 934 ltoo
670 871 754 952 quod
773 870 943 948 tetigerunt
997 871 1087 934 Circa
1108 872 1175 934 haec
1197 871 1311 951 quaerit
1325 872 1533 952 Augustinus,
1550 871 1628 952 quid
1651 888 1742 951 agen·

193 972 360 1034 hominem
377 981 550 1048 mortuum,
561 970 720 1052 privatum
736 967 885 1031 uidelicet
900 967 944 1029 ri·
998 970 1074 1031 dum
1093 968 1206 1031 luisset
1220 969 1321 1046 ei,oui
1339 978 1371 1032 et
1386 971 1527 1033 secundo
1543 989 1653 1032 mense
1670 969 1742 1032 talis

194 1078 227 1130 ta
242 1089 298 1132 seu
320 1069 438 1132 anima.
457 1069 571 1130 Anima
596 1085 734 1148 namque
761 1065 944 1146 frequenter
999 1067 1204 1130 immunditia
1232 1067 1416 1146 contigisset
1438 1093 1445 1144 ;
1474 1076 1506 1130 et
1534 1067 1742 1133 conformiter

193 1188 254 1251 pro
278 1177 344 1232 toto
366 1169 497 1230 homine
519 1167 666 1228 sumitur.
688 1170 793 1234 Quare
808 1168 945 1243 framin-
999 1167 1098 1246 quatri
1116 1167 1268 1247 potestde
1283 1166 1744 1248 alicimpedimentonldquod

194 1288 272 1327 inm
288 1278 325 1328 ut
341 1288 404 1328 raon
420 1271 586 1327 unicornus
601 1267 804 1334 oblationem,
821 1264 882 1326 hoc
898 1271 946 1325 ost
1000 1265 1196 1346 Augustinus
1211 1266 1381 1347 respondet
1399 1283 1405 1328 :
1422 1266 1501 1328 Puto
1521 1267 1605 1347 quod
1624 1266 1745 1330 dietum

191 1384 314 1446 agnum
331 1366 649 1448 paschalem,offerre
665 1367 802 1424 Domino
819 1365 855 1422 in
873 1372 946 1422 min·
1000 1374 1045 1426 est
1063 1366 1103 1428 de
1122 1383 1232 1428 mense
1253 1365 1403 1441 secundo,
1421 1372 1572 1446 tanquam
1594 1365 1745 1443 regulari-

190 1487 272 1542 pora
286 1487 344 1526 suo
359 1465 424 1545 jam
445 1467 643 1526 memoratot
659 1463 750 1543 quasi
771 1461 889 1536 dicant,
908 1460 947 1522 ls·
1002 1471 1048 1525 ter
1066 1462 1164 1526 luisse
1184 1464 1385 1538 serrandum,
1403 1473 1438 1525 ut
1456 1463 1548 1526 tertio
1564 1463 1747 1525 obseruare·

196 1566 254 1626 tud
282 1564 400 1626 durum
425 1563 552 1624 videtur
583 1561 687 1623 nobie.
715 1560 829 1642 Sieque
855 1557 946 1640 quasi
1002 1570 1062 1623 tur.
1081 1562 1142 1623 Aut
1158 1561 1241 1624 forta
1256 1562 1283 1623 si
1300 1562 1416 1642 pascha
1434 1581 1498 1624 non
1514 1561 1662 1640 egissent,
1682 1580 1745 1625 uon

196 1662 357 1738 mirando,
377 1661 584 1739 indignando,
601 1667 656 1721 aut
672 1658 871 1740 querulando
887 1657 947 1719 hoc
1003 1660 1209 1742 pertinuisset
1229 1660 1269 1721 ad
1291 1660 1430 1742 eulpam.
1453 1660 1517 1722 lloc
1540 1668 1587 1721 est
1608 1661 1692 1740 quod
1714 1659 1746 1720 in

193 1759 483 1842 dicunt,quoniam
502 1758 573 1820 talis
590 1757 793 1820 immunditia
809 1775 873 1820 non
887 1755 948 1817 luit
1003 1757 1196 1820 Scholastica
1216 1756 1317 1820 lertur
1339 1758 1495 1822 historia:
1517 1757 1603 1833 Quod
1628 1759 1667 1821 de
1682 1777 1747 1822 uno

194 1859 368 1940 impuritas
384 1857 487 1939 culpae
502 1875 639 1939 semper,
658 1856 714 1918 sed
734 1854 948 1935 irregularitas
966 1861 1112 1922 Bmense
1128 1857 1248 1918 dietum
1264 1864 1322 1933 est,
1341 1856 1488 1920 similiter
1508 1857 1541 1918 in
1563 1857 1635 1920 aliis
1656 1858 1749 1919 datur

194 1958 357 2038 quaedam,
375 1975 438 2038 qua
457 1956 496 2017 ad
519 1964 644 2036 tempus
666 1954 949 2036 proltibebautura
1003 1955 1150 2034 intelligi.
1169 1955 1223 2019 Vel
1251 1954 1342 2031 forte,
1370 1955 1396 2017 si
1422 1952 1636 2038 deinceps'eo
1663 1973 1749 2018 anno

196 2054 310 2138 templi
328 2056 485 2135 ingressu,
503 2053 801 2134 sacrificiorumque
822 2071 878 2114 esu
893 2069 900 2112 :
918 2059 949 2113 et
1004 2073 1068 2116 non
1084 2053 1213 2130 laceret,
1232 2072 1296 2116 non
1317 2064 1472 2137 peccaret.
1490 2057 1531 2116 Si
1549 2058 1623 2135 quis
1639 2065 1747 2116 nutem

196 2155 304 2238 potuit
331 2153 571 2229 inevitabiliter,
587 2160 642 2215 aut
663 2152 759 2214 etiarn
783 2171 821 2214 ex
843 2150 896 2231 pia
918 2158 950 2212 et
1004 2156 1148 2213 ineundus
1171 2163 1227 2223 est,
1243 2163 1274 2213 et
1299 2155 1335 2212 in
1360 2155 1476 2213 itinere
1500 2173 1564 2214 non
1589 2156 1703 2232 fuerit,
1719 2164 1749 2216 et

197 2253 366 2316 meritoria
383 2270 478 2314 causa
498 2250 667 2334 provenire
689 2249 894 2312 immunditia
914 2247 950 2308 il-
1005 2261 1111 2311 tamen
1127 2270 1191 2312 non
1205 2251 1318 2327 fecerit
1333 2252 1449 2321 Pteme,
1470 2251 1576 2327 idest,
1600 2252 1655 2332 qui
1676 2251 1747 2315 sine

198 2353 242 2430 la,
260 2361 296 2414 ut
318 2371 357 2414 ex
380 2350 543 2432 sepultura
564 2356 732 2431 parentum
755 2345 949 2429 aut'paupe-
1005 2347 1148 2430 legitimo
1171 2349 1399 2430 impedimento
1421 2349 1565 2412 omiserit
1588 2349 1680 2427 illud,
1697 2372 1749 2412 eu-

56 2493 59 2506 .
87 2487 143 2522 ....,
163 2476 182 2514 a.
198 2471 284 2513 rum.
302 2450 392 2512 Unde
413 2447 560 2510 laudatur
580 2446 706 2522 TobiaS,
727 2455 758 2508 et
782 2455 887 2508 tamen
909 2444 953 2516 ob,
1006 2451 1245 2509 terminabitur.
1263 2448 1339 2510 Nam
1355 2457 1386 2512 et
1406 2468 1463 2530 per
1479 2447 1701 2513 infirmitatem
1717 2459 1749 2513 et

198 2567 271 2612 ram
288 2545 432 2629 oportuit
451 2551 572 2627 septem
593 2543 705 2606 diebus
724 2542 889 2626 purificari
906 2561 951 2605 se·
1005 2547 1221 2627 captivitatem
1251 2555 1306 2610 aut
1334 2548 1428 2610 aliam
1457 2548 1749 2630 impossibilitatem

198 2648 342 2711 eundum
370 2645 484 2726 legem.
502 2644 553 2706 Sic
575 2652 607 2706 et
629 2643 662 2705 in
682 2643 866 2722 evangelica
882 2643 950 2722 lege
1007 2654 1129 2727 poterat
1144 2646 1505 2725 excusariPereprinua
1520 2653 1750 2728 quoqiteetad-

198 2747 395 2828 quandoque
416 2742 631 2824 irregularitas
651 2743 795 2823 quaedam
817 2741 951 2804 incurri·
1006 2766 1088 2806 cena
1110 2748 1140 2805 si
1159 2747 1262 2822 suerit
1284 2750 1375 2822 opud
1397 2767 1460 2817 vos,
1487 2746 1519 2809 id
1545 2755 1604 2824 est,
1628 2747 1683 2828 qui
1709 2749 1748 2810 ad

199 2856 253 2908 tur
268 2865 307 2907 ex
322 2863 419 2906 causa
436 2861 499 2905 non
515 2842 673 2918 mala,aut
689 2840 785 2903 etiam
802 2859 839 2903 ex
855 2859 951 2923 opere
1003 2843 1201 2905 ludaismum
1216 2862 1388 2906 conversus
1408 2842 1517 2921 luerit,
1539 2852 1571 2907 et
1592 2845 1674 2908 inter
1691 2867 1747 2910 ros

194 2946 298 3026 justo,
315 2941 399 3004 sicut
415 2959 452 3002 ex
467 2939 617 3018 bigamia,
634 2947 666 3000 et
682 2939 949 3002 condemnatione
1005 2941 1207 3017 habitaverit,
1224 2943 1328 3018 sucini
1343 2942 1611 3022 Plinsedegitimo
1626 2964 1748 3009 cessan-

197 3041 429 3120 oceisioneque
451 3037 497 3100 rei
519 3037 696 3100 seeundum
717 3037 799 3117 juris
826 3055 950 3117 preces·
968 3039 989 3101 C
1004 3049 1035 3103 te
1050 3039 1223 3103 obstaculo.

198 3159 284 3202 sum.
303 3139 428 3208 Quibus
449 3137 614 3214 respondit
631 3137 755 3212 Moyses
770 3156 781 3194 .·
797 3139 898 3206 State,
917 3134 949 3196 id
1043 3141 1153 3216 Ipitur
1173 3141 1227 3198 die
1247 3160 1313 3218 qua
1334 3150 1472 3201 erectum
1493 3151 1538 3202 est
1561 3145 1749 3205 tabernacu-

196 3249 247 3303 est
269 3243 462 3320 exspectate,
485 3247 521 3296 ui
545 3239 724 3307 consulam,
742 3235 802 3297 hoc
828 3243 887 3311 est,
909 3234 949 3296 ab
1005 3242 1085 3310 lum,
1101 3240 1229 3315 operuit
1243 3239 1331 3297 titud
1346 3241 1452 3299 nubes.
1470 3239 1616 3302 Erectum
1632 3250 1681 3304 est
1696 3262 1748 3305 uu·

194 3336 314 3418 angelo
331 3334 412 3396 mihi
428 3333 554 3396 assidue
570 3341 743 3415 apparente
755 3352 897 3413 quaram
913 3352 950 3395 ac
1005 3345 1068 3400 tero
1088 3335 1192 3418 primo
1207 3335 1260 3398 die
1275 3336 1369 3417 primi
1387 3337 1506 3399 mensis
1520 3339 1597 3400 anni
1614 3341 1746 3403 secundi
1763 3353 1893 3404 namma.

197 3437 329 3509 docear,
338 3435 420 3513 quid
428 3432 600 3509 praecipiat
611 3433 771 3492 Dominus
783 3429 815 3492 in
826 3431 887 3494 hoo
903 3451 951 3494 oa·
1004 3434 1044 3497 ab
1065 3435 1151 3497 exitu
1173 3434 1212 3495 de
1227 3434 1371 3516 AEgypto,
1389 3442 1424 3495 ut
1446 3435 1479 3496 in
1495 3436 1602 3501 Exodo
1618 3437 1745 3519 legitur.

196 3538 293 3596 sude
309 3534 408 3593 'nebia
427 3530 545 3610 Nempe
563 3529 715 3592 llominus
739 3529 793 3609 qui
814 3529 950 3592 contulit
1005 3533 1186 3613 Eodemque
1197 3551 1307 3594 mense
1315 3531 1408 3612 jussit
1421 3533 1572 3596 Dominus
1582 3555 1653 3616 quae
1663 3557 1748 3601 nunc

198 3635 316 3714 legem,
342 3628 458 3700 habuit,
478 3627 682 3709 interpretari
707 3627 872 3702 eamdem3
892 3647 950 3690 nec
1006 3633 1038 3693 ln
1069 3631 1130 3694 isto
1155 3639 1229 3693 sunt
1253 3631 1338 3693 diota
1363 3631 1504 3714 capitulo
1530 3651 1538 3694 ε
1564 3653 1606 3696 an
1638 3645 1742 3698 umen

196 3733 240 3794 dc
263 3730 324 3793 hoc
348 3727 450 3792 voluit
470 3725 590 3809 lloyscs
613 3725 827 3789 intromittere
850 3745 883 3790 se
904 3727 952 3788 in-
1005 3731 1116 3794 eodem
1141 3729 1204 3806 die,
1218 3747 1281 3791 non
1307 3729 1521 3794 stituerunt
1545 3751 1621 3812 ergo
1647 3735 1748 3796 nubes

196 3839 304 3905 caute,
323 3827 380 3890 sed
396 3825 511 3888 detulit
527 3823 712 3904 legislatori.
741 3883 743 3886 .
1005 3847 1076 3910 qua
1100 3828 1213 3908 angelo
1243 3836 1364 3891 motore
1388 3847 1425 3891 ac
1455 3839 1583 3909 regente
1612 3833 1749 3914 praebuit

240 3933 447 4006 Locutusqua
469 3934 514 3985 est
539 3925 699 3985 Dominus
723 3926 767 3984 od
790 3926 923 4000 Moysen
940 3945 951 3984 .·
1006 3926 1155 3990 israelitis
1170 3927 1369 4003 duoatum‚et
1384 3926 1431 3989 eis
1442 3927 1539 3990 indie
1553 3939 1663 3994 contra
1673 3933 1750 3996 solis

198 4031 305 4090 Homo
320 4026 381 4105 qui
394 4025 498 4101 suerit
513 4024 706 4084 immundus
726 4042 822 4099 supin
837 4025 951 4084 anima
1005 4025 1150 4087 ardorem
1167 4021 1243 4084 lecit
1257 4021 1492 4100 umbraculum,
1506 4025 1631 4106 operuit
1646 4029 1750 4092 taber·

195 4127 355 4196 hominis,
371 4125 440 4183 sive
456 4125 491 4182 in
513 4123 567 4182 via
583 4124 710 4199 procui,
729 4119 761 4182 id
783 4127 832 4182 est
854 4120 887 4181 in
907 4120 952 4184 di·
1006 4121 1166 4196 naculum,
1183 4121 1222 4182 ad
1247 4118 1475 4188 insinuandum
1501 4141 1596 4203 quam
1621 4135 1750 4209 accepta

196 4222 319 4286 stantia
344 4230 433 4284 extra
457 4221 543 4283 riam
564 4219 707 4282 liliorum
729 4219 834 4280 lsrael.
856 4219 951 4283 Porro
968 4222 993 4285 D
1009 4219 1106 4283 luerit
1129 4219 1191 4293 Deo
1217 4217 1414 4282 tabernaculi
1442 4219 1529 4282 illius
1553 4225 1748 4289 constructio

197 4322 288 4404 quod
312 4319 472 4397 subditur,
490 4321 634 4397 ingente
649 4329 753 4379 vestro
771 4335 834 4380 non
854 4317 950 4380 estin
1006 4327 1101 4401 atque
1116 4316 1245 4379 erectio.
1264 4320 1292 4377 Α
1310 4336 1435 4394 vmpere
1450 4329 1559 4380 autem
1572 4341 1667 4398 super
1683 4333 1749 4384 ten-

197 4421 346 4496 Hebraeo,
363 4426 476 4499 estque
498 4416 701 4480 referendum
722 4417 761 4478 ad
782 4416 874 4493 illud,
892 4417 953 4480 Ho-
1007 4419 1140 4484 terium,
1156 4413 1188 4476 id
1213 4422 1378 4496 estsuper
1400 4415 1640 4480 tabernaculum
1664 4421 1749 4501 quod

199 4538 268 4596 mo,
286 4527 323 4580 ut
338 4517 380 4580 sit
396 4535 508 4579 sensus
527 4533 533 4577 :
556 4515 656 4579 llomo
674 4514 707 4576 in
724 4523 818 4595 gente
834 4524 950 4593 vestra,
1007 4522 1074 4577 erat
1089 4511 1180 4594 quasi
1194 4521 1333 4575 castrum
1349 4521 1381 4574 et
1396 4513 1568 4576 tentorium
1579 4516 1634 4579 Dei
1649 4525 1680 4580 et
1696 4518 1750 4582 ha-

200 4619 264 4682 hoc
295 4625 343 4679 est
374 4616 470 4678 homo
497 4615 653 4677 exsistens
682 4615 721 4676 de
751 4613 869 4695 populo
901 4633 953 4677 ve-
1007 4611 1182 4675 bitaculum
1207 4611 1287 4692 ejus,
1313 4621 1383 4672 erat
1407 4614 1503 4690 quasi
1526 4617 1641 4690 species
1663 4618 1751 4694 ignis

200 4715 406 4780 strenuitas
422 4716 527 4775 Pbose
543 4715 680 4774 Domino
696 4733 801 4772 mense
815 4715 952 4772 securtdo
1007 4733 1106 4792 usquc
1120 4714 1163 4771 ad
1183 4731 1289 4771 muna.
1306 4710 1383 4772 Nam
1405 4709 1505 4773 nubes
1526 4711 1560 4773 in
1581 4732 1645 4776 una
1661 4724 1750 4796 parte

200 4814 302 4898 primi
324 4813 412 4889 anni,
430 4812 677 4891 quartadecima
697 4813 751 4870 die
773 4813 890 4871 mensis
906 4829 954 4873 se·
1008 4817 1146 4872 suaerat
1162 4809 1262 4871 instar
1278 4808 1457 4888 igniselara
1472 4816 1503 4871 et
1519 4809 1680 4888 lucens,et
1696 4814 1753 4877 illa

198 4911 399 4993 eundi,quia
416 4920 491 4972 tuno
507 4917 649 4971 servatur
665 4909 774 4972 eadem
791 4908 954 4972 hora.Sic-
1009 4927 1082 4989 pars
1098 4915 1162 4970 tota
1178 4916 1270 4969 nocte
1280 4926 1375 4989 super
1391 4908 1605 4970 sanctuarium
1621 4931 1753 4993 appare·

198 5031 266 5094 que
289 5009 444 5073 Dominus
470 5009 542 5089 plus
567 5007 742 5089 respondit,
770 5026 865 5087 quam
892 5006 954 5069 luit
1008 5006 1264 5082 bat,clarilioans
1281 5015 1405 5068 noctem
1421 5015 1452 5069 et
1469 5007 1551 5068 riam
1567 5010 1750 5090 ostendens,

199 5111 419 5187 interrogatus
438 5124 445 5168 ε
462 5107 540 5187 quia
563 5124 626 5168 non
649 5106 752 5170 selum
775 5105 952 5186 respondit,
1009 5105 1136 5185 quando
1152 5104 1437 5186 progrediebantur
1453 5104 1486 5166 in
1509 5114 1611 5170 noete.
1628 5110 1686 5168 Sic
1698 5115 1754 5186 fic-

199 5207 282 5290 quid
298 5213 384 5268 esset
403 5206 561 5284 agendum
583 5203 768 5280 immundis,
788 5203 953 5265 sedetiam
1008 5206 1060 5264 bat
1069 5201 1373 5282 juniumquamdio
1392 5201 1424 5264 in
1442 5202 1615 5267 solitudine
1636 5216 1751 5282 erant;

199 5303 445 5370 itinerantibus.
455 5303 529 5376 Quae
543 5311 649 5365 autem
665 5301 902 5381 subjunguntur
920 5302 953 5362 in
1005 5303 1158 5382 peritiam
1165 5301 1323 5378 operiebat
1333 5302 1420 5360 iliud
1430 5302 1592 5373 nubes,illa
1603 5303 1751 5368 videlicet
