4309 6259
419 497 478 562 618
726 517 899 564 manuario
920 519 950 564 ru
972 519 1040 564 car.
1064 519 1137 564 mv
1158 516 1392 564 nmrmouorur.
1415 535 1455 546 -
1476 516 1546 561 aur.
1569 514 1654 560 xxvn

419 686 586 769 phalarum
610 687 670 750 ista
691 688 865 771 prohibuit,
887 697 941 750 aut
962 688 1074 751 illicita
1092 687 1202 751 esseh
1257 687 1374 750 Verum
1389 687 1582 750 contraham
1597 683 1708 748 scribit
1717 682 1816 746 llabbi
1831 681 1959 758 Paulus,

420 785 557 848 edocuit.
575 787 612 847 Et
627 787 773 868 quamvis
789 787 848 850 hoe
865 787 1072 869 probabiliter
1087 787 1164 849 dici·
1217 795 1249 849 et
1264 787 1436 849 secundam
1446 783 1642 867 opinionem,
1653 781 1858 864 quaescilicet
1872 780 1964 863 ponit

420 893 481 961 tur,
507 886 644 966 primum
670 895 774 948 tamen
797 887 999 949 communius
1025 895 1160 949 tenetur.
1219 886 1364 949 libellum
1380 884 1504 966 repudii
1521 883 1642 946 licitum
1658 879 1965 957 luisse,etsineeul·

419 983 490 1047 llaec
506 985 651 1047 Thomas.
1220 1006 1261 1068 pa
1285 1005 1322 1048 ax
1346 982 1584 1065 dispensatione
1608 981 1728 1057 divina,
1754 979 1834 1043 dicit
1862 979 1965 1058 magis

459 1083 554 1146 Porro
569 1085 648 1165 Lyra
665 1085 724 1148 hoc
741 1085 809 1148 loco
825 1094 856 1147 ct
876 1103 970 1166 super
986 1084 1164 1147 hlatthaeum
1221 1103 1393 1148 consonam
1411 1082 1573 1145 rationiac
1588 1079 1859 1161 litterae:adquod
1873 1078 1966 1140 ratio

421 1183 555 1264 primam
574 1191 658 1246 tenet
669 1184 864 1265 opinionem,
878 1183 1052 1265 praesertim
1064 1203 1164 1265 quum
1222 1202 1279 1246 nes
1294 1183 1447 1264 quasdam
1463 1180 1592 1242 adducit
1604 1180 1670 1260 jam
1688 1187 1798 1252 laetas,
1814 1177 1964 1239 videlicet

420 1282 506 1343 dieat
521 1281 673 1358 Salvator,
691 1283 775 1363 quod
791 1283 909 1364 Moyses
931 1281 1076 1364 permisit
1091 1284 1167 1344 dare
1221 1283 1307 1364 qnod
1333 1298 1496 1360 uunquam
1519 1298 1575 1361 per
1597 1279 1698 1357 legem
1717 1287 1772 1340 aut
1791 1277 1965 1358 Prophetas

421 1379 565 1442 libellum
579 1380 703 1462 repudii
714 1381 753 1442 ad
764 1381 913 1443 duritiam
929 1381 1033 1444 cordis
1047 1382 1168 1444 ludaeo
1221 1390 1384 1444 ostensum
1400 1387 1458 1454 cst,
1474 1378 1590 1440 ludaeis
1612 1377 1756 1439 libellum
1779 1376 1872 1438 illurn
1894 1395 1965 1438 6666

423 1499 491 1541 rum
510 1497 517 1540 ε
535 1498 607 1560 qum
621 1488 726 1542 autem
743 1479 789 1543 sic
805 1479 1031 1561 permittuntur
1046 1499 1084 1543 ex
1100 1500 1167 1561 per·
1223 1480 1370 1542 illicitum
1387 1498 1395 1542 :
1414 1478 1440 1539 si
1455 1485 1561 1539 autem
1577 1477 1684 1557 aliqua
1704 1476 1894 1538 adsalutem
1910 1495 1966 1537 ne-

422 1577 585 1654 missione,
596 1595 660 1640 uon
677 1577 760 1640 liunt
772 1579 868 1654 licita,
882 1581 935 1641 sed
952 1579 991 1640 ad
1003 1579 1166 1641 vitandum
1221 1579 1358 1643 cessaria
1386 1596 1551 1658 nunquam
1575 1576 1622 1638 eis
1647 1576 1791 1637 nuntiata
1814 1574 1963 1645 luissent,

422 1676 505 1738 mala
530 1677 639 1758 pejora
665 1676 736 1740 lieri
761 1678 999 1759 permittuntur,
1016 1679 1168 1759 quemad·
1221 1677 1415 1741 excusabiles
1426 1676 1631 1738 exstitissent.
1642 1674 1846 1736 Deindedicit
1858 1682 1890 1734 et
1900 1692 1968 1754 pro

423 1776 551 1837 modum
564 1776 595 1836 iu
608 1776 815 1857 precedentis
826 1776 1167 1859 capitulicxpositione
1221 1778 1286 1852 bat,
1304 1778 1390 1858 quod
1411 1773 1664 1857 inseparabilitas
1684 1772 1881 1836 matrimonii
1901 1791 1965 1835 non

286 1889 406 1938 uentano.
423 1875 541 1937 dictum
558 1883 605 1936 est
621 1875 660 1938 de
682 1895 788 1950 usura,
807 1895 877 1956 quae
895 1895 1059 1957 nunquam
1080 1876 1167 1938 licita
1186 1874 1264 1938 Bsit
1278 1878 1317 1938 de
1339 1875 1409 1955 lege
1431 1884 1561 1937 naturae.
1582 1873 1659 1936 Nam
1681 1893 1718 1935 ea
1737 1892 1807 1954 que
1827 1881 1903 1934 sunt
1925 1873 1966 1934 de

277 1955 309 2002 '⁹'
323 1955 356 1994 ²⁰'
423 1972 495 2048 luit,
513 1993 612 2054 quum
629 1973 669 2034 sit
685 1973 821 2035 naturali
834 1974 989 2036 rationiet
1001 1974 1062 2054 legi
1079 1983 1168 2036 uatu·
1224 1976 1292 2054 lege
1314 1983 1446 2049 naturae,
1474 1974 1640 2035 traduntur
1663 1971 1757 2054 plene
1779 1971 1812 2033 iu
1839 1972 1908 2050 lege
1927 1991 1966 2033 ac

422 2091 464 2134 rae
474 2071 877 2154 contrariaPropterquod
892 2072 1047 2154 Propheta
1062 2074 1167 2136 virum
1222 2073 1408 2154 Evangelio;
1420 2073 1474 2134 scd
1486 2071 1735 2153 repudiationem
1748 2070 1855 2133 uxoris
1866 2070 1966 2132 luisse

289 2184 327 2226 με.
338 2187 406 2234 nvn.
420 2171 542 2252 justum
559 2170 754 2248 describens,
772 2171 855 2233 iuter
871 2180 974 2234 cetera
989 2171 1067 2234 dicit
1085 2189 1092 2232 z
1109 2172 1166 2246 Qui
1223 2173 1380 2249 illicitam,
1398 2190 1456 2234 nec
1474 2171 1505 2232 iu
1526 2170 1606 2250 lege,
1624 2188 1727 2251 neque
1743 2169 1774 2230 in
1790 2169 1965 2250 Evangelio

423 2268 591 2352 pecuniam
622 2288 710 2330 suam
736 2287 801 2332 non
827 2269 914 2332 dedit
937 2271 976 2332 ad
1002 2290 1130 2332 usuram
1158 2289 1165 2332 z
1222 2272 1366 2348 traditur,
1392 2271 1446 2333 sed
1471 2269 1572 2350 magis
1601 2269 1793 2350 oppositum.
1818 2267 1964 2330 Christus

422 2368 507 2449 quod
523 2367 668 2429 absolute
683 2374 777 2448 atque
793 2368 981 2449 simpliciter
996 2369 1084 2446 dicit,
1098 2369 1168 2431 nul-
1222 2389 1360 2452 namque
1381 2370 1413 2431 iu
1430 2367 1601 2449 Evangelio
1616 2367 1660 2429 ait
1678 2385 1685 2428 τ
1702 2366 1899 2448 Quicumque
1918 2367 1965 2428 di·
1977 2384 2118 2426 narrasse

423 2466 489 2528 lum
520 2466 718 2547 excipiendo.
745 2466 834 2528 Unde
861 2466 893 2528 iu
920 2466 1002 2530 libro
1027 2468 1167 2531 Machtoc
1221 2470 1344 2532 miserit
1360 2486 1489 2530 uxorem
1512 2486 1612 2542 suam,
1631 2465 1692 2527 nisi
1715 2465 1756 2526 ob
1781 2465 1966 2528 fornicatio-

422 2565 505 2646 apud
521 2564 644 2626 ludaeos
654 2565 848 2640 authentico,
859 2565 965 2644 glossa
979 2565 1056 2628 dicit
1072 2585 1167 2648 super
1222 2587 1306 2644 nom,
1324 2576 1356 2629 et
1370 2565 1464 2628 aliam
1480 2563 1616 2640 duxerit,
1634 2564 1829 2627 moecbatur:
1846 2583 1885 2625 ex
1899 2583 1965 2644 quo

423 2662 556 2725 verbum
587 2663 823 2744 praeallegatum
851 2681 858 2724 :
884 2665 1051 2726 Pecuniam
1078 2685 1167 2727 suam
1222 2669 1316 2750 plane
1333 2665 1555 2744 intelligitura
1577 2663 1735 2725 contrario
1754 2681 1861 2737 sensu,
1878 2664 1966 2744 quod

425 2780 488 2824 non
504 2761 591 2824 dedit
607 2763 645 2823 ad
658 2782 797 2838 usuram,
810 2766 909 2824 ctiam
916 2766 1045 2840 perstiti.
1057 2763 1168 2837 06666-
1222 2767 1278 2849 qui
1295 2764 1452 2828 dimiserit
1467 2781 1596 2825 uxorem
1608 2781 1696 2824 suam
1707 2781 1745 2824 ex
1759 2780 1854 2824 eausa
1871 2760 1969 2823 lurni-

418 2861 472 2923 vis
488 2869 593 2923 autem
615 2860 742 2922 libellus
766 2862 890 2942 repudii
908 2881 970 2925 non
991 2864 1169 2925 ostenditur
1223 2863 1369 2940 cationis,
1388 2872 1420 2925 et
1435 2862 1530 2924 aliam
1545 2860 1680 2936 duxerit,
1699 2879 1762 2923 nou
1778 2860 1967 2922 moechatur.

423 2979 492 3022 csse
509 2958 639 3021 illicitus
656 2979 712 3041 per
727 2959 856 3041 aliquod
872 2961 1004 3023 verbum
1022 2961 1100 3041 legis
1115 2970 1170 3023 aut
1224 2965 1300 3027 ltem
1324 2963 1409 3044 quod
1426 2963 1506 3024 Deus
1529 2960 1561 3021 iu
1588 2959 1657 3040 lege
1681 2979 1749 3034 sua,
1774 2977 1837 3022 non
1863 2959 1968 3022 solum

420 3059 660 3140 Prophetarum,
673 3066 776 3121 tamen
789 3077 1056 3140 percommuncm
1072 3060 1171 3140 justo·
1188 3059 1209 3123 C
1226 3080 1373 3143 expresse
1395 3060 1524 3122 mandat
1540 3057 1624 3134 lieri,
1642 3058 1697 3120 sed
1718 3057 1812 3120 etiam
1827 3058 1882 3120 dat
1902 3077 1970 3120 mo

425 3176 495 3219 rum
512 3156 747 3220 observantiam
763 3167 927 3221 ostensum
943 3167 991 3220 est
1007 3159 1077 3234 hoc,
1096 3159 1171 3239 quia
1226 3162 1300 3223 dum
1317 3168 1346 3221 et
1363 3158 1498 3220 lormam
1514 3155 1652 3237 qualiter
1674 3154 1747 3217 lieri
1762 3156 1886 3232 debeat,
1904 3175 1969 3218 uon

424 3256 621 3319 consuetudo
641 3265 689 3318 est
709 3257 829 3338 optima
852 3257 929 3337 legis
950 3257 1120 3339 interpres,
1140 3267 1171 3319 et
1226 3269 1272 3322 est
1300 3256 1542 3337 intelligendum
1571 3272 1755 3316 concessum
1786 3253 1884 3316 luisse
1911 3275 1970 3337 per

424 3354 541 3417 dicitur
556 3355 752 3426 consuetudo
769 3355 871 3418 honus
887 3375 974 3431 usus,
985 3375 1048 3419 uon
1064 3365 1170 3418 autem
1226 3358 1355 3420 modum
1379 3353 1599 3437 permissionis
1616 3351 1753 3433 alicujus
1773 3352 1888 3425 illiciti,
1913 3355 1969 3415 sed

425 3455 554 3516 abusus.
568 3452 679 3514 Nullus
699 3471 774 3514 vcro
796 3472 906 3516 corum
929 3455 985 3535 qui
1011 3473 1173 3516 commen·
1227 3457 1308 3517 Dens
1328 3455 1382 3516 dat
1404 3453 1537 3515 [ormam
1561 3451 1746 3533 repudiandi
1767 3469 1908 3528 uxorem,
1925 3452 1972 3513 di-

425 3555 541 3618 dantur
552 3551 585 3613 iu
597 3551 766 3633 Scriptura
777 3552 1089 3634 legiturrcpudiassc
1104 3573 1175 3617 uxo
1227 3574 1302 3617 cons
1324 3571 1331 3614 z
1354 3551 1463 3614 Scribe
1485 3550 1629 3612 libellum
1658 3550 1792 3632 repudii.
1818 3550 1973 3614 Praeterea

426 3669 504 3727 rem,
518 3650 580 3711 nisi
597 3651 636 3712 de
652 3651 801 3713 mandato
817 3651 870 3712 Dei
886 3660 940 3713 aut
957 3651 1112 3714 instinctu
1128 3652 1174 3714 di·
1228 3655 1254 3715 si
1281 3652 1449 3734 repudium
1467 3658 1533 3712 erat
1555 3649 1714 3726 illicitum,
1735 3650 1838 3712 adbuc
1853 3651 1972 3711 mansit

426 3748 762 3824 vino,sicuthbraham
775 3749 813 3810 de
824 3750 973 3812 mandato
985 3750 1038 3812 Dei
1051 3751 1175 3812 dimisit
1228 3752 1392 3814 vinculum
1410 3748 1577 3830 conjugale
1594 3747 1676 3809 inter
1694 3748 1924 3828 repudiatorem
1939 3759 1972 3811 et

425 3845 673 3926 Agar,quoniam
686 3845 836 3907 Dominus
853 3854 956 3927 potest
972 3847 1175 3910 matrimonia
1228 3850 1426 3932 repudiatam
1438 3865 1444 3910 :
1456 3846 1718 3909 inconvenienter
1728 3863 1802 3926 ergo
1813 3847 1893 3908 Deus
1904 3867 1974 3928 per-

426 3945 727 4026 conjungereatque
738 3944 922 4019 dissolvere,
933 3952 1024 4026 prout
1038 3944 1098 4006 sibi
1111 3946 1175 4028 pla·
1229 3945 1378 4019 mitteret,
1396 3942 1481 4023 qnod
1499 3940 1664 4021 repudiata
1681 3948 1785 4021 posset
1808 3940 1899 4002 alteri
1916 3960 1975 4003 nu-

426 4053 487 4106 cet.
503 4043 598 4105 Porro
621 4042 653 4103 iu
671 4062 746 4104 casu
765 4041 985 4104 fornicationis
1010 4043 1097 4106 licita
1113 4043 1175 4106 iuit
1227 4041 1314 4118 bore,
1341 4059 1439 4121 quum
1466 4038 1588 4120 primus
1615 4046 1756 4099 maneret
1780 4038 1873 4098 etiam
1900 4047 1973 4118 post

427 4141 605 4223 repudiatio
631 4141 788 4221 conjugis
816 4141 927 4204 saltem
953 4151 1111 4223 quantum
1135 4144 1173 4205 ad
1229 4139 1397 4221 repudium
1420 4157 1514 4199 verus
1538 4137 1609 4217 ejus
1634 4135 1776 4197 maritus
1792 4136 1975 4218 Chrysosto-

428 4248 543 4316 torum,
555 4247 588 4302 ut
599 4258 709 4302 omnes
725 4240 924 4302 concorditer
940 4240 1061 4317 dicunt,
1074 4260 1175 4321 quan-
1189 4245 1214 4305 D
1229 4258 1300 4301 mus
1309 4256 1439 4319 quoquo
1450 4235 1526 4298 dicit
1537 4253 1544 4295 :
1556 4234 1894 4314 legislatorapeceato
1904 4235 1976 4296 abs

426 4357 522 4420 quam
537 4337 637 4418 aliqui
649 4337 766 4412 dicant,
779 4338 863 4417 quod
880 4337 975 4400 etiarn
992 4337 1024 4399 in
1041 4339 1114 4400 aliis
1125 4359 1175 4401 ca-
1229 4337 1302 4398 tulit
1322 4336 1460 4417 culpam,
1478 4334 1605 4414 quando
1626 4333 1771 4413 permisit
1791 4333 1972 4413 repudium.

428 4437 516 4500 sibus
533 4436 620 4498 licita
642 4435 701 4496 luit
729 4454 766 4496 ex
793 4435 1031 4517 dispensatione
1052 4437 1172 4511 divina,
1228 4434 1380 4518 Amplius,
1392 4440 1523 4515 propter
1536 4431 1781 4513 ineptitudinem
1792 4431 1974 4493 ludaeorum

427 4535 694 4616 quemadmodum
711 4553 748 4596 ex
764 4533 1002 4614 dispensatione
1014 4536 1067 4597 Dei
1085 4535 1175 4598 licuit
1228 4534 1267 4596 ad
1288 4533 1477 4613 capiendum
1498 4529 1648 4592 sublimia
1670 4549 1707 4592 ac
1730 4529 1870 4611 perlecta
1884 4549 1976 4591 uian-

428 4634 535 4716 plures
551 4632 667 4695 hahere
682 4650 806 4705 uxores,
824 4651 923 4712 quum
947 4641 1052 4696 tamen
1069 4635 1175 4697 unitas
1228 4635 1310 4709 data,
1339 4630 1438 4693 multa
1462 4630 1501 4691 ad
1527 4627 1755 4711 perlectionem
1782 4627 1976 4710 pertinentia

429 4732 535 4794 uxoris
551 4731 593 4792 sit
608 4732 647 4793 de
663 4729 835 4792 dictamine
852 4739 983 4806 natura,
994 4731 1076 4794 siout
1093 4734 1175 4796 inse
1229 4749 1293 4794 uon
1310 4728 1576 4812 praecipiebantur
1584 4727 1631 4789 eis
1643 4727 1675 4788 in
1692 4726 1772 4808 lege,
1784 4745 1855 4807 quie
1865 4733 1974 4790 166666

428 4829 624 4912 parabilitas.
639 4829 698 4892 Sed
715 4847 779 4891 non
795 4827 959 4890 estsimile
972 4830 1011 4891 de
1026 4839 1172 4913 utroque,
1229 4831 1262 4892 in
1287 4828 1457 4908 Evangelio
1482 4825 1722 4908 praecipiuntur.
1743 4825 1830 4887 Unde
1854 4825 1886 4887 in
1902 4825 1977 4888 llat-
2136 4900 2137 4903 Ἴ

427 4929 504 5009 quia
519 4928 625 4990 unitas
649 4926 755 4989 uxoris
772 4926 833 4988 luit
854 4927 1035 4990 intermissa
1056 4928 1089 4990 in
1106 4929 1175 5007 lege
1228 4929 1310 4990 thaeo
1333 4927 1378 4988 ait
1403 4926 1568 4988 Salvator:
1588 4923 1729 4986 Audistis
1752 4922 1827 5004 quia
1850 4923 1974 4987 dictum
1990 4947 2119 4996 66666».

429 5034 558 5108 propter
574 5025 677 5106 majus
700 5025 831 5101 bonum,
848 5024 995 5088 videlicet
1018 5027 1058 5088 ob
1075 5027 1174 5108 prolis
1228 5024 1449 5105 estantiquis:
1467 5023 1534 5086 Non
1560 5022 1696 5085 occides.
1708 5022 1774 5102 Ego
1796 5030 1902 5084 autem
1926 5023 1977 5085 di-

428 5124 728 5206 multiplicatioucm
752 5125 791 5185 ad
814 5123 867 5185 Dei
890 5124 1102 5205 obsequium,
1120 5127 1174 5188 sed
1228 5143 1266 5188 co
1283 5123 1385 5196 vobis,
1402 5122 1487 5203 quod
1510 5120 1614 5183 omnis
1633 5119 1691 5200 qui
1714 5119 1860 5182 irascitur
1882 5119 1977 5184 fratri

429 5223 548 5286 malum
561 5223 744 5305 permittere
756 5222 1175 5304 proptermajusmalumvi-
1229 5241 1297 5298 suo,
1311 5241 1383 5284 reus
1398 5219 1600 5301 eritjudioio.
1618 5218 1747 5282 Constat
1766 5227 1872 5282 autem
1887 5222 1978 5301 quod

428 5323 572 5398 tandum,
583 5340 645 5384 nou
659 5320 735 5382 lacit
751 5321 832 5383 illud
848 5319 982 5383 licitum.
996 5321 1066 5385 llaee
1083 5323 1171 5404 Lyra.
1230 5321 1286 5402 qui
1319 5319 1466 5382 irascitur
1494 5317 1584 5380 fratri
1609 5335 1678 5392 suo,
1706 5335 1771 5380 non
1799 5325 1845 5380 est
1876 5327 1980 5382 trans-
