4309 6259
558 507 732 552 ENARRATlO
754 508 785 552 ΙΝ
809 510 876 554 CAP.
901 508 944 554 Xll
964 509 1161 556 NUllEllOllUll.
1184 530 1224 540 -
1245 511 1315 557 All'l'.
1339 511 1393 556 xxt

1686 491 1746 555 389

192 694 284 738 unus
306 675 444 738 aliorum
466 677 562 739 corda
585 695 649 740 non
671 677 788 741 videat.
806 677 948 760 Denique
963 678 988 741 Α
1003 678 1273 744 manifestatione.
1284 681 1427 762 Denique
1442 680 1594 744 revelatio
1604 679 1660 742 illa
1674 699 1747 761 quea

191 775 413 838 mansuetudo
429 774 522 838 valde
539 776 718 838 necessaria
733 783 781 838 est
796 776 945 858 prolatis,

190 891 281 954 quos
291 881 419 954 oportet
433 873 569 936 aliorum
585 873 823 956 improbitatem
839 883 870 938 ct
880 895 949 956 pas-

191 972 307 1036 siones
322 973 545 1053 aequanimiter
556 973 690 1038 tolerare
703 992 792 1056 :quae
807 983 839 1038 et
851 975 948 1057 Moysi

191 1071 433 1153 specialissime
458 1072 637 1134 necessaria
657 1072 787 1150 exstitit,
810 1074 865 1155 qui
891 1075 948 1135 dn-

190 1169 336 1232 rissimaa
351 1169 485 1234 cervicis
502 1172 655 1253 populum
672 1171 949 1253 babuitguberna·

190 1286 243 1330 rc.
256 1269 459 1331 Credendum
471 1277 519 1332 ost
534 1270 745 1351 autem‚quod
756 1289 794 1332 ex
810 1271 946 1333 naturali

188 1366 410 1448 dispositione
427 1365 488 1428 fuit
502 1369 542 1429 ad
558 1367 751 1450 praecipuam
767 1377 948 1432 mansuetu·

187 1465 306 1528 dinem
330 1466 423 1528 valde
447 1465 632 1547 dispositus,
651 1467 704 1529 sed
731 1485 787 1548 per
811 1468 945 1548 gratiam

186 1571 224 1624 et
235 1563 498 1626 exercitationem
510 1563 611 1626 multo
622 1563 731 1627 mitior
741 1574 788 1627 ost
799 1564 945 1628 eftectus.

233 1665 423 1742 Statimque
433 1667 557 1723 locatas
571 1673 616 1722 est
627 1665 785 1724 Dominus
801 1668 844 1724 ad
858 1685 943 1735 enm,

186 1769 272 1842 puta
289 1761 329 1824 ad
346 1761 484 1843 Moysen,
500 1772 530 1822 rt
545 1765 589 1821 ad
599 1763 712 1822 Aaron
727 1773 757 1823 et
773 1765 916 1824 Mariam
933 1784 944 1822 .·

1003 776 1042 840 fit
1064 778 1098 840 in
1121 797 1245 856 somno,
1264 799 1350 843 nunc
1373 780 1503 844 nomine
1525 778 1641 843 somnii
1664 777 1746 841 desi-

1002 885 1127 955 gnatur,
1146 877 1190 940 ita
1211 879 1295 959 quod
1318 879 1477 942 somnium
1499 878 1542 940 ita
1567 886 1744 960 acceptum,

1001 974 1137 1037 includit
1152 977 1316 1039 oraculum
1327 996 1415 1059 :qua
1430 985 1536 1040 tamon
1551 976 1591 1039 ab
1606 976 1745 1040 invicem

1002 1073 1105 1136 solent
1120 1074 1285 1155 distingui,
1296 1084 1331 1138 ut
1346 1096 1442 1161 super
1456 1075 1603 1138 Genesim
1618 1075 1743 1157 scripsi.
1760 1095 1890 1148 ammas.

1002 1172 1140 1255 Tempus
1157 1192 1285 1255 quoquc
1302 1184 1492 1238 nocturnum
1505 1182 1537 1236 et
1551 1193 1681 1236 somnus
1696 1192 1746 1236 co

1001 1279 1112 1352 aptant
1126 1273 1165 1334 ad
1182 1273 1297 1348 hoc,ut
1312 1273 1402 1336 ineis
1418 1272 1571 1336 revelatio
1587 1271 1745 1352 liattquia

1001 1376 1077 1430 tunc
1088 1370 1197 1432 omnia
1212 1379 1288 1432 sunt
1300 1370 1402 1452 magis
1417 1371 1535 1451 quieta,
1548 1379 1579 1434 et
1594 1371 1745 1451 imagina-

1001 1465 1055 1541 tio,
1070 1465 1303 1550 interioresque
1318 1488 1431 1531 sensus
1446 1469 1547 1549 magis
1563 1469 1742 1550 quiescunt,

1001 1582 1059 1626 nec
1084 1564 1266 1628 intellectus
1292 1567 1385 1630 solito
1405 1567 1498 1629 modo
1523 1566 1710 1629 distrahitur
1735 1585 1742 1628 :

999 1663 1151 1742 quoniam
1162 1663 1246 1727 vires
1258 1664 1326 1726 istae
1338 1674 1413 1728 tunc
1424 1683 1487 1728 non
1499 1673 1674 1741 moventur,
1686 1684 1744 1728 nec

999 1760 1178 1823 excitantur
1203 1762 1244 1824 ab
1268 1763 1478 1826 exterioribus
1504 1763 1571 1825 suis
1595 1762 1741 1844 obJectis.

184 1863 408 1936 Egredirnt'ni
424 1881 476 1920 vos
499 1870 627 1921 tantam
651 1871 712 1920 tres
731 1865 776 1921 ad
799 1865 945 1922 taberrm-
960 1859 982 1918 B
999 1858 1077 1920 Hinc
1093 1859 1247 1941 seriptum
1263 1869 1312 1923 est
1327 1861 1359 1922 in
1374 1862 1447 1923 Job:
1460 1862 1517 1924 Per
1532 1861 1692 1924 somnium
1709 1861 1742 1922 in
1769 1876 1887 1928 namn,

184 1963 306 2019 culam
321 1960 465 2037 faederis,
483 1967 542 2020 etc.
561 1957 670 2021 Voluit
690 1958 775 2021 enim
791 1959 944 2022 Dominus

185 2056 299 2118 Aaron
325 2065 357 2118 et
382 2055 509 2118 Mariam
535 2056 701 2138 increpare
726 2075 880 2133 seorsum,
905 2076 945 2119 ne

185 2153 340 2236 pontifex
361 2173 466 2217 eoram
491 2155 696 2218 multitudine
718 2155 942 2237 reprehensus,

184 2253 363 2316 vilesceret
381 2252 491 2328 turbae,
509 2253 561 2315 cui
578 2253 611 2315 in
628 2253 850 2334 spiritualibus
866 2273 945 2335 prro-

186 2352 266 2413 tuit.
284 2353 384 2413 Diait
399 2353 444 2412 ad
457 2371 517 2412 eos.
536 2352 616 2414 Eece
637 2352 775 2432 qualiter
790 2352 943 2415 Dominus

185 2468 268 2514 suos
294 2457 361 2510 tam
386 2449 572 2530 praeelectos
598 2450 642 2512 ita
667 2450 813 2512 celeriter
838 2470 945 2532 repre-

185 2549 308 2612 hendit
333 2556 366 2610 et
392 2547 518 2624 acriter,
546 2549 815 2629 quemadmodum
841 2559 945 2632 prote

186 2657 322 2711 statur:
341 2647 407 2726 Ego
432 2664 511 2727 quos
536 2664 619 2717 amo,
637 2665 735 2727 arguo
758 2655 789 2710 et
810 2648 942 2728 castigo.

185 2749 319 2809 Audite
328 2767 486 2806 sermones
498 2767 580 2806 meos
589 2767 600 2805 :
609 2748 648 2807 Si
658 2748 731 2826 qrcis
745 2749 835 2824 fueri
838 2757 848 2808 t
859 2751 945 2808 inter

186 2867 247 2906 vos
266 2847 427 2923 propheta
448 2845 593 2917 Domini,
611 2853 665 2906 aut
690 2843 785 2906 etiam
812 2846 945 2927 prophe-

188 2946 283 3020 tissa,
302 2947 339 3004 in
356 2945 480 3004 visione
495 2947 653 3020 apparebo
669 2947 710 3014 ei,
729 2949 779 3004 vel
791 2964 850 3022 per
864 2966 945 3006 som—

186 3047 290 3104 nium
309 3047 423 3122 loquar
439 3045 483 3102 arl
498 3044 606 3102 illam.

230 3140 382 3222 Cognitio
397 3140 545 3220 equidem
567 3141 763 3221 prophetalis
784 3141 943 3203 interdum

187 3240 202 3300 t
204 3240 230 3302 it
249 3239 284 3300 in
301 3238 397 3321 plena
413 3238 533 3318 vigilia,
552 3239 596 3300 ita
612 3239 696 3319 quod
714 3239 861 3302 exteriori
873 3239 943 3302 visu

187 3339 324 3401 videtur
339 3337 472 3418 spiritus
488 3337 651 3417 angelicus
673 3337 781 3400 lutura
797 3357 944 3419 praenun·

187 3438 291 3510 tiana,
309 3443 364 3497 aut
386 3435 535 3498 exteriori
556 3435 665 3497 auditu
688 3435 861 3498 audiuntur
881 3436 945 3498 elo-

186 3535 271 3616 quia
287 3533 458 3596 revelantis
474 3533 669 3616 scereta,qui
680 3536 743 3598 duo
759 3534 846 3597 modi
862 3554 944 3616 saepc

187 3641 403 3708 concurrunt,
421 3632 504 3694 sieut
517 3632 552 3693 in
569 3632 699 3714 Virgine
715 3632 862 3712 gloriosa,
874 3652 945 3714 qum

61 3751 170 3800 rueras
187 3730 376 3795 Gabrielem
392 3730 483 3806 vidit,
496 3739 527 3793 ct
543 3731 727 3811 loquentem
743 3731 874 3793 audivit.
885 3732 946 3793 Ali-

39 3819 58 3854 ‘'
69 3826 114 3868 ἠ’
188 3830 327 3912 quando
342 3836 448 3891 autern
465 3829 504 3890 lit
519 3829 707 3911 prophetica
722 3828 873 3894 revelatio
889 3849 956 3911 perv

188 3928 403 4008 anagogicam
427 3927 707 3990 illuminationem.
726 3928 833 4008 ltaque
853 3929 946 3990 intel-

189 4027 299 4090 lectus
315 4025 383 4087 sine
395 4025 593 4104 imaginariis
609 4024 722 4088 lormis
739 4026 880 4088 intuetur
894 4045 946 4088 oc-

189 4124 285 4188 culta
312 4143 319 4186 :
347 4142 418 4203 quae
442 4123 584 4203 cognitio
609 4131 713 4205 potest
742 4124 838 4186 etiam
864 4124 945 4187 visio

998 1956 1123 2020 visione
1144 1966 1300 2021 nocturna
1315 1960 1441 2040 quando
1461 1959 1556 2021 irruit
1577 1977 1672 2041 sopor
1692 1979 1744 2022 sn·
1757 1940 1834 1988 Μ·

998 2072 1056 2135 per
1070 2055 1229 2132 nominee,
1246 2065 1276 2119 et
1293 2057 1456 2119 dormiunt
1471 2058 1505 2118 in
1523 2057 1649 2134 lectulo,
1667 2067 1743 2120 tunc

998 2154 1081 2215 Deus
1110 2155 1213 2236 aperit
1242 2175 1334 2218 aures
1359 2156 1511 2233 virorum,
1538 2165 1569 2218 et
1594 2157 1743 2219 erudiens

999 2251 1129 2314 instruit
1154 2253 1337 2336 disciplina.
1364 2254 1525 2318 Revelatio
1550 2255 1680 2316 demum
1708 2255 1742 2315 in

999 2349 1110 2429 vigilia
1126 2349 1220 2428 lacta,
1233 2360 1265 2414 et
1279 2352 1312 2414 in
1323 2372 1387 2433 qua
1403 2353 1547 2415 revelans
1562 2353 1688 2416 videtur
1704 2354 1743 2416 ad

999 2449 1138 2525 oculum,
1156 2450 1270 2513 ceteris
1286 2450 1427 2532 paribus
1446 2459 1547 2514 exstat
1562 2451 1741 2514 sublimior.

1039 2548 1146 2628 ltaque
1156 2548 1309 2610 Dominus
1323 2550 1368 2611 ait
1383 2550 1422 2611 ad
1433 2549 1536 2612 Aaron
1552 2558 1584 2612 et
1598 2549 1741 2614 Mariam:

999 2645 1031 2708 si
1057 2642 1155 2707 luerit
1179 2646 1263 2708 inter
1288 2665 1344 2709 vos
1366 2648 1520 2729 propheta
1545 2648 1682 2725 Domini,
1709 2647 1743 2710 in

999 2742 1123 2806 visione
1144 2744 1305 2825 apparebo
1329 2745 1370 2820 ei,
1389 2745 1420 2806 id
1443 2754 1491 2807 est
1513 2765 1570 2826 per
1586 2745 1743 2809 visionem

999 2841 1186 2904 exteriorem
1202 2842 1381 2906 ministerio
1396 2843 1540 2923 angelico
1555 2844 1741 2906 exhibitam.

999 2939 1055 3002 llel
1071 2959 1129 3021 per
1151 2938 1397 3003 intellectualem
1418 2951 1449 3003 et
1469 2942 1673 3023 anagogicam
1689 2962 1744 3024 ap-

960 3037 1189 3120 Cparitionem
1220 3037 1434 3103 manifestabo
1464 3040 1492 3103 ei
1522 3049 1657 3116 secreta,
1686 3059 1742 3102 seu

999 3136 1253 3217 supernaturalia
1277 3145 1332 3200 ant
1356 3137 1476 3201 divina.
1497 3138 1554 3200 Vel
1578 3157 1636 3221 per
1660 3157 1743 3202 som-

1000 3235 1089 3296 nium
1106 3235 1218 3315 loquar
1237 3236 1276 3297 ad
1300 3235 1402 3312 illum,
1421 3236 1452 3298 id
1472 3246 1531 3313 est,
1548 3257 1605 3319 per
1620 3237 1743 3318 appari-

1001 3334 1119 3396 tionem
1136 3334 1356 3412 imaginariam
1377 3335 1490 3398 lactam
1512 3336 1544 3397 in
1564 3354 1676 3399 somno
1695 3355 1743 3399 re-

1000 3431 1113 3493 velabo
1128 3431 1156 3492 ei
1172 3431 1306 3494 occulta.
1319 3436 1363 3493 Aa
1374 3454 1437 3492 raon
1451 3437 1526 3493 talis
1535 3455 1645 3494 servas
1655 3455 1743 3494 mens

1000 3533 1135 3606 Menses,
1153 3529 1184 3590 id
1201 3539 1258 3606 est,
1277 3548 1340 3592 non
1356 3531 1459 3593 solum
1475 3531 1579 3610 attigit
1594 3530 1744 3614 praelatos

999 3629 1117 3707 gradus
1135 3628 1311 3708 modosque
1327 3628 1513 3710 prophetiae,
1529 3633 1587 3710 qni
1603 3633 1745 3690 inomni

999 3730 1093 3786 darno
1108 3747 1178 3787 mea
1192 3729 1402 3802 fidelissimus
1415 3737 1473 3797 est,
1491 3727 1523 3788 id
1548 3736 1596 3790 est
1620 3726 1654 3790 in
1678 3737 1745 3790 tota

1001 3825 1176 3906 Synagoga,
1199 3824 1251 3886 vel
1276 3825 1487 3905 praecunctis
1512 3825 1546 3887 iu
1572 3836 1654 3890 terra
1678 3845 1746 3889 mo

1000 3922 1145 3984 rantibus
1168 3941 1205 3984 ac
1220 3923 1317 3984 Deum
1341 3923 1531 3985 colentibus.
1549 3924 1636 3986 'luna
1657 3924 1743 3986 enim

1000 4021 1093 4082 multi
1110 4029 1201 4083 erant
1217 4019 1313 4082 unius
1334 4021 1389 4083 Dei
1404 4020 1543 4085 cultores
1558 4022 1591 4083 in
1607 4022 1676 4104 lege
1693 4042 1745 4084 na-

1000 4129 1090 4196 ture,
1112 4138 1183 4201 qua
1199 4121 1354 4200 usquead
1371 4120 1563 4200 evangelicas
1578 4120 1657 4198 legis
1673 4140 1745 4202 pre
1837 4196 1839 4199 ¹

189 4221 368 4296 nominari,
393 4239 463 4302 qua
490 4229 594 4284 tamen
620 4231 652 4284 et
678 4221 710 4282 in
735 4240 847 4285 somno
873 4221 944 4285 lieri
963 4217 1229 4299 Dmnlgationem
1244 4218 1392 4280 currebat
1411 4237 1482 4280 cum
1506 4218 1575 4298 lege
1599 4217 1741 4299 scripta:

189 4328 314 4405 potest.
332 4318 511 4401 Aliquando
532 4318 684 4382 revelatio
700 4320 885 4401 prophetica
905 4320 945 4382 lit

190 4421 228 4482 in
248 4425 414 4492 somno,et
430 4416 502 4480 talis
518 4418 731 4480 communiter
746 4418 786 4479 lit
801 4436 857 4499 per
873 4418 945 4480 ima-

188 4515 338 4598 ginarias
354 4515 581 4579 similitudines
595 4517 696 4578 :undo
712 4523 743 4578 et
759 4516 945 4594 imaginaria

190 4614 283 4678 visio
298 4612 687 4694 appellatur.(Secundum
703 4615 788 4694 quod
799 4615 945 4693 Augusti-

192 4732 261 4776 nus
277 4710 369 4792 ponit
392 4719 454 4773 tres
477 4711 599 4791 species
616 4710 760 4788 visionis,
778 4731 849 4794 quaa
871 4721 945 4774 sunt

192 4809 282 4874 visio
306 4807 459 4872 sensitiva
481 4807 628 4884 exterior,
647 4808 728 4870 visio
745 4808 943 4890 imaginaria,

192 4918 226 4974 et
238 4907 325 4970 visio
336 4905 717 4986 intellectualis.)Tamen
734 4908 772 4970 ad
790 4908 944 4971 rationem

190 5005 395 5090 propheticae
410 5003 603 5084 cognitionis
620 5022 682 5067 non
700 5004 823 5068 suflicit
839 5006 947 5088 imagi-

194 5104 289 5168 naria
315 5102 409 5179 visio,
436 5103 491 5164 sed
517 5111 548 5164 ct
578 5102 803 5166 intellectualis
834 5105 946 5168 notitia

57 5222 174 5270 rann.
193 5205 270 5284 ejus
290 5201 439 5282 exigitur,
458 5199 534 5281 quia
559 5201 772 5282 intelligentia
797 5212 845 5265 cst
866 5223 946 5285 opus

195 5304 232 5364 in
248 5301 387 5373 visione,
404 5298 500 5362 idest
520 5298 697 5381 principale
718 5301 750 5362 in
767 5302 946 5383 prophetali

999 4315 1121 4396 sicque,
1148 4315 1253 4377 omnis
1279 4335 1335 4378 scu
1360 4324 1426 4379 tota
1449 4317 1563 4379 domus
1587 4315 1653 4392 Dei,
1681 4315 1743 4378 luit

998 4413 1189 4477 universitas
1201 4413 1345 4476 fidelium
1365 4415 1416 4477 Dei
1431 4415 1589 4478 cultorum
1606 4422 1680 4477 tunc
1696 4434 1744 4477 ex·

1000 4512 1193 4588 sistentium,
1206 4512 1289 4574 inter
1305 4530 1385 4592 quos
1401 4512 1520 4594 Moyses
1540 4513 1668 4575 tenebat
1683 4513 1743 4594 pri·

1000 4619 1252 4691 matum,utpotc
1268 4610 1436 4673 sublimior
1452 4621 1515 4672 tam
1533 4611 1565 4672 in
1584 4609 1659 4687 lide,
1672 4630 1742 4692 quae

999 4718 1047 4773 est
1074 4709 1251 4789 theologica
1276 4708 1403 4772 virtus:
1425 4728 1519 4790 quam
1546 4708 1645 4771 fidem
1669 4729 1742 4772 cum

1002 4807 1177 4871 rationibus
1188 4807 1417 4870 credendorum
1429 4817 1460 4870 ct
1470 4805 1647 4889 purificatae
1658 4827 1755 4872 mon·

999 4908 1040 4970 tis
1057 4905 1269 4985 intelligentia
1285 4904 1492 4968 excellentius
1507 4905 1744 4988 babuit3quam

1000 5006 1033 5067 in
1061 5005 1127 5067 lide
1152 5025 1207 5067 scu
1233 5003 1400 5079 fidelitate,
1422 5023 1493 5085 qum
1517 5005 1647 5085 ponitur
1671 5025 1744 5087 pars

999 5104 1132 5186 justitias
1149 5121 1156 5164 :
1174 5103 1249 5183 quia
1264 5122 1329 5183 prat
1344 5103 1457 5166 ceteris
1473 5104 1529 5184 qui
1551 5113 1624 5165 tunc
1642 5112 1743 5176 erant,

1001 5205 1033 5267 in
1057 5205 1146 5266 cultu
1170 5203 1236 5265 veri
1255 5203 1310 5264 Dei
1334 5202 1393 5264 luit
1416 5203 1600 5277 ferventior,
1615 5203 1743 5283 justior,

1002 5304 1067 5366 imo
1083 5302 1132 5381 (ut
1156 5301 1310 5381 creditur)
1334 5300 1367 5362 in
1393 5301 1480 5364 omni
1502 5301 1620 5364 virtute
1643 5300 1745 5383 parle-
