4309 6259
424 511 482 580 tte
808 525 982 575 mantano
1003 527 1033 574 nv
1055 527 1123 575 car.
1147 527 1167 573 x
1189 527 1324 574 mvrnct.
1347 546 1387 558 -
1408 525 1478 574 aar.
1502 525 1578 574 xxm

422 722 486 785 que
499 702 691 783 evangelicae
701 701 780 783 legis
792 701 942 763 maritum
955 708 985 763 ct
998 701 1167 781 conjugem
1183 699 1208 762 Α
1223 699 1318 782 primi
1345 699 1378 763 bi
1405 701 1583 764 sacerdotes
1612 698 1754 763 ldosaiee
1783 699 1861 780 legis
1890 719 1961 764 cum

289 820 402 872 aerae.
422 805 479 886 qui
496 805 535 866 de
550 803 653 886 pretio
675 803 743 884 agri
766 803 1001 879 fraudaverant,
1021 801 1097 864 tecit
1119 821 1168 863 su·
1223 800 1321 863 sacris
1338 799 1384 862 sui
1401 799 1504 864 oflicii
1523 799 1721 863 vestimentis
1742 799 1857 881 sepulti
1877 809 1960 874 sunt,

423 906 490 968 bito
506 906 587 968 mori
605 922 612 966 :
630 912 787 986 quatenus
810 903 896 983 leges
917 902 1068 966 divinaea
1088 910 1169 966 cete
1223 908 1291 962 orta
1307 909 1353 963 est
1369 901 1576 977 consuetudo,
1593 899 1679 982 quod
1695 899 1834 961 ministri
1856 899 1963 963 altaris

423 1003 467 1064 ris
482 1001 650 1066 sollicitius
666 1002 896 1065 custodiantur.
1222 1019 1294 1062 eum
1322 998 1372 1062 sui
1397 999 1565 1062 ministerii
1597 999 1739 1064 vestibus
1768 999 1964 1082 sepeliuntur

470 1105 593 1164 Vocatis
614 1113 722 1164 autem
747 1105 871 1179 Moyses
896 1103 1027 1162 nataeve
1048 1110 1077 1160 et
1103 1102 1169 1162 mi·
1223 1107 1352 1181 propter
1367 1099 1448 1161 sacri
1464 1097 1590 1161 Ordinis
1606 1098 1804 1178 dignitatem.

420 1205 545 1279 saphan
567 1205 649 1280 filiis
676 1204 764 1263 Oaiet
782 1203 899 1279 patrui
913 1203 1036 1275 Aaron,
1056 1201 1105 1260 ait
1125 1201 1169 1260 od
1262 1202 1401 1260 Locutus
1415 1209 1459 1258 est
1470 1201 1593 1276 Moyses
1608 1215 1645 1260 ex
1661 1206 1818 1279 precepto
1829 1198 1963 1272 Domini,

420 1319 492 1360 cos:
506 1303 620 1362 Tollite
633 1302 766 1379 fratres,
782 1299 814 1362 id
830 1307 878 1362 est
893 1297 1103 1362 consobrinos
1120 1319 1169 1357 oe·
1222 1299 1266 1358 ed
1285 1299 1408 1368 Aaron,
1421 1306 1450 1356 et
1465 1299 1509 1356 ott
1525 1297 1666 1357 Eleazar
1680 1305 1709 1356 et
1719 1297 1867 1356 Ithamar
1880 1297 1966 1374 filios

419 1408 500 1458 stros
510 1416 602 1459 :nam
612 1398 710 1460 variis
724 1398 827 1461 modis
840 1397 957 1460 dicitur
973 1415 1055 1458 unus
1070 1396 1168 1458 trater
1222 1396 1292 1474 ejus
1302 1415 1313 1455 .·
1323 1397 1436 1473 Capita
1451 1404 1555 1456 uestra
1570 1394 1669 1455 notite
1684 1396 1863 1464 eraderem
1878 1397 1966 1455 vesti·

419 1495 550 1558 alterius
575 1496 609 1557 in
632 1496 825 1579 Scripturis3
844 1500 884 1556 de
907 1506 1072 1574 conspectu
1096 1516 1168 1556 san·
1223 1505 1329 1556 mento
1352 1496 1451 1554 notite
1473 1495 1631 1558 scindere,
1654 1493 1739 1555 lstud
1763 1493 1803 1555 ad
1828 1491 1965 1556 litteram

419 1599 552 1668 eluerit,
563 1595 594 1657 id
610 1604 658 1658 est
672 1596 712 1658 de
728 1595 797 1659 loco
811 1614 869 1658 seu
884 1595 1052 1678 praesentia
1068 1593 1168 1658 taber·
1221 1593 1375 1656 Dominus
1389 1593 1494 1674 jussit,
1508 1592 1659 1674 quoniam
1675 1593 1853 1656 sacerdotes
1869 1592 1966 1656 idole

421 1693 537 1771 naculi,
557 1713 612 1756 scu
628 1695 668 1757 de
682 1694 763 1757 atrio
778 1695 848 1774 ejus
871 1692 904 1755 in
925 1711 988 1775 quo
1008 1691 1166 1756 combusti
1223 1693 1309 1755 lutrae
1333 1692 1365 1753 in
1382 1693 1539 1755 mortibus
1561 1690 1815 1774 propinquomm
1835 1709 1964 1755 suorum

421 1793 570 1869 luerunt3
587 1804 617 1854 et
632 1804 792 1873 asportate
805 1803 898 1853 extra
919 1803 1026 1854 castre
1041 1815 1052 1853 .·
1068 1793 1108 1855 ad
1124 1793 1167 1855 lo·
1221 1792 1326 1874 capita
1342 1810 1397 1853 sua
1413 1790 1586 1868 nudabant,
1603 1790 1654 1854 vel
1674 1790 1842 1853 evellendo
1862 1791 1965 1854 crines

418 1912 492 1956 eum
509 1892 542 1954 in
563 1910 627 1974 quo
649 1890 828 1955 honorilice
851 1891 1055 1974 sepeliantur,
1074 1910 1114 1954 ne
1136 1899 1166 1954 ct
1185 1891 1322 1973 Busque
1338 1890 1376 1953 ad
1397 1890 1568 1968 calvitiem,
1586 1890 1636 1954 vel
1658 1890 1784 1952 nudatis
1809 1889 1966 1972 capitibus

418 2011 456 2055 cx
481 2009 591 2054 eorum
612 1992 764 2073 adspectu
788 1991 971 2071 jucunditas
995 1989 1092 2071 hujus
1118 2009 1166 2053 so
1221 2009 1295 2053 suos
1311 1991 1492 2072 importune
1508 1988 1714 2052 monstrando
1729 2007 1892 2051 moerores.
1909 1988 1967 2052 l'e

418 2089 593 2166 lcnnitatis,
620 2089 652 2150 in
678 2108 741 2171 qua
764 2088 907 2172 pontifex
931 2097 963 2152 ct
988 2090 1165 2176 sacerdotes
1221 2098 1284 2153 stes
1301 2107 1376 2154 vcro
1392 2090 1424 2151 in
1441 2087 1564 2168 magnis
1580 2087 1828 2152 adversitatibus
1843 2088 1967 2152 scinde

418 2188 482 2250 orsi
508 2196 581 2249 sunt
607 2187 736 2268 exsequi
758 2206 813 2249 sua
839 2185 962 2265 otlicia,
985 2189 1018 2250 in
1044 2188 1164 2251 luctum
1220 2207 1265 2264 re,
1290 2188 1484 2250 consuetudo
1510 2187 1629 2250 exstitit
1654 2187 1749 2249 etiam
1773 2186 1963 2250 Judaeorum.

418 2295 578 2362 vertatur;
599 2306 698 2370 quum
724 2296 755 2350 et
780 2287 812 2348 in
838 2287 989 2350 Nebemia
1014 2287 1163 2350 dicatur:
1219 2286 1305 2361 Quod
1324 2288 1356 2349 in
1380 2287 1440 2350 isto
1456 2305 1530 2349 casu
1552 2285 1767 2349 sacerdotibus
1783 2286 1837 2349 Dei
1860 2285 1967 2368 probi-

418 2385 490 2450 Dies
516 2395 642 2448 sanctus
669 2385 793 2450 Domini
819 2394 877 2463 est,
906 2387 1004 2462 nolite
1029 2386 1163 2468 lugere3
1221 2386 1323 2449 bitum
1338 2394 1444 2463 est,ne
1461 2386 1560 2448 instar
1575 2384 1799 2466 vulgariumse
1815 2384 1967 2449 baberent

417 2485 567 2566 gaudium
580 2484 666 2547 enirn
678 2485 803 2548 Domini
820 2494 866 2548 est
879 2485 1031 2549 fortitudo
1047 2495 1163 2549 vestra.
1221 2485 1253 2547 in
1271 2485 1438 2547 funeribus
1461 2484 1712 2567 propinquorum
1731 2503 1738 2548 :
1756 2483 1831 2565 quia
1853 2482 1899 2546 sic
1914 2484 1968 2547 dc-

474 2585 710 2664 Consestr‘mque
733 2594 913 2660 pergentes,
944 2589 1102 2654 tuterunt,
1134 2585 1165 2646 id
1219 2583 1337 2646 babent
1353 2603 1422 2647 esse
1438 2585 1522 2647 eirea
1538 2583 1648 2645 divina
1663 2582 1789 2660 intenti,
1807 2591 1841 2645 ul
1858 2583 1967 2646 immo-

418 2691 476 2760 est,
494 2682 694 2746 abstulcmnt
708 2705 768 2755 cos,
789 2686 874 2744 sicut
890 2685 1057 2762 jacebant,
1072 2687 1166 2744 vesti·
1221 2684 1345 2746 deratos
1376 2683 1513 2746 vitarent
1545 2701 1709 2745 moerores.
1742 2682 1966 2746 Verumtamen

419 2793 475 2855 tos,
493 2782 525 2845 id
541 2791 588 2845 est
604 2781 758 2844 exstincta
778 2800 887 2845 eorum
911 2783 1065 2846 cadavera
1083 2800 1090 2844 :
1110 2801 1164 2864 po
1221 2784 1417 2846 moderatum
1434 2791 1465 2846 et
1482 2782 1657 2845 naturalem
1675 2781 1907 2863 compassionis
1922 2782 1968 2845 al·

418 2881 507 2943 nitur
522 2880 608 2944 enirn
624 2900 696 2963 pars
712 2899 770 2964 pro
787 2890 852 2944 toto
863 2906 871 2957 ;
884 2884 1005 2943 tunicis
1020 2883 1128 2954 tineis,
1137 2891 1165 2942 ct
1222 2881 1339 2944 loetum
1357 2900 1421 2944 non
1443 2882 1490 2944 eis
1512 2881 1676 2964 probibuit
1691 2879 1855 2944 Dominus.
1872 2882 1967 2944 Porro

418 2982 578 3059 cJ'ccmunt
593 2981 692 3058 soros,
703 2991 739 3042 ut
753 2983 816 3040 stoi
830 2982 940 3059 suerat
956 2983 1163 3059 imperatum.
1220 2982 1396 3044 seeundum
1412 2981 1537 3063 Lyram,
1555 2998 1612 3062 pro
1635 2998 1672 3043 eo
1688 2979 1773 3061 quod
1791 2989 1897 3043 nostra
1912 2980 1967 3042 ha-

418 3078 541 3160 Exque
564 3077 702 3154 elicitur,
721 3078 805 3160 quod
828 3097 886 3140 nec
906 3096 1039 3159 corpora
1054 3096 1165 3141 eorum
1180 3080 1203 3144 G
1221 3078 1274 3142 bet
1296 3078 1474 3155 translatio,
1492 3080 1602 3161 Capita
1626 3088 1730 3142 vestra
1753 3078 1852 3142 nolite
1868 3080 1967 3142 nuda-

418 3185 509 3240 erant
533 3176 719 3253 incinerata,
742 3195 800 3239 nee
826 3186 929 3239 vestes
952 3177 1033 3239 laesae
1051 3193 1058 3238 τ
1078 3176 1167 3258 quod
1221 3197 1265 3256 re,
1285 3178 1317 3240 in
1333 3179 1464 3242 Hebraeo
1485 3179 1630 3255 babetur,
1648 3177 1757 3260 Capita
1778 3187 1882 3242 vestra
1902 3198 1966 3242 non

418 3277 458 3339 de
480 3275 622 3338 vestibus
647 3273 709 3337 luit
729 3275 930 3338 miraculum.
947 3275 1035 3350 Quod
1060 3283 1165 3338 autem
1221 3276 1478 3358 augmentabilis,
1493 3277 1614 3340 scilicet
1629 3276 1820 3340 dimittendo
1835 3277 1967 3360 capillos

418 3392 552 3456 corpora
567 3373 641 3455 igne
655 3372 851 3449 occidantur,
861 3391 919 3436 nee
935 3373 1163 3449 incinerantur,
1220 3395 1363 3439 crescere
1379 3375 1464 3439 ultra
1479 3375 1620 3453 solitum,
1638 3376 1906 3458 quemadmodum
1923 3376 1967 3439 la·

419 3491 483 3535 non
506 3480 554 3534 est
573 3469 800 3534 miraculosum
819 3489 826 3533 :
844 3479 982 3534 attamen
1006 3471 1089 3553 ignis
1112 3471 1166 3534 ille
1221 3475 1348 3539 ciebant
1375 3474 1510 3554 gentiles
1540 3475 1573 3537 in
1603 3483 1705 3538 morte
1729 3474 1903 3538 amicorum
1932 3476 1965 3538 in

418 3571 474 3654 qui
498 3579 592 3634 tantae
614 3568 675 3632 luit
694 3569 919 3650 vigorositatis,
936 3572 1020 3653 quod
1044 3579 1091 3634 tot
1112 3572 1167 3634 ho·
1221 3575 1347 3656 signum
1365 3573 1512 3636 tristitiae.
1523 3573 1582 3636 Sed
1599 3573 1648 3636 his
1664 3573 1852 3638 contradicit
1867 3574 1966 3638 llabbi

420 3670 560 3733 locausta
585 3680 715 3753 repente
736 3669 938 3748 incineravit,
955 3671 1112 3752 potuisset
1136 3680 1167 3734 et
1220 3673 1334 3736 Paulus
1353 3693 1359 3737 :
1378 3673 1540 3749 Hebraiea,
1560 3672 1719 3755 inquiens,
1737 3672 1842 3736 littera
1859 3672 1890 3736 in
1906 3675 1967 3738 boe

419 3789 552 3852 corpora
568 3770 747 3833 incinerare
762 3769 921 3845 bumana3
939 3771 995 3837 sed
1014 3770 1097 3833 Deus
1118 3771 1167 3853 jn·
1222 3771 1290 3835 loco
1306 3771 1434 3854 penitus
1450 3780 1497 3834 est
1512 3770 1688 3835 conformis
1705 3779 1820 3835 nostrae
1836 3774 1968 3836 transla-

419 3877 487 3930 stus
502 3888 538 3931 ac
556 3869 684 3952 sapiens
699 3889 772 3931 suas
794 3870 977 3933 moderatur
997 3869 1165 3948 vindictas,
1222 3871 1312 3934 tioni.
1326 3871 1464 3934 Verbum
1490 3871 1575 3934 enim
1597 3870 1785 3933 Hebraicum
1809 3870 1861 3934 bie
1884 3873 1967 3955 posi-

420 3967 502 4030 sieut
517 3977 547 4031 ct
568 3968 661 4033 tertio
676 3967 795 4049 Regum
818 3968 900 4032 libro
922 3969 1088 4052 Propheta,
1110 3970 1166 4052 qui
1222 3978 1300 4048 tum,
1317 3970 1404 4033 aliud
1420 3969 1501 4032 nibil
1520 3968 1682 4052 significat
1702 3989 1798 4052 quam
1820 3972 1939 4036 nudare
1957 3990 1964 4034 ε

420 4086 458 4130 ex
472 4067 659 4149 deceptione
676 4068 805 4131 alterius
821 4068 953 4151 pseudo,
963 4074 1073 4131 eontra
1089 4087 1168 4151 prae·
1222 4077 1251 4132 et
1268 4078 1316 4132 cst
1340 4088 1464 4141 sensus,
1481 4071 1565 4151 quod
1585 4068 1683 4132 tudaet
1707 4087 1770 4132 non
1793 4070 1968 4135 evellerent

422 4174 549 4247 ceptum
578 4165 633 4228 Dei
663 4166 724 4228 sibi
754 4165 932 4248 praefixum,
964 4167 996 4228 in
1027 4167 1168 4230 Samaria
1222 4167 1539 4251 capillosexcapite,
1558 4167 1601 4230 ita
1620 4175 1655 4230 ut
1676 4166 1769 4231 lieret
1789 4168 1964 4243 calvitium,

421 4264 636 4342 manducavit,
654 4264 768 4345 legitur
791 4285 810 4328 a
834 4265 927 4329 leone
950 4267 1086 4344 occisus,
1112 4267 1167 4348 qui
1183 4271 1208 4334 D
1223 4287 1279 4350 per
1294 4269 1379 4348 quod
1395 4273 1490 4349 caput
1506 4267 1653 4344 nudatur,
1671 4267 1757 4348 quod
1773 4265 1877 4331 lacere
1892 4287 1967 4332 cou-

423 4371 529 4426 tamen
552 4382 610 4426 nec
631 4382 746 4447 corpus
769 4364 880 4447 ipsius,
899 4384 958 4429 nec
973 4365 1100 4429 asinum
1117 4366 1168 4429 lae
1223 4375 1393 4431 sueverunt
1417 4365 1675 4448 gentilcs'super
1706 4373 1847 4429 mortuos
1878 4386 1963 4431 suos.

290 4452 318 4490 '¹¹’
361 4469 368 4482 ‘
423 4462 474 4524 sit.
487 4461 567 4526 Hinc
581 4481 708 4545 quoque
723 4464 862 4526 creditur
877 4465 940 4547 pie,
953 4466 1038 4547 quod
1054 4465 1118 4529 duo
1133 4465 1166 4526 bi
1221 4463 1310 4527 Unde
1330 4473 1360 4526 et
1381 4465 1413 4527 in
1434 4463 1679 4528 Deuteronomio
1703 4463 1856 4547 scriptum
1881 4474 1963 4532 est:

423 4562 601 4625 sacerdotes
625 4570 775 4626 aeternam
800 4564 960 4627 evaserint
989 4564 1166 4627 damnatio·
1221 4563 1289 4626 Non
1306 4562 1430 4627 iacietis
1445 4563 1609 4628 calvitium
1632 4582 1727 4646 super
1742 4573 1878 4628 mortuo.
1893 4565 1964 4630 llaec
1980 4597 2123 4644 Dum,

423 4679 507 4739 nem,
525 4668 635 4743 utpote
650 4663 866 4745 temporaliter
888 4662 1044 4743 castigati,
1066 4682 1166 4745 quum
1220 4663 1346 4727 Paulus.

422 4759 575 4842 scriptum
592 4760 633 4822 sit
650 4782 657 4825 ε
675 4761 743 4824 Non
758 4760 934 4824 vindicabit
948 4761 1102 4825 Dominus
1117 4761 1166 4824 bis
1261 4763 1363 4826 Nolite
1379 4781 1453 4843 ergo
1474 4763 1541 4827 baec
1558 4762 1672 4841 iacere,
1691 4785 1730 4825 rte
1750 4766 1833 4842 sorte
1849 4767 1966 4827 moria-

422 4858 454 4920 in
476 4859 508 4920 id
529 4860 656 4941 ipsum3
673 4879 740 4937 seu,
758 4860 824 4924 Non
846 4869 1015 4941 consurget
1035 4860 1167 4924 tribula·
1222 4864 1317 4935 mint,
1340 4863 1371 4925 id
1398 4871 1456 4940 est,
1480 4881 1520 4926 ne
1545 4870 1702 4945 precepta
1727 4862 1786 4926 ista
1810 4871 1965 4944 transgre—

421 4957 466 5019 tio
481 4957 608 5040 duplex.
626 4958 782 5021 Videntur
803 4967 907 5023 tamen
924 4959 957 5022 in
973 4959 1104 5042 praelato
1122 4959 1166 5022 ta·
1221 4959 1337 5026 diendo
1367 4961 1553 5025 mereamini
1584 4971 1715 5044 repente
1742 4962 1857 5040 occidi,
1884 4963 1966 5026 sieut

421 5063 472 5118 cto
488 5075 636 5137 peccasse
651 5056 837 5136 mortaliter,
857 5066 964 5141 utpote
985 5067 1095 5121 contra
1110 5059 1165 5120 Dei
1221 5060 1338 5142 plagati
1355 5069 1429 5122 sunt
1443 5062 1506 5124 duo
1523 5060 1662 5143 praelati3
1677 5061 1739 5139 vel,
1751 5061 1794 5124 Ne
1809 5061 1966 5126 moriami-

421 5163 614 5236 praeeeptum
632 5175 639 5219 :
658 5155 767 5236 sicque
782 5156 887 5219 dicere
902 5158 1165 5239 oporteret,quod
1222 5159 1254 5220 ni
1272 5158 1304 5221 in
1321 5160 1468 5241 praesenti
1481 5169 1582 5222 morte
1598 5160 1729 5242 peccati,
1740 5161 1855 5224 deinde
1866 5169 1966 5226 morte

422 5252 456 5315 in
472 5253 541 5335 ipsa
557 5273 614 5316 sua
628 5253 808 5336 plagatione
823 5255 1071 5331 misericorditer
1091 5256 1164 5318 tacti
1222 5257 1390 5320 infernalis
1406 5256 1567 5340 supplicii.
1590 5258 1628 5320 Et
1643 5259 1729 5340 quod
1749 5258 1847 5337 addit,
1864 5259 1964 5336 l'orte,

421 5351 599 5429 aDomino,
609 5353 837 5436 poenituerunt.
850 5354 1164 5438 Deniquc,qu0niam
1222 5375 1285 5418 non
1305 5355 1557 5437 ambiguitatem,
1575 5357 1630 5420 sed
1652 5355 1829 5421 libertatem
1851 5358 1883 5421 iu
1904 5359 1967 5423 Deo
