4309 6259
406 499 465 565 326
801 515 972 562 annumero
993 516 1024 561 ur
1046 513 1114 558 cnr.
1138 512 1148 556 r
1168 482 1365 557 menaeus.
1386 531 1428 541 -
1447 513 1518 558 sur.
1541 511 1552 556 1

407 699 484 763 tera,
501 708 667 770 quousque
688 688 766 750 illud
786 708 887 764 supra
907 685 1146 760 extendebatur,
1163 681 1188 742 Α
1203 681 1263 746 bus
1285 684 1460 745 secundum
1484 681 1739 765 propinquitates
1760 699 1883 756 eorum,
1900 699 1951 743 se-

406 810 462 852 scu
477 790 515 852 ad
533 808 628 870 quem
647 787 817 850 terminum
838 787 939 848 etatis
959 783 1151 847 ascendeba-
1204 783 1342 843 cundum
1369 781 1522 866 populum
1548 801 1669 856 eorum,
1692 780 1866 842 secundum
1891 779 1950 842 do-

406 899 458 950 tur
474 889 505 951 in
522 887 735 968 computando
747 887 787 948 ab
803 904 887 948 anno
903 883 1064 947 vicesimo.
1085 882 1150 944 nti·
1204 899 1273 944 mos
1294 880 1487 942 familiarum
1508 898 1627 955 eorum,
1646 880 1820 941 seeundum
1843 877 1951 958 capita

405 988 461 1069 qui
487 995 592 1049 autem
620 993 743 1068 putant,
765 985 851 1066 quod
877 1002 987 1047 ornnes
1009 982 1070 1046 riri
1093 983 1150 1063 qui
1204 979 1513 1054 eorum,secundum
1531 996 1698 1040 numerum
1715 976 1882 1039 nominum
1897 995 1950 1038 co

405 1085 593 1150 vicesimum
608 1102 728 1146 annum
744 1083 925 1164 attigerant,
944 1081 1151 1144 numeraban·
1205 1100 1287 1142 rum.
1314 1080 1455 1160 lnsuper,
1478 1077 1631 1157 qnoniam
1656 1077 1737 1138 llcus
1762 1076 1802 1137 de
1828 1075 1949 1157 populo

406 1184 502 1247 turin
515 1183 662 1246 undecim
675 1183 838 1245 tribubus:
851 1182 936 1262 quod
949 1199 1149 1261 nequaquam
1206 1178 1299 1242 lsrael
1315 1195 1399 1258 sepa
1415 1183 1545 1238 testatus
1560 1184 1618 1250 est,
1636 1173 1731 1235 Eritis
1752 1173 1832 1235 mibi
1848 1173 1881 1234 in
1898 1193 1951 1255 pe
1974 1192 2117 1236 amam.

407 1282 583 1364 putandum
601 1290 659 1358 cst,
677 1280 751 1362 quia
772 1279 985 1360 subjungitur,
1003 1282 1150 1340 oninium
1205 1276 1324 1340 culium
1339 1299 1346 1349 3
1364 1283 1396 1336 et
1420 1293 1540 1349 rursus,
1562 1271 1664 1351 Elegit
1686 1280 1716 1332 te
1737 1270 1888 1333 Dominus
1914 1280 1949 1333 ut
1966 1258 2119 1356 ⁵2,m,„„

409 1383 555 1440 virorum
578 1381 716 1456 fortium
741 1400 782 1437 ee
806 1382 920 1448 Israel,
947 1376 1002 1457 qui
1029 1376 1151 1440 scilicet
1206 1375 1250 1437 sis
1268 1373 1296 1436 ei
1318 1372 1454 1454 populus
1475 1370 1664 1453 peculiaris:
1682 1369 1754 1432 idco
1774 1367 1857 1430 sicut
1876 1369 1950 1450 quis

408 1485 555 1559 poterant
570 1477 609 1538 ad
625 1476 709 1538 bella
729 1477 899 1557 procedere
917 1493 923 1537 :
942 1475 1026 1556 quod
1046 1477 1086 1538 de
1106 1494 1152 1537 sc·
1207 1472 1391 1553 frequenter
1411 1478 1556 1532 numerat
1576 1468 1736 1551 peculium
1754 1487 1847 1528 suum
1864 1467 1950 1547 quod

407 1576 609 1656 nibusatque
624 1575 793 1655 decrepitis
809 1573 910 1655 accipi
927 1573 1045 1654 nequit.
1056 1573 1151 1635 Porro
1206 1580 1301 1647 amat,
1311 1571 1356 1632 sic
1368 1571 1449 1632 fleus
1463 1568 1616 1650 populum
1635 1568 1730 1629 istum
1746 1566 1779 1628 in
1793 1565 1854 1627 hoc
1868 1564 1952 1628 libro

407 1673 507 1755 aliqui
528 1673 650 1748 dicunt,
669 1674 753 1753 quod
781 1672 1028 1734 numerabantur
1051 1691 1152 1752 usque
1183 1668 1397 1733 describitur
1423 1668 1472 1730 bis
1502 1687 1538 1729 ac
1569 1666 1715 1748 pluribus
1741 1664 1843 1726 modis
1869 1683 1951 1726 enu-

407 1773 447 1836 ad
464 1771 693 1852 sexagesimum
709 1771 1000 1852 annumlosepbus
1017 1789 1092 1833 vero
1108 1789 1153 1832 re
1207 1787 1355 1831 merassc.
1374 1768 1407 1829 ln
1423 1767 1530 1829 Exodo
1550 1785 1677 1846 quoque
1697 1783 1822 1826 summa
1838 1763 1951 1844 populi
1984 1787 2122 1832 swan„

410 1871 483 1948 fert,
500 1871 584 1952 quod
602 1888 702 1951 usque
722 1871 760 1932 ad
779 1869 1092 1951 quinquagesimum.
1109 1873 1153 1930 Et
1170 1867 1192 1926 u
1208 1865 1302 1947 hujus
1318 1866 1434 1946 sepius
1449 1874 1497 1928 cst
1512 1865 1681 1946 descripta,
1698 1871 1731 1926 et
1751 1862 1826 1924 item
1849 1862 1881 1923 in
1895 1861 1953 1924 Ge
1969 1855 2010 1893 ³⁷·

410 1971 622 2030 ntrnzerebr'tt's
636 1989 686 2028 eos
697 1989 757 2046 per
769 1979 892 2028 turmas
906 1989 993 2039 suus,
1004 1978 1038 2028 tu
1053 1977 1082 2026 ct
1092 1970 1153 2028 Ace
1208 1965 1274 2028 nesi
1294 1983 1301 2026 :
1320 1972 1429 2046 utpote
1444 1983 1517 2026 eunt
1536 1971 1613 2043 quot
1634 1961 1778 2043 personis
1793 1960 1889 2024 Jacob
1906 1961 1953 2021 in·
1985 1988 2052 2029 een,
2062 2001 2122 2029 ,.,,.,

409 2077 653 2146 reret-eruntque
665 2069 824 2128 vobiscum
833 2069 996 2144 principes
1008 2069 1153 2127 tribuum
1208 2064 1302 2126 travit
1317 2063 1496 2144 AEgyptum,
1509 2069 1628 2142 quanta
1643 2059 1763 2123 exstitit
1779 2059 1953 2122 multitudo
1969 2053 2010 2091 ²⁶·

410 2169 643 2234 audomarum,
663 2164 696 2226 id
714 2172 761 2226 est
782 2162 988 2239 familiarum,
1007 2165 1051 2226 ita
1067 2164 1152 2245 quod
1207 2161 1390 2226 exeuntium
1408 2162 1447 2223 de
1462 2153 1606 2242 AEgypto.

410 2266 442 2328 in
465 2263 607 2346 qualibet
631 2263 778 2326 undecim
805 2261 958 2338 tribuum,
983 2264 1034 2324 vel
1056 2262 1151 2325 etiam
1247 2261 1365 2323 Littera
1377 2261 1505 2323 demum
1518 2258 1742 2340 descriptionis
1759 2257 1882 2320 numeri
1899 2257 1955 2319 tri-

409 2361 578 2427 duodecim
605 2362 747 2424 tribuum
775 2379 781 2422 :
811 2379 882 2423 nam
911 2359 1012 2422 tribus
1036 2361 1154 2442 loseph
1207 2357 1955 2441 buum,planaest,nisiquoddenumeratione

410 2461 511 2526 divisa
527 2469 575 2523 est
591 2460 623 2522 in
640 2461 718 2522 duas
735 2459 846 2529 tribus,
866 2478 923 2541 pro
940 2477 976 2521 eo
992 2459 1078 2540 quod
1100 2459 1154 2520 tri·
1210 2459 1309 2521 tribus
1320 2459 1393 2532 ban,
1404 2458 1449 2520 sie
1463 2457 1645 2534 legitema»
1654 2457 1956 2533 filr'isDampmpe-

410 2561 469 2622 bus
489 2557 564 2620 Levi
584 2577 602 2618 a
623 2556 736 2619 catoris
759 2555 905 2618 tribubus
925 2556 1045 2618 exstitit
1067 2576 1155 2637 sapa·
1209 2562 1389 2620 manationes
1402 2568 1433 2616 et
1447 2558 1597 2637 scartiliea
1616 2576 1654 2615 ec
1669 2558 1777 2615 domos
1790 2558 1956 2632 coerratic-

410 2666 487 2734 rata,
506 2663 540 2719 ut
556 2655 702 2736 sequenti
721 2654 853 2717 babetur
868 2654 1028 2736 capitu103
1046 2655 1154 2735 itaque
1209 2679 1288 2717 rrum
1298 2677 1432 2718 serarum
1445 2653 1639 2721 recensitum
1651 2661 1699 2715 est
1710 2652 1857 2715 numerati
1868 2664 1958 2725 suut,

409 2755 443 2818 in
465 2752 608 2836 qualibet
632 2751 716 2814 tribu
739 2761 902 2815 numerata
923 2752 1051 2834 praefuit
1072 2772 1154 2815 unus
1208 2755 1340 2817 etelam
1358 2753 1478 2834 quippe
1494 2751 1702 2833 praehabitum
1717 2751 1869 2832 est‚quod
1884 2752 1955 2813 Dan

410 2854 570 2936 princeps,
588 2860 693 2915 tamen
709 2852 768 2915 sub
789 2852 901 2934 lloyse.
920 2851 1038 2914 Deinde
1054 2852 1156 2934 expri-
1211 2871 1274 2916 non
1299 2851 1411 2914 babuit
1434 2851 1495 2912 nisi
1521 2850 1652 2912 unicum
1679 2849 1796 2923 filium,
1813 2858 1842 2911 et
1865 2851 1955 2930 quod

409 2958 540 3013 muntur
556 2949 716 3032 principes
733 2948 786 3011 isti
802 2950 835 3011 in
851 2958 949 3024 textu,
967 2948 1022 3030 qui
1040 2949 1154 3037 planus
1210 2971 1273 3013 una
1293 2951 1456 3012 dumtaxat
1476 2949 1599 3011 familia
1617 2949 1657 3010 ab
1676 2948 1745 3030 ipso
1765 2948 1953 3010 descendit:

409 3057 467 3113 cst.
495 3048 644 3129 Adjuncti
670 3055 745 3110 sunt
772 3055 877 3110 autem
902 3047 1063 3130 principes
1089 3046 1153 3123 isti,
1170 3053 1192 3115 C
1209 3069 1345 3131 qnorum
1366 3048 1506 3130 primum
1524 3054 1611 3128 patet
1629 3066 1667 3110 ex
1688 3065 1725 3109 eo
1741 3047 1825 3128 quod
1845 3046 1879 3107 in
1893 3045 1958 3107 Ge-

410 3148 486 3230 quia
502 3156 565 3210 tam
586 3147 619 3209 in
640 3148 838 3210 numerando
854 3166 949 3227 quam
965 3146 999 3208 in
1016 3147 1156 3227 dirigen·
1210 3147 1277 3211 nesi
1294 3147 1438 3223 habetur,
1451 3147 1522 3207 Filii
1539 3147 1615 3222 Dan,
1627 3146 1748 3222 Husim,
1759 3145 1813 3207 ubi
1829 3145 1956 3226 plurale
1994 3169 2065 3211 rem.
2081 3174 2115 3211 33.

410 3248 451 3309 do
467 3245 660 3328 prestabant
680 3245 862 3327 praesidium
879 3245 985 3327 lloysi.
1004 3245 1154 3326 adjuncti
1210 3266 1267 3328 pro
1293 3244 1446 3326 singulari
1471 3245 1639 3326 accipitur,
1665 3252 1774 3326 utpote
1797 3244 1867 3304 filii
1892 3263 1956 3325 pro

410 3352 485 3407 sunt
503 3361 631 3424 quoque
651 3350 764 3424 praeter
785 3353 816 3405 et
835 3343 918 3405 ultra
938 3363 1002 3420 eos,
1020 3363 1100 3426 quos
1115 3346 1154 3406 ad
1208 3346 1325 3419 uttius3
1343 3344 1518 3407 secundum
1536 3362 1620 3413 vero,
1638 3362 1676 3405 ex
1692 3343 1751 3406 boc
1766 3343 1850 3423 quod
1867 3342 1958 3406 infra

410 3442 579 3506 consilium
598 3441 705 3503 Jatbro
725 3442 842 3522 Moyses
863 3443 1002 3524 praetulit
1023 3443 1153 3525 populo,
1211 3445 1243 3506 in
1267 3445 1328 3506 isto
1351 3451 1497 3504 narratur
1516 3441 1699 3504 volumine:
1717 3440 1788 3501 Filii
1804 3441 1880 3515 Dan,
1897 3441 1957 3502 Su·
1978 3465 2126 3509 Nm„

409 3541 470 3604 hoe
485 3551 533 3604 cst
549 3549 662 3622 praeter
678 3540 835 3615 tribunae,
845 3542 1053 3616 centuriones,
1065 3542 1155 3622 quin·
1210 3541 1420 3606 bamtlmnes
1436 3541 1564 3602 fuerunt
1576 3539 1762 3615 Subamitae3
1773 3540 1881 3620 sicque
1894 3541 1955 3620 qui
1971 3530 2016 3575 ⁴²·
2031 3533 2070 3570 ⁴³·

408 3639 630 3721 quagenarios‚
647 3646 679 3702 et
700 3639 847 3713 decanos,
873 3648 968 3720 prout
990 3660 1028 3702 ex
1050 3639 1155 3702 verbis
1211 3642 1243 3703 in
1263 3640 1375 3702 Genesi
1398 3639 1515 3702 dicitur
1537 3638 1659 3711 Husim,
1683 3637 1714 3699 in
1737 3637 1819 3700 libro
1839 3637 1956 3701 Nume

408 3739 441 3801 Β.
458 3737 627 3818 Augustini
646 3736 799 3818 probatur
816 3736 849 3798 in
865 3736 986 3800 Glossa.
1211 3759 1316 3803 rorum
1342 3747 1473 3802 vocatur
1497 3737 1625 3799 Subam.
1642 3735 1716 3810 Qua
1735 3755 1832 3817 quum
1854 3735 1897 3797 ita
1918 3757 1956 3799 sc

449 3835 591 3916 Denique
614 3835 646 3896 in
668 3835 729 3898 isto
750 3835 891 3916 capitulo
912 3844 1081 3897 sumuntur
1103 3835 1156 3897 tri·
1211 3837 1359 3911 babeant,
1377 3835 1537 3917 quomodo
1562 3854 1647 3899 nunc
1669 3836 1709 3897 de
1734 3834 1956 3898 numeratione

409 3935 480 4010 bus,
491 3933 647 4014 cognatm,
661 3942 692 3997 et
707 3933 870 4014 generatio
887 3952 944 4016 pro
959 3935 1069 3997 eodem
1085 3959 1092 4008 ;
1110 3933 1158 3996 fa·
1211 3935 1313 3997 tribus
1332 3935 1397 3996 Dan
1420 3934 1530 4010 fertur,
1548 3934 1605 3996 Per
1625 3933 1843 4014 generationes
1859 3942 1891 3996 et
1907 3932 1957 3996 fa-

412 4031 501 4094 milia
522 4051 649 4113 quoque
672 4040 703 4094 et
724 4032 848 4094 domus.
866 4033 1026 4095 Interdum
1051 4040 1155 4095 tamen
1211 4033 1315 4096 milias
1331 4052 1367 4095 ae
1382 4034 1493 4094 domos
1506 4033 1729 4109 cognationum
1745 4031 1957 4094 suarumtlte

411 4129 495 4191 inter
520 4129 648 4192 domurn
672 4137 703 4190 et
726 4128 880 4191 familiam
907 4130 1088 4192 insinuatur
1107 4131 1156 4192 di·
1211 4131 1359 4213 sponderi
1377 4138 1481 4212 petest
1495 4131 1584 4210 juxta
1601 4149 1686 4192 nunc
1703 4130 1888 4211 tacta,quod
1902 4151 1958 4193 su·

412 4227 551 4303 stinctio,
568 4235 603 4288 ut
620 4246 719 4308 quum
737 4227 769 4288 in
786 4227 847 4289 isto
866 4227 1006 4309 capitulo
1027 4229 1153 4308 legitur,
1173 4235 1196 4297 1)
1211 4231 1307 4292 mitur
1317 4229 1439 4311 plurale
1451 4247 1508 4308 pro
1521 4228 1681 4309 singulari,
1689 4229 1739 4290 vel
1750 4228 1957 4307 cognationes

411 4326 632 4401 Recensentes‚
655 4325 686 4387 id
712 4333 760 4388 est
784 4335 998 4398 numerantes
1020 4347 1074 4392 eos
1100 4348 1157 4410 per
1211 4338 1242 4391 et
1259 4327 1388 4390 familiae
1398 4347 1434 4389 ac
1444 4326 1558 4388 domus
1572 4326 1639 4388 iste
1654 4335 1877 4408 computantur
1887 4347 1956 4391 non

411 4423 616 4504 cognationes
647 4431 678 4486 et
707 4424 817 4486 domos
847 4442 883 4486 ac
914 4423 1063 4486 familias.
1090 4425 1156 4487 nti·
1210 4428 1250 4489 ab
1272 4425 1464 4488 immediatis
1487 4423 1566 4486 filiis
1590 4425 1666 4501 Dan,
1688 4426 1743 4487 scd
1765 4424 1806 4486 ab
1827 4424 1876 4487 bis
1896 4427 1955 4506 qui

410 4522 538 4603 quaudo
554 4540 628 4583 vero
643 4521 689 4584 sic
710 4522 863 4604 scriptum
884 4531 932 4585 est
952 4524 984 4584 in
1006 4523 1065 4586 boe
1086 4523 1157 4604 ipso
1211 4527 1250 4588 dc
1266 4524 1450 4587 immediato
1466 4523 1536 4603 ejus
1553 4523 1622 4586 filio
1638 4542 1720 4586 nune
1737 4525 1957 4606 expresso,de

411 4619 561 4702 capitulo,
582 4620 639 4682 Par
660 4621 880 4700 generationes
902 4630 933 4684 et
957 4620 1096 4684 familias
1121 4643 1157 4684 ac
1211 4624 1413 4686 scenderunt.

412 4719 522 4780 domos
538 4737 621 4780 suas.
631 4718 719 4781 Unde
735 4719 906 4782 dicendum
921 4720 1058 4797 videtur,
1071 4720 1155 4801 quod
1239 4720 1591 4802 Fueruntque'somnes
1601 4717 1696 4780 simul
1708 4720 1775 4796 filii
1784 4723 1888 4780 Israel
1894 4737 1958 4798 per

413 4815 536 4877 familia
557 4817 748 4898 quandoque
770 4817 926 4899 accipitur
949 4827 1043 4899 prout
1065 4819 1157 4901 plura
1210 4823 1317 4880 densos
1327 4828 1357 4878 et
1367 4819 1517 4896 sapritius
1526 4838 1610 4885 sues,
1621 4817 1653 4878 id
1665 4825 1722 4893 est,
1735 4835 1886 4899 personas
1901 4817 1957 4880 do

412 4913 548 4976 includit
574 4933 670 4996 quam
700 4916 822 4978 domus.
850 4915 1084 4998 Nonnunquam
1117 4915 1155 4978 fit
1210 4935 1335 4979 morum
1355 4935 1392 4977 ae
1413 4913 1606 4976 familiarum
1630 4914 1748 4996 pariter
1769 4924 1958 4996 computan-

411 5029 595 5084 cconverso,
614 5011 678 5074 imo
695 5011 878 5094 frequenter
893 5014 1001 5076 omnia
1018 5014 1077 5076 ista
1098 5034 1155 5096 pro
1210 5015 1291 5090 d0,a
1309 5016 1456 5074 eieesfmo
1471 5033 1557 5074 anno
1572 5022 1602 5072 et
1616 5016 1794 5091 supraqut
1805 5023 1957 5090 puerant

410 5111 520 5174 eodem
547 5111 758 5193 accipiuntur.
785 5112 818 5174 ln
847 5113 1053 5176 translatione
1078 5133 1155 5177 vero
1210 5116 1254 5172 ed
1274 5116 1355 5172 delle
1375 5115 1555 5188 premiere,
1573 5122 1721 5171 ser-eoam
1746 5114 1810 5172 trie
1832 5114 1954 5183 millia,

410 5208 615 5290 Septuaginta
638 5209 859 5292 interpretum,
880 5211 927 5273 sic
949 5210 1101 5274 babetur:
1120 5212 1153 5273 ln
1210 5211 1240 5272 id
1257 5219 1305 5273 cst
1320 5219 1467 5273 sexcenta
1488 5208 1588 5271 millia
1604 5218 1635 5271 et
1660 5209 1719 5270 tria
1739 5208 1850 5286 millia,
1870 5212 1957 5270 efro-

408 5307 622 5389 dcscriptione
646 5310 876 5374 numerationis
901 5309 1073 5389 cujuslibet
1100 5311 1154 5371 tri·
1208 5333 1296 5380 rum,
1316 5311 1488 5388 quingenti
1511 5310 1764 5388 quinquaginta.
1787 5307 1820 5369 ln
1846 5307 1957 5373 Exodo
