4309 6259
422 478 479 551 tos

787 510 960 555 Ettattnsrto
982 510 1011 555 III
1034 510 1102 555 CAP.
1125 509 1223 555 XXXIII
1245 509 1346 554 sxobt.
1368 528 1408 540 -
1429 508 1499 554 ΛΒΤ.
1523 507 1592 553 LXIV

420 666 514 743 slcrio
525 679 819 764 ilgurabatur‚qnod
830 690 920 745 vetus
929 682 1163 745 Testamentum
1180 679 1443 761 ArorrIgcndum
1471 700 1627 756 excessus,
1651 679 1690 741 ad
1721 678 1968 742 reformandum

421 778 524 843 lucrat
535 782 738 859 abolendum,
747 790 776 845 et
789 800 907 845 novum
919 781 1162 844 Institucndnm.

422 880 523 961 Atque
543 890 577 943 ut
596 882 640 944 ait
660 883 749 963 Lyra,
768 902 824 963 per
841 879 1019 943 tabularum
1040 879 1166 943 contra-

421 979 559 1042 ctionem
576 980 755 1061 significata
770 989 818 1042 est
833 979 998 1043 evacuatio
1013 979 1163 1060 legalium

422 1077 453 1140 in
469 1079 584 1141 Cbristi
601 1082 749 1143 adventu.
768 1079 829 1142 Noc
845 1079 929 1142 ralct
948 1079 1035 1160 quod
1056 1087 1166 1141 eontra

419 1176 480 1241 boc
495 1178 606 1259 objicit
621 1178 720 1240 llabbi
736 1177 861 1255 Paulus
874 1178 1023 1240 videlieet
1039 1177 1116 1260 quia
1132 1176 1165 1237 in

422 1277 538 1339 tabulis
569 1278 633 1340 illis
664 1277 886 1341 continebatur
912 1278 1086 1358 Deculogus
1109 1276 1164 1358 qui

421 1384 528 1438 manet
541 1375 573 1437 in
585 1376 767 1455 eranchIca
780 1376 859 1455 lcgc.
870 1376 947 1438 Nam
958 1376 1073 1437 tabulas
1090 1375 1164 1451 illae,

420 1474 1167 1557 totamrctcremlegcmsuainscriptioncsirtu-

421 1572 513 1637 aliter
529 1573 797 1656 rcpraesentabant
815 1582 845 1637 ct
863 1574 1164 1637 commemorabant.

461 1676 569 1735 Ponat
585 1675 638 1733 cir
652 1676 804 1749 placitum
824 1694 920 1751 super
934 1675 1043 1751 ficitur
1057 1695 1164 1733 strum.

421 1772 478 1834 Per
495 1771 556 1835 boc
582 1772 676 1833 datur
696 1771 844 1853 intelligi,
872 1773 956 1853 qnod
982 1772 1105 1854 prcolati
1130 1792 1166 1835 ac

1220 780 1390 842 destructa.
1408 780 1522 842 Pcusot
1535 780 1641 844 omnis
1655 779 1712 860 qui
1734 787 1858 859 praest,
1876 778 1970 858 quod

1221 889 1348 942 sanctus
1363 879 1493 961 Moyses,
1504 878 1560 960 qui
1576 898 1672 959 quarn
1687 877 1911 940 ardentissime
1921 877 1972 938 di-

1221 980 1297 1041 lexit
1309 980 1368 1041 sibi
1383 978 1577 1054 commissos
1591 977 1659 1060 [ita]
1671 979 1756 1059 quod
1769 976 1907 1060 proprias
1920 998 1973 1039 sa-

1221 1078 1296 1140 lutis
1312 1078 1404 1159 quasi
1420 1077 1662 1154 oblitus,orarit
1677 1084 1732 1137 aut
1747 1075 1811 1137 illis
1828 1076 1967 1157 ignosci,

1221 1187 1275 1240 aut
1290 1197 1324 1240 so
1339 1178 1378 1239 de
1394 1178 1478 1240 libro
1494 1177 1567 1239 vitae
1583 1176 1703 1249 deleri:
1717 1184 1839 1238 tantum
1855 1175 1972 1238 abbor-

1222 1277 1284 1339 ruit
1304 1296 1449 1339 carorum
1473 1276 1681 1358 Impletatcm
1699 1276 1784 1356 quod
1806 1294 1876 1336 eam
1897 1283 1968 1337 tarn

1222 1376 1407 1439 terribiliter
1423 1376 1606 1446 vindicavit,
1620 1394 1679 1437 nec
1694 1381 1853 1437 tantorum
1870 1374 1969 1437 inter-

1221 1476 1427 1558 emptionem,
1438 1476 1560 1558 putavit
1570 1473 1759 1553 condIgnam
1772 1474 1848 1535 tanti
1859 1473 1970 1535 crimi-

1222 1574 1272 1635 nis
1290 1575 1514 1656 explatione-m.
1533 1574 1666 1653 l'igeant
1687 1590 1761 1651 ergo
1783 1572 1815 1634 in
1838 1582 1969 1654 pastore.

1222 1680 1353 1755 paterna
1364 1673 1587 1755 compassione
1598 1670 1970 1751 zelusjustitiaebiscre

1223 1772 1266 1835 tle
1288 1792 1417 1854 quoquc
1442 1770 1702 1853 contemperandi
1727 1778 1757 1833 et
1783 1770 1966 1839 exercendi,

422 1869 630 1951 praesidentes
646 1869 761 1932 debent
779 1889 812 1931 se
834 1870 920 1951 ipsos
936 1889 971 1931 ac
988 1889 1061 1933 suos
1077 1871 1167 1933 eoad-
1185 1870 1207 1932 B
1223 1880 1257 1933 ut
1268 1880 1402 1953 oportet,
1414 1869 1838 1952 ntrrrmqnemansuotudme
1854 1868 1967 1950 irriget

421 1968 544 2049 jutores
567 1967 789 2050 spiritualibus
812 1969 908 2031 armis
934 1988 1066 2040 armare,
1087 1970 1167 2031 cxci-

421 2076 499 2144 tarc‚
527 2068 711 2146 accendere,
735 2069 773 2131 ad
799 2068 877 2130 vitia
902 2067 1101 2144 debellanda,
1127 2070 1166 2131 ad

1222 1980 1253 2033 ct
1278 1970 1436 2033 confortet
1465 1972 1599 2051 justitia.
1626 1968 1734 2033 Omnis
1759 1969 1966 2048 negligentia,

1222 2077 1341 2151 torpor,
1360 2077 1390 2131 et
1408 2068 1502 2131 timor
1519 2068 1642 2134 inutilis
1658 2066 1860 2151 abjiciantur.

945 2501 1270 2588 antidotus
1307 2501 1442 2586 LXIV

542 2776 698 2823 exeosuuo
727 2776 900 2824 timemus
926 2777 1061 2822 carmem
1088 2775 1239 2821 rnrnnsuu
1265 2776 1363 2820 rnarn
1387 2777 1393 2820 :
1419 2777 1608 2833 tonerusoun
1634 2777 1688 2823 nsr
1714 2778 1844 2824 occisus

1028 2878 1069 2924 au
1091 2876 1223 2939 nossa-s,
1246 2877 1363 2924 nmuss,

483 3161 781 3235 ONSEQI'ENTEII
807 3160 932 3243 plenius
958 3160 1163 3236 describitur,
1184 3157 1351 3224 (Imittanc
1379 3183 1610 3242 precursorem
1638 3164 1688 3222 tui
1711 3164 1871 3239 (inpetrem.
1886 3160 1967 3249 ¹llos

494 3260 630 3342 qualiter
643 3260 792 3321 Dominus
809 3260 1030 3321 reconciliatus
1047 3260 1088 3320 sit
1103 3259 1166 3341 ple·

422 3359 455 3421 bi
479 3358 643 3441 paulatim.
661 3363 859 3438 Locrrtttsquc
878 3370 922 3419 cst
942 3362 1100 3420 Dominus
1122 3363 1166 3418 acl

424 3460 703 3536 Moysencttccns:
720 3461 812 3527 l'urle,
823 3462 953 3518 ascende
963 3463 1001 3517 de
1014 3462 1077 3517 loeo
1095 3461 1163 3519 isto.

422 3555 561 3630 Qualiter
569 3556 721 3618 Dominus
732 3556 908 3639 dieitlloysi
921 3577 1026 3619 secum
1040 3557 1071 3618 in
1084 3576 1167 3619 mon-

423 3664 454 3719 te
470 3655 645 3733 exsistenti
663 3656 1067 3739 Ascendetltespondetur,
1082 3658 1166 3737 qnod

425 3775 489 3819 non
507 3756 608 3818 solum
626 3754 774 3837 praecepit
793 3756 821 3817 ei
838 3756 926 3817 abire
942 3756 981 3818 ab
997 3756 1167 3818 altitudine

424 3854 553 3931 montis,
572 3854 628 3916 sed
653 3873 671 3915 a
693 3854 762 3916 loco
790 3854 876 3916 illius
899 3856 1014 3917 deserti
1039 3856 1167 3917 tendere

424 3956 465 4016 ad
481 3962 596 4016 terram
614 3954 813 4035 promissam,
832 3974 902 4035 quat
919 3955 980 4016 situ
998 3954 1091 4015 altior
1108 3954 1168 4015 luit

425 4053 549 4115 desorto
566 4051 633 4113 ille.
651 4052 723 4114 Ideo
744 4052 798 4127 ait,
817 4052 959 4114 Ascende
977 4064 1009 4113 ter
1025 4064 1054 4113 ct
1066 4074 1168 4131 popu

425 4156 475 4211 lus
493 4160 579 4221 tutta,
596 4172 689 4230 quem
705 4153 849 4211 celrroer'str'
862 4156 900 4209 de
917 4162 1002 4212 terra
1017 4156 1167 4229 AEppptr',

426 4252 462 4309 itt
486 4261 605 4310 terram
629 4271 726 4327 quam
741 4252 861 4327 jorcei
876 4254 1052 4321 Abraham,
1077 4256 1169 4313 Istrae

425 4358 454 4408 et
468 4350 574 4418 Jacob,
590 4349 698 4409 dicens
713 4370 724 4408 .·
737 4351 864 4409 Scrnr'rn'
881 4360 933 4409 tero
949 4354 1029 4410 (labo
1044 4371 1125 4411 ectu.
1137 4350 1167 4411 Si
1184 4350 1208 4411 b
1225 4353 1370 4434 sequenti
1388 4351 1527 4433 capitulo
1546 4368 1553 4411 ε
1571 4349 1759 4413 l'identibus
1776 4348 1907 4422 cunctis
1919 4348 1969 4411 Ia·
1985 4372 2145 4424 raficum,

426 4448 507 4510 Dcus
524 4447 666 4529 placatus
677 4448 742 4529 jam
759 4448 877 4511 exstitit
894 4450 1022 4531 populo,
1036 4471 1093 4512 cnr
1106 4469 1168 4511 non

426 4546 480 4621 ait,
499 4547 544 4608 Tu
562 4554 592 4609 et
609 4548 746 4629 populus
763 4568 852 4611 meus
867 4569 963 4630 quem
981 4550 1098 4613 eduxi?
1113 4550 1170 4609 lle-

426 4647 562 4727 spondet
583 4646 792 4727 AtrgustiuuS,
815 4650 900 4728 quod
924 4649 1063 4709 rrortdum
1090 4646 1170 4709 laeta

427 4744 487 4806 luit
511 4744 729 4808 reconciliabo
754 4745 859 4827 plena,
879 4747 933 4808 sed
952 4746 1098 4808 lneboata
1116 4764 1122 4807 :
1140 4754 1171 4808 et

426 4844 579 4924 quoniam
604 4844 665 4905 lilii
681 4843 774 4905 lsrael
798 4845 892 4926 paulo
915 4854 988 4907 ante
1010 4845 1168 4917 dixerunt,

426 4942 521 5024 Moysi
548 4942 604 5023 qui
621 4962 678 5006 nos
704 4943 812 5005 eduxit
836 4944 875 5005 de
895 4944 1042 5026 AEgypto,
1071 4945 1172 5006 nesei-

427 5060 497 5103 mus
514 5042 592 5123 qnid
603 5042 764 5117 acciderit,
775 5042 816 5119 el,
830 5044 920 5124 quasi
937 5043 1069 5119 bomIni,
1082 5063 1171 5105 snam

428 5140 650 5203 liberationem
677 5142 907 5216 attribuentes;
933 5142 1004 5204 ideo
1019 5142 1171 5204 llominus

428 5240 744 5323 proportionabiliter
770 5241 809 5304 do
834 5241 880 5304 eis
907 5241 1030 5303 locutus
1056 5251 1113 5317 est,
1132 5243 1171 5304 ad

429 5339 657 5403 insinuandum
684 5338 958 5421 imperfectionem
985 5360 1106 5403 eornm.
1129 5344 1172 5403 Et

1222 3271 1268 3324 est
1287 3262 1472 3343 quodcirca
1490 3261 1588 3324 liuem
1605 3259 1811 3341 praecedentis
1830 3258 1966 3340 capituli

1223 3362 1301 3424 dixit
1320 3380 1327 3423 :
1345 3361 1484 3441 Angelus
1500 3380 1590 3421 mens
1611 3360 1767 3442 pra-cedet
1783 3366 1824 3421 te.
1846 3361 1884 3420 Ct
1902 3360 1967 3433 eji-

1221 3465 1306 3522 er'am
1324 3464 1555 3531 Charranrrum,
1566 3470 1595 3520 et
1606 3461 1841 3528 Almorrlecertm,
1858 3468 1888 3517 et
1902 3459 1968 3517 He-

1224 3563 1353 3631 tltu’um,
1370 3571 1399 3621 et
1414 3564 1633 3630 ereremum,
1649 3568 1678 3619 et
1690 3561 1853 3628 llcvrcum,
1870 3566 1899 3616 et
1912 3560 1968 3616 Je-

1222 3662 1375 3730 busn’run,
1384 3670 1413 3719 et
1431 3661 1529 3718 latres
1542 3661 1575 3718 in
1593 3668 1712 3717 terram
1722 3661 1874 3735 fluentem
1885 3659 1968 3717 lactc

1222 3768 1251 3819 et
1268 3763 1369 3818 atelle.

1264 3861 1335 3919 Non
1352 3860 1437 3917 cnr'nr
1456 3859 1623 3917 ascendam
1643 3866 1754 3927 teercrn,
1772 3857 1851 3935 quia
1862 3875 1969 3934 popu-

1225 3961 1274 4016 tas
1289 3960 1381 4017 darm
1397 3958 1529 4014 cervicis
1546 3976 1587 4015 es.
1607 3954 1668 4015 lloc
1691 3952 1821 4034 quidam
1837 3954 1969 4035 exponiI.

1224 4055 1293 4117 sic:
1316 4055 1383 4117 Non
1403 4074 1457 4116 ero
1476 4054 1641 4115 vobiscum
1663 4072 1720 4133 per
1739 4052 1968 4115 miraculorum

1224 4154 1451 4235 operationem,
1470 4154 1549 4214 sieut
1572 4161 1665 4215 antea
1681 4150 1739 4212 lui.
1762 4150 1818 4213 Cui
1843 4150 1970 4232 exposi-

1225 4254 1304 4315 tioni
1328 4253 1455 4315 videtur·
1477 4252 1618 4326 obviare,
1643 4251 1728 4331 quod
1749 4250 1899 4312 Dominus
1921 4250 1969 4311 ait

1225 4454 1304 4515 eiam
1322 4452 1412 4531 sIgna
1428 4470 1499 4531 quse
1519 4468 1681 4529 nunquam
1698 4448 1766 4510 sisa
1782 4456 1856 4510 sunt
1870 4466 1968 4529 super

1226 4560 1351 4622 terram,
1375 4570 1433 4611 nee
1460 4550 1492 4609 in
1519 4548 1593 4609 ullis
1619 4547 1778 4629 gentibus,
1804 4555 1839 4608 ut
1859 4555 1969 4609 cernat

1227 4650 1363 4731 populns
1381 4649 1450 4717 iste,
1469 4649 1502 4709 in
1518 4648 1610 4729 enjus
1634 4666 1667 4709 es
1683 4646 1799 4722 medic,
1817 4666 1895 4727 opus
1910 4646 1970 4707 Ilo-

1225 4749 1304 4810 mirri
1330 4748 1472 4809 terribilc
1497 4747 1582 4828 qnod
1609 4746 1750 4807 tacturus
1775 4764 1856 4806 sum.
1872 4744 1969 4806 Porro

1226 4847 1325 4909 ttabbi
1341 4846 1456 4908 Paulus
1479 4844 1643 4927 prseIatam
1659 4863 1788 4925 quoque
1804 4842 1971 4924 cspositio

1226 4967 1298 5008 nem
1326 4947 1530 5025 redarguens²
1549 4943 1678 5025 exponit
1703 4942 1759 5019 sic,
1777 4943 1861 5023 quod
1885 4942 1971 5003 Deus

1226 5046 1309 5107 ultra
1326 5064 1389 5107 non
1406 5052 1489 5106 esset
1511 5044 1542 5104 in
1559 5041 1678 5125 populo
1696 5041 1751 5102 illo
1768 5061 1824 5123 per
1844 5040 1971 5103 solitam

1227 5144 1432 5205 residentiam
1451 5142 1533 5204 inter
1550 5142 1633 5214 illos
1647 5148 1676 5200 et
1693 5158 1749 5221 per
1765 5137 1972 5201 eminentiam

1226 5242 1334 5322 gratim
1351 5249 1521 5303 consuetae.
1531 5239 1586 5301 Cui
1600 5236 1792 5319 expositioni
1804 5245 1970 5318 repugnat,

1226 5344 1312 5423 qnod
1329 5342 1410 5404 Ileus
1426 5340 1488 5402 cito
1511 5347 1581 5421 post
1604 5338 1670 5400 hac
1687 5335 1788 5398 multo
1804 5334 1974 5417 ⁴solennius

2013 3378 2104 3420 emt.

1984 3454 2067 3492 suu,
2084 3446 2122 3485 tt.

1985 4438 2032 4479 Io.
