4309 6259
452 452 511 515 bil
603 500 609 511 .
817 466 990 513 maranno
1012 466 1043 511 ru
1065 463 1134 512 nse.
1158 462 1188 507 tv
1209 462 1442 511 oaumnonomr.
1465 483 1505 494 -
1525 465 1596 511 aar.
1619 465 1639 508 v

451 636 627 701 obscuritas
643 635 698 699 illa
713 635 885 718 palpabilis
905 636 1002 698 trium
1019 636 1145 699 dierum
1161 633 1194 695 in
1210 635 1236 697 Α
1250 634 1382 697 materia
1396 634 1517 699 diffuse
1538 634 1749 717 praehabitum
1764 643 1812 697 θεῖ
1828 633 1862 696 in
1878 633 2000 695 Nume
2015 654 2123 701 n'nrua

450 736 538 797 omni
558 735 628 799 loeo
650 734 856 797 habitationis
872 734 1103 816 AEgyptiorum,
1128 732 1195 795 sole
1250 733 1305 794 ris.
1327 738 1396 795 Isto
1415 744 1460 795 est
1483 738 1535 794 teu
1557 755 1657 815 quem
1677 735 1846 813 proposuit
1869 736 1997 809 Moyses
2011 720 2102 762 ⁶³¹⁴*

450 852 540 896 suam
566 833 669 895 lucem
692 832 732 894 ab
758 830 836 913 ipsis
863 830 1043 894 retrahente
1064 855 1071 905 ;
1099 841 1196 909 atque
1249 851 1358 892 eoram
1378 833 1461 909 filiis
1482 837 1597 901 Israel,
1613 832 1674 895 hoc
1695 840 1754 907 est,
1776 833 1866 912 juxta
1886 831 1996 894 lorda-

445 941 608 1008 portento,
633 938 668 992 ut
699 937 789 993 erant
820 929 951 1011 reliquia
975 928 1194 1011 AEgyptiorum
1250 946 1323 990 uem
1340 930 1499 1010 repetivit,
1517 930 1647 993 sicutin
1663 929 1749 993 Sinai
1769 949 1839 992 eam
1860 930 1993 1012 recepit,

450 1030 570 1110 plagae;
586 1050 646 1108 per
657 1048 817 1106 pequam,
829 1047 893 1111 qua
908 1027 1061 1090 Dominus
1076 1044 1210 1108 pugna-r
1249 1045 1287 1088 ac
1311 1028 1429 1108 populo
1460 1028 1635 1090 insinuavit
1651 1052 1659 1102 3
1687 1036 1854 1109 textusque
1878 1028 1994 1110 planus

450 1126 496 1190 vit
507 1146 565 1209 pro
581 1126 693 1190 israele
704 1135 815 1189 eontra
825 1124 998 1208 AEgyptios,
1011 1144 1121 1188 eorum
1132 1123 1196 1206 pri·
1250 1132 1308 1186 θεῖ.
1320 1125 1406 1187 Hane
1422 1134 1528 1189 tamen
1540 1126 1642 1207 legem
1658 1124 1743 1188 infra
1757 1126 1858 1206 magis
1875 1125 1908 1188 iu
1924 1145 1994 1207 spe

449 1225 609 1306 mogenita
624 1224 848 1301 occidendo‚et
859 1225 944 1305 ipsos
961 1222 1194 1302 submergendo
1250 1222 1324 1284 ciali
1340 1224 1483 1300 resumit,
1501 1233 1596 1304 atque
1618 1224 1782 1305 hucusque
1796 1243 1867 1287 eam
1890 1224 1925 1286 in
1939 1243 1992 1305 ge·

450 1324 483 1385 in
505 1324 584 1386 mari
603 1324 728 1399 liubr03
745 1334 775 1383 et
792 1325 954 1383 robustam
971 1342 1117 1393 marimo,
1135 1321 1195 1383 hoo
1251 1322 1351 1383 nerali
1367 1322 1588 1404 multiplieiter
1602 1323 1848 1387 commendavit.

449 1431 498 1485 θεῖ
513 1429 710 1503 potestatem,
723 1431 950 1499 ostentumque
965 1421 1144 1490 bruchium,
1161 1418 1194 1481 id
1289 1419 1446 1483 lloraliter
1467 1421 1618 1485 docemur
1632 1441 1671 1485 ex
1693 1430 1758 1485 toto
1780 1422 1930 1504 prasenti
1944 1441 1993 1485 oa·
2010 1438 2120 1481 susem

450 1529 498 1584 est
522 1520 738 1602 operationem
766 1518 947 1596 sublimem,
975 1526 1197 1600 supernatura·
1250 1517 1363 1600 pitulo,
1373 1538 1468 1599 quam
1480 1519 1617 1583 sollicite
1626 1530 1658 1583 θῖ
1669 1520 1828 1583 ferventer
1838 1520 1991 1583 debemus
2004 1502 2056 1543 '²¹⁵⁵'

451 1622 525 1696 lem,
542 1628 575 1682 θῖ
594 1619 774 1683 evidentem
788 1640 795 1691 ;
812 1628 842 1677 et
857 1618 1027 1677 horribiles
1043 1617 1193 1687 visiones,
1251 1617 1351 1695 legem
1364 1617 1578 1697 evangelicam
1593 1619 1780 1700 adimplere,
1796 1637 1893 1700 quam
1908 1619 1992 1700 ipse

449 1718 535 1801 quia,
554 1725 590 1778 ut
614 1735 709 1799 super
731 1716 873 1778 Exodum
895 1714 1015 1776 dictum
1037 1722 1095 1789 est,
1113 1714 1195 1777 Deus
1251 1724 1316 1778 met
1338 1716 1419 1778 Deus
1442 1716 1624 1779 incarnatus
1649 1717 1832 1799 inproprie
1856 1736 1992 1799 persona

450 1818 483 1879 in
506 1816 627 1880 somnis
642 1816 711 1878 dire
733 1834 769 1877 ac
792 1832 876 1895 sape
891 1811 1088 1895 perterrebat
1102 1812 1195 1895 AEgy-
1213 1820 1237 1882 B
1250 1814 1386 1876 contulit
1402 1815 1505 1890 nobis,
1516 1815 1550 1876 iu
1565 1816 1657 1896 cujus
1671 1816 1875 1881 observantia
1890 1816 1992 1878 consi·

450 1916 533 1997 ptios
556 1933 612 1995 per
628 1912 811 1995 phantasias
828 1919 859 1973 et
880 1910 1098 1992 apparitiones
1122 1909 1196 1973 hor·
1250 1912 1305 1974 stit
1320 1913 1470 1976 universa
1480 1913 1574 1989 salus,
1584 1913 1830 1978 honorificentia
1843 1914 1992 1995 aegloria

334 2043 349 2071 a
379 2043 426 2072 xm
451 2014 576 2077 rendas.
588 2012 718 2092 Propter
732 2011 817 2092 quod
834 2008 967 2091 Sapiens
978 2008 1195 2072 ait:Visiones
1250 2010 1360 2092 populi
1380 2010 1547 2073 christiani
1567 2029 1674 2074 coram
1694 2012 1757 2075 Deo
1781 2022 1812 2075 et
1832 2013 1992 2076 universis

452 2112 524 2174 illos
540 2109 758 2172 turbaverunt.
769 2106 807 2169 Et
822 2107 897 2170 item
916 2106 1024 2168 :Tunc
1040 2106 1193 2169 continuo
1250 2108 1369 2172 electis.
1387 2110 1426 2171 Et
1450 2109 1477 2171 si
1499 2109 1590 2191 plebs
1611 2109 1786 2173 christiana
1806 2111 1910 2192 legem
1931 2112 1991 2173 sibi

450 2209 590 2274 visiones
606 2206 802 2270 somniorum
814 2205 970 2268 malorum
987 2204 1196 2267 turbaverunt
1249 2208 1386 2290 desuper
1400 2208 1551 2285 oblatam,
1564 2208 1687 2289 integre
1703 2207 1992 2291 inviolabiliterque

450 2308 534 2384 illos,
551 2315 583 2369 et
606 2305 734 2367 timores
757 2312 1009 2385 supervenerunt
1025 2302 1192 2384 insperati.
1250 2316 1399 2383 servaret,
1417 2326 1436 2369 a
1456 2306 1580 2369 eunctis
1603 2306 1752 2386 gentibus
1771 2308 1993 2387 magnificare·

456 2409 494 2467 tlt
508 2407 603 2465 scires
618 2404 774 2482 quoniam
784 2403 943 2464 Dominus
959 2403 1026 2479 ipse
1040 2411 1085 2461 est
1096 2405 1195 2471 Deus,
1250 2414 1312 2484 tur,
1329 2414 1361 2468 et
1375 2406 1561 2488 prevaleret
1575 2406 1735 2469 universis
1750 2406 1897 2470 hostibus
1912 2409 1990 2471 suis.

450 2502 526 2586 quia
541 2520 596 2583 per
612 2498 748 2563 effectus
759 2498 960 2577 cognoscitur
971 2518 1076 2574 causa,
1090 2509 1119 2559 et
1129 2518 1195 2559 uon
1249 2504 1392 2585 Denique
1406 2504 1553 2585 quamvis
1568 2504 1687 2587 Moyses
1703 2523 1761 2587 pro
1776 2514 1920 2587 tempore
1935 2527 1992 2570 suo

450 2612 494 2662 est
509 2602 722 2676 otiusproeter
736 2618 820 2657 euro.
1072 2658 1074 2663 ,
1249 2621 1286 2665 ao
1308 2602 1444 2664 decursu
1468 2602 1585 2664 veteris
1610 2603 1814 2679 Testamenti,
1833 2624 1908 2668 vere
1926 2606 1992 2685 glo

491 2702 537 2759 De
551 2702 627 2759 eoeto
642 2698 759 2757 audire
774 2707 802 2756 te
821 2696 898 2772 feeit
918 2716 1022 2755 vocem
1036 2715 1143 2766 suam,
1158 2704 1195 2755 ut
1249 2700 1348 2762 riatus
1368 2708 1427 2776 θεῖ,
1444 2700 1566 2775 dicens,
1583 2700 1650 2763 Non
1671 2709 1719 2764 est
1740 2702 1803 2764 alia
1824 2704 1912 2766 natio
1929 2714 1991 2768 tam

449 2802 572 2859 doceret
589 2807 627 2869 te,
637 2793 713 2877 quia
727 2794 767 2857 de
782 2792 948 2856 cacumine
959 2792 1076 2855 montis
1094 2792 1192 2869 Sinai,
1249 2798 1390 2879 grandis,
1407 2806 1467 2861 etc.
1488 2824 1495 2874 ;
1517 2798 1668 2880 itemque,
1684 2799 1758 2873 Oua
1772 2810 1821 2863 θεῖ
1836 2802 1901 2865 alia
1912 2820 1992 2883 gens

450 2896 506 2979 qui
522 2914 623 2976 usque
634 2894 673 2955 ad
684 2893 801 2955 eoelum
813 2909 940 2954 aereum
952 2899 999 2953 est
1010 2899 1193 2974 porrectus3
1249 2896 1295 2959 sie
1311 2896 1440 2977 inclyta,
1457 2905 1517 2959 etc.
1535 2900 1547 2958 i
1570 2905 1675 2960 tamen
1698 2906 1840 2980 tempore
1858 2919 1993 2982 orange

450 3004 480 3055 et
495 2998 529 3055 iu
549 3004 634 3055 terro
653 2993 789 3053 ostendit
806 2992 865 3051 tibi
889 2992 996 3067 ipriem
1016 3011 1113 3049 suum
1129 3001 1231 3064 ruo-c
1249 2994 1319 3057 lieas
1334 2994 1412 3075 legis
1428 3002 1579 3059 evacuata
1593 3004 1642 3057 est
1661 2996 1808 3074 gloriatio
1828 2997 1897 3074 illa,
1914 3019 1993 3080 quo

449 3091 657 3161 uirorumhoc
668 3098 726 3166 est,
739 3089 797 3151 tibi
807 3088 972 3151 exsistenti
981 3088 1070 3168 juxta
1081 3088 1194 3169 pedem
1250 3093 1335 3156 niam
1347 3093 1484 3175 populus
1494 3092 1687 3156 christianus
1698 3094 1992 3177 incomparabiliter

451 3188 777 3267 montis,monstravit
793 3188 898 3266 iguem
917 3186 1090 3249 terribilem
1102 3186 1194 3249 valde
1249 3192 1350 3273 magis
1365 3191 1608 3269 honorificatus,
1626 3192 1822 3271 nobilitatus,
1832 3197 1993 3259 universis

450 3308 601 3371 magnum
618 3288 651 3349 iu
674 3286 790 3349 vertice
813 3286 930 3347 montis
946 3285 1090 3366 ejusdem
1111 3305 1118 3349 :
1137 3285 1193 3365 qui
1248 3290 1421 3371 gratiarum
1450 3290 1633 3353 eminentiis
1663 3292 1828 3355 decoratus
1856 3304 1908 3357 est
1932 3298 1992 3359 sub

452 3396 557 3450 tamen
573 3386 667 3466 ignis,
680 3385 746 3464 igni
761 3384 947 3447 elementari
963 3384 1053 3463 quasi
1069 3384 1195 3447 incom-
1249 3388 1322 3452 novi
1339 3398 1482 3471 tempore
1497 3390 1689 3452 Testamenti
1704 3392 1807 3469 aDeo,
1824 3412 1922 3474 quam
1938 3416 1994 3459 au·

451 3484 635 3569 parabilitcr
651 3482 756 3546 minor
772 3481 850 3557 luit;
863 3484 942 3563 quio
957 3485 1075 3543 ditescit
1083 3494 1195 3561 patres
1248 3496 1298 3552 tea
1314 3489 1487 3571 Synngoga.
1505 3488 1544 3549 Et
1558 3490 1591 3550 in
1608 3488 1810 3554 Sacramenta
1825 3510 1901 3555 vere
1911 3514 1993 3575 pra·

451 3584 598 3655 tuos,hoc
614 3590 672 3659 est,
682 3601 720 3645 ex
735 3599 792 3643 sua
806 3580 937 3643 caritate
952 3590 984 3643 et
998 3581 1117 3663 pietate
1127 3581 1194 3643 haic
1248 3587 1424 3649 sentialiter
1438 3587 1528 3650 adest
1543 3586 1635 3650 nobis
1650 3607 1687 3650 ac
1702 3588 1852 3669 precibus
1872 3593 1991 3654 nostris

449 3683 536 3759 fecit,
554 3701 617 3765 qua
640 3679 836 3743 Patriarohas
857 3688 983 3742 sanctos
1007 3680 1137 3755 amavit,
1162 3688 1194 3742 θῖ
1248 3684 1399 3747 Dominus
1414 3684 1496 3747 Deus
1512 3692 1628 3764 noster,
1646 3684 1935 3769 perfectioremque
1951 3690 1993 3752 le

449 3790 580 3865 propter
597 3779 710 3843 merita
728 3797 799 3859 qua
821 3778 867 3840 eis
889 3778 1030 3854 donavit,
1048 3788 1077 3839 et
1098 3781 1192 3855 etepit
1213 3865 1217 3871 Ι
1247 3801 1318 3863 gem
1341 3783 1477 3846 eontulit
1498 3783 1591 3846 nobis
1605 3802 1703 3865 quam
1725 3784 1801 3847 illis.
1819 3786 1993 3869 Sedquan-

448 3884 566 3950 semen,
578 3880 612 3941 id
627 3886 675 3941 est
691 3876 1039 3961 posteritatem,eorum
1047 3887 1119 3954 post
1129 3897 1189 3939 eos.
1248 3889 1280 3943 to
1307 3881 1379 3961 plus
1406 3880 1450 3943 ita
1474 3888 1532 3958 est,
1560 3889 1648 3944 tanto
1673 3883 1812 3965 amplius
1837 3886 1992 3949 debemus

450 3979 564 4059 Sicque
576 3985 677 4040 totum
694 3975 755 4038 fuit
767 3976 868 4056 pietas
884 3982 915 4037 et
929 3974 1031 4054 gratia
1046 3974 1127 4055 ejus,
1141 3994 1193 4037 ou·
1247 3980 1310 4041 Deo
1331 3980 1411 4061 grati
1433 3979 1596 4055 exsistere,
1612 3988 1708 4061 atque
1722 4000 1795 4043 cum
1813 3983 1903 4045 omui
1919 3985 1993 4047 dili-

448 4080 500 4159 jus
522 4087 628 4140 tamen
651 4076 764 4139 electio
788 4074 893 4137 activa
912 4093 967 4137 seu
989 4074 1194 4155 praedestina·
1246 4077 1354 4157 geutia
1374 4086 1406 4139 et
1421 4078 1565 4141 custodia
1583 4078 1688 4141 cordis
1703 4079 1733 4141 ei
1752 4080 1872 4161 jugiter
1888 4083 1993 4147 deser·

448 4177 494 4240 tio
509 4186 557 4239 est
571 4175 764 4251 aeterna,sed
781 4192 838 4257 per
848 4172 984 4236 effeetus
998 4181 1194 4235 monstratur
1208 4176 1232 4238 D
1247 4175 1326 4238 vire.
1352 4175 1440 4249 Quod
1460 4176 1487 4237 si
1512 4175 1736 4257 reliquerimus
1760 4197 1846 4256 eum,
1869 4181 1993 4263 disper-

449 4276 482 4337 in
508 4284 659 4355 tempore.
685 4272 787 4353 Elegit
811 4289 939 4353 quoque
959 4290 1067 4333 semen
1093 4270 1193 4332 Patri·
1247 4292 1358 4355 gemur
1373 4292 1431 4356 per
1446 4273 1683 4336 multitudinem
1701 4275 1862 4354 vitiorum,
1880 4287 1913 4341 θῖ
1929 4298 1992 4343 ser-

448 4374 615 4436 archarum
641 4388 704 4435 non
730 4379 842 4447 totum,
860 4370 915 4432 sed
938 4368 1063 4451 aliquos
1089 4377 1194 4452 poste·
1248 4371 1371 4435 viemus
1386 4372 1595 4450 demonibus,
1611 4374 1765 4435 creaturis
1780 4376 1882 4455 magis
1892 4396 1991 4458 quam

449 4490 569 4536 rorum.
1247 4470 1556 4551 Creatori,tanquam
1573 4469 1666 4534 idolis
1676 4472 1992 4551 adherebimus3sed

497 4575 585 4633 Tune
613 4570 776 4647 separavit
805 4571 929 4645 Moyses
959 4578 1020 4627 tres
1048 4569 1194 4628 ciuitates
1249 4568 1275 4631 si
1302 4570 1484 4632 totocorde
1506 4578 1624 4632 ettota
1646 4570 1851 4636 tribulatione
1875 4575 1993 4639 animas

451 4680 541 4731 trous
554 4671 729 4731 Joroaoem
744 4669 788 4727 od
803 4669 991 4727 orientalem
1002 4670 1148 4742 plepem,
1159 4674 1195 4725 ut
1250 4676 1365 4730 nostro
1379 4667 1600 4748 quesierimus
1614 4686 1687 4731 eum
1703 4669 1934 4751 indesinenter,
1947 4673 1994 4735 in·

449 4770 619 4846 consupiot
634 4770 677 4827 rut
694 4768 815 4846 eosqui
828 4767 979 4825 occiderit
997 4768 1108 4825 notens
1120 4783 1195 4842 pro-
1249 4765 1425 4827 veniemus.
1451 4765 1628 4843 Postremo,
1655 4766 1732 4848 quid
1761 4787 1818 4849 per
1846 4769 1993 4835 civitates

449 4870 578 4928 uimtuu
593 4886 699 4925 suum.
717 4864 773 4926 llic
788 4863 892 4945 agitur
908 4864 947 4925 de
963 4862 1097 4926 urbibus
1114 4862 1196 4926 refu·
1250 4862 1366 4941 refugii
1382 4871 1414 4926 θῖ
1432 4861 1495 4925 alia
1510 4864 1542 4926 in
1564 4863 1625 4927 isto
1646 4865 1787 4946 capitulo
1803 4868 1923 4949 scripta
1939 4870 1994 4932 de·

450 4964 506 5045 gii,
529 4966 567 5027 ad
589 4982 669 5046 quas
690 4962 903 5043 confugerunt
925 4962 979 5042 qui
1003 4981 1021 5023 a
1044 4980 1121 5024 casu
1143 4960 1193 5023 vel
1250 4960 1402 5039 signetur,
1421 4962 1454 5023 in
1468 4962 1676 5025 Numerorum
1699 4964 1779 5027 libro
1795 4974 1827 5028 et
1848 4966 1926 5030 alibi
1946 4977 1994 5030 est

451 5061 631 5143 ignorantia
647 5061 787 5143 aliquem
803 5060 1005 5136 oeciderunt;
1026 5068 1057 5122 et
1077 5061 1117 5122 de.
1135 5060 1196 5122 ista
1250 5077 1445 5139 expressum.
