4309 6259
528 488 703 535 autumno
723 490 753 535 ur
774 490 843 536 cnr.
867 488 922 533 xrx
941 486 1137 535 nmnnonuu.
1159 506 1201 531 -.
1220 487 1292 533 aar.
1315 484 1414 533 xxxrn
1680 464 1739 529 tut

62 680 182 727 roenna.
197 664 340 726 Christus
359 662 399 725 de
422 661 469 724 ris
489 669 648 725 testatur:
666 659 840 724 Consilium
864 658 944 722 tcoe·
959 659 984 720 A
1000 658 1197 721 naturalibus
1222 658 1315 721 donis
1339 665 1371 720 et
1400 655 1579 720 affluentiis
1603 654 1740 739 Spiritus

196 771 269 823 runt
285 760 409 824 inimici
430 760 493 825 mei
509 761 677 825 adversum
694 778 756 835 me,
774 758 915 822 dicentes
934 775 941 819 :

196 860 490 936 l'enite,mittamus
506 859 629 940 lignum
646 858 679 921 in
695 878 809 941 panern
822 858 942 938 ejus,et

194 960 361 1021 eradamus
376 978 449 1022 eum
471 959 510 1021 de
530 967 613 1021 terra
627 956 816 1034 viventium,
833 964 865 1019 et
887 975 942 1019 no

195 1076 267 1120 men
285 1059 355 1139 ejus
371 1076 436 1120 non
457 1065 650 1121 memoretur
666 1055 759 1118 ultra.

236 1162 327 1218 Tunc
353 1160 427 1217 lotis
449 1159 586 1217 cestibus
605 1166 635 1216 et
656 1175 785 1233 corpore
804 1174 874 1224 suc,
890 1157 940 1215 irr-

189 1258 359 1333 predr'rtur
375 1258 410 1315 in
426 1266 544 1315 castro.
554 1255 618 1317 Hoc
635 1254 674 1317 de
689 1252 852 1316 conversis
867 1263 939 1335 post

193 1353 311 1415 Christi
334 1354 515 1436 passionem
538 1361 569 1415 ct
586 1352 692 1416 Sancti
708 1351 844 1433 Spiritus
866 1352 939 1414 mis-

193 1454 315 1517 sionem
342 1452 560 1516 saoerdotibus
583 1459 688 1534 potest
711 1451 854 1533 exponi:
882 1451 938 1533 qui

998 757 1116 833 Sancti,
1134 756 1218 819 facta
1232 765 1281 820 est
1302 776 1384 838 aqua
1406 755 1614 831 lustrationis,
1631 762 1741 837 utpote

998 856 1070 919 fons
1095 856 1258 938 Baptismi,
1282 874 1346 937 quo
1367 863 1508 919 mortuos
1534 873 1590 936 per
1611 861 1740 935 peccata

997 975 1127 1019 neccsse
1143 955 1204 1017 tuit
1219 956 1328 1031 lavari,
1350 955 1406 1037 qui
1422 974 1440 1016 a
1458 952 1575 1015 Christi
1591 952 1739 1035 passione

995 1055 1060 1119 vim
1086 1076 1175 1118 suam
1196 1055 1395 1137 purgativam
1421 1052 1550 1116 sortitus
1574 1060 1632 1115 est.
1650 1051 1739 1115 Unde

996 1155 1138 1219 Salvator
1153 1153 1303 1217 disseruit
1320 1174 1327 1218 :
1345 1152 1410 1214 Nisi
1426 1150 1499 1233 quis
1521 1157 1649 1214 renatus
1672 1150 1739 1213 lue·
1766 1173 1885 1225 amm,

995 1253 1094 1317 riter
1115 1272 1198 1334 aqua
1220 1262 1252 1315 et
1266 1252 1385 1334 Spiritu
1406 1251 1530 1328 Sancto,
1548 1268 1612 1313 non
1635 1258 1739 1333 potest
1752 1240 1773 1281 ⁵·

998 1354 1105 1417 videre
1120 1371 1253 1433 regnum
1269 1350 1335 1414 Ilei.

1035 1454 1188 1515 Praeterea
1202 1452 1242 1514 de
1257 1448 1416 1533 spirituali
1433 1447 1670 1530 significatione
1680 1447 1739 1509 im·

72 1560 308 1615 neutonam
331 1552 478 1614 laverunt
503 1550 600 1613 stolas
626 1570 699 1613 suas
725 1549 757 1611 in
783 1549 939 1630 sanguine
996 1552 1188 1615 mundorum
1200 1570 1238 1613 ex
1249 1557 1395 1613 contactu
1411 1557 1466 1610 aut
1482 1546 1650 1629 praesentia
1660 1564 1739 1609 ntor-

56 1628 81 1666 ll.

192 1650 285 1731 dgni,
299 1650 513 1732 baptizatique
529 1657 602 1711 sunt
619 1649 652 1710 in
669 1648 798 1711 nomine
808 1647 937 1725 Christi,

995 1651 1052 1727 tui,
1062 1652 1103 1713 de
1118 1648 1322 1711 immunditia
1337 1666 1466 1729 qnoque
1476 1665 1740 1728 vasorum,supor

66 1760 176 1831 tur-nm.
191 1749 255 1811 imo
271 1757 306 1810 ut
322 1746 524 1825 Evangelista
546 1755 679 1810 testatur
696 1764 703 1809 :
722 1746 830 1810 Omnis
847 1746 938 1809 turba
994 1748 1169 1812 chiticum
1180 1746 1299 1811 dictum
1311 1745 1738 1827 estcopiosclnsupcraqua

190 1866 300 1910 corum
316 1846 372 1928 qui
388 1846 521 1907 aderant
540 1843 748 1927 exspirationi
763 1844 890 1921 Christi,
907 1854 939 1909 ct
957 1846 1211 1929 Badspersionis
1240 1864 1305 1909 non
1335 1844 1438 1907 solum
1463 1844 1609 1923 designat
1632 1844 1736 1926 Bapti-

55 1824 82 1863 itt.

191 1947 341 2009 viderunt
357 1964 429 2026 quae
446 1944 580 2021 fiebant,
598 1943 812 2026 percutientes
834 1953 939 2025 pecto-

189 2065 222 2107 ra
238 2064 307 2121 sua,
326 2041 646 2115 rovertebantur.Qui
661 2060 736 2105 vero
753 2052 938 2105 manserunt

187 2142 356 2218 increduli,
374 2141 521 2205 laverunt
537 2160 570 2203 sc
587 2140 681 2203 solito
696 2141 791 2204 modo
811 2141 938 2205 sacrile

185 2260 232 2322 ge.
252 2242 309 2304 Per
335 2240 396 2303 hoc
414 2247 520 2302 autern
546 2239 631 2320 quod
657 2237 831 2302 offerentes
856 2258 937 2303 com·

188 2340 404 2421 burentcsquc
419 2357 561 2414 vaccam,
574 2346 605 2400 ct
620 2338 690 2418 ejus
707 2337 847 2400 cinerem
862 2357 937 2401 con-

187 2448 371 2521 gregantes,
404 2446 435 2501 ct
464 2456 581 2519 aquam
611 2436 774 2500 cineribus
805 2436 934 2499 mixtam

185 2539 423 2621 adspergente,
434 2536 565 2599 fuorunt
579 2534 802 2599 commaculati
816 2534 936 2617 :prali-

184 2644 332 2717 guratum
358 2644 417 2712 est,
442 2636 528 2716 quod
555 2635 744 2711 sacerdotes,
763 2634 879 2698 Scribae
904 2643 934 2696 et

184 2733 517 2815 Pharisaei,eetcrique
531 2732 683 2809 Judaei,in
700 2733 847 2813 passione
862 2732 934 2793 Uni-

186 2833 285 2913 geniti
297 2832 398 2894 Patris
414 2831 533 2908 aterni,
544 2850 602 2913 pro
613 2830 750 2893 maxima
761 2838 849 2911 parte
860 2838 934 2892 sunt

187 2930 336 2995 excaecati
348 2938 379 2992 et
390 2928 641 3010 inquinatissimi
658 2928 830 3005 constituti,
839 2948 934 3010 super

994 1964 1111 2022 smum,
1127 1944 1182 2007 sed
1205 1953 1236 2007 ct
1258 1943 1411 2025 irriguum
1436 1941 1650 2019 lacrimarum,
1672 1962 1738 2025 quo

994 2046 1178 2126 frequenter
1193 2042 1340 2105 mundari
1356 2050 1481 2123 oportet
1493 2058 1500 2102 :
1514 2041 1598 2122 quod
1616 2060 1672 2122 per
1686 2042 1739 2104 ad-

994 2143 1191 2227 sparsionem
1208 2142 1293 2204 tertii
1310 2141 1501 2223 septimique
1516 2140 1580 2202 diei
1597 2148 1735 2202 notatur.

993 2243 1123 2306 lloritur
1138 2250 1245 2305 autem
1262 2242 1295 2304 in
1314 2240 1527 2316 tabernaculo,
1549 2240 1655 2321 quiin
1673 2240 1738 2303 tidc

993 2341 1144 2405 Ecclesia
1158 2350 1189 2404 et
1205 2350 1288 2403 statu
1304 2339 1415 2403 salutis
1431 2338 1574 2414 decedit;
1592 2339 1737 2420 quivero

994 2442 1026 2503 in
1042 2439 1233 2502 infidelitate
1244 2448 1299 2501 aut
1309 2437 1371 2501 alia
1387 2438 1513 2501 mortali
1525 2438 1659 2501 moritur
1674 2437 1738 2501 cul·

992 2558 1042 2623 pa‚
1055 2538 1192 2620 exspirat
1209 2538 1241 2600 in
1258 2556 1381 2619 campo,
1395 2537 1427 2598 in
1445 2537 1507 2599 lata
1522 2535 1670 2601 videlicet
1685 2535 1737 2598 via

991 2637 1189 2720 perditionis.
1207 2637 1263 2698 Est
1282 2646 1389 2699 autern
1412 2635 1563 2712 notabile,
1580 2635 1666 2716 quod
1680 2653 1737 2695 vas

989 2755 1053 2799 non
1069 2736 1336 2819 opertum,lertur
1351 2735 1567 2809 immundum3
1589 2740 1735 2815 opertum

989 2854 1063 2899 voro
1080 2856 1135 2899 scu
1152 2836 1284 2915 ligatum
1300 2834 1448 2915 desuper,
1465 2836 1619 2897 mundum
1634 2852 1641 2895 :
1658 2849 1735 2914 quo

988 2935 1075 2997 niam
1087 2936 1233 3017 corquod
1245 2953 1308 2998 non
1320 2934 1411 3017 ponit
1421 2932 1595 2995 custodiam
1607 2932 1653 2995 ori
1666 2952 1732 3007 suo,
1763 2955 1880 3005 rama.

57 3043 267 3143 ¹traan,quos
284 3028 431 3112 pervenit
446 3027 493 3090 ira
509 3027 563 3089 Dei
581 3028 731 3109 usquein
754 3028 864 3107 finem,
878 3030 932 3110 qui
949 3035 971 3097 C
989 3053 1047 3097 nec
1062 3035 1178 3097 ostium
1195 3032 1441 3097 circumstantias
1455 3032 1549 3093 labiis
1564 3031 1732 3107 suis,omni

187 3148 242 3210 per
258 3146 424 3210 vesperam
442 3126 626 3205 designatur
641 3143 648 3187 :
666 3127 839 3208 dequibus
856 3148 933 3211 praa

67 3230 171 3285 rauna.
185 3226 266 3288 dixit
285 3224 462 3301 Psalmista‚
480 3224 696 3289 Obscurentur
715 3226 799 3290 oculi
822 3246 932 3291 eorurn

56 3296 82 3337 st.
95 3297 123 3337 25.

185 3344 225 3388 ne
240 3324 383 3390 videant.
396 3324 471 3387 ltem
491 3342 497 3385 :
516 3322 657 3388 Ellunde
672 3345 767 3408 super
783 3344 836 3389 eos
853 3326 930 3387 iram

186 3433 283 3501 tuam,
302 3432 334 3486 et
349 3423 438 3485 turor
453 3423 507 3487 ira
527 3432 586 3485 tuae
603 3424 850 3506 comprehendat
865 3442 929 3487 eos.

225 3524 361 3599 (lollr'pet
376 3532 484 3583 auem
501 3523 554 3581 vir
569 3527 711 3583 mundus
725 3525 845 3584 cineres
861 3545 932 3584 vac·

182 3644 237 3693 cur,
261 3632 292 3681 et
315 3624 458 3700 offundet
482 3641 532 3680 eos
556 3631 650 3681 entra
674 3632 780 3682 costra
804 3624 840 3681 ira
867 3625 930 3681 loco

178 3718 434 3797 purisstmc.Per
450 3718 553 3781 virum
570 3720 725 3782 mundum
742 3719 931 3799 intelligitur

181 3819 258 3881 ordo
286 3817 542 3900 praedicatorum,
560 3818 761 3899 potissimum
787 3818 931 3883 beatissi-

181 3936 307 3979 morum
333 3916 569 3999 Apostolorum,
597 3917 653 3997 qui
679 3927 766 3980 extra
789 3920 928 3981 Judaeam

179 4015 366 4078 detulerunt
390 4015 541 4097 reliquias
564 4015 732 4079 dominicae
758 4017 925 4098 passionis

180 4123 211 4177 et
225 4114 367 4196 qualiter
382 4113 523 4176 Verbum
546 4122 699 4177 aeternum
722 4124 850 4197 propter
870 4134 927 4179 nos

989 3134 1126 3196 loedatur
1145 3153 1182 3197 ac
1203 3134 1343 3216 repletur
1365 3131 1529 3215 spurcitia.
1546 3130 1604 3204 Qui
1627 3139 1731 3193 autom
1761 3151 1879 3201 cmm,

988 3233 1127 3296 custodit
1146 3251 1182 3296 os
1202 3253 1306 3309 suurn,
1317 3241 1349 3295 et
1364 3232 1546 3294 moderatur
1566 3229 1648 3293 labia
1663 3250 1731 3307 sua,
1747 3216 1773 3264 ³³
1785 3228 1805 3264 ¹·
1820 3216 1851 3256 ¹⁹·

988 3332 1149 3413 verbaque
1160 3351 1216 3393 sua
1227 3333 1381 3413 ponderat
1391 3328 1731 3406 discretionisstatera,

988 3431 1104 3495 liberat
1114 3431 1154 3494 ab
1164 3430 1320 3511 angustiis
1330 3430 1469 3492 animam
1482 3428 1733 3509 suam,vitatquc

988 3538 1116 3612 peccata
1133 3530 1349 3605 innumera,et
1359 3527 1466 3593 evadit
1480 3525 1638 3609 supplicia
1654 3545 1733 3589 scm-

987 3630 1122 3713 piterna.
1132 3630 1303 3705 Postremo,
1317 3628 1397 3691 sicut
1413 3628 1605 3709 adspargens
1620 3645 1729 3707 aquas

986 3738 1018 3792 et
1042 3728 1197 3807 colligens
1221 3729 1354 3800 cineres,
1378 3727 1569 3791 reddebatur
1593 3725 1733 3787 immun·

986 3830 1057 3905 dus,
1082 3828 1126 3890 ita
1150 3827 1312 3890 multoties
1336 3827 1463 3903 accidit,
1484 3827 1568 3908 quod
1594 3826 1730 3889 aliorum

984 3926 1226 4006 gubernationi,
1254 3926 1435 4009 purgationi
1465 3938 1497 3991 et
1525 3926 1728 3989 instructioni

984 4034 1144 4101 vacantes,
1170 4034 1265 4107 atque
1295 4036 1491 4089 sacramenta
1515 4024 1729 4089 ecclesiastica

984 4123 1194 4189 conficientes
1228 4144 1265 4188 ac
1299 4125 1533 4202 ministrantes,
1565 4126 1729 4189 incurrant

180 4214 221 4276 sit.
246 4214 461 4289 incarnatum,
483 4231 624 4296 passum,
652 4214 810 4296 sepultum
832 4233 927 4296 :quae
943 4226 966 4286 Ι)
984 4224 1138 4306 quosdam
1163 4224 1306 4289 delectus
1326 4246 1364 4288 ex
1386 4225 1558 4306 fragilitate
1576 4226 1726 4303 humana,

178 4312 288 4376 omnia
311 4312 344 4373 in
366 4313 463 4375 corda
486 4312 659 4375 electorum
680 4313 848 4395 gentilium
869 4314 928 4378 dil-

179 4410 344 4474 ludcrunt.
363 4411 406 4473 Ex
429 4411 547 4492 quibus
570 4409 744 4489 cineribus,
766 4410 796 4475 id
820 4421 867 4476 est
889 4434 927 4477 ex

177 4511 296 4572 virtute
313 4519 345 4572 ct
360 4509 482 4572 meritis
499 4509 658 4591 passionis
673 4510 927 4595 humilitatisque

176 4610 315 4687 Domini,
334 4618 366 4673 et
381 4610 474 4691 aquis
491 4610 686 4688 viventibus,
709 4612 738 4675 id
755 4622 803 4677 est
817 4633 927 4696 super-

982 4332 1036 4385 aut
1059 4342 1096 4385 cx
1119 4325 1323 4405 negligentia,
1339 4324 1564 4406 acceptioncre
1580 4344 1728 4406 persona-

982 4442 1053 4485 rum
1072 4439 1079 4483 :
1098 4423 1163 4486 imo
1179 4423 1212 4485 in
1229 4424 1382 4503 regimine
1399 4423 1491 4486 multi
1507 4423 1727 4506 periclitantur

981 4542 1018 4585 ac
1033 4532 1179 4603 pereunt,
1198 4522 1252 4604 qui
1272 4522 1305 4584 in
1321 4532 1404 4586 statu
1421 4522 1630 4605 subjectionis
1645 4524 1726 4586 obti-

983 4628 1095 4682 nerent
1111 4621 1257 4683 salutem.
