4309 6259
425 491 487 554 6οῚ

743 511 917 559 annanamo
938 513 968 558 ut
991 513 1058 558 GAP.
1082 511 1148 558 ml
1167 512 1401 560 pemmonem.
1423 529 1464 542 -
1484 513 1555 558 aar.
1578 512 1655 560 mu

426 680 564 762 pertinet
586 681 647 743 tale
668 682 858 762 jumentum,
877 700 940 746 non
964 693 1011 746 ast
1032 703 1168 748 consan·
1183 683 1209 744 A
1224 686 1277 744 eir
1303 694 1413 745 utetur
1441 661 1536 745 veste¹
1550 686 1703 763 feminea.
1730 688 1969 748 Abontr'nabitts

424 779 561 860 guiricus
578 787 661 856 tuus,
678 784 773 841 duces
793 783 827 841 in
849 785 982 843 domum
1005 795 1096 846 tuem
1116 785 1168 867 ju-

426 885 532 941 menta
558 877 644 940 illius
670 879 819 954 errantia,
845 891 875 940 et
899 894 995 942 ceant
1025 889 1115 961 apud
1141 894 1169 944 te

424 979 585 1057 quarndiat
600 988 725 1055 querat
739 999 777 1038 ea
791 979 897 1054 fratem
912 981 1037 1051 turra,id
1053 990 1102 1044 est
1117 1002 1169 1044 na·

426 1077 512 1139 tione
536 1084 568 1139 et
594 1075 746 1157 religione
769 1077 904 1139 ludaeus.
932 1078 1019 1153 Quod
1049 1081 1076 1142 si
1103 1099 1168 1143 non

424 1174 586 1258 quaesierit
607 1193 654 1250 ca,
673 1175 820 1238 inventor
842 1184 946 1240 tamen
970 1178 1063 1242 debet
1082 1180 1168 1260 quod

424 1276 543 1337 iactum
559 1280 607 1336 est
621 1274 796 1356 publicare,
814 1284 844 1338 et
860 1277 951 1358 cujus
967 1277 1032 1338 sint
1045 1279 1170 1358 jumen·

425 1383 456 1436 ta
472 1373 645 1454 inquirere.
663 1371 750 1447 Quod
765 1373 791 1436 si
809 1393 866 1437 nec
887 1374 932 1437 sie
953 1377 1068 1458 poterit
1087 1377 1169 1439 scire

424 1472 514 1553 eujus
540 1473 615 1547 siut,
641 1479 744 1553 potest
770 1491 806 1536 ea
831 1472 863 1534 in
889 1473 958 1555 pios
984 1483 1170 1538 convertere

424 1590 510 1648 usus,
528 1589 753 1651 reservareque
773 1571 835 1634 sibi
855 1581 1009 1653 quantum
1030 1575 1114 1656 apud
1136 1592 1170 1636 se

424 1676 699 1751 consumpserunt.
717 1671 880 1729 Similiter
895 1672 995 1746 facies
1009 1674 1049 1730 rle
1063 1673 1169 1741 asino,

425 1771 622 1837 vestimento,
638 1777 667 1827 et
682 1769 826 1826 decroni
840 1789 875 1826 re
894 1769 1011 1844 fratris
1029 1771 1079 1830 tati
1098 1790 1170 1850 pum

1223 784 1311 842 enim
1327 786 1417 859 apud
1431 787 1535 844 Deum
1549 795 1594 845 est
1608 787 1667 864 qui
1680 787 1762 861 feeit
1776 787 1855 846 ltoee.
1867 784 1969 864 liujus

1224 881 1373 963 praecepti
1398 881 1502 944 varias
1532 902 1642 945 causas
1666 882 1757 964 ponit
1778 883 1969 946 Guillelmus

1223 979 1408 1042 Parisiensis
1426 979 1507 1042 libro
1522 981 1561 1043 de
1575 981 1597 1041 F
1601 981 1651 1043 ide
1666 990 1697 1043 et
1713 980 1846 1061 legibus.
1864 981 1968 1045 Prima

1224 1086 1272 1141 est
1287 1078 1494 1159 congruentia
1509 1079 1610 1161 ipsius
1625 1087 1755 1156 nature,
1768 1087 1802 1141 ut
1816 1098 1900 1162 quos
1915 1100 1969 1142 na-

1225 1185 1296 1239 tura
1321 1195 1398 1238 sexu
1421 1177 1625 1252 discreverat,
1646 1178 1841 1241 discerneret
1862 1187 1895 1242 et
1915 1199 1969 1240 ve

1224 1276 1329 1338 stitus.
1340 1276 1493 1351 Secunda,
1504 1285 1540 1338 ut
1553 1276 1730 1339 auferretur
1744 1277 1967 1359 opportunitas

1225 1373 1367 1436 latibulis
1382 1374 1628 1456 turpitudinum.
1641 1375 1747 1439 Posset
1761 1376 1848 1438 enim
1863 1377 1912 1438 vir
1923 1377 1968 1438 iu-

1225 1483 1308 1536 trare
1322 1474 1361 1536 ad
1377 1472 1544 1536 mulierem
1560 1475 1620 1536 sub
1636 1474 1746 1538 habitu
1762 1474 1924 1550 muliebri,
1935 1485 1967 1536 et

1223 1580 1362 1635 econtra.
1380 1571 1485 1634 Tertia
1503 1582 1552 1635 est
1566 1573 1785 1637 exterminatio
1804 1591 1966 1636 sacrorum

1223 1671 1328 1732 llartis
1350 1689 1386 1732 ac
1407 1670 1552 1746 Veneris,
1575 1671 1650 1752 quia
1673 1671 1705 1732 in
1728 1671 1827 1734 sacris
1847 1671 1965 1747 llartis,

1224 1767 1354 1832 lemine
1379 1787 1443 1832 non
1469 1769 1570 1832 solum
1602 1769 1819 1832 vestiebantur
1849 1769 1967 1832 vestitu

421 1869 568 1945 perierit,
582 1865 613 1928 id
630 1872 688 1940 est,
702 1865 826 1946 perdita
842 1865 948 1942 luerit,
961 1870 991 1926 si
1006 1869 1169 1927 inveneris
1187 1863 1210 1924 B
1225 1868 1377 1944 virorum,
1395 1865 1559 1929 sedetiam
1576 1867 1790 1944 armabantur,
1807 1869 1846 1930 ad
1862 1876 1969 1931 osten-

424 1987 494 2026 rorn
511 1986 522 2024 .·
540 1964 610 2026 ideo
626 1963 785 2039 subditur,
803 1963 834 2026 Si
856 1962 1016 2028 inveneris
1031 1985 1112 2043 earn,
1129 1985 1169 2026 ne

424 2065 582 2140 neptr'pas,
598 2062 629 2125 id
646 2072 704 2139 est,
720 2063 824 2144 jacere
844 2072 899 2125 aut
918 2083 1022 2127 errare
1043 2082 1108 2127 non
1127 2064 1169 2125 si·

425 2182 492 2238 nas,
510 2164 605 2240 quasi
620 2164 774 2233 alienam,
792 2161 824 2223 id
840 2170 889 2224 est
903 2162 995 2243 quasi
1010 2163 1055 2224 nil
1076 2163 1115 2224 ad
1139 2170 1168 2224 ta

424 2261 647 2343 pertinentem.
669 2259 759 2322 Circa
784 2260 850 2322 haec
875 2259 953 2322 dicit
977 2260 1168 2323 'thomasio

424 2358 527 2440 prima
542 2357 696 2432 secundae,
711 2357 886 2438 questione
902 2359 960 2421 lbb
977 2375 984 2420 ε
1002 2359 1064 2420 Lex
1080 2357 1169 2420 insti-

424 2456 484 2519 tuit
506 2464 540 2518 ut
565 2475 642 2517 usus
668 2474 785 2532 rerum,
806 2465 960 2537 quantum
987 2458 1025 2518 ad
1048 2455 1166 2537 aliqua,

422 2563 506 2618 esset
521 2554 699 2616 communis
716 2554 835 2635 patria,
845 2562 877 2616 et
892 2563 1045 2636 quantum
1062 2555 1102 2616 ad
1117 2574 1169 2617 cu·

425 2672 502 2728 ram,
513 2662 547 2715 ut
563 2661 650 2734 patet
664 2671 701 2714 ex
716 2651 767 2714 his
783 2652 901 2729 verbis,
911 2661 940 2716 et
956 2661 1112 2734 quantum
1128 2654 1168 2715 ad

423 2752 562 2814 tructam
586 2751 831 2832 quodaminodo,
856 2760 890 2813 ut
911 2752 997 2832 quod
1022 2751 1095 2832 quis
1121 2751 1169 2813 in·

421 2869 548 2930 gressus
580 2849 710 2913 alterius
746 2849 884 2926 vineam,
920 2850 1100 2912 comederet
1127 2850 1166 2912 ad

421 2948 650 3012 sufficientiam
667 2967 752 3022 uvas,
766 2955 797 3010 et
811 2948 896 3028 quod
911 2947 1106 3029 pauperibus
1123 2967 1168 3010 re-

1223 1967 1363 2028 dendum
1379 1966 1464 2046 quod
1480 1965 1559 2028 Mars
1574 1965 1616 2027 sit
1630 1967 1709 2029 deus
1728 1966 1805 2029 belli
1825 1974 1857 2029 et
1876 1967 1968 2029 dator

1223 2063 1377 2126 victoriae.
1393 2063 1489 2127 Porro
1505 2063 1538 2125 in
1554 2063 1651 2125 sacris
1666 2063 1798 2126 Veneris
1813 2063 1875 2126 viri
1890 2063 1969 2126 otte

1223 2162 1438 2237 minabantur,
1462 2171 1644 2224 exercentes
1669 2182 1757 2225 sacra
1778 2162 1910 2225 Veneris
1933 2163 1967 2224 in

1223 2261 1339 2323 vestitu
1356 2259 1507 2323 femineo.
1517 2258 1798 2342 Quantaquoniam
1813 2281 1890 2323 usus
1901 2281 1969 2322 mri-

1223 2358 1372 2421 liebrium
1399 2358 1535 2421 vestium
1563 2359 1646 2440 parit
1673 2359 1751 2422 viris
1779 2360 1967 2422 memoriam

1223 2457 1548 2539 imaginationemque
1575 2457 1758 2533 mulierum,
1784 2466 1817 2520 et
1845 2458 1890 2520 ita
1918 2459 1969 2520 in-

1224 2554 1369 2618 flammat
1393 2555 1572 2632 libidinem,
1598 2564 1630 2619 et
1654 2565 1803 2630 econtra3
1823 2556 1969 2637 aliasque

1222 2652 1326 2716 varias
1337 2673 1447 2716 causas
1462 2654 1744 2735 assignatl'erum,
1753 2663 1787 2716 ut
1796 2654 1899 2736 tangit
1908 2654 1970 2717 nu-

1221 2752 1380 2833 gustinus,
1397 2752 1460 2814 alia
1477 2753 1573 2815 habet
1592 2753 1767 2830 translatio,
1784 2753 1851 2816 Non
1872 2763 1969 2816 eruut

1223 2870 1298 2913 vasa
1313 2850 1374 2914 viri
1391 2870 1486 2932 super
1505 2850 1683 2928 mulierem,
1700 2859 1732 2912 et
1751 2870 1808 2933 per
1826 2871 1903 2913 vasa
1920 2852 1971 2913 in-

1222 2948 1339 3029 telligit
1353 2968 1441 3010 arma
1458 2966 1465 3010 :
1483 2949 1593 3030 sieque
1614 2969 1691 3011 usus
1712 2967 1873 3012 armorum
1897 2970 1971 3032 pro-

422 3048 643 3130 linquerentur
658 3045 750 3109 obliti
772 3045 804 3107 in
820 3064 896 3126 agro
917 3045 1086 3126 manipuli,
1104 3055 1165 3108 etc.
1186 3047 1351 3114 Chibetur
1380 3047 1431 3108 bie
1457 3045 1598 3124 lerninis,
1624 3047 1774 3128 quoniam
1802 3065 1870 3110 non·
1885 3059 1971 3113 <sunt

462 3147 614 3227 Denique,
632 3146 684 3208 hic
701 3163 757 3226 per
773 3143 904 3206 fratrem
922 3163 985 3206 non
1002 3144 1106 3207 solum
1123 3145 1169 3206 in-

422 3245 711 3327 telligiturludaeus
727 3262 782 3306 seu
793 3241 956 3325 proximus
971 3243 1102 3319 amicus,
1113 3244 1167 3305 sed

424 3345 519 3410 etiarn
536 3342 696 3405 iuimicus
713 3342 871 3423 Scriptum
892 3349 940 3403 est
959 3341 1045 3403 enirn
1062 3341 1094 3403 in
1110 3341 1170 3404 Ex·

281 3454 408 3504 Erat-run
424 3444 485 3506 odo
510 3441 567 3504 :Si
593 3439 768 3503 occurreris
793 3439 868 3502 bovi
895 3437 1016 3502 inimici
1042 3439 1089 3500 tui
1114 3447 1168 3501 aut

277 3521 362 3624 ⁸1⁶5„
375 3584 394 3624 5,
424 3543 513 3605 asino
529 3539 658 3616 erranti,
678 3539 773 3601 reduc
792 3540 831 3601 ad
850 3557 934 3600 eum.
952 3538 1093 3619 itemque
1110 3556 1117 3599 :
1135 3538 1167 3600 Si

424 3640 542 3705 videris
557 3638 681 3701 asinum
699 3637 836 3700 odientis
852 3645 882 3700 te
896 3637 1001 3717 jacere
1022 3636 1081 3698 sub
1096 3655 1168 3700 onc-

426 3759 470 3815 re,
489 3757 551 3802 non
575 3735 794 3818 pertransibis,
813 3736 867 3797 sed
891 3734 1072 3797 sublevabis
1095 3754 1166 3797 curn

330 3885 336 3896 .
424 3857 472 3901 cO.
485 3836 564 3900 Hinc
580 3835 746 3897 subditur:
765 3836 804 3894 St
819 3836 939 3892 videris
954 3835 1086 3893 asinum
1101 3835 1169 3910 fra·

423 3940 483 3999 tris
506 3937 556 3997 tati
577 3943 635 3996 eut
661 3935 768 3993 bovem
791 3933 939 3992 cecidisse
963 3933 999 3990 in
1020 3933 1087 4002 oie,
1103 3953 1167 3992 nort

422 4037 575 4112 despicies
601 4031 793 4104 subvenire3
814 4033 868 4090 sed
892 4033 1070 4090 sublevabis
1094 4051 1168 4090 curn

422 4157 467 4205 eo,
485 4133 592 4209 idest,
610 4129 789 4213 proximum
812 4137 901 4190 tuum
921 4127 1050 4210 juvabis
1066 4129 1104 4190 ad
1128 4128 1169 4190 le-

1222 3145 1434 3208 eommuniter
1458 3154 1540 3227 apte
1556 3145 1596 3207 ad
1617 3144 1774 3227 praelium,
1791 3154 1822 3208 et
1836 3156 1972 3228 propter

1222 3262 1333 3306 causas
1356 3252 1533 3325 pratactaa.
1548 3243 1638 3306 Unde
1655 3251 1686 3306 et
1700 3243 1810 3306 Glossa
1827 3261 1834 3306 :
1851 3247 1972 3308 Contra

1222 3351 1379 3419 naturam,
1396 3342 1511 3423 inquit,
1529 3351 1588 3419 est,
1606 3342 1710 3407 virum
1733 3343 1904 3406 muliebria
1924 3345 1972 3407 la-

1222 3461 1304 3517 cere,
1322 3458 1445 3504 comam
1470 3441 1620 3522 erispare,
1647 3449 1795 3522 torquere
1818 3442 1968 3524 capillos.

1222 3543 1299 3604 Nam
1314 3549 1346 3603 et
1366 3540 1535 3621 Apostolus
1550 3539 1596 3602 ait
1613 3557 1620 3602 :
1637 3540 1692 3602 Vir
1714 3540 1741 3602 si
1763 3559 1887 3604 comam
1908 3562 1971 3605 nu·
2006 3574 2077 3616 rs„
2086 3587 2109 3614 1,

1222 3640 1307 3715 tuat,
1325 3637 1501 3720 ignominia
1515 3645 1564 3700 est
1579 3637 1638 3700 illi.

1262 3740 1302 3800 Si
1317 3740 1487 3797 anabudana
1501 3757 1559 3815 per
1574 3739 1673 3808 ciam,
1685 3740 1722 3798 in
1738 3741 1849 3799 arbore
1866 3744 1915 3799 oet
1932 3744 1970 3801 in

1224 3847 1308 3896 terra
1331 3836 1449 3895 nidum
1473 3836 1544 3894 acis
1568 3837 1742 3906 inueneris,
1763 3856 1827 3896 eron
1850 3841 1971 3898 tenebis

1223 3944 1358 3994 matre-m
1373 3953 1447 3993 cum
1466 3935 1559 4008 filiis,
1574 3935 1630 3992 sed
1648 3935 1737 3993 abire
1750 3937 1898 4012 potieris,
1916 3957 1972 3996 ca-

1220 4043 1290 4111 ptos
1307 4041 1414 4092 tenera
1428 4033 1526 4109 filies,
1544 4040 1579 4091 ut
1593 4033 1668 4090 bene
1682 4034 1725 4092 sit
1742 4035 1812 4103 tibi,
1827 4045 1858 4093 et
1873 4038 1972 4112 tonqo

1223 4133 1314 4190 ortes
1337 4141 1484 4206 tempore.
1506 4128 1595 4191 Circa
1616 4129 1677 4192 hoc
1698 4129 1809 4191 scribit
1830 4130 1972 4195 Thomas

423 4233 562 4296 vandum
583 4230 762 4311 jumentum
785 4227 920 4309 lapsum.
941 4227 997 4289 Vel
1020 4227 1047 4287 si
1070 4226 1169 4289 dorni-
1184 4228 1208 4290 D
1225 4228 1256 4289 in
1273 4227 1377 4309 prima
1392 4228 1548 4304 secundae,
1566 4227 1742 4308 quastione
1757 4227 1815 4290 {02
1832 4245 1839 4289 :
1856 4229 1896 4291 t't
1911 4230 1973 4294 Do

424 4351 483 4395 nus
507 4327 644 4411 jumenti
668 4326 762 4402 desit,
790 4325 876 4388 solus
904 4344 960 4407 pro
983 4344 1076 4406 posse
1099 4325 1169 4387 leva

424 4447 521 4511 pecus
536 4445 609 4489 cum
625 4444 721 4488 onere
737 4443 804 4487 suo.
823 4423 855 4486 Si
876 4432 980 4486 autem
999 4422 1168 4504 pecoribus

423 4537 454 4591 et
471 4524 727 4609 possessionibus
743 4522 877 4598 inimici,
891 4521 951 4584 ista
966 4529 1055 4583 erant
1073 4521 1169 4602 pieta-

424 4627 464 4689 tis
479 4633 511 4688 et
526 4622 708 4687 dilectionis
719 4640 815 4704 opera
830 4621 1053 4702 impendenda,
1063 4620 1127 4683 imo
1137 4629 1169 4683 et

425 4725 486 4808 ipsi
504 4723 646 4799 inimico,
659 4721 750 4803 cujus
767 4721 882 4782 damna
898 4719 943 4781 sic
958 4718 1141 4781 vitabantur
1159 4737 1166 4780 :

1223 4326 1330 4386 minus
1339 4325 1504 4386 Iudaicum
1520 4325 1673 4406 populum
1690 4325 1729 4387 ad
1745 4325 1971 4389 crudelitatem

1224 4441 1371 4504 pronum,
1388 4422 1428 4485 ad
1449 4422 1701 4485 misericordiam
1723 4432 1895 4499 revocaret,
1915 4445 1973 4488 vo

1223 4521 1283 4583 luit
1298 4540 1352 4584 eos
1372 4521 1411 4583 ad
1432 4520 1682 4584 misericordiam
1704 4540 1850 4585 exercere
1868 4523 1971 4585 etiam

1223 4619 1307 4683 circa
1329 4619 1433 4695 bruta,
1458 4618 1631 4701 prohibens
1654 4619 1763 4700 aliqua
1784 4618 1857 4682 lieri
1882 4620 1974 4684 eirea

1223 4717 1279 4780 illa
1294 4737 1365 4799 quta
1379 4717 1420 4780 ad
1439 4717 1658 4780 crudelitatem
1680 4718 1849 4798 quamdam
1870 4720 1973 4799 perti-

1223 4835 1299 4878 nere
1320 4816 1470 4879 videntur
1487 4833 1494 4877 :
1513 4816 1584 4878 idco
1606 4816 1771 4898 prohibuit
1792 4835 1974 4897 neceque
2002 4845 2106 4886 natm.

1223 4923 1311 4977 retur
1325 4913 1438 4975 boedus
1459 4914 1492 4975 in
1513 4914 1593 4977 lacte
1610 4914 1731 4988 matris,
1749 4923 1781 4977 et
1795 4915 1881 4996 quod
1901 4934 1972 4978 non
1988 4911 2022 4948 ²¹·

1222 5013 1407 5092 alligaretur
1422 5030 1457 5074 os
1471 5011 1545 5075 bovi
1563 5012 1735 5089 trituranti,
1754 5021 1784 5075 et
1799 5013 1887 5094 quod
1900 5033 1971 5077 non
2002 5033 2101 5075 raram

1222 5111 1420 5174 detineretur
1435 5111 1503 5172 aris
1519 5131 1590 5173 cunr
1607 5111 1705 5193 pullis
1721 5131 1777 5174 seu
1793 5111 1873 5174 tiliis
1886 5113 1970 5174 suis.
1987 5101 2009 5138 ⁴·

1223 5209 1308 5272 lstud
1323 5227 1452 5290 quoque
1467 5209 1567 5271 Rabbi
1583 5209 1702 5291 Moyses
1717 5209 1806 5284 dicit,
1822 5219 1855 5272 et
1873 5211 1972 5274 multi

1222 5307 1429 5390 expositores.
1874 5337 1878 5341 <

426 4831 548 4888 constat
562 4840 625 4884 non
641 4819 740 4882 tuisse
754 4818 832 4899 legis
844 4817 1054 4880 intentionem
1066 4826 1102 4880 ut
1111 4817 1170 4879 ini-

426 4921 501 4984 mioi
519 4919 694 4993 adirentur,
707 4925 861 4999 quantum
878 4915 917 4977 ad
934 4915 964 4977 id
981 4915 1066 4996 quod
1083 4923 1168 4991 sunt,

427 5021 480 5082 sed
502 5019 606 5100 quoad
627 5017 746 5079 malurn
767 5015 868 5096 culpas
889 5014 1042 5095 ipsorum.
1062 5013 1167 5090 Porro,

427 5117 601 5181 secundum
627 5115 780 5190 Glossam‚
804 5114 870 5176 haec
892 5121 1049 5195 praecepta
1073 5112 1167 5174 etiarn

428 5236 513 5280 nunc
524 5234 561 5278 ex
572 5213 769 5294 benignitate
781 5219 901 5274 naturae
914 5213 1069 5273 servanda
1082 5220 1167 5272 sunt.

469 5317 541 5376 Non
567 5315 722 5374 induetur
748 5312 867 5372 mulier
888 5320 969 5371 ceste
992 5312 1096 5382 virili,
1113 5331 1170 5370 nec
