4309 6259
538 494 711 542 manuario
733 496 764 540 nv
785 495 853 546 car.
877 494 929 541 rvr
949 494 1087 542 nnvrrrcr.
1110 514 1150 524 -
1170 497 1242 543 aar.
1265 497 1363 544 xxnur
1656 463 1722 546 '239

169 665 288 728 mortui
304 666 433 746 quando
448 665 509 730 hoc
530 664 638 748 ipsum
655 664 811 728 iecerunt.
830 664 921 728 Deni-
935 664 961 726 Α
976 666 1067 729 tbure
1089 666 1245 730 thuribuli
1268 665 1433 750 pontilicis
1452 669 1597 732 ascendit
1616 679 1719 752 usque

168 781 232 844 que
256 763 344 826 inira
368 773 504 828 mortem
529 763 662 828 illorum
687 771 720 827 et
745 764 839 826 istam
865 763 920 826 Dei
974 765 1013 826 ad
1030 764 1432 848 propitiatorium,quandc
1448 766 1482 829 in
1498 767 1635 832 locoillo
1651 788 1722 832 san·

170 860 378 940 locutionem,
395 863 458 925 alia
481 862 583 925 multa
605 863 730 926 locutus
753 871 802 925 est
816 863 922 926 Domi·
974 863 1118 926 ctissimo
1136 863 1280 945 pontifex
1299 865 1438 929 adolevit
1460 865 1626 929 incensum
1644 867 1720 948 :qui

171 980 231 1022 nus
250 961 349 1043 lloysi
367 978 375 1022 τ
392 980 450 1024 cur
464 979 539 1042 ergo
558 968 633 1024 ante
655 969 814 1043 precepta
835 979 921 1023 nnnc
974 979 1073 1042 vapor
1091 961 1208 1024 nebula
1227 962 1407 1045 appellatur
1427 971 1458 1026 et
1480 964 1580 1027 nubes
1604 984 1661 1047 per
1683 965 1721 1026 si-

170 1058 391 1141 cxprimenda,
406 1059 588 1142 specialiter
610 1059 761 1123 recolitur
782 1078 868 1123 mors
884 1059 921 1121 il·
974 1059 1190 1122 militudinem
1214 1062 1396 1143 quamdam.
1415 1061 1481 1136 Ouo
1505 1061 1580 1125 item
1603 1081 1720 1145 vapore

171 1157 287 1234 lorum,
305 1167 425 1240 etpost
446 1158 534 1220 illam
555 1158 623 1220 baec
645 1158 813 1222 abomino
836 1157 921 1220 dicta
974 1155 1020 1219 sic
1041 1167 1264 1236 consurgente,
1288 1159 1369 1222 Deus
1393 1178 1448 1242 per
1471 1159 1597 1241 signum
1622 1161 1720 1224 sensi·

170 1256 376 1319 scribunturl
391 1256 430 1317 Et
445 1257 715 1338 respondendum,
733 1257 818 1338 quod
834 1257 917 1333 ideo,
974 1254 1040 1317 bile
1050 1274 1139 1317 suam
1156 1255 1326 1337 gratiosam
1340 1259 1540 1338 praesentiam
1557 1259 1719 1322 multoties

170 1354 246 1435 quia
261 1374 348 1417 nunc
362 1354 570 1418 comminatio
587 1355 701 1418 mortis
724 1355 764 1417 lit
784 1355 846 1438 ipsi
863 1355 921 1417 Aa·
974 1353 1216 1416 demonstravit.

171 1453 313 1529 ron,nisi
323 1462 482 1536 precepta
495 1473 581 1516 nunc
591 1455 808 1536 depromenda
818 1473 920 1516 serva·
1013 1451 1122 1534 ltaque
1146 1452 1224 1516 illuc
1250 1470 1313 1514 non
1339 1454 1447 1528 intret,
1470 1455 1537 1514 nisi
1558 1456 1624 1518 baee
1644 1466 1719 1516 ante

171 1551 271 1626 rerit;
285 1552 406 1615 idcirco
422 1561 455 1614 ut
472 1551 658 1633 diligentius
669 1552 739 1634 ipse
754 1562 786 1614 et
800 1553 919 1634 posteri
972 1550 1099 1626 fecerit,
1114 1550 1174 1613 hoe
1197 1559 1256 1627 cst,
1274 1549 1436 1613 sacrificia
1459 1553 1566 1614 statim
1588 1570 1720 1635 sequen-

171 1651 241 1731 ejus
271 1651 457 1726 obedirent,
485 1661 753 1714 commemoratur
783 1650 919 1714 ellectus
976 1647 1018 1709 tia
1042 1648 1195 1711 obtulerit
1218 1657 1293 1711 ante
1319 1648 1485 1731 prelatum
1509 1649 1717 1730 ingressum:

171 1749 290 1811 divinm
303 1747 437 1829 justitia
453 1749 487 1809 in
502 1748 671 1829 punitione
689 1748 918 1812 inobedientia
974 1748 1060 1826 quod
1087 1755 1191 1810 tamen
1215 1766 1279 1812 non
1301 1756 1349 1810 est
1369 1747 1413 1810 ita
1434 1747 1667 1830 accipiendum,
1685 1757 1720 1811 ut

172 1846 300 1909 illorum
322 1846 469 1910 duorum.
938 1844 1242 1927 Bquandocumqne
1263 1845 1360 1909 vellet
1384 1844 1497 1908 Sancta
1522 1845 1578 1908 illa
1600 1856 1720 1910 sancto

219 1949 262 2007 m
284 1948 441 2023 praecepit
466 1949 510 2017 ei,
535 1949 645 2007 dicens
670 1967 681 2009 .·
707 1951 850 2026 Loquere
875 1950 920 2007 art
975 1959 1045 2002 rum
1067 1942 1195 2019 intrare,
1220 1943 1286 2006 haec
1309 1942 1427 2006 laceret
1446 1952 1479 2006 et
1498 1944 1640 2021 intraret,
1664 1945 1719 2007 sed

171 2048 283 2105 Aaron
297 2047 439 2122 fratrem
455 2055 560 2116 tuurn,
570 2053 602 2107 et
617 2064 674 2126 per
689 2045 796 2126 ipsum
811 2046 850 2108 ad
866 2064 920 2127 po-
975 2058 1015 2102 ue
1030 2040 1062 2101 in
1078 2041 1131 2104 die
1142 2041 1378 2124 propitiationis
1394 2041 1472 2106 illuc
1489 2041 1716 2124 ingrederetur,

171 2151 272 2206 steros
294 2142 367 2224 ejus
391 2143 421 2205 ei
444 2142 477 2205 in
503 2142 674 2224 pontificio
698 2143 916 2221 succedentes,
974 2138 1035 2200 nisi
1053 2139 1122 2202 istis
1140 2140 1538 2222 praemissislleletiamut
1554 2159 1717 2223 nunquam

170 2263 210 2302 ne
233 2244 325 2302 ocant
350 2252 501 2320 tempere,
518 2242 550 2303 id
575 2250 624 2304 est
648 2241 737 2304 nullo
762 2249 916 2324 tempore,
973 2235 1050 2300 illuc
1072 2238 1216 2315 intraret,
1236 2239 1422 2320 regulariter
1442 2239 1720 2302 certitudinaliter·

170 2341 380 2416 ingradiatur
403 2343 630 2402 sanctuarium
651 2344 738 2420 quod
760 2351 806 2400 est
828 2343 918 2401 intra
972 2354 1035 2416 que
1050 2337 1222 2419 loqueud0,
1241 2338 1304 2400 nisi
1319 2338 1369 2400 his
1392 2338 1496 2421 primo
1516 2339 1644 2402 oblatis.
1661 2339 1719 2401 ile-

171 2442 290 2510 eetnm,
307 2438 341 2500 id
361 2446 409 2500 est
425 2438 610 2501 interiorem
631 2438 826 2501 tabernaculi
847 2458 918 2521 par·
971 2432 1125 2512 gulariter
1146 2434 1265 2516 quippe
1288 2434 1459 2517 loquendo,
1485 2421 1548 2499 non
1574 2435 1718 2499 introivit

171 2545 245 2613 tem,
275 2535 360 2599 inter
384 2556 481 2617 quam
506 2545 539 2598 et
567 2544 690 2618 partem
721 2536 917 2599 tabernaculi
973 2530 1061 2609 illuc,
1075 2532 1136 2594 nisi
1154 2533 1252 2596 semel
1273 2533 1306 2595 in
1322 2553 1417 2612 anno,
1431 2534 1579 2598 videlicet
1593 2535 1718 2598 decima

169 2635 371 2713 exteriorem,
400 2635 507 2697 velum
532 2635 671 2697 medinm
699 2633 760 2697 luit
785 2654 918 2716 suspen·
972 2630 1024 2693 die
1039 2631 1159 2694 mensis
1175 2631 1313 2713 septimi,
1323 2651 1419 2713 quern
1431 2633 1649 2715 Septembrem
1665 2653 1718 2697 vo·

169 2751 250 2809 snm,
268 2753 379 2794 coram
396 2735 627 2811 propitiatorio
647 2755 709 2812 quo
731 2736 850 2811 copitar
866 2756 919 2795 ar·
971 2729 1232 2810 cemus.Propter
1246 2731 1331 2813 quod
1348 2732 1387 2793 ad
1403 2731 1549 2794 llcbraeos
1564 2731 1715 2798 habetur:

168 2852 217 2892 ca.
233 2831 269 2892 ln
286 2831 433 2895 interiori
452 2850 590 2913 namque
609 2831 806 2894 tabernaculi
827 2841 917 2914 parte
972 2828 1005 2889 ln
1031 2830 1170 2892 seeundo
1194 2838 1300 2892 autern
1332 2830 1428 2893 semel
1460 2831 1494 2893 in
1519 2850 1603 2894 anno
1628 2831 1714 2894 solus
1732 2847 1865 2898 recena.

170 2929 232 2991 init
252 2947 365 2991 mensa
390 2949 487 2992 aurea
512 2948 618 2992 arcam
643 2931 791 3012 operiens
818 2948 824 2992 :
846 2949 917 3012 qnae
971 2926 1116 3008 pontifex
1133 2926 1285 2990 introibat
1300 2947 1364 2991 non
1380 2927 1449 2991 sine
1465 2929 1632 3010 sanguine.
1650 2927 1715 2991 Ali-

168 3046 281 3090 mensa
296 3028 556 3110 propitiatorium
572 3027 917 3110 vocabatur,quoniam
932 3031 954 3095 c
971 3026 1098 3106 quando
1114 3044 1189 3090 vero
1210 3025 1243 3087 in
1259 3025 1354 3088 certis
1377 3026 1574 3108 temporibus
1590 3035 1621 3090 et
1636 3026 1716 3089 acci·

167 3134 234 3188 erat
258 3126 353 3209 qnasi
378 3126 469 3190 sedes
493 3126 560 3203 Dei,
577 3126 669 3208 cujus
692 3127 780 3190 velut
800 3126 918 3190 scabel-
970 3123 1152 3186 dentalibus
1173 3123 1277 3186 causis
1300 3123 1538 3205 ingrediebatur
1554 3125 1660 3189 locum
1677 3124 1714 3186 il-

168 3225 235 3287 lum
258 3225 382 3288 exstitit
398 3245 483 3302 arca,
500 3233 533 3288 et
553 3245 591 3290 ex
613 3225 837 3308 propitiatorio
859 3225 916 3289 illo
972 3221 1049 3300 lum,
1061 3230 1098 3284 nt
1112 3223 1239 3304 quando
1254 3231 1357 3284 castra
1373 3231 1462 3285 erant
1478 3224 1644 3300 movenda,
1659 3242 1715 3286 seu
1743 3243 1862 3294 nuere-,⁵

167 3323 262 3386 dabat
279 3325 361 3387 Deus
378 3342 541 3406 responsa,
558 3332 590 3387 et
605 3323 764 3386 orationes
785 3323 917 3406 pontili-
971 3320 1040 3383 loca
1069 3321 1232 3397 mutanda,
1261 3328 1296 3382 nt
1326 3320 1501 3385 involveret
1531 3329 1638 3384 sancta
1670 3320 1715 3384 ibi
1729 3311 1807 3360 Μι-

166 3423 213 3484 cis
227 3422 403 3497 exaudivit,
416 3441 514 3502 seque
529 3422 698 3503 propitiari
714 3441 771 3485 seu
785 3421 916 3485 misere
970 3427 1131 3495 contenta,
1143 3438 1215 3501 quae
1227 3418 1283 3481 alii
1299 3420 1477 3483 sacerdotes
1493 3439 1531 3483 ea
1546 3421 1713 3502 portaturi,

166 3521 193 3582 ri
214 3521 419 3584 monstravit.
438 3519 636 3593 Ouaeomnia
656 3529 731 3582 ante
748 3521 815 3601 jam
832 3521 917 3584 dicta
971 3536 1035 3581 non
1062 3518 1124 3579 nisi
1155 3517 1298 3582 involuta
1323 3526 1471 3601 poterant
1502 3517 1594 3596 lerre,
1621 3527 1656 3580 ut
1681 3519 1714 3580 in

166 3628 242 3681 sunt
263 3618 404 3701 plenius.
428 3621 467 3681 Ut
487 3639 553 3680 coa
574 3620 749 3688 moriatur,
765 3618 828 3682 boc
854 3628 913 3697 est,
970 3615 1116 3679 Numeris
1132 3615 1334 3679 describitur.

166 3736 206 3780 nc
220 3717 308 3799 justo
323 3717 379 3779 Dei
389 3716 511 3798 jndicio
522 3717 629 3780 subito
643 3717 818 3794 occidatur,
833 3717 916 3781 sicut
1019 3717 1164 3777 Vitutum
1179 3717 1286 3793 offeret
1303 3735 1363 3793 pro
1381 3725 1510 3793 peccato
1532 3734 1590 3777 suo
1611 3723 1642 3778 et
1665 3717 1717 3778 do

164 3816 263 3878 occisi
285 3825 363 3878 sunt
385 3814 448 3877 lilii
473 3816 554 3896 ejus.
580 3817 665 3885 Quia
689 3818 726 3876 in
750 3819 834 3876 eche
856 3837 911 3894 ap
970 3832 1041 3874 mus
1064 3832 1141 3890 sure,
1158 3822 1193 3875 ut
1214 3812 1300 3876 inira
1321 3813 1462 3877 docetur.
1480 3813 1632 3878 Sacerdos
1653 3823 1717 3878 ete-

160 3917 280 3991 parebo
294 3935 394 3994 saper
407 3918 589 3975 oracutum.
606 3913 701 3987 Quasi
718 3914 803 3976 dicat
820 3934 827 3978 :
844 3914 911 3977 Non
970 3911 1048 3989 nim,
1061 3911 1158 3974 etiam
1175 3931 1329 3989 summuS,
1342 3931 1414 3975 curn
1431 3914 1546 3976 ceteris
1561 3913 1634 3976 aliis
1654 3913 1715 3975 luit

163 4013 257 4075 aliter
273 4011 472 4092 ingrediatur
488 4010 602 4074 Sancta
613 4021 806 4087 sanctorum,
816 4031 912 4093 quarn
969 4009 1150 4093 culpabilis.
1166 4011 1255 4074 Unde
1270 4019 1305 4072 ut
1320 4010 1419 4092 magis
1435 4012 1637 4075 exaudiretur
1652 4031 1709 4094 pro

163 4111 192 4172 ei
216 4110 405 4193 praecipitur
429 4127 437 4170 ε
461 4109 537 4191 quia
562 4109 588 4170 si
615 4109 648 4172 in
674 4110 735 4173 boe
759 4110 912 4173 obediens
969 4109 1099 4193 populo,
1124 4109 1228 4191 primo
1249 4109 1373 4172 studuit
1394 4128 1428 4173 se
1449 4110 1555 4192 ipsum
1578 4110 1641 4175 Deo
1669 4131 1715 4174 re-

164 4208 262 4272 luerit
281 4209 374 4284 mihi,
391 4209 552 4290 apparebo
567 4207 598 4270 ei
617 4227 714 4290 super
733 4208 909 4270 oraculum.
929 4208 1152 4275 Deonciliare.
1170 4212 1212 4270 Et
1227 4209 1358 4270 arietem
1376 4211 1413 4270 in
1428 4211 1660 4280 holocaustem,
1672 4210 1712 4272 ad

161 4306 252 4380 Quod
267 4307 296 4368 si
311 4325 370 4388 per
379 4305 546 4369 oraculum
562 4306 760 4387 intelligatur
770 4316 912 4369 sanctua-
970 4306 1180 4370 reverentiam
1201 4306 1375 4387 majestatis
1395 4307 1522 4385 divium,
1540 4317 1572 4370 et
1591 4307 1625 4370 in
1646 4327 1713 4372 me·

162 4405 247 4468 rium
270 4424 328 4467 seu
351 4403 603 4481 tabernaculum,
619 4404 654 4472 in
669 4423 733 4486 quo
753 4405 913 4469 orationes
969 4405 1103 4469 moriam
1126 4403 1235 4468 arietis
1260 4404 1358 4468 oblati
1379 4423 1437 4488 pro
1458 4407 1553 4484 isaac,
1576 4415 1611 4469 ut
1634 4407 1712 4469 tanti
1745 4426 1859 4480 aaran.

161 4502 299 4580 fiebant,
316 4511 350 4566 et
370 4502 482 4565 divina
506 4502 752 4586 proterebantur
773 4504 911 4584 eloquia,
968 4504 1156 4567 Patriarchae
1170 4503 1294 4566 meritis
1306 4504 1633 4586 juvareturllmcduo
1649 4505 1713 4569 aui·
1728 4491 1761 4532 ¹³·

160 4621 220 4684 per
247 4602 367 4664 nubem
395 4600 594 4681 intelligatur
621 4601 722 4664 nubes
747 4601 813 4679 illa,
840 4621 912 4683 quae
969 4603 1066 4665 melia
1081 4602 1217 4685 sumpsit
1232 4600 1376 4683 pontilex
1392 4620 1430 4665 ex
1445 4621 1502 4665 suo
1518 4604 1654 4685 peculio.
1671 4605 1709 4666 Et

161 4699 243 4762 liliis
258 4699 354 4762 lsrael
370 4699 405 4760 in
422 4700 547 4762 deserto
562 4699 724 4780 praebebat
742 4701 905 4777 ducatum,
969 4701 1045 4783 quia
1058 4708 1132 4763 ante
1147 4700 1340 4764 oblationem
1356 4701 1467 4763 debuit
1482 4719 1516 4763 se
1531 4703 1648 4766 vestire
1664 4722 1714 4768 vo·

159 4807 193 4860 et
213 4816 313 4879 super
329 4797 571 4859 tabernaculum
587 4805 654 4861 erat
675 4796 859 4878 frequenter
875 4798 909 4861 in
970 4799 1072 4862 stibus
1095 4799 1203 4876 sacris,
1227 4798 1456 4880 subjungitur:
1478 4803 1600 4864 Tunica
1623 4805 1710 4864 licea

159 4915 247 4958 aere.
275 4895 308 4958 Si
333 4913 412 4959 vero
441 4913 498 4976 per
522 4894 686 4958 oraculum
712 4895 910 4976 intelligatur
970 4901 1134 4969 vestietur,
1141 4899 1352 4975 feminalibus
1369 4899 1465 4958 tineis
1480 4903 1618 4961 orrenda
1634 4906 1713 4962 cela-

160 4992 437 5076 propitiatorium,
459 5012 497 5055 ex
518 5012 583 5075 quo
606 5003 830 5075 processerunt
843 5015 912 5059 ora·
970 5000 1027 5068 bit,
1035 4999 1220 5072 accingetur
1230 5015 1313 5056 zona
1325 4999 1424 5068 tinea,
1433 4999 1573 5058 cidarim
1590 5001 1710 5060 tineam

159 5093 235 5155 cula
250 5111 307 5156 sen
323 5091 701 5173 responsadivina‚sicut
715 5093 912 5174 colloquium
969 5098 1110 5173 imponet
1131 5095 1243 5170 capiti.
1271 5095 1331 5157 Ista
1360 5104 1496 5176 quatuor
1525 5105 1711 5160 ornamenta

159 5209 246 5274 saepe
260 5197 396 5254 vocatur
412 5189 501 5252 locus
516 5189 669 5271 colloquii
688 5208 695 5252 :
713 5210 770 5272 per
792 5191 908 5254 nubem
969 5193 1041 5256 alba
1056 5201 1088 5255 et
1103 5192 1196 5267 linea,
1216 5199 1305 5254 erant
1321 5193 1502 5255 communia
1518 5194 1665 5274 pontifici
1680 5203 1714 5257 et
1751 5213 1823 5256 neor.

159 5288 299 5370 intelligi
325 5287 423 5350 debet
446 5307 544 5370 vapor
565 5288 630 5365 ille,
648 5289 703 5371 qui
726 5308 765 5352 ex
789 5289 863 5370 igue
881 5301 913 5353 ct
970 5289 1185 5355 sacerdotibus
1200 5288 1282 5360 aliis,
1300 5290 1339 5352 do
1354 5291 1471 5371 quibus
1493 5291 1525 5352 in
1546 5291 1663 5368 Exodo,
1680 5301 1712 5354 et
1727 5290 1796 5328 ¹⁸⁰¹·
1811 5279 1832 5321 ⁴·
