4309 6259
505 502 680 548 nnnnnntlo
702 502 732 547 tn
753 503 821 548 GAP.
845 500 941 546 xxviii
961 501 1196 549 naurtnonoint.
1218 521 1258 532 -
1278 503 1350 550 aar.
1373 503 1449 550 xxxi
1686 483 1747 547 639

195 670 302 732 uteris
312 671 351 732 ad
361 671 613 735 consolationem
626 680 657 735 et
667 673 817 752 gaudium
829 672 897 735 tibi.
907 675 949 733 Et
962 670 988 732 Α
1001 673 1091 752 gredi
1107 674 1289 755 hujusmodi
1306 673 1565 751 feminae,saltem
1575 675 1650 736 dum
1662 691 1747 736 sanae

194 779 298 830 erunt
314 771 350 830 in
367 780 395 830 te
409 771 505 847 siqua
520 781 551 832 et
561 774 728 849 prodigia,
746 771 806 833 hcc
821 779 869 834 est
890 771 949 833 mi·
1003 779 1097 846 sunt3
1114 773 1168 835 sed
1194 773 1238 834 ita
1262 793 1296 836 se
1321 772 1440 836 habent
1465 782 1496 836 et
1517 771 1686 835 sustentari
1711 790 1746 833 se

196 886 242 929 rae
260 868 478 950 apparitiones
493 876 524 932 et
539 870 697 951 stupenda
711 870 949 932 adversaUnde
1002 869 1137 948 faciunt,
1154 871 1288 933 velutin
1304 871 1430 952 signum
1444 870 1666 934 teneritudinis
1682 887 1747 932 suae

195 974 233 1027 ut
251 967 364 1029 recitat
378 967 545 1048 Iosephus
564 967 752 1030 imminente
774 969 885 1030 ultima
899 969 949 1030 lu·
1003 976 1034 1030 et
1054 969 1284 1050 complexionis
1307 971 1497 1045 tenerrimae,
1519 977 1554 1031 ut
1576 967 1747 1049 elegantio

194 1065 341 1128 daeomm
359 1066 555 1149 captivitate,
572 1066 673 1128 multa
694 1065 854 1128 mirabilia
870 1066 949 1138 acei—
1003 1085 1052 1128 res
1076 1076 1260 1149 appareant,
1285 1066 1590 1148 reverentialiusque
1613 1073 1746 1128 tracten-

192 1163 316 1226 derunt
330 1165 446 1230 iudeis
462 1165 616 1247 praesagia
631 1164 822 1241 futurorum,
845 1172 876 1228 et
894 1183 949 1246 ap
1003 1162 1128 1226 tur.Cni
1140 1162 1362 1226 consuetudini
1380 1172 1489 1226 sancta
1499 1164 1613 1226 Esther
1625 1180 1746 1225 morem

193 1271 375 1343 paruerunt
390 1264 537 1326 cohortes
559 1272 688 1326 armatae
711 1263 743 1324 in
764 1281 836 1326 aere
853 1271 948 1344 atque
1002 1259 1110 1340 gessit,
1118 1262 1173 1323 sed
1189 1261 1242 1342 pia
1257 1261 1494 1337 intentione‚de
1508 1281 1572 1343 qua
1587 1261 1621 1322 in
1632 1261 1745 1323 Esther

192 1378 410 1440 congressus3
433 1370 464 1426 et
481 1381 583 1443 usqne
602 1362 634 1423 in
653 1380 793 1443 presens
809 1361 947 1424 miseriis
1002 1357 1084 1422 libro
1100 1359 1215 1439 legitur
1232 1378 1240 1421 :
1257 1359 1436 1442 Assumpsit
1457 1360 1535 1422 duas
1551 1359 1697 1436 famulas,
1714 1367 1746 1421 et
1767 1375 1891 1428 aalma.

192 1467 229 1522 et
245 1459 392 1522 cladibus
408 1460 599 1523 miserandis
616 1460 752 1541 subjecti
774 1467 857 1521 sunt.
875 1459 947 1522 ldeo
1002 1476 1203 1539 superunam
1219 1458 1426 1536 innitebatur,
1434 1459 1526 1540 quasi
1542 1477 1607 1540 pre
1621 1457 1745 1521 deliciis
1759 1441 1811 1487 ⁵·⁶'

194 1557 375 1620 subditur:
398 1581 498 1639 usque
524 1561 559 1619 in
584 1561 830 1638 sempiternum,
846 1558 878 1620 id
900 1567 948 1620 est
1002 1564 1032 1618 et
1054 1556 1153 1619 nimia
1175 1556 1389 1620 teneritudine
1408 1576 1524 1639 corpus
1546 1576 1638 1619 suum
1662 1555 1746 1618 ferre

195 1674 301 1736 usquc
317 1657 355 1718 ad
369 1665 512 1737 tempora
529 1657 674 1739 proxima
690 1655 749 1718 fini
768 1656 875 1719 saculi
892 1656 948 1718 hu·
1002 1673 1065 1716 non
1093 1656 1264 1719 sustinens.
1291 1659 1455 1718 lapidabit
1474 1660 1544 1717 circ
1568 1677 1625 1718 suo
1650 1677 1746 1735 super

194 1755 271 1836 jus:
289 1755 366 1835 quia
382 1763 417 1816 ut
432 1755 541 1818 ilaniel
558 1754 867 1837 prophetavit‚Finis
878 1755 947 1836 ejus
1001 1758 1067 1831 filii
1081 1765 1111 1815 et
1125 1757 1206 1832 filice
1220 1757 1384 1827 carnibus,
1402 1755 1433 1817 id
1459 1764 1517 1832 est,
1539 1774 1673 1838 corpora
1698 1773 1746 1817 so

195 1861 246 1914 cst
261 1853 404 1930 vastitas,
429 1861 460 1915 et
476 1872 577 1935 usque
593 1854 626 1916 in
649 1853 750 1915 finem
767 1872 948 1935 persevera·
965 1853 1083 1915 Bbolis
1100 1873 1164 1916 sure
1183 1862 1273 1916 cocta
1292 1853 1415 1936 optabit
1435 1854 1502 1917 sola
1517 1855 1693 1931 comedere,
1715 1865 1745 1915 et

195 1951 244 2024 bil
260 1952 433 2024 desolatio'3
446 1974 480 2012 ec
491 1957 577 2033 quod
592 1975 657 2014 non
672 1955 822 2014 servieris
838 1957 948 2014 Domi·

192 2070 236 2110 no
248 2054 284 2110 iu
293 2053 418 2127 gaudio
431 2050 590 2132 spirituali
600 2053 766 2130 cordisque
778 2053 905 2121 tantun,
915 2051 946 2112 id

192 2155 243 2210 est
258 2149 472 2213 exsultatione
483 2169 555 2230 quaa
565 2169 603 2212 ex
618 2149 734 2212 mentis
748 2150 947 2230 jucunditate

193 2249 356 2311 redundat
371 2248 403 2310 in
420 2268 548 2330 corpus.
566 2249 610 2312 Ex
630 2249 690 2312 hcc
705 2248 842 2325 elicitur,
860 2251 945 2330 quod

195 2355 345 2410 tenemur
360 2348 423 2410 ileo
446 2355 595 2429 prompte
616 2348 823 2429 jucundoque
838 2348 946 2411 animo

194 2446 368 2522 deservire,
391 2446 659 2528 quemadmodum
685 2445 840 2527 scriptum
865 2455 942 2510 est:

195 2544 319 2608 Servite
335 2545 470 2610 Domino
487 2544 520 2606 in
537 2545 657 2608 laetitia.
675 2544 751 2607 Nam
769 2553 800 2607 et
818 2544 944 2627 signum

195 2642 325 2705 virtutis
336 2652 384 2706 est
394 2643 563 2706 delectatio
574 2641 750 2724 operationi
766 2643 945 2706 annexa.Et

194 2742 349 2820 gaudium
375 2751 424 2804 est
448 2742 535 2823 justo
554 2743 639 2823 justa
659 2759 761 2821 agere.
787 2741 944 2805 Tenemur

194 2840 345 2921 equidem
362 2841 425 2904 lleo
442 2840 562 2903 servire
579 2860 617 2902 ex
631 2841 855 2922 caritateque
871 2858 943 2902 mox

194 2939 278 3020 parit
304 2939 549 3002 delectationem
577 2939 610 3000 in
636 2938 690 3002 liei
716 2939 880 3019 obsequio.
907 2940 941 3001 ln

1001 1954 1117 2012 illuvie
1126 1956 1355 2022 secundarum,
1366 1952 1398 2014 id
1409 1962 1458 2016 cst
1468 1973 1564 2035 super
1574 1952 1745 2037 immundi-¹

1001 2050 1044 2112 tia
1060 2051 1416 2134 pellicularum,quibus
1428 2051 1460 2113 in
1473 2061 1562 2116 utero
1578 2053 1745 2116 involvun-

1000 2157 1052 2211 tur
1072 2149 1236 2226 infantuli,
1253 2169 1310 2213 seu
1325 2169 1420 2233 super
1440 2151 1613 2214 immundis
1636 2172 1745 2215 secun·

999 2248 1059 2324 dis,
1077 2270 1149 2329 quea
1167 2253 1379 2326 egrediuntur
1399 2253 1438 2310 de
1459 2253 1562 2311 medio
1581 2255 1744 2330 feminum

998 2348 1081 2424 ejus,
1097 2347 1129 2409 id
1149 2356 1197 2411 est
1212 2348 1380 2430 inguinum
1397 2367 1453 2411 seu
1468 2368 1618 2411 coxarum
1634 2351 1744 2432 hujus·

999 2445 1084 2508 modi
1111 2446 1266 2523 mulieris,
1285 2447 1330 2509 ita
1355 2449 1440 2527 quod
1466 2447 1536 2529 ipsa
1555 2449 1662 2530 cupiet
1688 2449 1744 2511 illa

998 2544 1164 2608 comedere
1183 2546 1260 2608 sola.
1273 2545 1341 2622 Vel,
1362 2555 1397 2607 ut
1415 2545 1471 2608 alii
1492 2554 1595 2609 textus
1611 2548 1740 2626 habent,

998 2642 1110 2705 illuvie
1126 2643 1382 2721 secundinarum,
1395 2663 1467 2725 quae
1481 2645 1688 2725 egrediuntur
1703 2649 1743 2711 de

998 2741 1103 2803 medic
1119 2742 1277 2803 seminum
1291 2741 1373 2822 ejus,
1391 2741 1423 2803 id
1443 2750 1493 2804 est
1511 2763 1607 2825 super
1630 2764 1742 2808 secun-

998 2838 1083 2901 dinis
1094 2838 1267 2901 immundis
1279 2839 1516 2919 egredientibus
1527 2841 1566 2904 de
1577 2849 1666 2906 utero
1678 2865 1743 2907 mu·

998 2937 1084 3000 lieris
1100 2956 1172 3000 cum
1189 2936 1288 3018 ipsius
1305 2936 1489 3000 seminibus.
1503 2939 1740 3005 Diciturautem

192 3037 324 3101 exordio
349 3045 454 3101 tamen
478 3037 709 3113 conversionis,
727 3045 857 3118 propter
873 3037 979 3103 reli-C
997 3036 1181 3112 secundina,
1191 3034 1353 3098 folliculus
1365 3056 1421 3098 seu
1437 3036 1586 3118 pellicula
1597 3058 1661 3120 qua
1672 3059 1742 3122 pru

190 3137 286 3218 quias
312 3137 456 3218 pristine
482 3136 672 3218 iniquitatis
700 3143 732 3197 et
757 3136 790 3197 in
817 3134 941 3199 fervore

190 3234 407 3298 tentationum
422 3234 595 3315 aliquando
618 3252 681 3296 non
703 3234 838 3298 sentitur
858 3234 942 3297 dele-

190 3335 288 3398 ctatio
311 3335 345 3397 in
367 3341 440 3396 actu
458 3333 611 3394 virtutum
626 3356 633 3407 3
650 3333 705 3395 sed
728 3331 852 3395 fortiter
875 3352 942 3415 per-

190 3451 353 3509 severans,
371 3431 572 3512 viriliterque
596 3431 758 3506 resistens,
781 3431 844 3495 cito
868 3450 942 3495 con-

190 3529 312 3592 solatur
328 3529 541 3606 abomino,et
551 3537 679 3608 gustum
692 3530 788 3592 sentit
799 3529 831 3591 in
843 3529 938 3594 bono.

230 3631 381 3688 Adducet
402 3629 563 3688 Dominus
586 3647 683 3704 super
704 3638 732 3688 te
752 3639 879 3705 pentem
900 3633 940 3689 de

82 3801 88 3811 ,
191 3729 382 3806 lonqinquo,
408 3729 443 3787 in
473 3728 727 3787 similitudinem
751 3731 871 3806 uquiice
893 3749 941 3787 vo-

192 3826 305 3897 lantis,
334 3825 393 3887 hoc
416 3833 464 3888 est
487 3824 664 3888 celerrime.
692 3825 780 3888 Unde
805 3835 836 3888 et
859 3827 940 3888 lere·

53 3945 176 3994 reem,
191 3923 275 3986 mias
297 3943 305 3988 ε
331 3924 524 4000 Velociores,
544 3923 660 4004 inquit,
680 3923 809 3986 fuerunt
834 3925 940 3988 hostes

45 4011 75 4048 tt.

193 4023 296 4086 nostri
325 4022 444 4104 equilis
474 4022 558 4085 coeli.
588 4027 719 4084 Gentem
745 4026 940 4102 procacissi-

192 4143 294 4194 mam,
312 4121 345 4182 id
360 4129 409 4184 est
425 4119 777 4198 inverecundissimam‚
789 4143 861 4201 quae
877 4143 940 4184 non

997 3134 1042 3197 les
1065 3134 1181 3213 tegitur
1201 3143 1298 3215 atque
1317 3132 1492 3198 involvitur
1515 3136 1547 3198 in
1570 3145 1661 3201 utero
1676 3157 1741 3201 ma-

995 3233 1063 3308 tris,
1082 3240 1113 3294 et
1134 3232 1229 3294 simul
1252 3251 1324 3294 cum
1351 3232 1417 3294 fetu
1442 3234 1615 3314 egreditur,
1643 3255 1740 3317 quam

995 3330 1131 3392 isidorus
1146 3338 1238 3393 vocat
1260 3331 1431 3393 secundam
1457 3332 1629 3414 :hancque
1652 3332 1741 3416 pelli-

994 3429 1098 3492 culam
1123 3438 1224 3490 mater
1248 3429 1316 3492 sola
1336 3431 1430 3493 edere
1451 3432 1666 3513 concupiscet.
1686 3438 1741 3496 Ce-

994 3530 1218 3589 rnedentenim
1232 3527 1334 3597 eos,id
1350 3536 1396 3591 esl
1412 3548 1528 3610 pueros
1544 3523 1758 3608 suot,clam,·'

994 3636 1025 3690 et
1049 3627 1195 3710 quamvis
1220 3628 1281 3689 ista
1306 3647 1369 3690 non
1396 3629 1541 3709 legantur
1566 3631 1737 3713 descripta,

995 3734 1100 3789 tamen
1120 3726 1292 3806 contigisse
1312 3727 1427 3790 ludaeis
1449 3730 1632 3791 creduntur.
1651 3731 1739 3794 'falia

993 3835 1100 3889 autem
1116 3825 1161 3888 sic
1176 3827 1300 3889 occulte
1323 3825 1406 3888 facta
1421 3827 1454 3888 in
1478 3836 1565 3890 tanta
1579 3829 1740 3894 calamita-

996 3933 1037 4001 te,
1053 3925 1094 3986 ab
1109 3925 1181 3986 aliis
1204 3924 1408 4004 ignorantum
1427 3935 1458 3988 et
1472 3926 1527 4007 qui
1552 3927 1674 3992 faciunt
1690 3951 1737 4007 ea,

995 4041 1068 4086 mox
1083 4024 1271 4086 moriuntur.

1024 4125 1067 4182 Ει
1076 4133 1234 4184 convertet
1246 4125 1280 4182 in
1293 4132 1320 4182 te
1329 4143 1437 4184 omnes
1446 4127 1740 4206 afflictionesAEpy·

57 4233 116 4276 rara.
135 4235 169 4276 re.
191 4222 320 4297 deferat
347 4220 500 4282 honorem
521 4221 591 4279 seni
611 4240 622 4278 .·
644 4218 729 4300 quod
750 4218 784 4280 in
807 4220 941 4283 Threnis
956 4227 980 4287 D
991 4224 1053 4297 pti,
1072 4221 1105 4282 id
1121 4230 1168 4284 est
1183 4221 1304 4283 similes
1314 4241 1351 4284 ae
1362 4223 1487 4303 peiores
1502 4223 1738 4289 afflictionibus

194 4318 311 4398 legitur
336 4318 375 4380 dc
390 4317 557 4381 Chaldaeis.
575 4321 618 4378 Ει
634 4321 773 4377 comedes
794 4320 941 4396 fructum

60 4433 121 4476 rara.
136 4436 169 4474 n.
194 4420 282 4478 uteri
303 4419 364 4478 tui.
387 4416 431 4478 Ile
448 4415 509 4478 hoc
532 4415 684 4478 ieremias
709 4423 841 4478 testatur
859 4435 865 4478 :
883 4418 940 4481 Ma-

194 4535 255 4578 nus
274 4515 445 4578 mulierum
463 4513 714 4577 misericordium
735 4525 887 4578 coxerunt
904 4517 941 4579 fi-

55 4633 176 4688 liaeue,
192 4615 254 4678 lios
284 4634 360 4679 suos
387 4632 393 4676 :
419 4615 505 4695 quod
531 4622 563 4676 et
587 4622 701 4695 quarto
731 4615 850 4694 Regum
881 4616 939 4678 sub

44 4699 75 4740 ²⁸·
87 4699 121 4739 ²⁹·
190 4714 296 4777 loram
313 4713 429 4793 legitur
445 4712 628 4792 contigisse.
643 4713 675 4773 ln
687 4711 854 4776 obsidione
865 4732 939 4796 quo-

65 4830 95 4873 ne
119 4831 254 4893 serraque
278 4812 452 4874 Jerusalem
477 4831 496 4873 a
519 4811 669 4874 Romanis
694 4811 725 4873 id
751 4811 876 4889 accidit,
904 4823 939 4876 ut

42 4892 127 4942 '‘³¹³⁵''
143 4895 176 4935 Ἀ·
189 4911 347 4992 Iosephus
370 4917 488 4972 narrat.
509 4913 627 4970 Tenere
644 4913 762 4970 mulier
776 4922 805 4970 et
820 4915 939 4973 delica-

192 5019 421 5089 tu,queesuper
438 5019 557 5069 terrum
575 5010 704 5085 ingredi
720 5029 784 5068 uon
802 5012 937 5081 valebat,

190 5129 247 5169 nec
257 5110 353 5188 pedis
374 5109 546 5184 uestigium
568 5111 665 5183 figere
684 5118 817 5185 propter
833 5112 938 5169 molli-

191 5211 267 5270 tiem
281 5219 312 5270 et
329 5211 579 5270 teneritudinem
597 5208 737 5267 nimiam
749 5228 760 5266 .·
772 5225 835 5269 non
852 5211 937 5288 quod

188 5307 337 5370 absolute
352 5314 511 5387 nequeant
532 5303 705 5382 ambulare,
723 5313 807 5368 stare
821 5314 853 5368 et
868 5325 938 5388 pro-

995 4319 1276 4401 AEgyptiorum.Et
1290 4322 1373 4381 sieut
1383 4332 1458 4382 ante
1474 4326 1599 4384 laetatus
1609 4335 1654 4385 est
1664 4328 1740 4387 bene

995 4420 1081 4478 vobis
1096 4420 1232 4494 faciens,
1247 4437 1286 4480 ex
1307 4439 1364 4481 sua
1387 4419 1505 4500 pietate
1522 4440 1530 4484 ι
1548 4423 1629 4486 [leus
1649 4423 1737 4486 enim

995 4517 1028 4578 in
1044 4517 1132 4579 omni
1146 4525 1219 4579 actu
1235 4535 1292 4580 suo
1308 4516 1540 4583 invariabiliter
1553 4521 1709 4601 gloriatur
1727 4546 1735 4598 ;

993 4619 1039 4676 sic
1060 4619 1223 4678 laetabitur
1236 4619 1424 4694 disperdens
1440 4639 1504 4688 voa,
1520 4620 1595 4700 quia
1611 4620 1643 4682 in
1664 4630 1738 4684 actu

994 4734 1058 4778 suae
1082 4713 1213 4796 justitiae
1237 4714 1424 4795 gratulatur.
1451 4716 1539 4780 Unde
1564 4726 1595 4780 et
1620 4719 1698 4782 alibi
1726 4737 1734 4782 :

992 4814 1068 4893 Ego,
1088 4812 1203 4893 inquit,
1225 4812 1258 4873 in
1274 4811 1405 4875 interitu
1421 4823 1526 4878 vestro
1542 4815 1662 4880 ridebo.
1680 4822 1736 4882 Di·
1751 4838 1882 4886 emin.

991 4915 1116 4989 sperdet
1131 4922 1158 4970 te
1180 4913 1215 4969 in
1234 4932 1341 4971 omnia
1362 4918 1494 4990 populos
1515 4935 1535 4974 a
1550 4919 1736 4978 surremitcte

994 5022 1086 5072 terre)
1111 5032 1209 5090 usque
1233 5014 1277 5070 aad
1302 5015 1454 5073 terminos
1478 5016 1559 5092 ejus,
1588 5015 1619 5077 id
1645 5025 1694 5078 est
1718 5037 1736 5079 a

993 5109 1188 5171 sublimitate
1206 5109 1355 5172 territorii
1373 5111 1418 5172 tui
1437 5132 1493 5194 per
1508 5131 1619 5177 omnes
1635 5115 1737 5196 regio

993 5227 1049 5270 nes
1065 5226 1122 5268 seu
1137 5206 1318 5288 provincias
1339 5209 1462 5285 mundi,
1486 5211 1568 5273 sicut
1587 5231 1672 5274 nunc
1691 5212 1737 5276 fa·

992 5316 1078 5369 ctum
1100 5303 1245 5367 videmus
1258 5328 1267 5380 ς
1282 5317 1313 5367 et
1326 5310 1443 5368 servies
1459 5312 1505 5370 ibi
1518 5313 1585 5370 diis
1604 5315 1736 5376 alienis.
