4309 6259
554 500 728 546 unaunxrle
750 502 780 546 ut
802 500 869 546 CAP.
894 500 980 547 xxxtt
1001 500 1103 547 unctu.
1125 520 1166 531 ·-
1186 503 1257 549 ART.
1281 503 1341 549 Lllll
1680 484 1719 549 97
1766 471 1771 479 ι

167 687 254 750 pem,
282 680 463 735 accusasset
486 671 652 754 proprium
678 672 915 754 imperfectum,
932 671 958 734 Α
974 674 1243 755 nunquam'risa,
1270 675 1451 739 adscribere
1477 675 1581 740 idolo!
1600 686 1631 739 et
1651 678 1717 755 llei,

165 768 243 849 quia
268 776 301 831 et
327 770 397 852 ipse
423 771 507 833 idem
534 771 640 852 potins
665 772 776 834 debuit
801 773 915 836 tolera-

165 885 209 943 re,
229 888 328 948 quam
352 876 416 931 tam
439 868 508 932 dire
530 888 672 952 peceare.
689 870 800 934 Glossa
820 872 914 934 etiam

165 974 373 1047 protestatur,
397 969 485 1049 quod
499 969 603 1032 Aaron
628 988 692 1033 non
713 970 850 1033 audebat
869 989 916 1032 re-

165 1064 291 1143 sistere,
308 1066 384 1147 quia
406 1067 527 1130 sciebat
546 1069 702 1150 populum
723 1088 857 1151 pronum
876 1070 914 1131 ad

165 1164 390 1227 occidendum.
476 1244 481 1256 ἱ

172 1294 175 1299 ¹
209 1262 313 1337 Quaeri
340 1273 456 1347 potest,
483 1285 541 1328 eur
563 1265 667 1329 Aaron
693 1267 799 1349 potius
823 1268 916 1350 petiit

166 1362 229 1424 sibi
244 1360 357 1426 afferri
373 1383 485 1427 aureas
502 1364 640 1441 inaures,
650 1385 745 1447 quam
761 1366 848 1429 aliud
864 1386 916 1428 au-

167 1481 249 1523 rum.
270 1461 317 1525 dd
338 1463 424 1544 quod
446 1463 557 1527 Glossa
582 1472 613 1526 et
637 1464 692 1526 alii
716 1465 916 1528 concorditer

168 1559 280 1622 dicunt
298 1580 305 1624 :
324 1561 401 1624 Rem
417 1560 589 1625 difficilem
611 1563 785 1645 postulavit
800 1583 836 1625 ac
851 1564 917 1645 jus-

167 1658 218 1736 sit,
232 1667 268 1721 ut
285 1659 358 1723 illos
374 1680 392 1721 a
408 1660 572 1743 proposito
588 1662 848 1724 revocaret.Hine
858 1662 917 1724 Au-

167 1758 332 1837 gustinus:
346 1759 539 1841 lntelligitur
553 1760 657 1823 Aaron
674 1758 824 1823 difficilia
840 1780 916 1844 prae-

974 773 1064 853 cujus
1081 773 1241 837 beneficia
1258 783 1303 836 tot
1318 783 1350 836 et
1372 784 1457 836 tanta
1478 784 1567 837 crant
1584 778 1716 857 experti,

974 878 1036 933 tam
1058 873 1133 950 eito,
1153 881 1279 953 fanique
1303 872 1440 935 faciliter
1465 873 1632 938 oblivisci!
1657 875 1717 938 Sed

973 990 1029 1033 eur
1044 971 1084 1033 dc
1105 989 1169 1034 uno
1190 972 1275 1034 idolo
1301 972 1513 1054 loquebantur
1540 973 1716 1054 pluraliter,

972 1068 1009 1129 Hi
1026 1078 1100 1131 sunt
1116 1071 1161 1131 dii
1178 1071 1300 1132 tuilrld
1315 1071 1375 1133 boc
1391 1072 1519 1153 quidam
1535 1073 1717 1153 respondet,
1781 1062 1786 1071 ’

972 1170 1056 1249 quod
1080 1170 1119 1231 ad
1144 1172 1353 1234 reverentiam
1376 1172 1452 1246 idoli
1479 1172 1539 1235 boc
1560 1171 1716 1249 fecerunt,

972 1269 1241 1349 quemadmodum
1257 1289 1379 1350 magma
1404 1289 1547 1352 personae
1568 1271 1607 1333 de
1624 1290 1657 1333 se
1673 1271 1719 1334 le

972 1375 1126 1447 quantur,
1153 1368 1214 1431 Nos
1240 1368 1452 1450 praecipimus.
1481 1370 1540 1432 Sed
1571 1370 1717 1451 quamvis

972 1466 1163 1529 excellentes
1192 1486 1335 1549 persona
1366 1468 1410 1529 ita
1440 1467 1628 1549 loquuntur,
1654 1487 1718 1531 non

973 1572 1078 1626 tamen
1102 1566 1267 1647 proprium
1289 1586 1416 1643 nomen,
1435 1586 1492 1629 nee
1515 1586 1632 1630 nomen
1653 1585 1718 1628 suae

972 1662 1137 1742 dignitatis
1153 1672 1207 1725 aut
1222 1664 1325 1727 officii
1342 1665 1508 1746 pluraliter
1523 1666 1715 1748 exprimunt.

972 1760 1039 1822 Non
1056 1762 1142 1824 enim
1159 1763 1278 1839 dieunt,
1292 1763 1525 1826 NosGuillelmi
1543 1782 1643 1843 reges
1656 1764 1718 1826 Nos

167 1856 285 1938 cipere,
313 1866 348 1919 ut
374 1859 434 1921 boc
460 1859 554 1923 modo
580 1858 652 1922 illos
675 1860 715 1921 ab
739 1860 915 1923 intentione
935 1854 1101 1942 Bttuperri
1118 1862 1276 1944 episeopi;
1294 1863 1432 1939 sed,Nos
1447 1862 1634 1925 Guillelmus
1650 1882 1715 1940 rex,

167 1957 473 2019 revocaretdurum
489 1957 608 2020 etenim
624 1957 915 2040 inaurium,purius
971 1957 1033 2020 Nos
1056 1960 1214 2041 Rupertus
1239 1960 1419 2043 episcopus.
1436 1962 1498 2024 Nec
1524 1961 1645 2024 subditi
1671 1961 1719 2022 di-

167 2054 336 2136 eariusque
366 2056 524 2119 consistit.
552 2055 614 2118 Alii
640 2075 767 2137 quoque
792 2058 913 2133 dicunt,
972 2066 1049 2120 cunt
1065 2059 1105 2121 dc
1120 2048 1266 2141 principe
1283 2078 1339 2122 suo
1355 2070 1409 2123 aut
1425 2060 1718 2142 praelato,lstisnnt

167 2153 252 2233 quod
268 2154 440 2217 aestimarit
456 2173 581 2231 uxores,
595 2153 681 2217 filios
697 2174 733 2217 ae
751 2155 834 2217 filias
852 2174 915 2218 non
972 2178 1063 2239 reges
1090 2158 1211 2233 nostri;
1238 2159 1300 2235 rel,
1323 2159 1360 2220 lli
1387 2167 1461 2220 sunt
1486 2160 1637 2240 praesules
1665 2179 1717 2222 no-

168 2250 306 2315 faeiliter
332 2253 556 2335 permissuros,
584 2262 619 2315 ut
644 2264 830 2317 ornamenta
860 2275 915 2317 sua
972 2257 1123 2319 stri.ldeo
1139 2256 1201 2319 dici
1217 2259 1419 2339 potest‚quod
1431 2276 1469 2321 ex
1484 2258 1716 2321 consuetudine

169 2351 357 2414 tollerentur
379 2352 420 2414 ab
442 2352 499 2430 eis,
518 2371 555 2415 ex
578 2352 711 2415 avaritia
733 2361 764 2416 et
784 2354 916 2417 curiosi-
972 2354 1057 2417 modi
1089 2355 1241 2436 loquendi
1268 2356 1518 2434 idololatrarum,
1547 2357 1589 2419 ita
1617 2356 1714 2419 locuti

166 2458 240 2512 tate.
971 2455 1045 2533 sint,
1056 2454 1107 2517 rel
1124 2455 1246 2536 plurale
1262 2475 1319 2537 pro
1331 2456 1484 2537 singulari
1496 2464 1712 2538 sumpserunt.

204 2550 507 2629 lr'ecttquepopurus
521 2552 756 2632 quoejrrsserat,
769 2554 915 2631 descrens
971 2552 1135 2635 Siquidem
1156 2555 1296 2617 secundo
1317 2554 1423 2617 Esdrae
1446 2554 1528 2617 libro
1551 2555 1711 2617 habetor:

165 2649 299 2707 inaures
314 2652 359 2709 ad
373 2652 497 2711 Aaron.
515 2650 612 2712 Erant
630 2648 715 2712 enim
736 2650 774 2711 ad
796 2649 914 2711 malum
970 2653 1071 2726 Quum
1088 2652 1239 2715 fecissent
1263 2652 1324 2715 sibi
1347 2653 1483 2715 vitulum
1504 2652 1711 2730 conflatilem,
1738 2662 1859 2714 rimam,

167 2746 364 2827 pronissimi.
378 2750 462 2815 Quas
477 2770 578 2828 quum
594 2751 650 2809 itte
666 2751 916 2829 accepisset,for-
971 2760 1001 2814 et
1012 2751 1172 2825 dixissent,
1182 2752 1243 2814 lste
1257 2760 1306 2815 cst
1320 2752 1397 2814 deus
1414 2761 1486 2814 tuus
1497 2753 1552 2833 qui
1569 2753 1714 2815 eduxitte
1730 2732 1762 2771 ¹⁸·

168 2848 269 2907 oravit
284 2866 377 2924 opere
386 2848 560 2925 formidet
574 2849 651 2926 fecit
661 2870 701 2909 err
716 2851 761 2908 er's
772 2852 914 2909 uitulum
971 2850 1010 2911 dc
1026 2850 1169 2932 AEgypto,
1184 2850 1328 2913 fecerunt
1342 2851 1558 2933 blasphemias
1574 2872 1711 2933 magnas,

166 2948 375 3021 conflatitem.
391 2944 477 3028 Opus
499 2944 654 3010 lusorium
679 2955 774 3029 atque
794 2946 916 3010 confla·
1014 2952 1105 3018 Quod
1129 2971 1230 3029 qaum
1251 2953 1515 3012 cr'dr'ssetAcrron.
1535 2951 1591 3013 llic
1617 2952 1715 3013 sumi-

167 3042 222 3106 tile
247 3044 440 3126 appellatur,
462 3046 547 3126 quod
573 3065 630 3127 per
655 3046 915 3129 liquefactionem
931 3049 952 3112 C
974 3057 1023 3110 tur
1039 3048 1153 3111 Videre
1170 3069 1227 3130 pro
1242 3049 1370 3111 Audire.
1387 3050 1489 3123 Quum
1505 3050 1592 3112 enim
1612 3050 1716 3112 andis-

167 3149 197 3205 et
213 3143 321 3222 ignem
344 3145 384 3206 ad
400 3144 540 3226 aliquam
563 3144 700 3210 formam
717 3148 913 3229 perducitur.
973 3156 1020 3210 sct
1037 3147 1133 3212 rerba
1149 3148 1332 3229 praehabita,
1350 3148 1426 3211 fecit
1441 3149 1526 3230 quod
1547 3149 1713 3211 subditur:

167 3241 250 3303 Istud
266 3249 375 3305 autem
392 3242 469 3308 fecit
484 3244 599 3323 Aaron,
614 3245 645 3308 id
661 3254 719 3323 est,
735 3245 805 3307 fieri
821 3246 916 3326 jussit
971 3249 1148 3326 orlr'fieaor't
1173 3252 1276 3308 attare
1299 3269 1408 3309 coram
1432 3269 1476 3319 eo,
1501 3248 1649 3311 videlieet
1674 3248 1717 3310 vi·

168 3360 223 3403 seu
236 3340 313 3404 feeit
329 3361 386 3424 per
397 3344 552 3424 quosdam
569 3343 794 3406 artificcsdlii
812 3352 916 3406 tamen
974 3346 1050 3422 tulo,
1069 3365 1164 3426 quom
1179 3346 1228 3426 (ut
1254 3346 1368 3427 fertur)
1384 3354 1563 3410 statuerunt
1588 3346 1621 3407 in
1647 3346 1716 3409 loce

169 3440 291 3517 dicunt,
319 3442 405 3521 quod
431 3442 535 3505 solum
563 3442 698 3524 projecit
729 3441 856 3504 inaures
882 3441 916 3503 in
972 3453 1088 3507 erecto.
1101 3445 1169 3508 Non
1185 3463 1222 3508 ex
1238 3446 1367 3527 proprio
1383 3448 1477 3510 corde
1497 3446 1645 3509 fecithoc
1661 3447 1717 3508 Aa·

169 3536 287 3619 ignem,
315 3547 346 3602 et
370 3558 466 3622 opere
488 3541 667 3603 daemonum
694 3540 852 3603 conflatus
876 3540 917 3602 sit
973 3562 1041 3621 ron,
1060 3544 1115 3606 sed
1131 3544 1180 3606 rel
1198 3544 1381 3626 importuna
1395 3566 1431 3608 ac
1449 3546 1593 3628 improba
1612 3544 1716 3625 gentis

169 3637 299 3700 vitulus.
324 3638 413 3701 Unde
433 3637 539 3701 Aaron
566 3636 650 3699 infra
675 3658 709 3701 se
735 3657 913 3701 excusans:
972 3642 1135 3719 instantia,
1148 3650 1179 3705 et
1196 3642 1309 3706 timore
1325 3645 1484 3707 uiolentiae
1501 3644 1561 3706 sibi
1578 3642 1717 3706 inferen-

168 3736 301 3818 Projeei‚
320 3737 437 3818 inquit,
456 3756 567 3799 aurum
587 3736 619 3800 in
636 3738 755 3820 ignem,
768 3747 799 3801 ct
815 3758 918 3820 egres·
972 3741 1030 3819 dae,
1048 3742 1111 3803 nisi
1127 3743 1173 3803 sic
1189 3741 1319 3820 faceret,
1336 3743 1386 3805 vel
1404 3751 1438 3805 ut
1454 3744 1643 3824 pronitatem
1660 3744 1717 3805 im-

169 3856 220 3898 sus
236 3844 285 3899 cst
300 3836 354 3899 hie
370 3836 503 3899 vitulus
523 3837 637 3900 Textus
660 3848 764 3901 tamen
785 3839 918 3920 apertis-
973 3840 1033 3922 piae
1058 3840 1162 3923 plebis
1192 3841 1251 3904 hae
1276 3842 1442 3905 occasione
1471 3841 1651 3924 aliqualiter
1676 3844 1716 3904 ab

168 3935 246 3999 sime
262 3934 354 4013 dicit,
366 3936 451 4016 quod
467 3935 573 3999 Aaron
589 3955 685 4018 opere
702 3936 823 4001 fusorio
841 3936 918 4001 feeit
972 3947 1045 4001 actu
1065 3939 1256 4003 idololatria
1279 3942 1463 4018 retardaret,
1481 3949 1556 4022 puta
1583 3941 1714 4017 tamdiu,

168 4034 237 4096 boc.
256 4033 339 4116 Lyra
358 4052 486 4115 quoque
509 4032 608 4097 refert
629 4033 662 4096 in
679 4035 807 4098 Hebraeo
823 4037 916 4098 babe-
972 4056 1138 4119 quousque
1159 4048 1375 4103 constructum
1397 4048 1481 4102 esset
1502 4040 1621 4115 altarc;
1638 4040 1717 4102 alias

169 4133 206 4210 ri,
224 4132 387 4196 Formarit
410 4133 442 4195 in
466 4132 550 4197 stilo.
569 4132 658 4196 Circa
680 4134 764 4215 quod
788 4134 917 4214 quidam
972 4155 1045 4199 mox
1060 4137 1245 4201 adorassent
1255 4139 1479 4202 simulacrum:
1493 4140 1557 4202 imo
1573 4138 1717 4203 nonnulli

169 4230 291 4295 llcbr'aei
314 4230 493 4309 affirmant,
518 4233 603 4313 quod
625 4253 698 4296 cum
722 4232 795 4296 stilo
816 4234 918 4315 pinxit
933 4235 957 4295 D
973 4234 1153 4313 affirmant,
1166 4238 1250 4318 quod
1267 4238 1405 4319 propriis
1421 4238 1568 4300 manibus
1585 4236 1660 4300 fecit
1676 4238 1719 4299 al-

171 4329 203 4392 in
220 4330 329 4393 tabula
345 4330 589 4394 similitudinem
607 4332 711 4409 rituli,
732 4333 858 4395 tradens
873 4354 920 4395 ar·
975 4342 1051 4411 tare,
1070 4344 1104 4395 ut
1130 4336 1175 4398 sic
1200 4336 1240 4398 ab
1265 4336 1444 4399 idololatria
1466 4356 1519 4399 eos
1546 4337 1719 4399 retardaret

170 4428 329 4507 tificibus‚
355 4438 390 4491 ut
411 4430 501 4511 juxta
527 4430 587 4494 hoc
610 4430 761 4510 facerent.
780 4432 839 4494 Sed
862 4452 918 4494 cur
974 4433 1106 4510 diutius,
1124 4443 1155 4497 et
1171 4454 1337 4517 quousque
1352 4436 1471 4518 llopscs
1495 4444 1716 4510 reverteretur,

171 4528 275 4609 potius
302 4528 380 4591 fecit
401 4530 448 4592 eis
471 4529 678 4592 simulacrum
702 4530 804 4607 vituli,
822 4550 917 4613 quam
974 4551 1069 4613 quem
1087 4532 1226 4614 sperarit
1245 4535 1385 4597 breviter
1405 4555 1617 4612 reversurum,
1635 4544 1666 4597 ct
1682 4535 1719 4595 il-

171 4626 301 4690 alterius
325 4627 372 4691 rei
391 4632 402 4689 t
426 4628 656 4710 Respondetur,
675 4629 827 4710 quoniam
853 4638 918 4692 tau·
975 4630 1021 4693 los
1037 4631 1076 4693 ab
1092 4631 1271 4695 idololatria
1287 4634 1414 4715 penitus
1431 4654 1662 4715 repressorem.
1677 4637 1718 4695 Et

172 4745 250 4803 rum,
275 4726 392 4791 bovem
410 4745 466 4789 seu
481 4726 628 4804 vitulum,
647 4728 680 4789 in
696 4728 828 4810 AEgyplo
845 4749 915 4792 oum
969 4734 1129 4808 praeconis
1152 4752 1222 4791 cece
1246 4736 1427 4792 claruerit:
1446 4737 1522 4793 Cras
1543 4736 1718 4794 solrrrrrr'tos·

974 4832 1108 4890 Domini
1125 4841 1181 4901 est,
1200 4816 1469 4908 inostensam
1494 4831 1555 4908 die,
1575 4850 1637 4894 non
1663 4832 1719 4894 bo

975 4926 1036 5003 die,
1049 4927 1206 4991 offeretur
1221 4929 1416 4992 sacrificium
1433 4930 1518 4993 idolo
1533 4930 1620 5006 huic,
1634 4932 1718 5012 quod

976 5024 1112 5107 professi
1129 5026 1205 5089 estis
1226 5047 1295 5091 esse
1315 5028 1409 5090 deum
1424 5048 1461 5091 ac
1483 5029 1649 5092 dominum
1669 5049 1720 5091 re·

173 4825 328 4909 rllgyptiis
344 4826 568 4888 adoraverunt.

210 4928 439 5005 dixeruntque
455 4946 465 4984 :
482 4928 530 4987 Hi
543 4936 620 4987 sarrit
641 4928 693 4987 dii
718 4930 778 4999 tui,
804 4930 917 4999 Israel,

173 5027 228 5102 qur'
239 5028 464 5085 taedueerunt
473 5028 511 5085 de
529 5036 614 5087 terra
624 5029 774 5105 AEgpptr'.
787 5026 919 5106 liquan-

176 5130 203 5184 ta
217 5124 369 5200 amentia,
387 5143 484 5205 quam
508 5122 638 5209 infinita
657 5125 803 5201 stultitia,
822 5145 917 5207 quam

177 5223 314 5285 enormis
336 5224 544 5304 ingratitudo
563 5242 660 5306 opera
679 5225 797 5287 summi
817 5225 920 5287 omni-

176 5323 376 5404 potentisque
400 5320 468 5401 Dei,
496 5330 560 5386 tam
590 5324 798 5408 praeclamet
827 5334 919 5389 antea

293 5458 326 5509 T.
343 5456 366 5507 2.

976 5133 1088 5202 strum,
1111 5125 1271 5191 dicendo:
1294 5128 1347 5189 lsti
1368 5136 1442 5189 sunt
1462 5127 1507 5189 dii
1531 5128 1588 5205 tui,
1612 5128 1716 5204 lsrael,

976 5232 1035 5286 etc.
1051 5224 1165 5306 Sicque
1181 5244 1237 5307 per
1253 5227 1475 5309 solennitatem
1492 5227 1617 5290 Domini
1635 5227 1720 5320 ride·

978 5332 1028 5387 tur
1051 5324 1156 5388 Aaron
1181 5324 1376 5388 intellexisse
1401 5326 1618 5390 celebritatem
1641 5325 1719 5388 idoli

1580 5459 1594 5515 7
