4309 6259
574 509 749 555 anananrro
770 510 801 555 nr
822 510 890 555 aar.
914 508 989 556 xxrr
1009 509 1112 557 axonr.
1136 529 1177 539 —
1196 510 1268 557 aar.
1291 511 1331 556 ιιι
1674 493 1720 557 ,ot

174 684 322 758 poterant
346 679 411 741 vim
437 686 605 743 ventorum
631 678 848 761 imbriumque
875 698 923 743 re-
937 683 963 745 Α
977 680 1066 743 heret
1081 681 1279 763 adspectum,
1297 679 1457 763 praecipue
1473 699 1572 762 quum
1593 687 1722 761 tempus

173 775 303 857 pellere.
331 776 413 839 Dicit
442 776 591 858 equidem
620 778 788 859 Iosephus,
816 777 923 841 velum
977 778 1124 841 nubilum
1147 778 1327 841 videbatur.
1345 778 1443 859 Cujus
1464 779 1596 842 cortine
1622 786 1723 841 textu-

171 874 258 954 quod
274 874 435 956 pendebat
447 874 481 936 in
498 876 645 957 ingressu
662 875 860 939 tabernaculi
871 895 924 937 an·
978 896 1012 940 ra
1026 878 1148 940 exstitit
1164 877 1266 955 fortis,
1283 886 1316 941 et
1331 877 1426 941 [acilo
1444 877 1621 940 sustinebat
1636 876 1722 939 labo

174 979 203 1033 te
226 972 372 1055 quinque
393 974 571 1051 columnas
590 982 625 1035 ut
644 974 840 1051 dictumest,
858 992 923 1037 non
978 995 1055 1039 rem.
1074 977 1206 1058 Insuper
1227 977 1260 1038 in
1284 977 1429 1056 ingressu
1450 976 1561 1058 templi
1582 976 1720 1038 similem

174 1070 236 1131 nisi
253 1072 406 1153 usquead
423 1072 625 1135 medietatem
639 1071 859 1136 columnarum
873 1074 924 1136 de
978 1076 1056 1137 dicit
1082 1073 1181 1137 luisse
1207 1074 1361 1138 cortinam
1387 1093 1572 1157 appensam.
1601 1074 1722 1137 llooitat

174 1170 348 1247 scendisse,
368 1179 399 1233 et
414 1190 468 1234 eas
485 1170 600 1234 texisse
616 1189 673 1253 per
688 1169 813 1233 cubitos
830 1172 924 1253 quin·
977 1173 1173 1254 etiam‚quod
1185 1172 1267 1235 sicut
1282 1173 1316 1233 in
1331 1180 1466 1253 utraque
1482 1171 1590 1234 tabula
1604 1172 1723 1235 descri-

174 1286 257 1348 qne;
286 1269 427 1349 reliquos
452 1289 527 1333 vero
552 1269 697 1351 quinque
721 1269 857 1347 cubitos,
883 1269 923 1331 ad
978 1279 1032 1353 pta
1049 1270 1179 1333 luerunt
1193 1270 1337 1352 quinque
1357 1279 1525 1353 precepta,
1546 1270 1591 1332 ita
1609 1270 1719 1333 decem

174 1368 375 1430 sacerdotnm
392 1368 533 1449 patuisse
547 1368 736 1447 ingressum.
747 1368 847 1450 Super
863 1368 923 1431 hoo
977 1369 1116 1432 cortinas
1137 1368 1232 1430 simul
1252 1370 1389 1450 junctas,
1407 1376 1550 1450 tempore
1570 1377 1722 1451 opportu-

173 1474 280 1528 autem
297 1465 441 1528 affirmat
456 1466 551 1529 aliam
567 1466 723 1529 cortinam
735 1465 858 1529 laneam
875 1485 925 1528 su·
978 1485 1019 1529 no
1039 1465 1181 1547 disjungi
1201 1466 1417 1542 consuevisse,
1436 1474 1472 1527 nt
1491 1467 1635 1548 quinque
1653 1485 1722 1529 aor-

175 1564 371 1646 pcrpositam
387 1564 433 1627 ibi
449 1565 560 1641 luisse,
571 1565 806 1648 pertingentem
822 1584 924 1646 usque
979 1563 1052 1626 tinae
1071 1564 1167 1625 simul
1182 1563 1215 1625 in
1233 1572 1367 1644 utraque
1386 1572 1552 1626 manerent
1573 1563 1693 1626 simul*
1710 1582 1718 1625 :
1756 1580 1763 1595 ·

173 1664 212 1725 ad
229 1672 440 1745 terramque
456 1663 590 1726 funibus
607 1682 663 1746 per
676 1663 813 1726 annulos
830 1664 924 1726 duca-
976 1670 1134 1743 quatenus
1148 1662 1289 1724 ministri
1305 1662 1416 1743 templi
1436 1681 1510 1725 cnm
1526 1663 1646 1744 populo
1660 1662 1721 1725 hoc

173 1760 267 1823 batur
284 1780 322 1825 ao
343 1762 574 1839 retrahebatur,
593 1762 679 1823 utin
700 1761 814 1824 diebus
832 1760 922 1825 lestis
976 1768 1155 1836 cernentes,
1177 1760 1425 1822 admonerentur
1450 1778 1575 1842 semper
1600 1760 1639 1822 de
1664 1759 1723 1823 ob-

173 1868 322 1937 retracta,
349 1861 535 1942 adspectum
563 1859 762 1923 tabernaculi
793 1859 958 1925 exhibeB
976 1858 1156 1922 servatione
1183 1858 1330 1939 Decalogi
1360 1877 1417 1940 per
1446 1858 1573 1921 tabulas
1603 1859 1649 1922 sio
1675 1859 1723 1921 di-

173 1967 237 2033 ret;
254 1957 329 2020 aliis
349 1978 426 2023 vero
447 1958 562 2021 diebus
586 1959 789 2041 superducta,
814 1958 922 2039 probi·
976 1957 1095 2020 stincti.

729 2388 1053 2477 ARTIGULUS
1090 2390 1172 2475 LII
1270 2484 1274 2491 ¹

465 2665 641 2712 athamanto
663 2666 849 2711 salhlruntls
872 2664 1003 2711 EIUSDEM
1025 2664 1162 2709 onrlrotr
1183 2664 1313 2710 vlohsuss
1336 2664 1434 2710 SEX'I'I.

240 2946 349 3009 ERBA
371 2945 530 3028 explanati
547 2944 678 3027 capituli
695 2944 774 3009 adeo
789 2942 923 3025 mystica
976 2942 1591 3025 Perhyacinthnmacrem.Percocoum,
1602 2946 1721 3027 ignem,

179 3094 181 3099 .
250 3053 339 3122 sunt,
351 3052 387 3107 nt
401 3054 433 3107 et
446 3044 546 3107 Iudaei
561 3044 668 3106 littora
684 3044 751 3107 sola
767 3040 920 3119 contenti,
938 3040 960 3105 G
976 3041 1129 3123 qnoniam
1159 3041 1288 3122 igneum
1319 3041 1451 3106 sortitur
1480 3043 1630 3109 colorem.
1664 3046 1722 3109 Per

175 3144 335 3208 fateantur
350 3163 388 3207 ea
402 3162 591 3225 magnarum
612 3142 859 3224 divinarumque
875 3160 923 3203 re·
976 3158 1131 3216 mensam,
1152 3159 1272 3202 annum
1297 3159 1353 3203 seu
1377 3147 1513 3223 tempus.
1530 3143 1588 3206 Per
1604 3136 1736 3208 duode'

175 3262 244 3305 rum
270 3261 342 3306 esse
366 3241 593 3322 significativa.
615 3240 692 3303 Nam
715 3248 747 3303 et
766 3240 922 3322 Iosephus
976 3237 1569 3320 olmpanespropositionisduodecim
1581 3261 1718 3306 menses.

173 3348 371 3405 contestatur
393 3358 400 3401 :
423 3339 632 3403 Tabernacnli
658 3337 922 3421 compositionem
975 3334 1033 3399 Per
1053 3354 1203 3399 coronam
1225 3344 1362 3418 quatuor
1387 3337 1572 3419 digitorum,
1598 3360 1720 3404 annum

173 3440 265 3517 Deua,
291 3458 355 3502 non
379 3439 486 3515 homo,
511 3438 555 3500 ita
576 3437 746 3519 disposuit,
770 3436 922 3519 quoniam
977 3432 1111 3496 solarem
1123 3443 1259 3515 quatuor
1270 3438 1530 3517 temporum.Per
1544 3439 1719 3518 aureolam,

172 3538 197 3599 si
212 3538 288 3620 quis
303 3536 383 3601 velit
398 3537 465 3599 haeo
481 3535 683 3599 considerare
699 3535 769 3598 sine
785 3534 919 3611 invidia,
975 3550 1098 3594 annum
1121 3532 1278 3595 lunarem.
1305 3534 1362 3597 Per
1391 3544 1513 3618 septem
1537 3538 1721 3601 candelabri

171 3635 314 3701 inveniet
329 3633 456 3717 singula
470 3634 586 3697 horum
601 3635 641 3696 ad
658 3632 795 3698 sormam
814 3652 920 3696 rerum
977 3629 1134 3708 lucernas,
1151 3641 1273 3713 septem
1289 3632 1443 3715 planetas.

170 3734 352 3799 divinarum
375 3742 513 3815 peracta.
537 3732 690 3794 Abditum
714 3750 863 3814 namque,
889 3730 921 3793 id
1016 3724 1168 3789 Praeterea
1182 3725 1222 3788 de
1236 3726 1296 3789 hac
1312 3728 1444 3791 materia
1463 3728 1576 3792 scribit
1592 3731 1623 3793 S.
1640 3731 1721 3794 Tho·

171 3841 217 3895 est
236 3832 390 3895 Sanctum
412 3840 607 3908 sanctorum,
626 3831 711 3912 quod
735 3830 795 3895 soli
818 3830 922 3912 ponti·
976 3842 1044 3885 mas
1066 3822 1099 3884 in
1121 3824 1225 3905 prima
1246 3826 1404 3903 secundm,
1429 3828 1605 3908 quaestione
1628 3829 1687 3892 l02
1710 3848 1717 3893 :

175 3930 229 3995 lici
252 3930 344 3994 licuit
366 3930 510 4005 introire,
536 3926 697 4008 figurabat
719 3928 835 3991 coelum
860 3929 922 3991 [leo
977 3921 1064 3985 Sicut
1079 3922 1113 3984 in
1128 3923 1251 3985 unitate
1265 3924 1377 4007 templi
1392 3925 1443 3989 vel
1461 3926 1658 3991 tabernaculi
1676 3949 1722 3992 re

175 4038 205 4092 at
225 4028 349 4109 angelis
371 4027 571 4091 attributum.
590 4026 810 4090 Sanctuarium
834 4045 920 4105 vero,
977 4020 1342 4101 plaesesslaboturussilflss
1357 4023 1412 4086 Dei
1428 4044 1485 4087 ⁸011
1500 4025 1663 4103 Εθθῑθὸῑῑθῐ
1676 4028 1722 4091 3ῑο

175 4130 259 4209 quod
281 4128 314 4189 in
336 4128 436 4209 duplo
455 4126 559 4206 majus
579 4133 658 4202 crat,
674 4126 820 4205 designat
836 4144 923 4189 mare
977 4119 1231 4184 indistinctione
1247 4121 1358 4204 templi
1375 4141 1430 4185 seu
1447 4112 1655 4204 tabernaculi,
1673 4145 1722 4189 re

174 4234 205 4288 et
229 4227 364 4301 aridam,
388 4224 511 4287 cunctis
536 4221 758 4303 gressibilibus
780 4242 922 4286 commu·
936 4228 961 4291 D
976 4220 1226 4299 praesentabatur
1247 4219 1410 4286 distinctio
1430 4241 1540 4285 eorum
1563 4243 1635 4306 qua
1655 4225 1720 4289 Deo

175 4324 237 4402 nia,
255 4324 527 4407 quemadmodum
543 4320 598 4383 illa
613 4340 686 4403 pars
703 4321 920 4385 sacerdotibus
976 4317 1120 4399 subjecta
1134 4326 1218 4396 sunt,
1236 4338 1274 4382 ex
1289 4319 1407 4402 quibus
1422 4321 1456 4383 in
1471 4322 1526 4385 Dei
1542 4325 1720 4389 veneratio

172 4432 239 4486 erat
253 4420 723 4496 eommunismortinaetcoelum
740 4420 917 4495 sidereum;
975 4434 1048 4479 nem
1072 4418 1306 4498 consurgimus.
1329 4419 1588 4503 Distingnebatur
1610 4432 1718 4487 antem

173 4542 252 4603 saga,
263 4538 449 4603 aquasquas
461 4526 536 4581 sunt
551 4536 647 4600 supra
663 4516 919 4594 firmamentnm3
976 4515 1214 4579 tabernaculum
1236 4516 1271 4578 in
1292 4518 1371 4581 duas
1393 4528 1499 4601 partes
1521 4539 1528 4584 :
1552 4522 1586 4584 in
1606 4542 1715 4601 unam,

172 4620 271 4702 pelles
289 4616 589 4694 rubricatae,coelnm
605 4634 790 4697 empyreum
807 4616 840 4677 in
856 4634 921 4698 quo
975 4633 1045 4696 qua
1065 4615 1238 4679 vocabatur
1258 4615 1371 4679 Sancta
1391 4627 1584 4698 sanctornm,
1601 4630 1634 4684 et
1652 4631 1720 4686 erat
1834 4637 1839 4645 ·

172 4716 380 4797 suntangcli;
393 4716 493 4799 pelles
509 4714 857 4797 hyacinthinae,coelnm
873 4734 921 4777 su·
975 4712 1201 4785 occidentalis;
1223 4722 1255 4777 et
1274 4715 1309 4778 in
1330 4715 1437 4795 aliam,
1460 4736 1531 4799 qna
1553 4720 1719 4783 dicebatur

173 4818 293 4898 penius,
310 4815 367 4878 ubi
382 4815 465 4877 Deus
480 4832 576 4895 super
596 4812 714 4877 omnia.
731 4813 765 4874 ln
785 4820 921 4894 quatuor
976 4811 1100 4888 Sancta,
1117 4820 1150 4874 et
1164 4821 1232 4875 erat
1245 4814 1286 4876 ad
1302 4814 1468 4879 orientem.
1481 4816 1519 4878 ht
1534 4816 1651 4880 iterum
1665 4838 1719 4881 an-

172 4914 334 4979 coloribus
361 4912 440 4975 dicit
461 4910 617 4993 Iosephus
642 4910 820 4992 significari
845 4930 921 4992 qua·
976 4918 1006 4972 te
1022 4909 1260 4973 tabernaculum
1275 4920 1343 4975 erat
1358 4915 1565 4979 atriumllaec
1580 4935 1657 4998 ergo
1672 4916 1720 4979 di-

173 5021 243 5077 tuor
259 5013 430 5077 elementa.
451 5009 509 5071 Per
529 5009 671 5092 byssum,
695 5017 822 5086 terram,
845 5010 921 5090 qnia
974 5009 1103 5073 stinotio
1117 5010 1279 5091 duplicem
1294 5011 1391 5075 habet
1406 5014 1562 5078 rationem
1580 5032 1587 5077 :
1605 5034 1713 5093 unam,

171 5112 210 5174 de
232 5120 316 5173 terra
341 5116 400 5186 est,
424 5116 456 5171 et
481 5108 621 5190 primum
647 5115 820 5183 terrenum,
845 5107 921 5169 viri·
975 5109 1149 5171 secundum
1173 5109 1260 5190 quod
1289 5110 1527 5175 tabernaculum
1552 5113 1718 5177 ordinatur

171 5210 307 5291 demque
322 5206 420 5269 hahet
434 5206 584 5269 colorem.
594 5205 651 5267 Per
667 5224 849 5286 purpuram,
857 5226 920 5269 ma·
973 5205 1014 5268 ad
1028 5207 1084 5269 Dei
1099 5205 1294 5271 cultum.Sic
1310 5228 1448 5291 namque
1462 5211 1596 5275 diversae
1612 5222 1718 5294 partes

171 5326 214 5386 re,
232 5306 388 5391 qnoniam
407 5324 447 5368 cx
465 5304 598 5367 marinis
619 5303 752 5382 tingitur
772 5304 913 5367 conchis.
974 5305 1097 5384 mnndi,
1113 5304 1147 5369 in
1162 5306 1368 5372 distinetione
1383 5309 1578 5374 tabernaculi
1595 5310 1717 5394 figura·
