4309 6259
494 544 667 592 manuario
689 545 719 590 m
740 545 808 590 CAP.
832 544 874 590 XX
895 545 1128 592 baurnnortomi.
1151 566 1192 576 -
1212 548 1283 592 ΑΜ.
1306 547 1360 593 XXI

1638 527 1694 589 597
1755 621 1762 634 ο

187 713 431 794 Consequenter
447 714 480 776 in
498 713 603 777 littera
619 712 741 795 prolixe
757 722 788 776 et
805 714 898 795 plane
913 712 938 775 Α
955 712 1128 777 fructuosis
1143 723 1234 778 terrea
1250 715 1348 778 illius.
1361 715 1421 779 Sed
1437 715 1512 778 huie
1523 714 1697 798 responsio

145 813 356 890 describitur,
371 815 508 894 qualiter
532 813 593 875 filii
610 813 702 876 lsrael
727 813 843 875 babere
865 831 898 876 se

146 912 332 976 debuerunt
351 913 437 976 eirca
451 914 546 975 urbes
567 913 803 994 expugnandas.
822 911 897 974 Nam

146 1010 286 1073 urbibus
298 1020 386 1073 extra
403 1020 517 1073 terram
535 1011 757 1093 promissionis
774 1009 898 1072 situatis

146 1108 312 1171 debebant
327 1109 432 1191 primo
449 1129 558 1191 pacem
574 1109 776 1186 offerre,non
793 1118 898 1171 autem

146 1207 338 1270 civitatibus
357 1207 390 1269 in
409 1217 492 1271 terra
512 1208 668 1290 promissa
684 1208 806 1284 locatis,
824 1227 899 1289 qua-

147 1325 221 1367 rum
233 1306 428 1370 habitatores
439 1315 529 1370 erant
541 1326 670 1388 prorsus
681 1305 820 1382 delendi,
829 1307 899 1387 jux-

146 1412 179 1466 ta
197 1405 386 1484 frequenter
401 1404 575 1487 praehabita
589 1423 595 1466 :
609 1414 638 1468 et
653 1404 738 1467 clara
754 1413 802 1467 est
817 1405 899 1467 litte-

147 1523 194 1565 ra.
213 1501 295 1576 Quid
311 1511 418 1572 autem
434 1504 593 1584 agendum
615 1512 683 1566 erat
703 1503 787 1566 circa
803 1503 898 1565 urbes

145 1600 331 1665 difficulter
346 1601 574 1683 expugnabiles
589 1611 643 1664 aut
662 1620 793 1684 prorsus
812 1601 899 1663 inex-

146 1700 355 1783 pugnabileS,
364 1699 570 1781 subjungitur
581 1717 588 1761 :
600 1703 734 1768 Quando
744 1703 899 1760 obsederis

146 1803 316 1860 ciuitatem
333 1805 434 1860 mrclto
451 1810 601 1878 tempore,
616 1811 645 1860 ct
661 1802 898 1860 mccntrtontous

955 813 987 873 ni
1003 812 1133 876 obviare
1150 814 1285 890 videtur,
1303 815 1388 894 quod
1404 814 1475 877 loeo
1495 814 1696 896 praallegato

953 912 1077 975 Eliseus
1095 914 1258 993 praemisit,
1269 913 1402 995 loquens
1418 913 1468 974 bis
1485 912 1630 994 regibus:
1643 913 1698 974 llo-
1740 928 1765 973 rv
1777 932 1833 986 neq.

954 1012 1060 1074 minus
1085 1013 1185 1075 tradet
1207 1012 1295 1074 Moab
1318 1013 1351 1073 in
1374 1031 1487 1074 manus
1509 1019 1642 1088 vestras,
1665 1020 1697 1073 et
1711 996 1825 1046 ¹¹''¹⁸¹¹⁰·

952 1111 1138 1194 percutietis
1153 1129 1280 1174 omnem
1296 1111 1458 1173 civitatem
1480 1110 1648 1187 munitam,
1665 1119 1697 1173 et

953 1229 1081 1274 omnem
1103 1210 1214 1273 urbem
1236 1209 1404 1272 munitam.
1422 1210 1460 1271 Et
1484 1209 1630 1272 subditur
1650 1209 1696 1271 ibi

953 1310 993 1372 de
1008 1309 1087 1372 urbe
1098 1307 1288 1390 metropoli:
1306 1308 1505 1372 Circumdata
1520 1318 1568 1371 est
1583 1308 1697 1372 civitas
1737 1333 1798 1378 nn,
1808 1336 1842 1378 25.

952 1427 971 1470 a
988 1407 1268 1482 fundibulariis,et
1282 1425 1397 1488 magna
1413 1425 1450 1469 ex
1466 1415 1556 1488 parte
1571 1425 1697 1488 percus·
1723 1413 1728 1420 ’

953 1525 997 1568 sa.
1010 1506 1131 1569 ldeirco
1146 1507 1317 1569 dicendum
1333 1506 1469 1584 videtur,
1481 1506 1566 1587 quod
1582 1525 1620 1568 en
1634 1505 1698 1566 dis-

954 1605 1141 1687 pensatione
1161 1605 1270 1667 divina
1286 1604 1404 1667 factum
1425 1614 1474 1667 est
1489 1605 1568 1666 illud
1586 1603 1619 1666 in
1634 1623 1698 1666 ma-

952 1704 1054 1785 jorem
1079 1705 1285 1768 Moabitarum
1308 1703 1521 1785 punitionem,
1544 1703 1697 1785 quoniam

954 1805 1125 1867 noluerunt
1140 1802 1206 1882 regi
1216 1803 1310 1865 lsrael
1327 1802 1482 1864 tributum
1494 1802 1616 1865 solvere
1626 1820 1698 1864 con-

145 1900 404 1958 circumdederis
420 1908 456 1958 ut
471 1919 633 1976 capey-nes
648 1919 729 1968 ram,
747 1919 810 1959 non
830 1919 899 1958 scc—
917 1897 939 1957 B
953 1910 1098 1976 suetum3
1115 1901 1166 1964 vel
1183 1900 1288 1962 littera
1303 1899 1369 1963 haee
1389 1900 1531 1980 loquitur
1551 1901 1590 1963 de
1605 1900 1697 1962 arbo-

147 2001 236 2057 rr'des
261 2001 389 2058 arbores
410 2001 450 2057 (fe
471 2000 587 2077 quibus
613 1999 695 2056 vesci
710 2007 824 2074 potest,
839 1997 898 2059 hoo

146 2104 196 2157 est
223 2095 407 2158 fructiferas
429 2095 570 2170 arbores,
589 2115 647 2154 aee
664 2097 827 2154 securibus
839 2116 899 2172 per

146 2197 328 2256 circuitum
352 2197 443 2254 debes
472 2204 597 2254 irascare
621 2196 798 2272 regionem,
824 2194 899 2256 talia

148 2293 328 2356 excidendo
354 2293 483 2355 arbusta
505 2301 559 2354 aut
574 2292 695 2368 vineas,
715 2292 843 2369 oliveta,
861 2292 900 2354 fi-

147 2401 235 2469 ceta,
264 2401 296 2454 et
320 2391 513 2467 consimilia,
541 2391 744 2472 quaomnia
770 2391 899 2454 nomine

148 2491 302 2554 arborum
329 2489 537 2568 designantur
560 2513 566 2564 3
591 2491 746 2569 quoniam
773 2491 899 2566 liparem

148 2602 209 2660 est,
224 2601 255 2650 et
272 2593 449 2660 nonhomo,
462 2589 492 2651 id
510 2598 568 2665 est,
587 2589 715 2651 arbores
732 2588 809 2651 tales
826 2597 900 2651 sunt

150 2689 238 2770 ligna
258 2687 510 2769 fructuoseque>
527 2687 583 2749 tibi
602 2695 735 2767 possunt
751 2687 900 2768 prodesse

148 2797 296 2868 tempore
312 2785 470 2848 diuturnas
485 2785 672 2862 obsidionis
690 2793 721 2848 et
737 2785 812 2847 item
830 2792 901 2866 post

148 2886 241 2949 urbis
258 2877 519 2966 captionem,nec
531 2882 642 2964 fugere
657 2892 900 2965 queunt,neque

149 2985 302 3047 resistere
322 2982 393 3058 tibi,
412 2982 476 3045 imo
492 3001 530 3044 ex
546 2982 591 3044 eis
609 2983 803 3045 territorium
826 3001 901 3062 opu-

953 2001 1040 2063 ribus
1056 2001 1234 2080 regionum,
1251 2018 1330 2081 quas
1354 1998 1415 2061 filii
1435 1999 1529 2062 lsrael
1549 2007 1696 2081 poterant

952 2100 1118 2182 acquirere
1138 2100 1176 2161 ad
1199 2098 1442 2160 inhabitandum
1458 2116 1465 2160 ε
1484 2106 1574 2161 erant
1589 2106 1693 2160 autem

953 2198 1107 2264 divinitus
1130 2197 1282 2280 prohibiti
1299 2217 1317 2259 a
1333 2197 1387 2260 tali
1410 2197 1622 2279 acquisitione
1638 2205 1698 2260 ter·
1725 2225 1842 2275 mg,

953 2318 1058 2361 rarum
1075 2296 1164 2359 Moab
1174 2305 1205 2358 et
1220 2295 1366 2372 Ammon,
1385 2304 1421 2357 ut
1431 2295 1533 2378 patuit
1548 2314 1655 2377 supra.
1713 2292 1746 2330 ¹⁰·

993 2395 1218 2478 spiritualiter,
1229 2396 1304 2457 dum
1321 2394 1440 2477 populo
1452 2394 1625 2458 christiano
1641 2393 1699 2455 im·
1737 2422 1818 2467 sm

954 2497 1054 2558 minet
1073 2493 1194 2557 bellum
1216 2501 1327 2556 contra
1347 2492 1529 2555 invisibiles
1545 2492 1612 2555 sive
1626 2492 1699 2555 visi-
1712 2486 1838 2539 ‘limi‘-

953 2593 1035 2657 biles
1050 2594 1169 2668 hostes,
1178 2591 1524 2674 tyrannos,haeretieos,
1536 2590 1696 2667 infideles,

953 2701 984 2756 et
999 2691 1139 2755 viderint
1160 2690 1414 2752 adversariorum
1437 2708 1605 2753 numerum
1629 2707 1699 2751 esse

953 2792 1020 2854 acie
1036 2789 1209 2853 christiana
1224 2788 1389 2869 maiorem,
1401 2806 1465 2850 non
1481 2787 1597 2850 debent
1611 2786 1700 2849 diffi-

954 2890 1045 2965 dere,
1056 2906 1115 2950 nee
1131 2877 1336 2949 immoderate
1358 2892 1510 2961 metuere,
1528 2885 1583 2947 sed
1599 2884 1700 2946 Domi·

954 3006 1030 3048 num
1046 2986 1204 3061 invocare,
1218 2989 1249 3046 et
1264 3001 1298 3045 se
1314 2983 1400 3064 ipsos
1418 2982 1567 3045 exhibere
1585 2981 1699 3061 dignos

150 3082 271 3144 lentius
296 3089 345 3142 est
370 3088 465 3160 atque
483 3078 593 3140 utilius
617 3078 685 3157 tibi,
706 3079 772 3142 sive
794 3079 833 3141 ad
855 3079 901 3140 in·
916 3081 938 3144 C
955 3084 1106 3146 subsidiis
1122 3083 1188 3159 Dei,
1201 3101 1258 3165 per
1273 3081 1370 3145 vitam
1387 3081 1611 3162 idoneam,per
1625 3097 1700 3141 eon-

150 3179 380 3254 habitandum,
408 3177 476 3240 sive
502 3179 540 3240 ad
566 3178 775 3240 obtinendum
801 3196 839 3240 ex
863 3196 900 3240 eo

150 3279 323 3342 tributum.
347 3279 387 3339 Si
409 3298 473 3358 qam
496 3287 604 3338 numm
627 3279 718 3354 ligno
740 3297 802 3338 raon
825 3287 901 3337 sunt

146 3379 328 3456 pomifera,
344 3375 377 3437 id
400 3383 447 3438 est
470 3374 665 3438 fructifera:
690 3375 841 3456 quoniam
867 3375 900 3436 in

151 3475 327 3558 Scripturis
343 3493 473 3556 pomum
489 3491 546 3555 pro
556 3492 758 3555 quocumque
769 3474 901 3537 arboreo

152 3575 294 3636 sumitur
311 3572 419 3635 fructu
437 3598 444 3648 ;
466 3576 521 3632 sed
535 3575 676 3649 agrestio
690 3582 719 3633 et
736 3575 770 3632 fn
788 3583 902 3632 eeteros

151 3695 230 3734 oscas
245 3682 335 3749 apta,
354 3680 430 3753 puta
446 3671 483 3732 ad
508 3670 692 3733 mechanica
712 3688 808 3752 opera
828 3670 902 3733 inde

153 3770 337 3844 formanda,
350 3787 502 3850 armaque
517 3768 632 3830 bellica
645 3792 652 3842 ;
669 3771 795 3828 succide
810 3779 839 3828 et
854 3789 901 3828 ecc-

150 3881 241 3928 strue
268 3868 468 3935 machinam,
483 3869 582 3926 (forceo
605 3867 715 3942 capias
738 3867 901 3925 civitatem

152 3989 226 4047 quoe
241 3975 354 4026 contra
372 3971 400 4024 te
415 3963 632 4031 dirnr'cat,boe
647 3972 705 4040 est,
725 3963 800 4026 talia
816 3963 902 4044 ligna

152 4074 245 4148 potes
271 4062 471 4137 abscindere,
495 4069 527 4123 et
552 4061 626 4124 inde
651 4081 763 4144 parare
788 4061 903 4124 instru-

152 4172 264 4226 menta
279 4162 319 4224 ad
336 4160 425 4222 urbis
439 4159 618 4242 captionem
636 4160 791 4242 proficua.

955 3183 1128 3257 tritionem,
1140 3179 1375 3244 confessionem
1390 3186 1422 3242 at
1437 3177 1697 3252 satisfactionem,

954 3301 1011 3364 per
1033 3280 1206 3342 cordialem
1228 3278 1262 3340 in
1277 3278 1341 3340 Deo
1364 3276 1530 3340 fiduciam.
1549 3274 1700 3338 Sacerdos

955 3398 1094 3463 quoque,
1113 3379 1144 3440 id
1168 3385 1216 3440 est
1237 3376 1425 3459 praedicator
1448 3376 1516 3439 sive
1537 3375 1698 3458 prelatus,

955 3477 1050 3540 stabit
1075 3485 1149 3538 ante
1175 3475 1287 3550 aciem,
1315 3473 1375 3536 hoc
1401 3481 1459 3550 est,
1484 3489 1611 3553 gregem
1637 3471 1700 3533 sibi

955 3575 1161 3640 commissum
1184 3572 1281 3636 verbo
1304 3580 1336 3634 et
1357 3590 1454 3654 opere
1472 3569 1646 3634 aedificabit
1668 3577 1701 3631 et

955 3673 1150 3749 admonebit,
1168 3680 1203 3734 ut
1223 3670 1398 3734 cumomni
1420 3670 1540 3732 fiducia
1556 3669 1700 3751 praelien-

956 3783 1017 3850 tur,
1038 3791 1096 3834 neo
1117 3777 1286 3833 vereantur
1309 3768 1423 3831 timore
1445 3767 1627 3848 dejiciente.
1643 3767 1701 3830 Per

955 3873 1015 3935 boc
1030 3878 1137 3933 autem
1153 3868 1238 3950 quod
1254 3865 1465 3930 aedificatores
1481 3865 1702 3946 domus,plan·

955 3977 1137 4050 tutoresque
1147 3967 1259 4043 vinea,
1278 3974 1309 4028 et
1324 3965 1433 4047 sponsi
1448 3964 1643 4047 jubebantur
1654 3983 1702 4026 re-

955 4070 1035 4146 dire,
1053 4066 1245 4140 insinuatur,
1262 4064 1348 4145 quod
1369 4082 1428 4126 nee
1450 4064 1489 4125 ad
1510 4062 1698 4144 corporalia,

956 4186 1060 4247 neque
1086 4166 1124 4226 ad
1150 4162 1330 4246 spiritualia
1353 4162 1438 4225 bella
1464 4162 1529 4223 sint
1550 4159 1627 4243 apti,
1644 4161 1699 4242 qui

192 4261 287 4324 Circa
313 4259 373 4322 hoc
398 4257 498 4339 quaeri
523 4265 637 4340 potest,
661 4257 798 4339 qualiter
820 4267 902 4320 stare
921 4265 942 4326 [l
958 4264 1138 4330 inordinato
1160 4270 1192 4325 et
1214 4261 1340 4324 intenso
1360 4261 1499 4341 ligantur
1521 4259 1640 4322 affeetu
1660 4261 1700 4321 ad

151 4358 364 4438 exeusarique
380 4357 493 4430 valeat,
509 4357 595 4437 quod
610 4357 733 4419 Eliseus
749 4357 903 4438 propheta

152 4456 386 4541 praenuntiavit
402 4454 529 4534 regibus
546 4455 802 4535 tribus,quorum
820 4474 902 4516 unus

61 4569 67 4580 '
121 4603 125 4612 .
152 4555 277 4620 exstitit
292 4554 443 4636 losapbat
464 4553 636 4628 virtuosus,
653 4552 842 4615 Universum
866 4554 903 4614 li·

42 4664 46 4674 '
66 4641 83 4674 ²·
152 4673 254 4736 gnum
267 4651 471 4715 fructiferum
487 4650 720 4713 succidetisbd
737 4652 819 4732 quod
836 4651 903 4733 qui-

151 4754 227 4815 dam
244 4749 544 4832 respondent,qnod
560 4749 635 4810 dum
647 4748 791 4812 civitates
807 4769 903 4831 expu-

152 4850 301 4931 gnandae,
327 4857 418 4911 erant
441 4857 504 4910 tarn
529 4846 642 4924 firmae,
660 4848 745 4929 quod
766 4849 903 4929 populus

153 4949 249 5012 lsrael
277 4967 331 5010 eas
357 4941 538 5029 expugnare
565 4946 729 5028 nequibat,
757 4955 904 5028 poterant

153 5050 243 5128 ligna
270 5045 345 5109 talia
369 5045 541 5122 eradicare,
567 5065 607 5108 ne
633 5047 829 5109 remanentia
854 5048 905 5108 ad·

154 5145 308 5211 versariis
325 5145 523 5207 deservirent
542 5163 548 5206 :
567 5145 676 5227 sicque
693 5163 745 5206 rex
756 5145 904 5228 iosaphat

154 5256 186 5310 et
203 5265 259 5309 rex
274 5245 379 5307 loram
402 5252 600 5306 recesserunt
621 5243 661 5306 ab
683 5244 849 5307 obsidione
864 5245 905 5307 ci-

49 5363 99 5408 on.
110 5369 140 5408 aa.
156 5345 267 5408 vitatis
280 5343 365 5424 regis
375 5342 728 5415 Moabitarumsuecisis
740 5343 905 5406 arboribus

957 4382 1033 4447 opes
1048 4361 1245 4424 autdelieias
1261 4379 1345 4437 suas,
1353 4378 1433 4440 quas
1448 4359 1593 4421 amittere
1605 4358 1702 4420 nimis

958 4469 1118 4525 verentur.
1129 4459 1282 4521 Similiter
1297 4458 1352 4539 qui
1368 4458 1499 4520 domum
1515 4455 1699 4532 aedificavit,

958 4561 989 4622 id
1010 4567 1068 4634 est,
1087 4576 1121 4619 se
1137 4557 1243 4638 ipsum
1257 4555 1430 4618 virtutibus
1452 4573 1599 4637 reparare
1619 4554 1703 4617 inae

958 4659 1020 4740 pit,
1047 4665 1078 4719 et
1104 4655 1244 4718 nondum
1270 4653 1428 4716 dedicavit
1454 4653 1615 4728 eamdem,
1641 4653 1702 4716 boc

958 4765 1015 4832 cst,
1033 4756 1072 4817 ad
1096 4752 1275 4835 profectum
1299 4752 1472 4815 notabilem
1493 4752 1629 4813 necdum
1653 4752 1703 4840 de

958 4855 1055 4930 venit,
1082 4871 1145 4915 non
1171 4859 1219 4914 est
1239 4851 1343 4913 adbuc
1365 4851 1446 4913 bene
1468 4849 1642 4932 dispositus
1662 4851 1701 4912 ad

958 4969 1147 5033 magnarum
1169 4949 1344 5012 certamina
1364 4947 1589 5011 tentationum.
1608 4947 1702 5012 Simi-

960 5052 1032 5113 liter
1051 5068 1109 5111 nee
1131 5049 1158 5110 is
1180 5047 1235 5130 qui
1259 5047 1385 5110 vineam
1408 5047 1574 5129 plantavit,
1593 5045 1701 5124 idest,

959 5156 1099 5211 mentem
1116 5166 1216 5222 suam,
1234 5153 1289 5207 aut
1311 5163 1438 5226 gregem
1461 5145 1523 5206 sibi
1545 5145 1702 5208 creditum

959 5247 1056 5328 coepit
1071 5244 1226 5320 excolere,
1243 5252 1275 5306 et
1289 5245 1327 5306 ad
1351 5244 1492 5307 caritatis
1510 5244 1701 5327 profectum,

962 5364 1033 5427 quaa
1048 5344 1156 5407 omnia
1179 5341 1256 5404 facit
1270 5361 1340 5404 esse
1354 5343 1549 5416 eommunia,
1561 5342 1701 5406 nondum
