4309 6259
304 895 389 939 Mareu.

276 962 374 1009 aarum.

278 1391 409 1445 Galatam.

304 1591 389 1635 uzeca.

277 1668 320 1704 xm,
333 1657 367 1696 22.

303 2183 371 2227 Pron.

276 2259 347 2297 rxvru,
358 2250 377 2289 l.

283 2309 408 2360 rourum.

274 3765 405 3814 Romanii.

287 4837 368 4892 aptes
377 4853 405 4890 nv,

274 4902 308 4941 27.

426 499 485 563 300

790 519 965 565 anxnnxmo
987 519 1018 564 ln
1039 520 1107 565 GAP.
1130 519 1192 565 XXV
1214 521 1350 567 hxvtxtct.
1373 540 1413 551 -
1433 522 1503 567 ΛΒΤ.
1527 521 1608 568 xuvtl

426 706 489 768 que
509 688 661 750 ditentur.
680 689 903 753 Verumtamen
920 710 982 754 non
999 701 1074 754 sunt
1089 692 1172 753 ultra
1186 691 1210 754 Α
1225 696 1324 753 donee
1338 714 1424 755 uuus
1439 696 1615 771 impleatur
1625 715 1743 755 acures.
1753 695 1868 757 Domus
1886 693 1967 754 intra

427 787 555 848 modum
587 788 771 868 requirendi
801 790 840 850 ad
871 790 1084 853 exhibendum
1110 791 1170 852 hu-

426 884 564 964 jusmodi
587 887 829 959 incrementum,
848 890 902 950 sed
921 890 1077 970 patienter
1097 897 1171 950 sunt

426 983 594 1060 tolerandi,
613 993 731 1048 etcum
748 987 901 1048 modestia
916 987 1122 1068 corripiendi,
1135 995 1171 1048 ut

426 1082 537 1144 saltem
554 1083 706 1164 paulatim
723 1083 905 1166 proficiant.
924 1089 1032 1148 Nolite
1051 1089 1170 1163 afflice-

425 1201 460 1240 re
475 1185 666 1243 contribules
682 1194 808 1244 vestros.
827 1184 923 1247 Nemo
938 1185 1028 1246 alteri
1045 1186 1086 1246 sit
1102 1204 1168 1246 nto-

426 1279 535 1355 lostus,
554 1280 736 1360 injuriando
756 1291 810 1343 aut
831 1283 1013 1345 ulciscendo
1035 1283 1165 1364 injuste,

426 1377 489 1440 imo
500 1378 579 1440 alter
588 1379 719 1442 alterius
733 1400 829 1442 onera
841 1391 952 1463 portet.
961 1382 1168 1444 advertamus

424 1478 509 1556 quod
527 1497 583 1558 por
594 1478 790 1541 Ezechielem
806 1480 958 1542 Dominus
973 1489 1168 1544 contestatur

424 1584 534 1638 contra
550 1577 698 1658 iniquos:
716 1579 845 1641 hloerere
862 1579 982 1642 lecistis
998 1600 1093 1661 quem
1110 1599 1168 1660 ego

425 1692 488 1736 non
504 1675 701 1738 contristavi.

464 1777 599 1851 implete
610 1786 770 1852 praecepte
787 1798 867 1848 roseo,
885 1787 921 1838 ut
937 1780 1085 1838 habiture
1096 1798 1168 1855 pos-

1225 809 1332 854 muros
1349 792 1462 874 posita,
1473 802 1521 855 est
1536 801 1634 855 status
1650 793 1836 868 salutis,seu
1852 792 1966 870 gradus

1226 890 1423 968 meritorum,
1443 891 1493 952 vel
1510 891 1598 954 locus
1614 910 1708 972 quem
1727 891 1798 971 quis
1818 891 1913 952 habet
1935 890 1965 950 in

1225 987 1375 1064 Ecclesia,
1394 1007 1464 1069 quaa
1485 997 1532 1051 est
1552 988 1662 1050 civitas
1679 989 1731 1050 liei
1749 987 1898 1061 viventis
1916 1007 1967 1048 cu·

1223 1086 1275 1166 jus
1301 1087 1382 1148 muri
1409 1095 1483 1148 sunt
1507 1087 1651 1167 angelica
1675 1087 1818 1149 custodia
1843 1095 1875 1148 et
1900 1085 1966 1166 ipse

1226 1183 1379 1261 Salvator,
1390 1186 1592 1266 praelatorum
1608 1204 1735 1266 quoque
1752 1183 1964 1266 praa-sidentia.

1224 1282 1281 1356 Qui
1304 1284 1386 1346 hanc
1409 1303 1497 1345 suam
1521 1283 1699 1346 vendiderit
1721 1284 1861 1358 domurn,
1880 1299 1967 1360 egro-

1224 1381 1340 1444 diendo
1356 1381 1529 1444 Ecclesiam
1546 1402 1601 1464 per
1618 1381 1850 1463 peccatum-vel
1869 1381 1966 1444 eccle

1224 1479 1383 1542 siasticam
1398 1479 1551 1542 unitatem
1570 1499 1626 1562 per
1642 1479 1779 1542 schisma
1799 1480 1849 1542 vel
1870 1481 1966 1542 harre

1224 1579 1295 1654 sim,
1313 1579 1361 1641 vel
1380 1578 1579 1640 individuam
1595 1578 1757 1642 caritatem
1775 1598 1831 1660 per
1849 1579 1965 1640 mentis

1222 1679 1432 1754 aversionem,
1460 1687 1562 1759 potest
1587 1697 1656 1740 eam
1683 1678 1837 1741 redimere
1863 1679 1966 1760 primo

1222 1793 1317 1837 anno.
1336 1774 1366 1837 Si
1384 1785 1487 1838 autem
1506 1775 1766 1858 perseveraverit,
1785 1777 1966 1838 induratus-

422 1875 495 1933 sitls
518 1876 554 1932 iu
578 1883 665 1933 terra
687 1877 803 1953 absque
824 1880 890 1934 ullo
908 1897 1039 1953 pavore.
1057 1875 1168 1938 Obser-
1186 1877 1284 1955 Bquc
1305 1873 1448 1936 fueritin
1465 1875 1515 1936 his
1532 1875 1634 1947 malis
1653 1874 1706 1936 vix
1725 1883 1778 1936 aut
1799 1894 1962 1957 nunquam

423 1970 531 2034 vantia
553 1971 671 2033 etenim
696 1982 936 2054 praeceptorum,
955 1975 1070 2036 honam
1093 1993 1168 2038 con-

423 2071 587 2132 scientiam
615 2072 707 2152 parit,
730 2081 924 2154 generatque
950 2072 1113 2143 fiduciam,
1137 2083 1167 2136 et

424 2169 673 2250 imperterritum
691 2170 875 2233 lacit.Undo
889 2172 993 2252 justus
1009 2174 1101 2254 quasi
1117 2173 1166 2237 leo

424 2266 602 2343 confidens
616 2270 736 2350 absque
752 2278 872 2333 terrore
888 2271 959 2334 crit.
971 2271 1066 2334 Porro
1083 2273 1167 2335 soni-

424 2374 473 2427 tus
499 2367 629 2428 terroris
655 2387 781 2449 semper
803 2369 836 2430 in
858 2370 989 2431 auribus
1016 2371 1118 2452 impii,
1137 2379 1168 2433 et

422 2484 521 2545 quum
539 2485 599 2546 pax
611 2466 664 2542 sit,
675 2466 729 2528 ille
741 2467 873 2529 insidias
889 2469 1079 2550 suspicatur.
1088 2470 1167 2532 Hinc

423 2571 454 2624 ct
476 2562 686 2645 Philosophus
708 2565 763 2639 ait,
781 2566 866 2645 quod
888 2565 921 2626 hi
944 2567 999 2647 qui
1026 2568 1108 2629 hene
1133 2587 1167 2628 se

422 2659 542 2722 hahent
558 2660 590 2721 in
607 2661 737 2736 divinis,
755 2670 829 2723 sunt
849 2663 1044 2727 audaciores
1062 2668 1105 2726 Et
1116 2668 1167 2741 pl-

418 2769 501 2836 puat
517 2761 603 2819 uobis
618 2763 736 2820 humus
748 2765 876 2839 fructus
890 2783 975 2832 suos,
983 2763 1015 2824 id
1028 2773 1083 2839 cst,
1094 2783 1166 2827 caro

422 2857 602 2920 obediendo
627 2858 754 2940 spiritui
783 2870 926 2924 exorceat
955 2871 1043 2924 actus
1067 2863 1167 2925 virtu-

423 2966 501 3018 tum.
521 2960 642 3026 Quibus
667 2961 843 3019 vesecrrziui
864 2981 963 3038 usque
985 2965 1029 3022 cul
1048 2964 1167 3022 suturi-

1222 1991 1256 2034 se
1280 1973 1471 2050 emendabit,
1494 1975 1619 2036 dicente
1642 1973 1816 2056 Apostolo:
1840 1975 1965 2036 Hareti-
1994 1998 2108 2040 ranno.

1222 2091 1293 2134 cum
1320 2072 1479 2134 hominem
1512 2081 1582 2153 post
1612 2092 1707 2134 unam
1733 2082 1764 2135 et
1792 2074 1961 2136 secundam
1979 2063 2009 2102 ¹¹·

1221 2170 1453 2250 correptionem
1469 2169 1690 2246 devitasciens
1704 2170 1778 2251 quia
1793 2171 1963 2233 subversus

1222 2277 1279 2344 est,
1298 2277 1329 2330 ot
1348 2268 1507 2349 delinquit
1528 2270 1657 2351 proprio
1679 2269 1799 2350 judicio
1819 2270 1965 2332 condem-

1222 2377 1324 2430 natus.
1343 2369 1405 2428 Slu
1426 2378 1533 2428 autem
1556 2370 1591 2428 iu
1615 2372 1695 2428 cillo
1717 2370 1819 2447 suerit
1839 2372 1961 2431 dontius.

1223 2467 1337 2529 Domus
1355 2465 1387 2527 in
1404 2465 1490 2541 villa,
1504 2474 1551 2528 est
1566 2466 1751 2528 exsistentia
1766 2468 1961 2541 meritorum,

1222 2583 1277 2626 seu
1300 2563 1387 2625 locus
1410 2564 1563 2626 virtutum
1587 2565 1670 2626 inter
1692 2565 1825 2646 pusillos
1847 2574 1877 2628 et
1904 2564 1964 2626 ira-

1221 2662 1300 2744 giles
1328 2680 1335 2722 :
1362 2662 1417 2742 qui
1444 2662 1470 2722 si
1497 2663 1698 2743 peccaverint
1723 2683 1761 2725 ex
1786 2663 1965 2744 ignorantia

1220 2767 1275 2821 aut
1302 2759 1502 2831 infirmitate,
1531 2779 1593 2823 non
1620 2781 1657 2822 ex
1682 2761 1845 2842 proposito
1869 2769 1964 2842 atque

1222 2858 1352 2934 malitia,
1375 2857 1501 2921 veniam
1528 2858 1654 2922 facilius
1679 2859 1909 2941 adipiscuntur,
1933 2869 1964 2922 et

1221 2957 1495 3019 convertibiliores
1525 2958 1710 3020 exsistunt:
1738 2959 1809 3021 ideo
1839 2978 1964 3040 semper

423 3064 576 3125 totem,ut
591 3055 714 3119 scilicet
730 3057 761 3118 in
779 3059 880 3138 patria
896 3060 1091 3123 coronemini
1109 3079 1166 3140 pro
1182 3067 1203 3130 C
1221 3055 1333 3118 rcdimi
1358 3065 1490 3136 possunt
1514 3057 1652 3148 venditae
1673 3058 1784 3119 domus
1808 3057 1961 3139 ipsorum,

421 3154 606 3234 hujusmodi
623 3154 725 3227 lactis,
744 3176 801 3238 pro
816 3157 959 3238 jejuniis
973 3158 1163 3240 disciplinis,

421 3252 553 3332 vigiliis,
572 3253 722 3316 lacrimis

1220 3155 1295 3236 quia
1310 3156 1350 3218 ad
1366 3155 1537 3236 pristinum
1553 3155 1662 3236 gratim
1677 3163 1792 3218 statum
1808 3157 1902 3219 citius
1919 3177 1964 3218 re

1221 3263 1378 3336 parantur.
1387 3257 1427 3316 Si
1437 3265 1544 3314 autem
1555 3259 1718 3332 redempta
1730 3277 1794 3316 nou
1804 3257 1918 3334 fuerit,
1927 3260 1963 3316 lu

466 3355 562 3412 Teura
584 3373 708 3431 quoque
733 3374 797 3414 uon
823 3359 978 3415 oemletur
998 3359 1035 3416 ln
1055 3376 1166 3433 perpe·
1212 3356 1349 3432 jubilaeo
1367 3363 1555 3414 revertetur.
1575 3353 1663 3434 Saepe-
1685 3353 1770 3416 enim
1793 3354 1960 3436 contingit,

423 3461 526 3511 luunt.
545 3451 640 3513 Terra
661 3461 778 3525 nostra,
796 3463 842 3515 est
863 3474 935 3518 caro
955 3463 1063 3518 nostra
1086 3474 1166 3518 mor-

421 3548 505 3624 talis,
523 3567 619 3630 quam
644 3551 736 3632 quasi
761 3552 888 3614 diaholo
912 3573 969 3634 pro
992 3553 1165 3635 voluptatis

421 3657 453 3710 et
470 3647 648 3729 iniquitatis
664 3650 795 3712 denario
810 3651 989 3723 vendimus,
1004 3653 1078 3714 dum
1096 3673 1163 3716 eam

421 3745 607 3808 exhibemus
623 3767 710 3809 arma
726 3747 903 3829 iniquitatis
920 3758 1059 3830 peccate.
1077 3751 1163 3824 Quod

421 3845 494 3906 etsi
512 3845 584 3925 quis
600 3847 639 3907 ad
656 3855 782 3928 tempus
798 3846 955 3924 effecerit,
964 3849 1048 3911 absit
1065 3858 1099 3911 ut
1116 3852 1162 3913 vel

421 3943 584 4025 proposito
607 3945 656 4006 vel
681 3963 776 4026 opere
803 3945 898 4008 laeiat
922 3948 981 4010 hoc
1008 3950 1164 4029 usquein

423 4041 522 4103 linem
546 4043 619 4104 vitae
640 4063 725 4115 suae;
743 4045 799 4106 sed
821 4045 965 4126 protinus
986 4048 1162 4128 resipiscat,

421 4160 519 4221 seque
535 4160 591 4222 por
607 4142 827 4222 poenitentiam
848 4145 991 4220 redimat,
1009 4155 1040 4208 et
1055 4167 1073 4208 a
1088 4147 1164 4228 jugo

1221 3463 1255 3515 nt
1273 3472 1329 3534 per
1349 3452 1677 3515 misericordissimam
1702 3453 1755 3514 Dei
1778 3455 1963 3534 praeventio

1220 3571 1292 3614 nem
1304 3551 1395 3632 qnasi
1412 3551 1445 3612 in
1461 3550 1590 3630 jubilaeo
1606 3551 1780 3633 poeniteant
1797 3561 1827 3614 et
1843 3553 1963 3616 salven-

1220 3661 1281 3725 tur,
1299 3651 1355 3731 qni
1381 3670 1439 3713 nec
1465 3649 1531 3711 suis
1557 3649 1729 3725 laboribus,
1748 3670 1806 3713 nec
1827 3651 1960 3714 aliorum

1220 3749 1385 3829 snllragiis
1405 3750 1443 3811 ad
1465 3749 1523 3811 hoc
1545 3749 1758 3811 devenissent.
1776 3749 1861 3823 Quod
1880 3761 1910 3814 et
1929 3751 1961 3812 in

1219 3847 1348 3930 jubilaeo
1366 3867 1451 3911 anno
1466 3847 1615 3910 Ecclesiae
1635 3848 1794 3929 copiosius
1815 3849 1893 3912 solet
1913 3869 1962 3912 ac-

1220 3947 1336 4011 cidorc.
1354 3951 1454 4010 AErles
1474 3949 1662 4008 Levilorum
1684 3969 1755 4027 quae
1777 3951 1810 4008 io
1832 3951 1962 4010 urbibus

1218 4057 1437 4123 monumentum·
1452 4049 1571 4105 reditui
1581 4057 1726 4122 possunt.
1738 4047 1828 4110 AEdcs
1844 4047 1963 4110 Levita-

1220 4153 1438 4226 rnmpossunt
1454 4143 1591 4224 intelligi
1603 4143 1736 4207 virtutes
1751 4153 1782 4207 et.
1795 4147 1963 4210 meritare

420 4248 516 4319 atque
541 4238 695 4320 obsequio
721 4240 898 4320 iniquitatis
923 4262 960 4305 ac
985 4245 1163 4308 daemonum
1181 4252 1204 4313 Ι)
1220 4245 1404 4325 ligiosornm
1419 4252 1450 4306 et
1462 4243 1746 4325 perfectorumqui
1760 4245 1787 4305 si
1803 4245 1961 4308 interdum

421 4344 553 4397 conetur
573 4355 695 4398 eruere.
713 4340 754 4400 Si
768 4349 954 4401 alterauatus
968 4345 1074 4422 frater
1091 4356 1165 4406 tuus

421 4436 605 4494 vendiderit
616 4439 906 4513 possessiunculam
922 4459 1016 4500 stram
1027 4463 1038 4500 .·
1055 4441 1088 4502 id
1105 4452 1162 4519 cst,

422 4532 447 4593 si
458 4532 531 4612 quis
544 4551 641 4596 onere
657 4535 879 4613 tentationum,
889 4546 943 4598 aut
959 4540 1099 4620 pondere
1114 4543 1166 4603 ad-

421 4631 618 4708 versitatum,
636 4632 826 4695 charismata
847 4636 956 4715 gratiat
975 4637 1036 4699 sibi
1059 4638 1165 4702 infusa

421 4728 573 4807 amiserit,
591 4731 794 4794 consentiens
821 4736 980 4810 tentatori,
1004 4746 1034 4799 ct
1059 4738 1164 4801 locum

423 4825 455 4887 in
480 4847 515 4889 sc
538 4839 690 4910 praestans
715 4829 853 4908 diabolo,
871 4834 1070 4915 propinquus
1095 4838 1164 4917 ejus

422 4933 525 5006 potest
541 4927 695 4990 redimere
711 4947 801 4990 eum:
816 4938 891 4993 tunc
906 4931 993 4993 enim
1008 4936 1104 4996 ceteri
1116 4937 1165 4998 dc-

420 5021 497 5085 hcnt
518 5042 628 5104 proco
649 5043 750 5101 orare,
768 5037 799 5088 et
816 5028 904 5091 omni
920 5048 984 5110 quo
1004 5033 1163 5112 quiverint

421 5121 526 5197 modo,
550 5121 590 5183 ad
612 5130 728 5184 statum
751 5124 862 5187 salutis
885 5148 957 5190 eum
982 5131 1143 5194 reducere.

462 5221 527 5287 Qut
542 5222 726 5282 vendiderit
739 5226 871 5286 <toruum
885 5248 977 5288 suam
995 5229 1086 5290 iutra
1101 5253 1167 5290 uru-

420 5339 470 5378 ros
495 5320 596 5391 urbis,
623 5321 749 5381 babebit
780 5324 944 5386 licentiam
970 5330 1167 5400 redimendi,

1220 4343 1462 4418 corruerint,tot
1478 4353 1508 4404 et
1524 4351 1610 4404 tanta
1622 4342 1742 4404 habent
1757 4345 1903 4425 praesidia
1918 4365 1963 4407 re

1220 4441 1381 4521 surgendi,
1404 4442 1489 4523 quod
1516 4440 1642 4503 facilius
1670 4453 1907 4524 recuperantur,
1933 4454 1961 4506 et

1220 4559 1376 4602 memores
1387 4539 1497 4620 quales
1513 4539 1607 4621 paulo
1620 4548 1693 4602 anto
1704 4541 1892 4612 exstiterint,
1902 4543 1964 4605 lor·

1220 4639 1282 4700 tius
1305 4639 1344 4700 ed
1367 4638 1499 4700 meliora
1521 4638 1677 4700 nituntur.
1696 4643 1890 4701 Suburbuue
1906 4665 1964 4702 au-

1221 4749 1282 4798 tern
1296 4759 1407 4798 eorum
1423 4757 1487 4798 arou
1503 4748 1632 4798 venerut
1643 4759 1654 4797 :
1671 4737 1703 4799 id
1719 4747 1776 4815 est,
1794 4739 1866 4801 libri
1883 4741 1964 4803 Scri-

1220 4844 1321 4918 pturae
1331 4837 1492 4898 canonicae
1504 4843 1598 4916 atquc
1608 4836 1797 4911 authenticae
1812 4857 1873 4901 non
1889 4851 1964 4904 sunt

1219 4933 1392 5010 alienandi,
1411 4934 1561 5015 quoniam
1578 4944 1653 4996 sunt
1670 4945 1822 5018 perpetua
1842 4937 1964 5001 heredi-

1220 5043 1267 5097 tas
1284 5034 1467 5096 electorum.

1256 5135 1294 5194 St
1309 5142 1494 5193 attenuatus
1504 5133 1607 5210 suerit
1617 5134 1722 5211 frater
1734 5145 1857 5206 hartmot
1874 5139 1965 5214 iufir-

1222 5253 1291 5292 mus
1310 5251 1429 5292 rtrouu:
1441 5230 1473 5291 id
1489 5239 1547 5302 est,
1565 5231 1591 5292 si
1609 5232 1771 5313 proximus
1787 5243 1841 5296 aut
1856 5236 1966 5299 subdi-

1223 5339 1272 5393 tus
1290 5339 1362 5392 tuus
1379 5329 1475 5393 fucrit
1487 5329 1573 5392 vitiis
1589 5331 1733 5408 obrutus,
1745 5341 1775 5395 ct
1791 5335 1966 5399 tentatione
