4309 6259
513 507 686 554 ENARRATIO
707 506 739 551 ΙΝ
760 505 828 551 CAP.
852 504 917 550 xxu
938 504 1172 552 oauraaonolss.
1194 524 1235 534 ·-
1254 506 1325 552 ΛΒΤ.
1349 506 1423 551 XXIV
1668 489 1727 554 607

182 676 331 758 sequitur
342 675 453 758 prolis,
472 684 569 758 atque
590 677 782 740 hereditatio
799 657 930 759 prorsus
946 675 971 736 A
987 688 1048 738 tem
1063 681 1100 740 lu
1114 699 1205 756 apro,
1221 677 1326 755 idest,
1344 678 1371 740 si
1387 678 1437 740 vir
1458 679 1563 741 taliter
1578 679 1729 742 violasset

183 773 314 854 injusta.
332 777 372 836 st
390 779 538 852 puellam
554 777 714 852 uir-pluens
729 780 933 853 desponscoe-
986 777 1142 857 virginem
1162 776 1259 839 alicui
1282 777 1504 859 desponsatam
1520 777 1553 838 in
1577 778 1657 855 loco,
1675 779 1730 841 ubi

182 875 230 933 rit
255 877 322 944 uir,
346 885 375 934 et
399 876 561 936 invenerit
585 895 657 934 eom
682 874 782 938 solam
811 877 932 954 uliquis
987 894 1081 938 nemo
1103 884 1226 957 poterat
1248 875 1420 939 subvenire
1441 876 1567 958 puelle,
1584 877 1732 958 quamvis

182 970 265 1033 alter
290 975 326 1032 lu
351 974 496 1042 cloitolc,
512 981 566 1035 aut
591 982 676 1036 certe
697 973 730 1034 in
753 973 829 1035 villa
856 972 933 1034 satis
987 973 1148 1050 clamaret,
1167 982 1242 1037 tuno
1264 975 1350 1036 solus
1371 974 1422 1037 vir
1445 973 1500 1036 ille
1526 974 1629 1038 fuerat
1651 975 1732 1057 lepi-

183 1070 351 1152 populosa‚
373 1081 404 1130 ct
423 1073 630 1131 concubuerit
652 1092 725 1132 cum
749 1074 820 1142 illu,
837 1074 933 1130 eluces
987 1070 1129 1132 dandus:
1147 1071 1223 1151 quia
1238 1071 1277 1134 de
1293 1071 1399 1152 puella
1414 1072 1628 1153 praesumitur,
1645 1071 1731 1154 quod

183 1179 361 1249 utrumque
376 1173 420 1230 ud
430 1181 561 1247 portam
575 1172 729 1241 ciuitatis,
740 1178 817 1251 puta
831 1170 870 1231 ad
886 1170 933 1249 ju·
986 1168 1136 1232 clamavit
1150 1188 1186 1232 ao
1202 1169 1320 1232 restitit
1335 1178 1491 1250 quantum
1507 1170 1645 1233 valebat.
1655 1171 1732 1234 Jura

183 1267 283 1344 dices,
301 1278 331 1328 el
347 1270 513 1346 lapidibus
528 1271 704 1330 obruentur
719 1269 791 1330 data
807 1276 933 1331 senten·
987 1287 1125 1348 namque
1140 1275 1213 1329 sunt
1234 1267 1297 1349 pia,
1315 1275 1347 1330 ct
1368 1269 1465 1330 dubia
1481 1268 1731 1351 interpretantur

184 1365 230 1427 tia
242 1388 250 1440 3
263 1371 391 1444 puella,
407 1369 488 1446 quio
503 1387 568 1428 uou
583 1369 749 1436 olumoot't,
767 1387 868 1446 quum
888 1353 933 1425 es-
987 1365 1019 1427 iu
1036 1365 1161 1428 melius
1179 1368 1219 1428 Si
1235 1369 1394 1427 inuenerit
1416 1370 1469 1426 uir
1485 1371 1642 1446 patellam,
1659 1388 1731 1447 quur

182 1473 228 1524 set
247 1467 281 1524 tn.
297 1467 441 1534 ciuitate,
458 1465 560 1540 idest,
574 1465 607 1527 in
624 1465 693 1527 loco
710 1465 765 1526 ubi
781 1464 933 1526 clamanti
986 1485 1051 1524 uou
1081 1467 1174 1526 tebet
1198 1486 1360 1542 sponsum,
1373 1473 1434 1529 etc.
1453 1466 1569 1528 Textus
1589 1474 1638 1528 est
1663 1467 1730 1548 pla-

183 1571 310 1643 polerat
320 1563 361 1624 ab
371 1562 575 1625 audientibus
589 1563 754 1628 subveniri
768 1580 774 1624 :
787 1582 851 1644 quo
863 1582 934 1626 con·
988 1581 1058 1638 uus,
1072 1572 1103 1625 et
1119 1563 1152 1625 iu
1163 1563 1270 1626 Exodo
1285 1564 1481 1644 praehabitus
1496 1572 1590 1644 atque
1606 1565 1729 1646 exposi-
1754 1580 1873 1633 aecum,

182 1669 259 1736 stat,
271 1661 357 1741 quod
374 1661 401 1722 si
415 1661 557 1724 clamans
573 1660 688 1724 fuisset
702 1680 855 1743 oppressa
869 1680 934 1724 om·
989 1669 1048 1722 tus.
1066 1661 1175 1742 ltaque
1196 1661 1229 1723 iu
1251 1661 1312 1723 isto
1334 1681 1488 1743 casuque
1509 1662 1558 1725 vir
1573 1664 1729 1745 opprimit
1745 1657 1777 1698 ¹⁶·

182 1759 264 1821 uino
280 1759 393 1836 invita,
405 1768 459 1821 aut
475 1779 493 1821 a
508 1760 646 1822 clamore
661 1758 840 1822 sufficienti
857 1758 934 1821 fuis-
988 1757 1033 1821 sio
1049 1759 1186 1841 puellam
1203 1777 1267 1821 nou
1284 1760 1730 1842 desponsatam,compeflitur

182 1866 232 1920 set
248 1877 307 1939 per
322 1857 426 1922 virum
442 1858 570 1940 penitus
591 1857 753 1940 impedita,
771 1858 853 1921 mori
869 1876 932 1921 non
951 1861 1055 1922 Beam
1067 1856 1208 1936 legitime
1223 1857 1350 1933 ducere,
1364 1876 1422 1920 uec
1438 1865 1544 1939 potest
1559 1859 1729 1922 circaeam

179 1956 355 2018 meruisset
375 1980 383 2030 3
405 1959 468 2027 olr,
486 1956 554 2018 sive
576 1964 659 2018 essct
680 1955 772 2018 alteri
794 1956 932 2020 sociatus
988 1956 1033 2017 uti
1049 1955 1266 2018 licentiatione
1286 1956 1480 2038 repudii,'ne
1496 1957 1641 2020 videatur
1656 1976 1727 2021 cam

181 2054 347 2136 conjugio,
371 2055 440 2119 sive
465 2074 540 2132 non,
565 2058 645 2135 qula
669 2057 875 2124 tumllluoll,
901 2055 932 2115 id
987 2055 1027 2116 ad
1042 2053 1215 2117 ludibrium
1227 2052 1398 2136 accepisse,
1409 2053 1579 2135 potiusque
1596 2054 1730 2119 finxisse

181 2161 244 2230 est,
263 2152 435 2216 libidinose
461 2153 631 2234 viliterque
656 2152 812 2229 tractavit,
829 2172 865 2215 ac
888 2153 934 2214 vi·
987 2153 1071 2233 quod
1088 2151 1211 2214 duxerit
1225 2171 1307 2214 eam.
1323 2153 1387 2216 Hoc
1402 2171 1530 2234 quoque
1551 2153 1592 2216 dc
1613 2153 1668 2216 illa
1681 2155 1733 2236 ju-

182 2251 413 2333 lipcndendam
430 2251 517 2329 feeit,
535 2273 669 2312 umorem
690 2253 839 2329 proximi
867 2253 932 2322 sul,
987 2251 1090 2328 betur,
1103 2251 1155 2314 cui
1171 2251 1220 2313 vir
1236 2250 1298 2312 fuit
1313 2251 1524 2313 calumniatus
1539 2252 1579 2314 de
1595 2252 1733 2331 virgins·

181 2369 258 2412 oum
274 2369 338 2431 qua
359 2358 466 2412 tamen
483 2350 531 2415 vir
547 2351 599 2412 cui
615 2359 682 2413 erat
696 2348 842 2426 affidata,
862 2368 934 2412 nec-
988 2348 1072 2411 libus
1083 2369 1147 2412 non
1158 2349 1308 2413 inventis.
1323 2353 1396 2412 Nou
1406 2352 1541 2428 accipiet
1556 2355 1659 2427 Ιιωηο,
1673 2360 1730 2415 etc.
1746 2367 1870 2420 amasus

183 2449 262 2512 dum
279 2448 518 2512 matrimonium
534 2448 778 2512 consummavit.
797 2450 859 2510 Siu
875 2469 934 2508 au·
987 2448 1072 2510 lstud
1089 2448 1122 2509 in
1139 2448 1279 2513 Levitico
1293 2449 1472 2531 expositum
1487 2457 1547 2511 est.

708 2876 1031 2962 ARTIGULUS
1070 2877 1212 2961 XXIV

445 3151 635 3198 axraauarlo
661 3149 846 3196 salutaturus
874 3149 1004 3195 alusoaat
1030 3149 1166 3195 castrum
1192 3150 1323 3196 vrcastul
1348 3152 1485 3198 sacuam.

183 3461 184 3464 ¹
259 3436 323 3497 ΟΝ
333 3435 455 3494 uidebis
471 3435 577 3492 bouem
586 3433 703 3509 l'rolris
716 3433 765 3492 tui
775 3440 832 3492 aut
843 3449 931 3490 oocru
949 3427 972 3490 C
988 3431 1035 3488 ris
1050 3432 1182 3492 usinum
1197 3433 1314 3510 fratris
1329 3433 1380 3492 tui
1390 3442 1448 3493 aut
1458 3435 1566 3494 bouem
1580 3436 1729 3496 cecidisse

267 3543 438 3599 errantem,
463 3542 493 3593 ct
514 3531 706 3610 praeteribis,
729 3532 784 3589 sed
805 3532 934 3588 reduces
990 3530 1027 3588 iu
1050 3531 1116 3600 oio,
1133 3550 1198 3590 nou
1218 3531 1384 3606 despicies,
1398 3534 1453 3590 sed
1473 3534 1678 3593 sublevabis:
1702 3534 1734 3596 id

184 3633 290 3709 fratri
315 3641 380 3692 tuo.
409 3631 439 3693 Si
470 3631 573 3712 pietas
603 3628 664 3691 ista
698 3627 800 3690 brutis
831 3626 935 3688 fuerat
990 3635 1045 3703 est,
1064 3626 1091 3688 si
1113 3627 1240 3690 noveris
1263 3627 1442 3709 simplicem
1463 3637 1495 3691 et
1517 3629 1659 3708 idiotam,
1676 3633 1732 3714 qui

187 3730 404 3813 impendenda
423 3747 530 3791 amore
554 3727 690 3809 proximi
716 3725 906 3808 possessoris
926 3741 933 3785 :
990 3725 1173 3804 designatur
1188 3745 1245 3808 per
1264 3726 1412 3802 asinum;
1428 3735 1484 3789 aut
1500 3727 1614 3791 fortem
1628 3740 1661 3792 et
1682 3731 1735 3794 do

180 3827 430 3912 quantomagis
451 3827 674 3908 unusquisque
696 3823 933 3899 christifidelis,
990 3833 1099 3902 ctum,
1115 3824 1171 3907 qui
1197 3825 1327 3888 nomine
1356 3826 1448 3888 bovis
1473 3827 1672 3908 exprimitur,
1700 3829 1733 3891 in

187 3928 368 4011 praesertim
383 3926 570 4008 predicator
585 3925 653 3988 sive
668 3923 828 4007 prelatus,
847 3923 874 3984 si
892 3920 936 3986 vi·
990 3922 1245 4004 peregrinatione
1267 3923 1364 4003 hujus
1380 3923 1453 3987 vitas
1473 3924 1641 4006 exsiliique
1661 3945 1734 4008 peo-

186 4027 272 4090 derit
300 4026 431 4088 alterius
453 4023 576 4106 prelati
605 4032 660 4085 aut
680 4021 933 4104 patrisfamilias,
990 4040 1088 4098 casse,
1107 4040 1171 4085 non
1187 4022 1397 4104 parvipendes
1413 4022 1537 4105 lapsum
1553 4023 1666 4106 ipsius,
1678 4028 1733 4089 scd

187 4126 239 4189 vel
261 4123 389 4205 cognati
405 4130 459 4185 aut
475 4120 611 4203 proximi
627 4120 675 4181 sui
698 4119 842 4182 subditos
866 4119 933 4181 sive
990 4120 1093 4183 modis
1109 4119 1267 4203 premetis
1282 4121 1408 4183 coneris
1418 4139 1491 4183 eum
1506 4121 1638 4201 erigere,
1651 4123 1733 4186 sicut

186 4223 365 4305 discipulos
398 4229 452 4283 aut
482 4219 645 4282 ministros
676 4238 694 4280 a
721 4218 773 4280 via
803 4217 934 4298 justitias
989 4217 1270 4300 aitApostofus:Si
1282 4227 1519 4300 preoccupatus
1530 4218 1628 4282 fucrit
1638 4221 1734 4285 homo
1748 4245 1879 4301 auarus,

186 4321 364 4396 deviantes,
375 4317 469 4382 debet
482 4336 539 4399 pro
555 4317 682 4381 illorum
696 4315 881 4379 reductione
891 4315 933 4377 la·
989 4316 1022 4378 in
1038 4316 1146 4397 aliquo
1161 4316 1289 4393 delicto,
1302 4335 1359 4380 vos
1374 4317 1430 4398 qui
1447 4317 1629 4399 spirituales
1643 4321 1731 4397 estis,

186 4421 302 4485 horare
317 4417 448 4493 orando,
467 4416 633 4492 hortando,
647 4414 861 4496 corripiendo,
879 4414 934 4477 do
988 4414 1172 4496 hujusmodi
1198 4415 1345 4476 instruite
1374 4415 1408 4476 in
1438 4415 1554 4497 spiritu
1579 4415 1730 4480 lenitatis.

186 4519 303 4594 cende,
315 4525 347 4579 et
361 4515 524 4596 omnique
535 4513 685 4596 praevalet
700 4513 801 4589 modo,
817 4531 933 4593 quous·
989 4513 1149 4595 ltemque:
1165 4512 1224 4587 Qui
1239 4520 1310 4590 stat,
1328 4513 1434 4576 videat
1454 4532 1494 4576 ne
1509 4515 1611 4576 cadat.
1628 4515 1665 4577 Et
1681 4516 1732 4579 Sa·
1746 4531 1879 4585 recessa.

186 4636 250 4700 que
275 4635 334 4698 per
358 4613 522 4677 caritatem
554 4631 663 4673 rursus
689 4611 933 4692 incorporentur
949 4611 973 4673 Ι)
989 4611 1096 4675 lomou
1119 4619 1332 4675 contestatur:
1349 4610 1408 4685 Qui
1430 4613 1463 4674 in
1488 4611 1580 4675 ruina
1607 4613 1731 4678 letatur
1745 4636 1879 4689 rausum

187 4711 455 4786 EcclesiaelQuod
470 4719 502 4773 et
517 4709 619 4786 asino,
633 4709 665 4771 id
681 4717 729 4771 cst
744 4709 935 4790 cuicumque
989 4711 1131 4788 alterius,
1149 4730 1212 4774 uon
1235 4710 1296 4774 erit
1318 4709 1504 4792 impunitus.
1523 4711 1665 4794 Denique
1688 4715 1733 4778 ita

187 4813 304 4878 obtuso
325 4809 446 4886 ccviii,
464 4807 718 4883 estfacicndum‚
737 4827 776 4870 ne
800 4807 935 4888 alicujus
990 4829 1121 4891 peccare
1145 4817 1302 4885 censetur,
1328 4809 1384 4889 qui
1409 4809 1533 4890 lapsum
1556 4829 1614 4892 pro
1639 4831 1732 4893 posse

187 4911 368 4987 conversio,
387 4909 472 4972 salus
488 4916 519 4970 et
529 4906 636 4969 anima
651 4906 933 4988 parvipendantur,
990 4925 1054 4970 non
1084 4907 1188 4988 erigit,
1213 4907 1480 4988 quemadmodum
1510 4907 1565 4988 qui
1595 4918 1731 4974 stantem

188 5009 367 5094 praesertim
383 5008 415 5069 in
432 5013 587 5088 quantum
603 5013 651 5068 cst
673 5004 836 5068 rationalis
852 5023 936 5067 crea·
989 5006 1178 5088 precipitat.

188 5121 260 5174 tura
275 5109 316 5170 cd
332 5106 387 5169 Dei
409 5103 654 5168 similitudinem
669 5103 762 5179 facta,
781 5102 936 5183 sanguine
1030 5108 1104 5166 Nou
1128 5107 1284 5165 induetur
1308 5105 1428 5164 muller
1450 5113 1531 5164 ueste
1552 5107 1657 5168 virili.
1675 5108 1732 5170 Per

186 5206 306 5273 Christi
322 5205 496 5286 redempta,
509 5211 604 5283 atque
619 5202 659 5264 ad
674 5201 857 5264 beatificam
870 5200 936 5263 Dei·
990 5210 1110 5265 vestem
1135 5200 1277 5282 operatio
1301 5199 1496 5281 designatur.
1523 5200 1633 5263 ffulier
1657 5220 1732 5281 crgo

189 5307 263 5371 tatis
280 5302 467 5366 fruitionem
478 5303 614 5382 desuper
630 5299 785 5363 ordinata.
798 5302 838 5362 Si
852 5304 938 5362 ulde—
991 5317 1054 5362 non
1070 5297 1260 5360 intromittat
1276 5317 1309 5358 sc
1323 5298 1363 5359 de
1378 5295 1500 5373 officio,
1511 5305 1591 5373 actu,
1604 5301 1733 5381 nogotio
