4309 6259
433 497 492 562 358
792 513 965 560 aurumne
986 513 1017 558 ur
1038 511 1106 558 aar.
1130 511 1171 556 vn
1192 511 1388 559 mmanonun.
1410 533 1450 543 -
1470 513 1541 559 aar.
1564 513 1620 560 xm

435 698 556 771 septem
568 687 635 751 dies
647 684 894 750 consecrationis
905 684 1105 746 sacerdotum
1115 701 1180 764 per·
1194 681 1219 744 Α
1235 683 1433 746 sacerdotum
1445 692 1476 745 et
1491 684 1699 761 tabernaculi,
1711 692 1743 747 et
1757 683 1877 748 oblatio
1892 683 1974 766 prin·

437 787 600 850 tinuerunt
619 787 658 848 ad
681 785 826 847 ultimam
849 782 944 865 primi
967 783 1043 843 anni
1061 781 1181 844 bebdo-
1235 779 1355 862 cipum,
1373 790 1405 844 et
1428 791 1638 845 cucurrerunt
1659 783 1753 845 simul
1774 802 1832 865 per
1856 791 1974 864 septem

435 887 573 962 medam,
600 893 632 947 et
660 885 705 946 ita
732 890 878 965 respectu
903 880 1031 944 illorum
1058 888 1179 962 septem
1235 879 1489 962 dies‚postquos
1504 882 1608 944 adbuc
1623 881 1879 945 dumvitobtntio
1896 882 1975 963 prin·

435 985 571 1060 diernm,
588 984 711 1066 primus
726 981 795 1044 dies
810 980 887 1043 anni
903 979 1034 1043 secundi
1050 986 1180 1041 vocetur
1235 979 1342 1061 cipum
1359 980 1878 1061 quinquediebus.Tangitdeinde
1895 980 1975 1042 idem

435 1091 576 1159 octavus,
595 1082 627 1145 in
650 1100 714 1163 quo
736 1080 839 1143 Aaron
865 1098 957 1141 suum
983 1077 1082 1159 coepit
1105 1076 1181 1139 olli·
1236 1078 1380 1159 Magister
1405 1079 1596 1141 solutionem
1622 1080 1727 1155 aliam,
1749 1080 1860 1143 dicens
1882 1096 1890 1141 :
1912 1079 1974 1142 Dici

436 1181 521 1245 cium
542 1199 699 1258 exercere,
718 1179 751 1241 in
767 1197 832 1261 quo
851 1187 882 1240 et
903 1176 1064 1260 principos
1079 1193 1181 1256 coepe
1236 1184 1350 1258 potest,
1367 1177 1449 1240 hanc
1465 1177 1657 1241 oblationem
1672 1179 1841 1242 duodecim
1861 1179 1976 1260 prinei-

436 1289 510 1342 runt
529 1279 658 1344 ollerre.
1236 1294 1312 1356 pum
1330 1274 1445 1338 lectam
1462 1278 1601 1339 secundo
1616 1295 1726 1340 mense
1741 1279 1816 1340 anni
1832 1278 1973 1351 secundi,

481 1380 552 1442 Haec
577 1377 742 1459 responsio
768 1377 800 1438 in
827 1373 1020 1438 Scholastica
1046 1371 1181 1435 historia
1237 1393 1295 1436 nec
1312 1393 1368 1455 per
1383 1375 1678 1456 recapitulationem
1698 1376 1765 1439 haee
1784 1376 1868 1451 dici3
1893 1378 1973 1459 quod

437 1477 588 1555 tangitur.
605 1476 662 1539 Cui
684 1475 798 1557 partim
816 1473 986 1536 concordat
999 1472 1085 1552 quod
1100 1470 1181 1550 Lyra
1235 1491 1310 1536 vero
1327 1473 1443 1554 legitur
1458 1474 1491 1537 in
1507 1493 1544 1537 ea
1561 1475 1613 1537 die
1630 1494 1699 1537 esse
1715 1475 1975 1558 inchoatam‚qua

437 1574 536 1638 Rsbbi
547 1574 746 1637 Salomonem
758 1571 869 1634 asserit
881 1568 1179 1651 respondisse‚quod
1235 1580 1367 1634 unctum
1393 1581 1440 1634 est
1465 1573 1717 1650 tabernaculum,
1735 1574 1975 1655 intelligendum

437 1673 560 1736 seilicet
583 1671 701 1752 duplex
727 1669 789 1731 luit
814 1668 930 1732 erectio
957 1666 1152 1730 tabernaculi
1171 1683 1178 1726 :
1236 1679 1283 1733 est
1299 1672 1338 1733 de
1354 1670 1405 1733 dle
1420 1671 1686 1734 consimili.lstud
1701 1673 1826 1735 videtur
1842 1674 1976 1736 rationa-

437 1791 501 1834 una
523 1769 722 1852 quotidiana,
740 1787 803 1849 qua
825 1765 1005 1845 erigebatur
1026 1785 1131 1840 mane,
1149 1773 1180 1826 et
1236 1769 1343 1831 bititer
1359 1787 1452 1851 posse
1467 1769 1588 1832 teneri:
1606 1771 1645 1832 ad
1661 1772 1746 1852 quod
1759 1791 1797 1834 ex
1812 1772 1917 1834 littera
1933 1773 1976 1834 in·

436 1869 657 1951 deponebatur
683 1885 834 1947 vespere;
861 1863 923 1926 alia
948 1863 1083 1936 stabilis,
1110 1881 1181 1943 quae
1197 1861 1220 1922 B
1235 1869 1330 1930 dueta
1344 1877 1392 1930 est
1412 1868 1491 1930 ratio
1512 1887 1586 1930 una.
1604 1868 1673 1931 alia
1691 1877 1749 1945 est,
1772 1870 1923 1951 quoniam
1944 1872 1975 1933 in

437 1966 562 2031 duravit
577 1984 679 2046 usque
694 1964 733 2026 ad
749 1962 922 2025 motionem
940 1969 1133 2056 castrorum3
1150 1969 1182 2022 et
1236 1975 1322 2028 textu
1334 1967 1431 2047 hujus
1446 1967 1578 2049 capituli
1593 1967 1710 2049 legitur
1726 1987 1734 2030 :
1748 1972 1806 2030 Ait
1819 1973 1976 2032 Dorninm

436 2066 522 2148 quod
544 2063 648 2146 prima
669 2063 725 2124 illa
746 2061 863 2125 erectio
886 2061 968 2122 lacta
990 2067 1037 2122 est
1059 2067 1181 2141 septem
1236 2069 1280 2126 ad
1300 2069 1431 2143 Moysen
1447 2085 1458 2127 .·
1474 2069 1608 2144 suscipe
1632 2070 1672 2127 ab
1698 2070 1745 2127 eis
1769 2068 1921 2149 plaustro,
1943 2081 1977 2130 nt

437 2162 551 2226 diebus
571 2160 693 2224 ultimis
715 2159 809 2243 primi
832 2158 908 2221 alini
931 2157 1122 2242 egressionis
1143 2157 1182 2220 de
1235 2167 1379 2225 serviant
1395 2167 1431 2225 in
1447 2167 1628 2226 ministerio
1644 2169 1856 2236 tabernaculi,
1870 2178 1901 2228 et
1917 2179 1979 2228 tra·

437 2271 520 2325 terra
532 2260 771 2342 AEgypti‚stque
787 2258 820 2319 in
837 2256 901 2318 illis
916 2256 1091 2318 consecrati
1108 2264 1182 2317 sunt
1235 2267 1289 2323 stes
1310 2285 1347 2324 ea
1370 2266 1493 2324 Levitis
1508 2267 1612 2341 jueta
1633 2268 1780 2326 ordinem
1804 2269 1979 2327 ministerii

437 2362 626 2437 sacerdotes,
645 2358 679 2420 in
694 2356 812 2440 quibus
828 2355 940 2418 diebus
961 2355 1047 2417 solus
1062 2355 1182 2437 Moyses
1234 2363 1298 2422 sui.
1312 2365 1426 2441 Itaque
1441 2383 1542 2441 quum
1553 2365 1737 2441 suscepisset
1752 2367 1875 2441 Moyses
1885 2369 1979 2443 plau»

436 2459 578 2524 excreuit
601 2455 795 2520 sacerdotale
817 2454 975 2518 ollieium.
993 2453 1109 2517 Octava
1129 2473 1182 2515 au·
1235 2470 1303 2519 stra
1313 2470 1343 2520 et
1357 2462 1456 2531 boves,
1468 2462 1606 2520 tradidit
1615 2481 1653 2520 ea
1668 2464 1798 2523 Levitis.
1807 2465 1879 2523 Duo
1887 2468 1980 2540 ptan-

438 2567 501 2622 lem
517 2557 579 2634 die,
598 2575 669 2637 quae
685 2554 747 2617 fuit
769 2553 872 2636 prima
888 2552 955 2614 dies
974 2552 1050 2614 anni
1073 2572 1182 2615 secun·
1235 2568 1303 2618 stra
1318 2569 1348 2618 et
1369 2569 1510 2637 quatuor
1531 2561 1619 2619 boues
1641 2561 1731 2620 deute
1750 2562 1832 2638 filiis
1848 2564 1978 2634 Get-son,

436 2658 482 2733 di,
502 2657 583 2719 laeta
599 2663 646 2718 est
663 2654 766 2736 prima
783 2650 978 2715 tabernaculi
989 2651 1107 2714 erectio
1123 2660 1183 2714 sta·
1228 2659 1331 2734 jesrtn
1342 2659 1378 2716 id
1387 2661 1472 2736 prend
1482 2659 1929 2726 habebantneressariumetc.
1936 2660 1981 2722 En

437 2757 524 2832 bitis,
547 2763 685 2834 tuncque
705 2753 883 2815 sacerdotes
904 2770 994 2813 suum
1015 2759 1182 2832 eoeperunt
1237 2753 1354 2835 quibus
1377 2755 1467 2836 sequi
1490 2755 1624 2832 videtur,
1647 2758 1732 2837 quod
1753 2766 1826 2820 ante
1847 2759 1982 2821 oblatio

437 2853 585 2918 cilicium
601 2851 742 2932 exsequi.
759 2850 855 2926 Istud,
873 2848 1015 2930 inquam,
1028 2857 1182 2912 consonat
1237 2872 1310 2915 nrm
1326 2853 1521 2934 principum,
1542 2854 1701 2917 distinctae
1717 2855 1845 2918 luerunt
1860 2856 1982 2918 Levita-

437 2952 641 3036 praeinductte
666 2947 877 3031 responsioni,
897 2947 959 3009 nisi
984 2949 1068 3028 quod
1094 2948 1183 3009 addit
1237 2970 1308 3012 rum
1329 2950 1458 3014 familiae
1474 2971 1531 3033 per
1546 2971 1603 3014 sua
1617 2952 1728 3016 ollieia
1748 2971 1755 3015 :
1773 2955 1858 3034 quod
1875 2963 1981 3018 tamen

437 3053 476 3114 de
496 3051 600 3132 prima
619 3049 672 3110 illa
694 3046 889 3111 tabernaculi
905 3045 1064 3109 erectione
1079 3045 1219 3127 quoti-C
1238 3049 1270 3111 in
1286 3069 1395 3112 earum
1417 3051 1637 3114 numeratione
1657 3051 1774 3131 legitur
1794 3052 1912 3115 laetum
1934 3073 1983 3114 su·
2014 3075 2111 3117 nm.

437 3149 533 3212 diana
550 3165 557 3209 ε
575 3148 660 3228 quod
681 3146 808 3208 videtur
834 3143 1002 3220 ficticium,
1023 3163 1121 3225 quum
1144 3164 1183 3206 ex
1237 3167 1305 3229 pra.
1323 3148 1454 3222 Rursus,
1475 3150 1560 3230 quod
1577 3149 1698 3213 oblatio
1718 3151 1902 3233 principum
1919 3143 1982 3214 non

436 3257 525 3311 textu
541 3245 709 3308 manileste
725 3243 886 3326 probetur,
898 3244 983 3323 quod
1000 3243 1183 3305 tabernacu·
1237 3247 1438 3308 describatur
1453 3247 1504 3309 hic
1525 3267 1582 3328 per
1597 3248 1904 3330 recapitulationem,
1927 3252 1983 3313 sed

438 3347 505 3408 lum
531 3345 572 3407 sit
597 3344 700 3426 primo
730 3351 870 3406 erectum
901 3341 1004 3424 primo
1029 3342 1082 3404 die
1106 3341 1181 3403 anui
1238 3348 1414 3412 secundnm
1436 3355 1533 3426 gestae
1554 3347 1599 3408 rei
1622 3347 1779 3424 ordinem,
1801 3347 1877 3410 binc
1896 3349 1985 3412 side·

439 3443 582 3507 secundi.
600 3442 638 3504 Et
660 3443 743 3524 quod
766 3449 858 3503 autea
880 3459 942 3503 u0u
965 3440 1026 3502 luit
1041 3449 1182 3504 eructum
1239 3458 1290 3511 tur
1302 3447 1387 3527 quod
1404 3444 1572 3508 duodecim
1590 3444 1736 3507 tribubus
1752 3445 1895 3528 preteeti
1910 3457 1985 3510 sunt

439 3561 607 3626 perunum
630 3540 839 3622 septimanam
859 3538 1013 3620 quotidie,
1031 3538 1183 3619 puObulur
1238 3545 1406 3608 duodecim
1432 3543 1605 3625 principes,
1629 3544 1668 3606 de
1690 3563 1824 3625 quorum
1850 3545 1987 3608 oblatio-

439 3661 477 3704 ex
492 3642 551 3704 hoc
567 3640 654 3722 quod
673 3659 691 3701 a
707 3637 858 3701 vicesimo
875 3645 962 3699 sexto
982 3637 1079 3699 Exodi
1101 3637 1184 3718 capi·
1239 3664 1279 3706 ne
1297 3662 1382 3704 num
1400 3641 1504 3722 agitur
1519 3641 1552 3702 in
1574 3642 1814 3705 enumeratione
1828 3643 1983 3716 tribuum,

440 3739 506 3802 tulo
522 3738 677 3820 usquead
693 3735 971 3819 quadragesimum
995 3735 1070 3797 libri
1095 3736 1183 3798 illius
1238 3752 1270 3806 et
1286 3760 1349 3804 non
1365 3750 1449 3817 ante,
1468 3749 1502 3801 ut
1519 3748 1604 3822 patet
1624 3760 1662 3802 ex
1677 3741 1781 3822 primo
1796 3740 1893 3822 hujus
1909 3742 1985 3805 libri

439 3838 625 3920 capitulum,
639 3835 831 3900 describitur
845 3834 983 3915 qualiter
999 3834 1135 3896 Beseleel
1152 3843 1183 3898 ct
1238 3839 1386 3922 capitulo.
1395 3839 1509 3919 Sisque
1525 3838 1703 3902 numeratio
1719 3837 1773 3900 illa
1788 3839 1984 3903 oblationem

438 3935 548 4000 Ooliab
561 3934 699 3997 exsecuti
716 3933 781 3995 sint
796 3951 866 4014 quae
877 3932 957 3994 [leus
973 3933 1111 4013 jusserat
1127 3952 1183 4014 per
1238 3940 1330 4000 istam
1348 3938 1519 4018 praeeessit,
1957 3958 1960 3962 ·

439 4033 563 4116 Moysen
582 4033 653 4095 lieri
668 4050 674 4094 :
688 4051 751 4113 qua
767 4030 948 4093 narratione
965 4030 1134 4112 completa,
1148 4031 1182 4092 in
1278 4034 1387 4110 Igitur
1406 4034 1589 4091 obtulerunt
1608 4034 1704 4091 duces
1725 4033 1761 4092 in
1781 4034 1987 4093 dedicatione

440 4131 506 4194 line
522 4131 654 4212 capituli
677 4129 829 4193 tricesimi
853 4129 929 4192 noni
951 4129 1067 4210 legitur
1085 4147 1092 4191 :
1110 4128 1182 4202 Quae
1237 4133 1366 4200 attam's,
1383 4129 1479 4191 idest
1499 4127 1532 4189 in
1548 4129 1788 4192 consecratione
1802 4130 1912 4191 altaris
1929 4131 1985 4194 hc

440 4238 606 4312 postquam
624 4229 742 4310 Moyses
758 4237 871 4290 cuncta
887 4227 968 4290 vidit
983 4228 1183 4310 expleta‚be-
1197 4229 1221 4289 b
1237 4229 1461 4301 loeaustorum,
1479 4227 1564 4307 quod
1581 4227 1691 4289 eodem
1712 4227 1764 4289 die
1783 4246 1855 4290 cum
1880 4227 1985 4289 taber·

440 4328 561 4391 nedixit
584 4327 651 4401 eis3
679 4345 815 4407 moxque
845 4325 962 4388 ibidem
994 4325 1027 4386 in
1053 4327 1181 4388 exordio
1237 4327 1351 4389 naenlo
1366 4334 1398 4388 et
1417 4324 1611 4388 utensilibus
1631 4323 1701 4405 ejus
1721 4334 1768 4387 est
1787 4325 1981 4403 dedicatum,

439 4426 570 4509 capituli
590 4424 824 4508 quadragesimi
846 4423 1028 4486 immediate
1049 4423 1183 4504 subjun-
1236 4432 1368 4487 unctum
1398 4443 1453 4486 seu
1479 4431 1711 4499 consecratum,
1738 4430 1772 4484 ut
1801 4423 1918 4502 legitur
1948 4423 1983 4486 in

437 4526 548 4606 gitur:
570 4525 771 4604 Locutusque
790 4530 838 4585 est
863 4522 1016 4585 Dominus
1040 4522 1078 4583 ad
1103 4521 1183 4603 Moy·
1237 4521 1362 4583 Exodo:
1381 4520 1446 4581 imo
1462 4519 1494 4580 in
1512 4519 1618 4582 Exodo
1634 4519 1760 4600 legitur,
1778 4521 1862 4600 quod
1880 4521 1984 4582 taber·
2010 4549 2119 4590 mn„

439 4643 506 4700 sen,
519 4623 630 4686 dicens
644 4641 650 4685 :
665 4622 768 4684 Mense
783 4621 897 4703 primo,
911 4619 1014 4702 prima
1029 4620 1082 4682 die
1097 4638 1183 4682 men·
1237 4617 1385 4679 naculum
1405 4626 1436 4678 et
1451 4624 1622 4698 utrumque
1642 4617 1712 4696 ejus
1733 4616 1832 4679 altare
1851 4617 1916 4678 sint
1931 4637 1985 4698 pa-
2000 4615 2069 4654 Μ·

438 4724 482 4786 sis
493 4722 595 4801 eriges
607 4720 861 4792 tabernaculum
872 4726 903 4781 et
915 4717 1002 4780 nulla
1014 4717 1052 4780 lit
1062 4718 1182 4781 mentio
1238 4717 1315 4780 riter
1324 4724 1509 4780 consecrata
1522 4741 1529 4791 ;
1543 4713 1648 4778 tamen
1660 4717 1699 4778 de
1709 4715 1801 4778 altari
1814 4714 1852 4776 lit
1862 4715 1985 4778 mentio

438 4823 482 4885 ibi
499 4823 538 4885 de
554 4821 616 4883 alia
637 4839 692 4883 seu
712 4819 811 4901 priori
835 4817 1030 4882 tabernaculi
1052 4818 1182 4880 erectio·
1237 4815 1397 4898 specialis,
1420 4815 1496 4896 qnia
1512 4815 1544 4876 in
1561 4833 1599 4876 eo
1617 4812 1837 4877 offerebantur
1858 4813 1986 4875 sacriti-

440 4936 489 4982 ne.
511 4921 572 4982 Nee
597 4918 724 4981 videtur
749 4917 787 4979 ad
813 4915 892 4997 quid
917 4916 971 4977 illa
996 4916 1183 4998 quotidiana
1237 4915 1286 4977 cia
1297 4915 1578 4986 inmutationem
1589 4913 1740 4983 secanaid
1751 4920 1799 4974 est
1809 4910 1982 4984 sacrificia,

437 5017 554 5081 erectio
583 5015 673 5079 utilis
703 5015 874 5078 exstitisset
907 5013 985 5074 liliis
1012 5013 1104 5074 lsrael
1136 5014 1181 5074 ibi
1237 5013 1355 5093 quiain
1372 5012 1533 5076 oblatione
1545 5011 1814 5092 totalieujuslibet
1827 5008 1985 5091 principis

437 5115 675 5198 quiescentibus
695 5114 780 5177 circa
799 5113 884 5175 Sinai
905 5120 1058 5174 montem.
1237 5110 1338 5171 multa
1363 5109 1566 5190 particularia
1592 5109 1752 5172 sacrificia
1776 5107 1984 5171 contineban-

475 5215 626 5276 Praeterea
646 5211 790 5290 Magister
811 5211 843 5271 in
865 5209 1006 5272 historiis
1026 5210 1070 5271 ait
1088 5227 1095 5271 :
1113 5209 1179 5270 [liei
1236 5217 1298 5285 tur,
1308 5207 1391 5269 sieut
1406 5208 1439 5268 in
1456 5218 1542 5270 textu
1557 5207 1851 5290 exprimitur3ante
1863 5210 1980 5276 attare,

435 5319 539 5396 potest
553 5311 638 5392 quod
653 5311 762 5373 eadem
780 5310 831 5372 die
848 5308 994 5372 inchoata
1010 5308 1052 5370 sit
1068 5307 1178 5371 unctio
1235 5307 1311 5388 quia
1325 5307 1523 5368 adduxerunt
1539 5307 1698 5369 sacrificia
1709 5325 1766 5368 sua
1780 5305 1818 5368 ad
1835 5305 1982 5368 sacerdo
