4309 6259
559 539 733 587 minusne
755 541 785 587 m
807 541 875 587 cxc.
899 541 931 586 ιι
952 539 1148 588 nunanonuu.
1171 561 1211 572 —
1231 543 1302 590 sur.
1326 543 1380 589 xix
1679 525 1738 588 377

188 707 394 786 industriam,
414 711 589 773 secundum
610 712 695 790 quod
716 712 812 774 duces
835 711 940 793 provi·
955 711 986 773 A*
996 711 1067 789 tuti,
1087 713 1296 776 intendebant
1318 722 1441 777 tantum
1461 715 1501 776 de
1520 712 1736 795 judicialibus.

187 806 265 869 dere
291 809 396 872 solent
421 809 612 873 exercitibus
638 811 704 872 suis
727 811 766 873 de
788 811 889 874 cibis:
909 820 939 874 et
994 811 1050 872 Hic
1076 830 1151 875 vcro
1181 813 1309 894 petebat
1337 813 1456 895 Moyses
1486 813 1679 893 adjutorium
1705 812 1738 874 in

187 906 248 967 hoc
276 907 380 969 levius
405 917 499 984 esset,
517 927 615 990 quum
638 909 742 970 minus
764 911 805 972 sit
824 919 939 991 praeter
995 910 1151 990 regimine
1167 910 1341 974 universali
1358 912 1454 974 totiu's
1470 912 1593 994 populi.
1610 911 1739 974 Verum-

185 1005 336 1068 ordinem
363 1007 551 1070 naturalem.
579 1007 658 1069 Hinc
683 1009 802 1092 Moyses
827 1009 937 1072 volens
994 1015 1100 1070 tamen
1118 1009 1177 1070 ista
1193 1011 1358 1091 responsio
1374 1030 1484 1092 parum
1506 1019 1560 1072 aut
1579 1009 1659 1070 nibil
1679 1010 1739 1071 dil-

187 1104 377 1185 petitionem
399 1107 510 1188 populi
532 1107 735 1188 interpretari
757 1109 789 1168 in
811 1108 935 1184 melius,
996 1104 1056 1167 lert
1072 1126 1091 1168 a
1106 1109 1219 1188 prima.
1232 1108 1339 1170 Causae
1356 1127 1493 1189 namque
1507 1106 1685 1189 judiciales,
1698 1108 1738 1169 de

186 1202 290 1263 dixit:
309 1203 399 1265 Flent
422 1223 527 1267 coram
551 1225 612 1282 me,
636 1214 696 1268 etc.
712 1206 817 1269 Potest
841 1206 935 1268 etiam
993 1205 1111 1284 quibus
1132 1204 1269 1268 olliciati
1291 1206 1415 1288 praelati
1435 1206 1629 1289 iudicabant,
1647 1215 1738 1268 crant

185 1301 283 1362 aliter
304 1303 501 1383 responderi,
520 1304 595 1384 quia
619 1305 679 1366 etsi
706 1323 770 1368 non
792 1305 938 1384 legantur
995 1310 1137 1380 terrane,
1159 1313 1190 1366 et
1214 1307 1254 1368 de
1278 1305 1373 1368 rebus
1396 1305 1575 1368 minoribus
1600 1312 1735 1381 tantum,
1750 1329 1884 1380 casamo.

184 1409 262 1461 ante
278 1400 397 1462 dixisse
414 1401 480 1463 nec
497 1401 595 1464 verba
615 1403 653 1464 ad
675 1404 812 1485 Moysen,
832 1411 936 1466 tamen
993 1411 1088 1482 prout
1104 1402 1137 1462 in
1151 1402 1258 1465 Exodo
1274 1404 1464 1466 continetur.
1482 1403 1666 1466 Universalc
1686 1422 1737 1464 au·
1752 1395 1785 1435 ²⁶·

185 1497 264 1578 quia
290 1499 411 1580 Moyses
435 1500 481 1563 sic
508 1501 650 1578 resumit,
669 1503 761 1564 datur
787 1501 935 1582 intelligi,
993 1506 1054 1560 tem
1082 1500 1224 1580 regimen
1249 1501 1371 1582 populi,
1398 1501 1577 1583 spiritualia
1601 1500 1738 1563 maximo

184 1598 274 1678 qnod
291 1597 403 1678 utique
420 1598 655 1677 medimnum,
673 1601 716 1662 ita
732 1601 816 1682 quod
833 1601 937 1683 primo
994 1597 1217 1673 concernebat,
1236 1605 1270 1659 ut
1286 1597 1408 1660 scilicet
1424 1598 1569 1661 viverent
1588 1598 1677 1679 juxta
1694 1598 1738 1659 le-

183 1696 339 1758 dixerunt
356 1697 388 1758 in
405 1698 558 1777 generali,
571 1697 646 1771 Quis
662 1700 751 1772 dabit
766 1699 857 1761 nobis
874 1719 939 1762 car·
992 1714 1074 1774 gem.
1094 1697 1165 1759 ldeo
1181 1697 1245 1760 dici
1261 1706 1376 1780 potest,
1390 1698 1474 1778 quod
1490 1697 1608 1779 Moyses
1623 1706 1737 1779 praeter

185 1797 268 1856 uest
285 1795 403 1857 deinde
419 1796 451 1857 in
468 1797 598 1878 speciali
615 1799 654 1859 ad
669 1799 805 1881 Moysen,
825 1800 867 1860 lla
883 1817 938 1861 no
993 1805 1159 1878 praetaotos
1175 1796 1336 1861 oiliciatos
1352 1799 1515 1879 quaerebat
1529 1817 1621 1879 opem
1638 1798 1737 1878 majo

185 1892 248 1968 bis,
263 1901 325 1955 etc.
338 1893 406 1956 Non
422 1895 507 1956 enim
525 1895 632 1957 omnia
648 1897 766 1978 scripta
782 1905 866 1973 sunt,
882 1897 936 1958 sed
953 1889 975 1949 Β
993 1914 1071 1972 rem,
1088 1905 1123 1956 ut
1143 1896 1172 1958 ei
1194 1897 1227 1958 in
1248 1897 1443 1977 adjutorium
1463 1898 1657 1958 donarentur
1674 1897 1735 1958 riri

186 1991 377 2073 frequenter
392 2012 430 2055 ex
445 1994 618 2058 unovcrbo
634 1995 721 2058 aliud
739 1995 935 2058 insinuatur:
993 1991 1151 2074 sapientes
1172 2001 1203 2056 et
1223 1994 1311 2075 iusti,
1330 1993 1385 2074 qui
1408 2013 1465 2075 per
1487 2001 1583 2055 totam
1609 1993 1735 2074 plebem

186 2092 460 2170 quemadmodum
483 2092 515 2153 in
531 2092 643 2156 Genesi
656 2094 753 2156 ludas
769 2093 813 2156 ait
828 2095 866 2156 ad
883 2113 938 2175 pa·
992 2089 1079 2152 illam
1092 2091 1217 2167 dillusi,
1228 2093 1401 2172 dirigerent
1414 2111 1484 2154 eam
1500 2101 1649 2172 tanquam
1666 2111 1737 2154 con-

47 2212 169 2272 gru-:uu
185 2198 266 2250 trem
283 2210 378 2251 sixtum
394 2191 433 2253 de
447 2191 574 2272 loseph,
587 2193 793 2271 Interrogavit
809 2212 865 2256 nos
882 2193 936 2256 hc
992 2189 1104 2251 siliarii
1121 2191 1295 2271 generales.
1306 2191 1459 2253 Praeterea
1473 2190 1578 2252 adbuc
1594 2199 1736 2253 remanet

185 2307 239 2350 mo
265 2307 323 2370 per
352 2289 497 2352 ordinem
521 2299 662 2354 nostram
683 2292 887 2373 progeniem:
906 2300 937 2354 et
991 2288 1136 2369 quaestio,
1162 2289 1301 2369 qualiter
1325 2289 1444 2369 Moyses
1469 2288 1557 2350 solus
1583 2289 1736 2350 sustinuit

184 2395 293 2449 tamen
311 2395 386 2450 ante
408 2406 469 2451 non
492 2374 609 2468 legitur
623 2391 738 2472 loseph
758 2391 818 2454 hoc
840 2391 936 2453 inter-
990 2407 1117 2451 omnem
1134 2389 1287 2470 populum
1305 2389 1453 2451 illumne
1468 2389 1733 2470 respondendum,

185 2503 328 2566 rogasse.
990 2487 1076 2566 quod
1093 2486 1179 2548 solus
1195 2487 1482 2549 sustinuitomnem
1495 2486 1619 2569 plebem
1637 2486 1732 2563 illam,

227 2587 302 2645 Non
314 2604 447 2662 possum
462 2588 620 2646 sustinere
634 2609 758 2649 ornnem
779 2593 935 2666 111111ορ0-
991 2591 1142 2664 tanquam
1163 2585 1335 2646 monarcha
1356 2584 1388 2645 in
1414 2604 1461 2660 ea,
1480 2585 1524 2646 ita
1541 2585 1627 2665 quod
1644 2585 1734 2664 quasi

180 2687 314 2761 prelum,
337 2683 369 2744 id
391 2691 449 2760 cst,
468 2683 554 2745 solus
582 2703 646 2747 non
671 2686 800 2750 sul'lioio
826 2707 935 2767 regere
989 2680 1117 2761 regalis
1131 2681 1330 2763 principalia,
1343 2681 1566 2763 generalisque
1581 2701 1657 2744 cura
1674 2680 1735 2743 iuit

184 2799 251 2856 eos,
278 2783 359 2860 quia
381 2784 494 2858 pratris
518 2793 563 2843 est
588 2785 683 2856 lutat,
711 2785 742 2846 id
771 2793 818 2848 cst
843 2786 935 2848 valde
989 2779 1018 2842 ei
1036 2779 1095 2842 soli
1112 2780 1281 2861 imposita:
1299 2800 1370 2861 quae
1389 2789 1420 2843 et
1439 2789 1512 2861 post
1531 2781 1599 2842 bec
1617 2781 1735 2842 mansit

183 2879 480 2961 molestusSicque
495 2882 614 2962 Moyses
631 2883 786 2946 discretus
803 2892 833 2946 et
849 2884 932 2966 pius,
990 2880 1139 2962 imposita
1165 2881 1206 2956 ei,
1233 2881 1288 2942 sed
1313 2901 1384 2942 cum
1414 2880 1557 2944 subsidio
1586 2880 1733 2962 ampliori

183 2986 341 3058 quantum
360 2986 465 3060 potest
484 2980 628 3042 modeste
643 2981 786 3062 loquitur
800 3001 935 3064 conque·
989 3000 1086 3061 quam
1101 2989 1186 3042 ante.

183 3077 284 3140 rendo
311 3076 350 3139 de
376 3077 506 3158 popule,
534 3078 725 3142 declinando
751 3081 789 3142 ad
814 3078 973 3158 minus,C
1029 3079 1092 3139 Sin
1118 3080 1215 3138 aliter
1240 3079 1300 3137 tibi
1324 3079 1465 3149 videtur,
1483 3077 1515 3139 id
1540 3085 1599 3154 cst,
1622 3078 1648 3139 si
1673 3078 1732 3140 tibi

183 3183 295 3256 utpote
311 3176 587 3252 minusdiccnset
601 3178 673 3260 plus
690 3178 934 3242 innuensUnde
990 3195 1052 3240 non
1076 3177 1181 3259 placet
1202 3176 1281 3239 milri
1302 3176 1448 3240 conlcrre
1469 3185 1612 3259 optatum
1633 3178 1733 3240 subsi-

182 3281 214 3333 et
236 3273 425 3337 Aristoteles
450 3275 553 3352 docet,
572 3277 656 3356 quod
683 3278 829 3358 quamvis
855 3297 935 3339 nun·
989 3275 1088 3351 dium,
1107 3275 1156 3338 vel
1173 3275 1213 3337 ab
1228 3293 1325 3338 encre
1341 3275 1437 3356 hujus
1453 3277 1664 3357 praesidentiae
1681 3297 1733 3339 mc

182 3391 279 3452 quam
307 3391 326 3432 a
350 3373 484 3434 veritate
509 3374 550 3435 sit
577 3375 800 3452 recedendum,
828 3383 933 3438 tamon
988 3375 1106 3437 babere
1122 3378 1488 3456 supportatum,0bsecro
1504 3387 1539 3436 ct
1556 3379 1733 3453 interficias

181 3470 314 3549 quando
325 3470 398 3550 quis
415 3469 558 3551 loquitur
569 3473 608 3533 de
624 3472 718 3553 culpa
733 3473 875 3550 alterius,
886 3475 935 3536 de·
988 3495 1047 3544 mc,
1057 3473 1090 3536 id
1106 3481 1164 3548 est,
1174 3473 1214 3535 dc
1227 3473 1293 3535 vita
1308 3473 1366 3534 bac
1385 3473 1476 3536 tollas
1492 3482 1593 3536 morte.
1608 3474 1661 3556 pia
1676 3495 1730 3537 seu

181 3567 235 3629 bet
261 3568 371 3648 potius
396 3568 557 3630 declinare
582 3570 621 3631 ad
646 3570 754 3632 minus
775 3597 781 3648 ;
806 3573 934 3653 quando
989 3570 1135 3646 naturali,
1155 3589 1218 3633 non
1241 3570 1392 3633 violenta.
1413 3571 1528 3653 Sicquc
1550 3572 1733 3635 luterlicere

182 3675 289 3728 autem
306 3667 346 3728 de
366 3667 496 3748 propria
519 3668 625 3750 culpa,
642 3670 748 3750 potius
774 3670 934 3733 declinare
987 3668 1112 3749 eapitur
1128 3667 1180 3729 bic
1196 3675 1335 3742 extense,
1353 3668 1392 3729 Ut
1408 3668 1586 3731 interficias
1602 3689 1653 3732 mc
1669 3671 1733 3751 pla-

182 3763 276 3826 debet
292 3765 332 3826 ad
350 3764 465 3844 majus.
484 3766 540 3828 Hic
561 3785 671 3829 rursus
693 3768 833 3849 loquitur
853 3769 934 3852 Moy·
987 3785 1025 3846 ga
1049 3763 1108 3825 tibi
1131 3765 1287 3846 placente,
1306 3784 1362 3846 per
1382 3785 1479 3846 quam
1494 3787 1513 3828 a
1527 3767 1631 3849 culpis
1652 3769 1732 3831 meis

182 3883 243 3938 ses,
262 3863 356 3944 quasi
385 3864 472 3924 solus
499 3862 663 3945 praetuerit
685 3867 814 3948 populo,
834 3886 932 3947 quum
987 3862 1237 3943 expurgenldco
1254 3862 1462 3923 subditur:ct
1478 3866 1646 3925 invem‘am
1657 3887 1732 3943 pru-

181 3962 299 4023 multos
326 3961 474 4024 babuerit
500 3961 674 4026 officiatos
691 3963 737 4026 Ad
760 3965 845 4026 istud
862 3945 932 4047 qui·
988 3963 1068 4020 tiam
1088 3963 1242 4019 1110011111
1264 3963 1339 4032 tuit,
1357 3961 1417 4022 110⁰
1440 3969 1489 4022 131
1511 3962 1731 4025 Γθῐῐῑὶδὸἰοῐῐθῐῐι

181 4060 254 4120 dam
271 4060 479 4141 respondent,
498 4062 584 4142 quod
604 4060 738 4124 ol'liciati
757 4055 804 4123 illi
821 4064 932 4145 praela·
986 4058 1154 4139 culparum
1170 4077 1226 4139 per
1243 4076 1370 4140 poenam
1386 4059 1459 4122 vitta
1475 4061 1729 4140 praesentiave,

182 4156 215 4231 ti,
234 4157 341 4219 solum
365 4158 564 4239 protuerunt
584 4168 615 4221 et
636 4159 878 4224 intromiserunt
898 4182 931 4224 sc
986 4155 1150 4218 Inveniam
1165 4156 1311 4235 gratiam,
1329 4157 1374 4218 ita
1389 4165 1424 4219 ut
1439 4157 1523 4221 inter
1539 4168 1664 4223 sanctos
1679 4181 1732 4242 pa-

180 4255 219 4317 de
245 4256 477 4336 temporalibus
497 4281 504 4330 3
529 4257 647 4338 Moyses
674 4267 779 4320 autem
804 4259 930 4323 volebat
946 4259 971 4320 D
987 4263 1050 4316 tres
1065 4255 1099 4316 in
1116 4253 1215 4318 limbo
1231 4255 1406 4335 quiescam.
1425 4261 1474 4316 Ne
1490 4260 1590 4318 tantis
1604 4262 1732 4335 afficiar

179 4353 377 4435 adjutorium
394 4353 511 4417 habere
532 4355 627 4417 etiam
645 4356 677 4417 in
696 4357 927 4437 spiritualibus.
986 4357 1093 4424 molis,
1111 4354 1171 4416 hoc
1197 4361 1245 4416 est
1272 4363 1316 4417 tot
1342 4355 1602 4419 tribulationibus
1627 4367 1658 4420 et
1683 4358 1732 4420 in-

180 4451 250 4512 llaec
278 4451 446 4532 responsio
470 4451 596 4514 videtur
619 4456 826 4534 praetendere,
844 4456 929 4537 quod
985 4450 1227 4532 quietudinibus
1242 4460 1337 4533 atque
1349 4453 1489 4515 tristitiis
1505 4473 1543 4516 ex
1559 4455 1732 4519 insolentia

180 4548 268 4611 solus
289 4548 409 4629 Moyses
426 4549 458 4610 in
476 4549 697 4631 spiritualibus
718 4553 926 4633 praesidebat:
985 4550 1095 4632 populi
1118 4550 1235 4630 hujus:
1254 4550 1363 4631 sicque
1385 4552 1555 4633 exponitur
1575 4554 1614 4615 dc
1636 4555 1730 4617 malis

179 4656 291 4710 eontra
306 4647 392 4727 quod
405 4646 548 4724 ¹uidetur,
563 4650 648 4729 quod
664 4649 766 4713 Aaron
786 4651 929 4732 pontifex
985 4648 1178 4732 poenalibus.
1196 4649 1288 4710 Forte
1310 4648 1407 4711 ctiam
1433 4649 1547 4712 incidit
1569 4652 1729 4715 interdum

179 4753 209 4806 et
242 4743 305 4807 lilii
332 4745 403 4824 ejus
429 4746 620 4822 sacerdotes,
648 4746 681 4808 in
708 4748 928 4829 spiritualibus
984 4747 1095 4829 culpas
1119 4747 1232 4810 saltem
1254 4748 1394 4811 veniales
1417 4750 1583 4813 occasione
1606 4752 1730 4831 regimi-

178 4843 274 4925 Moysi
295 4842 440 4904 subsidia
460 4843 700 4925 impendebant.
716 4846 812 4910 Porro
829 4848 927 4910 Rabbi
985 4845 1046 4922 nis,
1064 4844 1234 4926 timuitque
1257 4846 1398 4909 incidere
1419 4847 1567 4927 graviora
1589 4859 1727 4930 peccata,

178 4941 295 5003 Paulus
312 4949 495 5022 praetactam
512 4943 751 5023 responsionem
769 4964 863 5025 quam
881 4967 929 5010 sc·
984 4945 1066 5007 sieut
1082 4954 1113 5007 et
1130 4947 1331 5026 postmodum
1348 4946 1462 5009 incidit
1478 4947 1606 5029 culpam
1628 4949 1729 5014 incre-

178 5041 289 5120 quitur
312 5039 403 5122 Lyra,
421 5041 589 5102 emendare
614 5050 765 5104 conatur:
784 5043 925 5121 l'idetur,
983 5044 1127 5106 dulitatis
1149 5045 1188 5105 ad
1211 5064 1326 5126 aquam
1350 5047 1638 5111 Contradictionis:
1657 5051 1728 5114 ideo

180 5137 343 5218 inquiens,
355 5138 455 5218 magis
473 5139 601 5219 proprie
617 5138 879 5220 distinguendum
894 5143 927 5203 in
986 5142 1052 5206 tolli
1069 5141 1274 5217 oravit,sicut
1291 5152 1398 5224 raptus
1415 5154 1463 5207 est
1477 5146 1597 5221 Enoch,
1609 5167 1649 5210 ne
1664 5169 1729 5210 ma·
1750 5168 1874 5218 sextu.

51 5273 69 5330 ,1
107 5265 164 5302 sun,
179 5235 240 5297 ista
256 5233 402 5309 materia,
418 5235 505 5315 quod
526 5235 649 5298 scilicet
669 5238 802 5314 tribuni,
819 5249 928 5301 centu·
983 5239 1052 5301 lilia
1068 5237 1251 5301 immutaret
1266 5241 1482 5321 corcjus.Sed
1494 5263 1592 5324 quum
1608 5245 1728 5327 patien-
1742 5231 1873 5285 ⁸“1'·¹*¹¹¹·

62 5313 115 5352 Η·
179 5333 297 5408 rioncs,
315 5341 347 5394 ct
367 5331 464 5394 ceteri
481 5351 518 5394 ex
534 5333 668 5396 consilio
686 5334 793 5398 Jethro
814 5338 928 5399 consti·
984 5335 1027 5398 tia
1047 5335 1088 5397 sit
1111 5335 1212 5398 virtus
1235 5336 1365 5400 moralis
1388 5340 1569 5420 passionem
1590 5343 1727 5407 tristitiae
