4309 6259
515 518 690 566 nnnnmrro
711 521 742 566 ur
764 522 831 568 car.
855 519 932 567 rxru
952 518 1185 568 nuursnououu.
1209 542 1249 553 -
1269 523 1340 568 nnr.
1364 523 1436 570 xxu
1686 505 1747 570 nte

197 691 231 754 in
249 711 364 756 sornno
380 691 501 768 hahita,
518 697 629 773 postca
646 689 783 770 vigilans
802 687 948 769 estgari-
964 687 1060 771 Aper
1092 689 1330 755 immoderatam
1361 691 1611 775 increpationem
1641 692 1747 774 ipsum

197 811 264 868 suS,
288 795 473 868 effredi-'etur
486 800 580 850 extra
594 799 714 857 costra,
730 789 761 850 id
778 796 835 864 est,
854 787 949 850 bono-

198 909 270 952 rum
296 889 557 972 sapientiumque
581 887 742 950 consortio
765 894 889 968 reputet
915 904 948 947 se

198 989 382 1068 indignum,
405 1007 464 1050 nec
481 991 658 1050 revertatur
673 994 780 1048 mente
795 985 834 1046 ad
851 1003 949 1046 annu-

199 1089 390 1150 merandum
416 1105 450 1149 se
473 1085 556 1147 inter
577 1084 674 1166 ipsos,
693 1084 755 1146 nisi
776 1103 832 1165 per
848 1083 949 1165 poeni-

197 1187 333 1250 tentiam
351 1195 383 1249 et
405 1185 553 1248 lacrimas
574 1183 774 1260 emundatus,
788 1192 860 1260 post
874 1184 950 1242 sotis

197 1307 361 1357 occasum,
373 1285 406 1347 id
421 1292 480 1360 est,
498 1292 666 1367 postquam
688 1282 795 1344 lumen
817 1280 949 1343 rationis

197 1404 218 1446 a
234 1403 292 1446 sua
308 1383 437 1447 incauta
447 1381 635 1446 credulitate
650 1388 681 1443 et
695 1379 885 1460 gloriatione
900 1381 950 1442 de-

197 1481 314 1564 jecerit
341 1502 389 1560 se,
417 1480 649 1544 considerando
680 1479 845 1541 humiliter
876 1496 949 1559 pro-

198 1581 304 1664 priam
321 1579 608 1644 defectuositatem.
628 1580 764 1640 Habebis
780 1582 884 1637 bocum
899 1598 951 1636 ea-

200 1691 254 1742 tra
270 1689 388 1740 rusb-c.
406 1679 524 1741 Venter
540 1676 717 1759 spiritualis
740 1684 787 1738 est
810 1694 875 1751 cor,
894 1675 950 1756 qui

199 1777 348 1860 quotidie
365 1776 506 1860 repletur
519 1783 615 1857 etque
625 1783 774 1855 gravatur
789 1774 951 1854 cogitatio

1004 788 1185 867 contristes,
1208 792 1262 854 sed
1288 792 1453 854 consolare
1472 810 1508 854 ac
1533 791 1653 856 refove.
1671 795 1746 852 Non

1003 889 1065 947 crit
1082 892 1236 950 rueretrio·
1245 894 1284 950 de
1295 893 1428 968 filiabus
1437 895 1658 971 Israel,neque
1667 911 1747 950 seor-

1006 997 1090 1047 tctor
1108 991 1149 1048 dc
1170 991 1251 1066 filiis
1266 994 1379 1052 Israel.
1402 990 1673 1064 Quemadmodum
1699 990 1747 1051 lit-

1006 1086 1146 1149 teraliter
1162 1088 1223 1150 hoc
1240 1088 1364 1168 jussum
1386 1097 1434 1152 est
1457 1088 1535 1151 filiis
1552 1088 1747 1170 filiabusque

1004 1184 1110 1262 lsrael,
1135 1194 1169 1248 ut
1194 1186 1315 1250 scilicet
1339 1187 1526 1268 dignitatem
1551 1197 1583 1252 et
1608 1188 1746 1251 vocatio-

1005 1302 1076 1346 nem
1090 1304 1178 1347 suam
1191 1281 1370 1368 pensantes,
1381 1306 1583 1370 nequaquam
1600 1296 1663 1350 tam
1679 1286 1749 1350 vili-

1006 1382 1064 1444 bus
1086 1403 1119 1446 se
1135 1383 1255 1447 foedent
1276 1385 1539 1466 inquinamentis
1556 1386 1655 1450 multo
1676 1386 1748 1468 plus

1006 1481 1165 1545 universis
1194 1483 1384 1546 Christianis
1409 1485 1619 1548 committitur
1650 1485 1746 1562 istud,

1006 1581 1157 1660 quoniam
1182 1582 1242 1663 ipsi
1265 1591 1340 1644 sunt
1359 1601 1459 1662 genus
1474 1583 1621 1660 electum,
1644 1583 1749 1664 regale
1764 1597 1894 1651 ιριιιιιθ.

1007 1679 1229 1756 sacerdotium,
1242 1699 1320 1761 gens
1336 1690 1450 1756 sancta,
1464 1682 1601 1763 populus
1616 1681 1750 1763 acquisi-

1008 1776 1104 1838 tionis
1118 1795 1124 1838 :
1138 1777 1255 1860 quibus
1269 1779 1313 1840 ait
1327 1779 1504 1861 Apostolus,
1514 1779 1680 1861 Templum
1694 1779 1748 1842 bei
1787 1800 1857 1844 reor.
1866 1817 1894 1854 ιιι,

201 1877 299 1939 nibus
320 1874 496 1957 superfluis
516 1881 547 1936 et
568 1872 753 1948 immundis,
772 1871 952 1936 affectioni·
970 1874 992 1934 B
1008 1883 1152 1938 sanctum
1168 1884 1226 1952 est,
1239 1877 1324 1958 quod
1340 1877 1416 1939 estis
1427 1895 1503 1952 vos;
1521 1896 1562 1940 ne
1573 1878 1651 1959 ipsis
1665 1878 1750 1959 juste
1765 1864 1798 1906 ¹⁷·

202 1977 262 2038 bus
277 1974 380 2052 vaniS,
398 1983 550 2054 tanquam
572 1971 765 2034 stercoribus
785 1980 816 2033 et
836 1970 950 2048 urinis,

201 2093 275 2156 qua
290 2073 418 2136 assidue
435 2072 593 2154 ejicienda
609 2078 691 2147 sunt,
705 2071 897 2132 transeundo
912 2070 951 2131 ad

202 2173 311 2235 locum
328 2179 485 2234 secretum
501 2153 588 2233 e'xtra
602 2169 739 2232 aliorum
753 2170 950 2250 adspectum,

203 2271 260 2333 ubi
277 2270 374 2332 homo
386 2289 419 2331 se
430 2269 536 2351 ipsum
548 2267 738 2343 consideret,
749 2265 909 2342 discutiat,
923 2273 954 2327 et

202 2389 262 2432 sua
277 2386 385 2432 coram
402 2369 465 2430 lleo
488 2375 616 2449 peccata
637 2366 829 2429 confiteatur
852 2383 889 2427 ac
904 2365 955 2426 de-

205 2469 285 2531 fleat
303 2488 310 2532 :
334 2467 444 2549 sicque
460 2465 582 2549 operiat
598 2485 635 2528 ea
652 2467 761 2542 humo,
775 2465 806 2527 id
823 2473 871 2527 est
886 2482 956 2546 pro-

204 2569 284 2654 pria
317 2566 501 2648 fragilitatis
532 2564 647 2627 humili
677 2563 892 2640 confessione,
922 2563 955 2625 in

204 2675 324 2732 sancta
340 2665 531 2728 humilitatis
542 2663 713 2747 profundo,
728 2664 812 2726 intra
826 2684 858 2727 se
871 2662 957 2726 fode-

205 2789 240 2830 re
257 2766 364 2841 debet,
382 2765 547 2846 pensando
559 2764 709 2828 universa
724 2772 755 2826 et
771 2762 906 2843 singula,
920 2781 957 2824 ex

204 2866 328 2949 quibus
350 2864 513 2927 inducitur
535 2865 630 2926 homo
653 2864 692 2926 ad
717 2862 955 2945 pracordialem

205 2986 243 3030 ac
259 2965 390 3049 plenam
411 2964 460 3026 sui
482 2963 583 3045 ipsius
606 2963 873 3026 humiliationem.
896 2965 958 3023 Do-

1007 1973 1142 2050 dicatur,
1160 1975 1262 2037 Homo.
1275 1995 1374 2055 quum
1392 1975 1424 2037 in
1441 1975 1562 2039 bonore
1578 1984 1749 2051 essetnec
1781 1989 1896 2042 Panna.

1009 2071 1176 2136 intellexit.
1193 2074 1241 2150 Et,
1265 2074 1533 2156 Computrncrunt
1554 2075 1698 2156 jumenta
1718 2075 1750 2136 in
1767 2052 1892 2165 ’ᾏΜ

1010 2180 1147 2235 stercore
1163 2191 1231 2235 suo.
1249 2172 1467 2236 fornicatores
1482 2173 1602 2238 etenim
1617 2183 1649 2237 et
1663 2174 1753 2236 adul·
1767 2185 1898 2236 Hebenus

1010 2281 1094 2335 teros
1109 2271 1265 2352 judicabit
1282 2272 1374 2333 lleus.
1392 2272 1440 2349 Et,
1459 2272 1566 2355 Neque
1582 2272 1750 2348 immundi,
1782 2286 1899 2338 iconae,

1011 2390 1114 2452 neque
1130 2369 1254 2447 mellea,
1271 2389 1375 2452 neque
1391 2370 1598 2435 fornicatores
1620 2391 1754 2454 regnum
1770 2353 1802 2393 ¹⁰·

1011 2471 1064 2533 llei
1083 2469 1583 2552 possidebunt.Specialitervero
1600 2490 1655 2553 per
1667 2470 1755 2533 filios

1011 2578 1041 2632 et
1059 2568 1145 2631 filias
1161 2569 1266 2644 lsrael,
1280 2568 1502 2649 intelliguntur
1522 2569 1704 2652 spirituales
1719 2589 1756 2632 ac

1013 2667 1169 2747 religiosae
1194 2666 1361 2747 utriusque
1386 2687 1479 2730 sexus
1504 2687 1659 2750 persona,
1677 2687 1756 2749 quas

1012 2766 1051 2827 ab
1068 2765 1155 2829 omni
1179 2765 1419 2828 incontinentia
1434 2766 1512 2829 vitio
1529 2775 1653 2848 oportet
1672 2786 1756 2828 sum-

1013 2884 1064 2927 me
1076 2883 1198 2927 cavere.
1208 2863 1354 2926 Universi
1367 2882 1493 2946 quoque
1509 2864 1623 2928 fideles
1638 2865 1678 2926 ab
1693 2883 1757 2927 om·

1014 2964 1047 3025 ni
1069 2962 1281 3026 fornicatione
1298 2962 1456 3044 corporali
1471 2983 1508 3025 ac
1524 2962 1682 3045 spirituali
1700 2982 1756 3026 scu

208 3069 320 3126 orions
335 3067 423 3125 enim
440 3067 525 3125 Deus
543 3073 617 3124 tuus
638 3065 784 3123 nnzbuIaf
802 3064 835 3122 in
852 3063 956 3122 medio
972 3058 994 3122 C
1013 3061 1179 3125 aversione
1195 3060 1311 3122 mentis
1326 3081 1344 3122 a
1359 3061 1433 3137 Deo,
1446 3070 1478 3123 et
1493 3079 1650 3124 consensu
1667 3060 1757 3123 illici-

204 3175 403 3234 castrorum,
416 3162 448 3224 id
465 3170 512 3225 est
529 3162 611 3224 inter
627 3180 701 3224 vere
717 3159 904 3235 catholicos
923 3166 957 3220 ut

206 3263 360 3326 inimicos
376 3262 524 3324 bumana
540 3259 651 3322 salutis
664 3258 813 3338 subjiciat
829 3257 957 3319 illis.ld·

205 3363 295 3426 circo
311 3369 415 3423 castra
435 3368 553 3436 nostra,
574 3359 606 3422 id
626 3368 674 3421 est
690 3359 785 3421 corda
800 3366 895 3437 atque
910 3375 958 3418 ec-

205 3461 326 3536 clesia,
345 3467 455 3521 sancta
471 3459 546 3536 sint,
570 3459 614 3519 ita
634 3465 669 3518 ut
690 3455 721 3518 in
739 3455 907 3538 prasentia
928 3462 958 3516 ct

205 3560 363 3641 adspectu
378 3555 612 3638 Ornnipotentis
634 3555 752 3637 jugiter
775 3554 874 3615 simus
896 3552 959 3614 sin-

205 3659 286 3736 ceri,
305 3655 468 3732 custoditi,
482 3655 686 3736 virtuoseque
700 3652 855 3735 occupati.

255 3758 330 3819 Non
360 3759 466 3816 trades
493 3775 622 3814 serrarum
647 3755 778 3813 ebornino
803 3771 873 3820 stre,
900 3751 958 3829 qui

207 3874 323 3918 servus
344 3857 388 3914 od
408 3863 436 3913 tc
453 3853 635 3929 confecerit
647 3874 657 3912 :
675 3851 780 3927 idest,
799 3850 825 3910 si
842 3847 958 3929 aliquis

206 3953 431 4018 dominatione
456 3949 575 4014 diaboli
601 3969 740 4032 pressus,
766 3950 877 4030 jugum
903 3947 959 4008 irn-

207 4052 341 4136 pictatis
367 4051 501 4113 evadere
523 4049 667 4131 cupiens,
691 4057 721 4110 te
742 4065 799 4130 pro
824 4046 959 4109 consilio

207 4151 397 4232 arixilioque
415 4148 593 4223 accesserit,
612 4146 746 4210 condole
768 4146 809 4222 ei,
831 4154 863 4207 et
879 4144 960 4206 salu-

1014 3171 1045 3224 to
1066 3161 1184 3223 debent
1205 3158 1333 3241 ponitus
1355 3159 1528 3237 abstinere,
1545 3159 1620 3240 quia
1641 3159 1757 3225 adhoc

1014 3261 1197 3322 incarnatus
1219 3265 1267 3320 cst
1281 3256 1380 3319 Filius
1396 3258 1461 3335 llei,
1481 3267 1515 3319 ut
1537 3258 1570 3320 in
1590 3259 1757 3322 sanctitate
1783 3280 1901 3328 censs.

1013 3367 1044 3422 et
1057 3357 1181 3440 justitia
1196 3374 1301 3419 coram
1318 3356 1481 3420 altissimo
1496 3356 1614 3421 deifice
1629 3376 1758 3422 conver-

1014 3476 1131 3520 semur.
1150 3458 1222 3518 Non
1246 3457 1356 3533 effera
1378 3459 1552 3517 rrtcrracdcm
1569 3459 1756 3535 prostibuli,

1014 3577 1070 3617 nec
1092 3556 1237 3634 pretium
1262 3557 1354 3615 canis
1373 3558 1410 3616 in
1431 3559 1524 3617 domo
1542 3559 1605 3618 Det
1630 3559 1679 3618 tui
1694 3578 1705 3616 .·
1725 3556 1757 3618 id

1013 3664 1072 3730 est,
1089 3655 1129 3717 ab
1144 3653 1232 3716 omni
1249 3653 1356 3735 specie
1371 3655 1454 3717 mala
1470 3653 1503 3716 in
1514 3655 1648 3718 ecclesia
1663 3655 1759 3718 absti-
1787 3672 1906 3721 triam.

1014 3773 1065 3830 ne,
1088 3761 1257 3833 motusque
1274 3751 1481 3833 impatientia
1500 3761 1532 3816 et
1551 3752 1606 3816 ira
1626 3753 1757 3817 caninos
1773 3737 1806 3779 ²²¹

1014 3851 1143 3934 repelle.
1155 3851 1272 3912 llerces
1282 3851 1409 3912 demum
1426 3850 1658 3933 prostibuli,est
1668 3852 1759 3916 favor

1013 3951 1053 4014 ab
1074 3950 1183 4031 aliquo
1199 3957 1389 4012 consecutus
1409 3950 1448 4013 de
1468 3950 1603 4013 aliorum
1623 3952 1758 4016 seducti-

1014 4069 1087 4127 onc,
1109 4047 1434 4130 constuprationeque
1457 4048 1636 4121 animarum
1659 4069 1666 4112 :
1693 4069 1758 4132 quo

1015 4149 1124 4212 farore
1139 4149 1221 4209 llcus
1237 4165 1300 4209 non
1316 4146 1563 4223 honoratur,sed
1573 4148 1641 4210 dire
1656 4149 1759 4213 oflen-

208 4250 313 4314 briter
330 4269 401 4312 curn
418 4247 569 4319 informa,
586 4267 622 4309 ae
638 4245 744 4308 dctinc
761 4245 792 4305 in
806 4244 957 4306 virtutum
978 4247 1111 4309 llditnr.
1129 4247 1224 4308 Porro
1241 4264 1312 4325 qua
1333 4253 1509 4325 sequuntur
1526 4247 1566 4309 de
1585 4266 1759 4312 accommo

209 4357 386 4424 structura,
404 4365 462 4408 ncc
478 4345 587 4426 aliquo
611 4344 705 4406 modo
730 4361 846 4424 augeas
862 4350 960 4403 tenta-

211 4449 337 4512 tionem
359 4445 472 4528 ipsiuS,
494 4463 552 4506 nec
572 4462 645 4506 eum
672 4441 770 4506 facias
796 4440 961 4524 pusillani-

211 4565 313 4624 mem,
332 4547 382 4608 vel
398 4546 438 4607 ad
454 4543 589 4626 pristina
599 4541 677 4604 vitia
693 4540 888 4615 redeuntem,
902 4558 960 4602 nec

1016 4346 1144 4409 datione
1160 4345 1200 4407 ad
1216 4363 1356 4418 usuram,
1370 4344 1410 4406 dc
1425 4345 1490 4407 roti
1506 4345 1701 4427 impletione,
1719 4347 1759 4410 de

1016 4443 1191 4507 relectione
1203 4443 1235 4504 in
1251 4441 1383 4504 alterius
1394 4441 1487 4504 vinca
1501 4451 1556 4504 aut
1570 4453 1686 4523 segete,
1693 4445 1757 4526 jam

1016 4561 1113 4624 snpra
1128 4540 1338 4624 spiritualiter
1353 4547 1476 4602 exstant
1491 4541 1643 4622 exposita.
