4309 6259
551 501 729 548 attenuatio
750 500 781 545 IN
802 499 870 546 GAP.
894 498 915 545 X
936 499 1133 546 NUMERORUH.
1156 515 1197 528 ·-·
1216 497 1289 544 thr.
1312 498 1376 544 xvtl

723 907 1047 994 ARTICULUS
1084 909 1209 992 XVll

288 1189 480 1234 nncannnrre
503 1189 676 1234 tirrannus
698 1187 836 1232 cnrrruu
856 1184 959 1230 nactur
981 1185 995 1229 :-
1013 1183 1202 1238 tocvrvsova
1224 1186 1277 1230 asr
1298 1186 1429 1232 marnes
1451 1187 1492 1232 nn
1512 1187 1643 1245 uovserv,

769 1285 874 1330 ereans
897 1284 904 1327 :
927 1284 985 1330 nnc
1005 1283 1076 1342 rtur,
1100 1283 1165 1328 arc.
1244 1287 1248 1296 ·

259 1565 474 1648 Emultiplici
497 1565 601 1648 plebis
624 1563 804 1627 israeliticae
825 1579 939 1626 convo
954 1562 979 1624 h
994 1560 1189 1643 cipiendum,
1213 1562 1290 1644 quia
1319 1564 1359 1626 ad
1388 1564 1486 1628 totam
1512 1567 1638 1648 plebem
1665 1588 1740 1633 con-

268 1664 396 1727 catione
407 1671 438 1726 et
453 1663 600 1726 ordinata
615 1661 837 1745 progressione
853 1678 939 1722 nunc
994 1661 1172 1722 vocandum
1197 1662 1298 1724 ambra
1324 1663 1408 1725 tuhae
1430 1665 1596 1743 sonabant,
1614 1659 1738 1732 duobus

186 1767 295 1847 agitur
313 1784 321 1828 τ
339 1770 543 1846 Laertesque
557 1775 602 1826 est
617 1767 776 1826 Dominus
792 1767 836 1824 ed
852 1767 940 1840 Moy-
994 1759 1211 1822 sacerdolihus
1235 1761 1266 1822 id
1289 1762 1467 1841 agentibus
1485 1767 1525 1826 Si
1539 1772 1635 1826 semel
1649 1772 1740 1830 clan-

184 1887 256 1937 sen,
277 1867 389 1926 dicens
405 1886 416 1924 .·
436 1869 499 1925 Fae
523 1866 592 1936 tibi,
611 1863 643 1926 id
667 1871 725 1939 est,
742 1881 806 1944 .per
826 1881 940 1923 manus
991 1861 1114 1931 queris,
1133 1857 1193 1921 hoc
1208 1868 1257 1921 est
1277 1880 1350 1922 cum
1367 1881 1430 1923 una
1449 1865 1543 1938 tuba;
1560 1866 1611 1927 vel
1627 1867 1736 1945 semel,
1798 1944 1801 1948 λ

185 1963 353 2027 artificum
371 1962 443 2026 lieri
458 1963 746 2044 jubc,duestubas
761 1971 938 2038 arpenteas,
995 1956 1027 2017 id
1049 1963 1098 2018 cst
1120 1975 1184 2019 uno
1206 1957 1359 2040 impulsu,
1378 1979 1434 2023 sou
1458 1962 1579 2044 absque
1604 1964 1740 2028 interru-

185 2064 265 2144 quia
290 2063 369 2125 tales
393 2069 467 2124 sunl
489 2062 571 2124 bene
587 2063 867 2144 sonorae,clucliles
883 2080 893 2118 .·
910 2065 941 2120 et
995 2049 1126 2137 ptionc;
1144 2059 1273 2118 venient
1288 2061 1333 2118 ad
1354 2069 1383 2120 te
1400 2063 1567 2140 principes
1586 2074 1616 2124 et
1631 2069 1739 2142 capito

185 2163 233 2224 ita
249 2181 315 2224 non
332 2169 424 2225 erant
440 2159 531 2236 lusae,
548 2161 604 2222 sed
621 2159 807 2222 malleorum
824 2156 940 2220 ictibus
995 2156 1232 2227 multitudinis,
1250 2155 1372 2218 scilicet
1392 2158 1554 2242 principes
1570 2162 1738 2226 duodecim

185 2262 300 2334 lactan
321 2259 383 2321 nisi
410 2259 493 2322 iorte
515 2259 649 2334 dicatur,
668 2258 750 2320 sicut
776 2257 814 2319 de
840 2255 940 2318 vitulo
996 2251 1150 2326 tribuum,
1167 2253 1217 2316 vel
1233 2254 1329 2316 etiarn
1351 2255 1471 2318 tribuni
1490 2266 1521 2320 et
1536 2261 1739 2325 centuriones

184 2357 349 2423 conflatili
366 2358 589 2438 dicitur,quod
605 2355 728 2419 scilicet
742 2355 821 2417 lusce
837 2353 941 2435 primo
995 2369 1031 2412 ac
1046 2350 1169 2431 judices
1187 2369 1194 2412 :
1211 2353 1297 2432 quod
1314 2351 1423 2432 liebat,
1438 2375 1538 2437 quum
1553 2358 1673 2441 Moyses
1690 2379 1741 2424 vo

188 2459 324 2534 luerint,
342 2457 458 2520 deinde
480 2455 627 2519 martello
650 2473 808 2538 percussa
830 2472 866 2515 ac
890 2454 941 2515 de
997 2448 1081 2511 lebat
1095 2469 1169 2511 curn
1184 2450 1231 2512 eis
1246 2470 1373 2515 servare
1388 2454 1571 2533 consilium,
1584 2466 1640 2520 aut
1656 2459 1741 2521 inve

185 2565 326 2631 coratae;
344 2558 462 2636 quibes
484 2575 657 2616 convocare
673 2555 775 2632 possis
796 2554 941 2613 mellitae
996 2547 1114 2627 stigare
1126 2546 1263 2629 qualiter
1277 2550 1499 2629 gubernabant
1515 2554 1741 2636 subjectosln-

185 2658 302 2716 clinem
319 2653 431 2737 populi
448 2654 499 2716 cui
515 2655 768 2736 praesecanda
784 2653 940 2711 movenda
996 2643 1103 2726 super,
1116 2655 1211 2727 prout
1234 2647 1396 2730 losephus'
1416 2651 1538 2729 recitat,
1551 2653 1740 2736 clangebant

184 2764 267 2814 seret
292 2743 413 2824 cestra,
440 2752 500 2814 hoc
525 2759 584 2827 est,
608 2750 736 2832 quando
761 2748 941 2812 decreveris
959 2743 1091 2812 Batiam
1114 2744 1212 2807 semel
1234 2754 1266 2808 ct
1285 2766 1348 2808 una
1369 2748 1456 2825 tuba,
1473 2750 1549 2812 dum
1569 2753 1739 2834 quisquam

186 2852 347 2934 populum
365 2851 461 2912 istum
478 2851 517 2912 ad
535 2858 565 2912 te
580 2849 696 2912 debere
712 2849 872 2924 accedere,
891 2847 940 2910 vel
994 2841 1177 2925 principum
1199 2863 1289 2907 suam
1310 2847 1430 2909 tribd'm
1450 2849 1552 2912 voluit
1571 2870 1739 2933 congrega-

186 2951 299 3034 polius
321 2951 452 3031 quando
472 2947 621 3032 progredi
642 2948 747 3010 debet.
771 2946 885 3027 Sicque
908 2947 940 3007 in
995 2961 1039 3002 re.
1058 2945 1122 3003 Sin
1137 2954 1245 3004 cetere
1258 2947 1422 3022 preliator
1432 2957 1528 3027 cepere
1542 2953 1697 3024 concisus,
1707 2952 1739 3015 id

185 3050 297 3113 verbis
324 3049 376 3110 his
403 3055 576 3128 tanguntur
597 3047 672 3123 due,
696 3047 735 3108 ad
762 3065 833 3127 que
856 3046 941 3109 tuba
995 3048 1043 3102 esi
1067 3040 1275 3122 interruptus,
1301 3047 1434 3120 elenper
1458 3047 1624 3110 ambarum
1651 3050 1740 3114 tuba-

186 3149 255 3211 illte
271 3147 508 3224 deserviebant,
522 3145 672 3208 videlicet
686 3145 872 3208 convocatio
887 3162 942 3226 po
995 3159 1066 3201 rum
1082 3141 1280 3217 increpuerit
1288 3146 1477 3212 ,movebant
1492 3157 1598 3208 castre
1613 3150 1652 3210 ad
1668 3169 1740 3233 pro

185 3248 271 3330 puli,
284 3255 316 3310 et
333 3246 404 3328 ejus
420 3245 748 3328 progressusldcirco
762 3244 812 3323 (ut
828 3241 942 3324 fertur)
994 3235 1202 3318 gradiendum
1209 3242 1395 3322 primi,qui
1408 3254 1485 3305 suet
1495 3249 1540 3305 cd
1550 3249 1739 3311 orientalem

186 3345 325 3429 prelata
342 3345 455 3406 littera
471 3343 571 3406 verba
585 3343 617 3404 in
634 3341 764 3405 Hebraeo
784 3341 941 3404 habentur
989 3341 1137 3414 plepem,
1154 3337 1302 3401 videlicet
1322 3339 1425 3404 tribus
1439 3342 1518 3405 luda
1540 3353 1571 3408 et
1593 3347 1664 3410 duas
1684 3347 1740 3411 tri-

187 3463 266 3507 cum
283 3442 513 3525 conjunctione
529 3439 720 3523 copulativa,
738 3440 797 3503 hoc
819 3440 913 3503 modo
931 3461 938 3504 :
996 3435 1054 3497 bus
1074 3435 1103 3498 ei
1124 3436 1293 3517 adjunctae,
1311 3447 1422 3520 utpote
1437 3441 1578 3505 issachar
1597 3453 1629 3508 et
1645 3447 1740 3510 Zabu-

185 3543 312 3617 Ouibus
326 3558 507 3605 convocare
522 3538 626 3621 possis
642 3537 893 3615 multitudinem,
910 3547 941 3600 et
995 3533 1059 3610 lon,
1069 3553 1141 3615 quae
1155 3535 1194 3597 ad
1210 3535 1364 3598 orientem
1383 3539 1579 3604 tabernaculi
1600 3542 1740 3608 lixerunt

183 3641 320 3722 quando
341 3637 500 3702 movenda
522 3644 596 3698 sunt
617 3645 732 3699 castra.
748 3635 813 3699 lmo
833 3645 868 3697 ut
882 3636 942 3698 hla-
995 3632 1141 3695 tentoria.
1159 3638 1200 3695 Ia
1214 3639 1352 3695 seeundo
1367 3648 1476 3699 autem
1495 3643 1605 3702 sonitu
1619 3654 1649 3704 et
1659 3647 1740 3721 peri

183 3741 288 3820 gister
304 3738 339 3800 in
356 3736 500 3800 historiis
520 3737 575 3812 ait,
593 3743 625 3796 et
644 3753 682 3797 ex
698 3743 784 3796 textu
801 3733 938 3810 elicitur,
994 3734 1127 3792 ululatu
1143 3734 1237 3802 errore,
1249 3733 1280 3794 id
1303 3742 1351 3795 est
1374 3736 1520 3798 tubarum
1544 3742 1708 3804 ambarum
1729 3763 1736 3806 :

185 3837 286 3900 'l'uba
303 3837 373 3899 istae
388 3834 558 3897 valuerunt
573 3834 613 3895 ad
629 3841 765 3914 quatuor
781 3851 857 3894 usus
875 3850 882 3894 :
900 3832 940 3894 ad
994 3829 1049 3910 qui
1066 3829 1207 3892 ululatus
1218 3849 1273 3893 seu
1290 3841 1492 3915 perstrepens
1503 3856 1611 3915 sonus,
1622 3839 1739 3903 similis

186 3935 372 4000 vocandum
406 3931 661 4008 multitudinem,
694 3931 732 3992 ad
763 3931 976 3995 castrorumC
996 3925 1057 3989 luit
1078 3927 1183 4010 primo
1206 3929 1354 3992 tubarum
1377 3933 1496 3996 sonitui
1518 3937 1682 4017 prolixiori
1708 3949 1741 4002 et

186 4033 379 4108 motionem,
408 4031 448 4092 ad
473 4028 567 4106 bella,
595 4030 633 4090 ad
660 4027 752 4091 festa.
780 4029 881 4110 Atque
905 4036 940 4090 ut
994 4026 1143 4100 conciso;
1171 4031 1321 4089 levabunt
1347 4034 1484 4092 euteria
1508 4037 1567 4112 qui
1591 4037 1739 4099 habirent

182 4130 345 4213 Iosephus
362 4134 566 4210 protestatur,
575 4126 627 4188 Ha
641 4125 726 4189 tuba
741 4133 832 4187 crant
846 4125 939 4206 quasi
994 4129 1038 4186 ael
1053 4128 1232 4198 meridiem,
1240 4127 1300 4190 hoc
1315 4137 1363 4190 est
1380 4129 1480 4193 trihus
1496 4131 1606 4196 huben
1622 4143 1654 4196 et
1668 4137 1739 4201 dna

184 4227 309 4291 listulae
325 4225 524 4302 cantatoria,
544 4223 635 4306 quasi
653 4223 872 4304 magnitudine
887 4244 939 4286 cu·
996 4223 1098 4286 tribus
1112 4224 1141 4286 ei
1157 4243 1298 4302 annexa,
1316 4246 1387 4308 quaa
1403 4229 1441 4290 ad
1461 4231 1669 4296 meridianam
1694 4244 1738 4298 ta-

184 4326 395 4404 biti,calamo
407 4323 590 4406 capaciores
605 4342 662 4384 seu
677 4322 939 4404 amplioresque
995 4322 1159 4386 hernaculi
1189 4323 1314 4404 plagam
1345 4325 1414 4388 loca
1443 4328 1669 4396 sortiebantur.
1697 4340 1739 4398 ll'l

184 4426 220 4487 in
245 4421 408 4506 principio
429 4421 490 4498 sui,
517 4440 573 4483 seu
598 4419 796 4483 extremitate
822 4419 937 4482 initiali
987 4424 1091 4500 joele
1114 4424 1202 4482 hune
1225 4426 1357 4485 moelem
1382 4429 1503 4506 reliqui
1525 4431 1650 4506 faetent
1668 4455 1680 4493 ,·
1706 4434 1737 4497 id

183 4521 400 4586 continebant
416 4518 619 4588 latitudinem
636 4518 683 4581 ori
694 4518 938 4581 convenientem
994 4527 1052 4596 est,
1071 4519 1104 4580 in
1128 4520 1222 4582 tertio
1244 4521 1351 4584 sonitu
1374 4523 1475 4585 tribus
1491 4525 1641 4608 Ephraim
1664 4550 1735 4593 curn

184 4623 228 4685 ad
245 4619 485 4701 susceptionem
501 4617 755 4698 anhelitus,quae
771 4634 871 4679 accan
887 4636 939 4698 ap
994 4617 1056 4680 sibi
1078 4618 1239 4699 adjunctis
1261 4621 1299 4682 ad
1321 4621 1519 4685 occidentem
1545 4625 1656 4704 locata,
1675 4648 1739 4693 ruo

186 4719 331 4802 pelletur
346 4716 511 4780 hebraice.
995 4716 1082 4780 vehit
1097 4725 1220 4792 castra;
1238 4717 1271 4779 in
1287 4728 1400 4800 quarto
1415 4721 1533 4799 sonitu,
1553 4723 1656 4787 trihus
1672 4726 1737 4790 Dan

232 4822 404 4895 Quernpue
415 4816 615 4892 increpueris
627 4815 793 4884 telleneu
810 4815 939 4895 proprio
995 4835 1067 4878 cum
1084 4815 1162 4891 suis,
1180 4835 1250 4897 quae
1265 4827 1355 4880 erant
1370 4819 1409 4881 ad
1424 4820 1618 4901 aquilonem.
1632 4829 1740 4894 Quen-

186 4936 258 4994 ore,
277 4916 333 4978 sed
350 4933 407 4996 per
423 4915 614 4990 sacerdotes,
626 4912 743 4994 quibus
759 4912 878 4995 Moyses
893 4912 941 4976 ol·
994 4919 1034 4975 do
1050 4925 1159 4976 autem
1173 4922 1415 4994 conprepandus
1429 4931 1474 4981 est
1489 4927 1632 5000 populus
1654 4933 1740 4988 totus

187 5015 306 5078 licium
339 5013 399 5076 boc
424 5011 596 5088 commisit,
625 5020 657 5072 ut
684 5010 768 5073 inira
793 5011 939 5091 hahetur,
996 5014 1034 5076 ad
1049 5013 1187 5095 Moysen,
1205 5014 1287 5076 sicut
1301 5016 1367 5097 iam
1387 5018 1508 5081 dictum
1524 5029 1583 5098 est,
1599 5024 1740 5102 simplem

185 5113 440 5192 conpreqablter
450 5115 495 5172 ad
506 5121 533 5172 te
543 5113 649 5171 omnis
666 5113 759 5171 turba
770 5111 814 5171 cel
823 5113 941 5172 ostium
956 5121 981 5181 D
997 5115 1149 5174 tuborum
1163 5133 1260 5173 sonus
1278 5117 1352 5187 erit,
1368 5127 1398 5177 et
1413 5138 1478 5179 nore
1493 5123 1614 5181 concise
1630 5126 1741 5184 ulula-

187 5213 407 5283 tabernaccli,
429 5218 506 5292 puta
532 5209 565 5270 in
591 5209 684 5286 atrio,
706 5217 737 5270 et
761 5208 857 5284 circa,
885 5229 939 5272 seu
996 5214 1085 5271 beel.
1103 5210 1191 5273 'lunc
1215 5211 1301 5275 enim
1325 5213 1390 5276 duo
1411 5217 1590 5280 sacerdotes
1612 5219 1739 5301 clango-

187 5329 306 5396 prope.
334 5309 420 5370 lstud
450 5309 489 5370 de
518 5306 674 5370 ambabus
704 5306 788 5369 tubis
817 5316 865 5369 est
892 5327 942 5372 ac·
995 5308 1073 5371 bant
1088 5308 1148 5372 soli
1164 5310 1176 5337 *
1191 5328 1255 5372 uno
1270 5311 1411 5394 impulsu
1429 5333 1466 5376 ao
1485 5312 1637 5381 breviori.
1654 5319 1739 5380 Filii
1765 5333 1836 5379 uon
