4309 6259
579 498 753 546 suanmrro
773 498 805 546 m
826 496 895 543 aar.
917 494 973 543 m
993 495 1096 542 nxonr.
1118 515 1159 526 -
1178 498 1249 543 aar.
1273 497 1334 545 xuu
1689 483 1727 546 13

173 670 297 746 divini‚·
313 670 392 753 quia
414 689 473 753 per
494 668 696 751 judiciariam
722 676 923 752 potestatem,
942 665 967 727 Α
982 668 1059 732 dom
1075 669 1127 747 sit,
1138 668 1165 731 si
1182 668 1278 734 luerit
1293 670 1386 733 lacta.
1397 670 1542 735 Secundo
1557 671 1726 754 exponitur

173 778 205 831 et
219 770 360 832 aliorum
376 769 653 851 gubernationem,
672 768 925 849 vicariatumque
982 766 1028 830 sic
1046 786 1053 829 :
1072 768 1104 830 Si
1119 768 1192 849 quis
1208 769 1387 832 vendiderit
1402 768 1507 833 liliam
1524 789 1614 833 suam
1631 770 1664 832 in
1681 769 1728 833 la·

173 866 240 945 oei,
269 869 399 931 divinas
424 869 636 951 proprietates
661 868 866 950 participant,
895 874 926 929 et
981 867 1113 943 mulam,
1135 866 1195 931 boc
1219 876 1278 944 est,
1301 868 1328 930 si
1353 868 1426 949 quis
1446 867 1597 932 ilcbraeus
1622 868 1725 931 liliam

175 966 238 1029 Deo
254 967 440 1049 specialiter
455 967 684 1043 assimilantur,
695 967 806 1029 saltem
824 966 857 1027 in
873 966 928 1027 do
982 985 1072 1029 suam
1095 968 1238 1029 nondum
1260 966 1403 1030 nubilem
1424 969 1541 1031 vendat
1563 968 1656 1032 alteri
1671 969 1728 1031 lle·

177 1066 226 1126 nis
243 1066 295 1127 his
311 1066 423 1147 gratiae
437 1067 637 1145 gratisdatae.
651 1069 694 1127 Εῖ
707 1066 928 1145 applicabitur
982 1064 1078 1141 brac,
1103 1073 1139 1128 ut
1159 1065 1277 1128 serviat
1296 1065 1325 1129 ei
1349 1067 1389 1129 ad
1417 1075 1553 1149 tempus,
1571 1076 1728 1149 quatenus

175 1168 220 1224 ad
233 1168 356 1225 ostium
371 1174 401 1225 et
413 1174 518 1243 postes
529 1163 737 1241 tabernaculi,
747 1163 837 1244 juxta
851 1181 928 1244 praee
983 1163 1114 1227 interim
1137 1164 1317 1227 consideret
1342 1184 1446 1228 mores
1470 1165 1557 1246 ejus,
1584 1186 1626 1228 an
1650 1164 1729 1230 velit

176 1272 306 1344 ceptum
323 1265 525 1327 sacerdotum
542 1283 597 1327 seu
610 1263 929 1345 judicum3perfora-
983 1280 1053 1325 eam
1069 1261 1131 1323 sibi
1146 1271 1201 1323 aut
1217 1260 1287 1325 filio
1303 1281 1361 1326 suo
1375 1263 1519 1345 accipere
1534 1263 1567 1326 in
1583 1282 1726 1340 uxorem,

175 1362 780 1441 oitqueauremeJ'ussedatadominus
794 1359 925 1437 suus,in
985 1376 1049 1421 nou
1070 1361 1249 1440 egredietur
1274 1361 1357 1424 siout
1377 1362 1502 1426 ancille
1523 1362 1631 1444 egredi
1653 1380 1729 1425 con-

175 1460 306 1539 signum
323 1469 487 1543 perpetue
504 1460 685 1523 servitutis:
697 1460 785 1541 quod
801 1459 928 1539 signum
985 1467 1167 1537 sueverunt,
1178 1458 1209 1522 id
1226 1468 1357 1538 cst,non
1373 1460 1581 1524 dimittetura
1595 1461 1729 1525 domino

178 1558 210 1620 in
225 1578 305 1621 aure
320 1560 488 1623 evidenter
504 1559 662 1641 apparuit.
674 1558 743 1636 Vel,
756 1556 929 1640 perforatio
986 1576 1042 1620 suo
1065 1557 1148 1620 sicut
1167 1558 1340 1621 dimittitur
1357 1560 1474 1623 ancilla
1495 1578 1533 1622 ex
1552 1558 1615 1623 alia
1635 1568 1729 1640 gente

177 1656 234 1719 illa
255 1656 358 1721 fiebat
379 1658 409 1721 ei
432 1657 466 1719 in
489 1676 616 1739 poenam
639 1665 671 1720 θῖ
693 1656 928 1731 confusionem,
985 1664 1102 1738 empta,
1124 1676 1196 1738 quae
1221 1656 1283 1720 luit
1306 1658 1423 1722 ancilla
1445 1657 1645 1740 simpliciter,
1670 1676 1729 1721 nec

177 1757 313 1837 eoquod
330 1754 434 1819 noluit
449 1756 498 1817 uti
511 1756 583 1838 jure
598 1754 755 1818 libertatis
771 1754 833 1818 sibi
844 1753 930 1817 obla·
986 1754 1093 1834 egredi
1113 1755 1228 1837 potuit,
1246 1756 1308 1819 nisi
1324 1756 1473 1820 dominus
1493 1756 1684 1821 excussisset
1699 1756 1729 1819 ci

179 1861 228 1930 tu,
253 1872 290 1916 ac
316 1853 479 1919 beneficio
505 1853 594 1933 legis.
611 1854 721 1917 Flebat
744 1872 873 1935 quoque
897 1853 931 1914 in
948 1856 971 1917 ll
985 1853 1114 1915 dentem
1130 1862 1185 1916 aut
1199 1854 1339 1932 oculum,
1357 1855 1441 1917 utin
1457 1856 1518 1918 isto
1534 1855 1730 1918 intrababe·

177 1972 255 2015 aure
274 1954 389 2034 magis,
407 1972 505 2037 quam
526 1954 560 2015 in
580 1953 643 2016 alia
662 1952 805 2036 corporis
827 1960 928 2034 parte,
987 1959 1036 2013 tur
1051 1950 1191 2034 capitulo
1209 1970 1215 2014 :
1233 1954 1319 2035 quod
1340 1970 1405 2016 non
1421 1952 1604 2018 servabatur
1617 1954 1652 2016 in
1674 1972 1729 2015 an-

177 2052 333 2133 quoniam
356 2071 413 2134 per
428 2052 575 2115 auditum
595 2052 709 2115 didicit
730 2060 762 2115 et
784 2049 929 2134 percepit
985 2048 1059 2111 oilla
1077 2049 1224 2127 Hebraea3
1246 2050 1311 2114 imo
1326 2050 1382 2133 qui
1401 2070 1471 2115 eam
1492 2051 1537 2114 sic
1558 2052 1731 2135 percussis-

176 2151 230 2232 jus
253 2151 478 2233 hujuscemodi
502 2150 669 2214 libertatis.
687 2150 822 2214 Auditus
837 2149 930 2232 quip
985 2155 1043 2225 set,
1070 2148 1168 2210 simili
1193 2167 1297 2231 poenae
1321 2149 1491 2231 subjacuit.
1518 2150 1597 2213 Huic
1622 2159 1728 2214 autem
1836 2172 1837 2175 ¹

179 2268 230 2331 pe,
241 2269 357 2313 sensus
372 2258 421 2313 θεῖ
437 2250 681 2333 disciplinae.Et
697 2253 759 2311 erit
774 2253 804 2311 ei
818 2268 929 2311 servan
985 2247 1176 2329 expositioni
1198 2248 1300 2330 magis
1321 2267 1496 2312 consonare
1516 2249 1666 2313 videntur
1686 2267 1731 2311 se

179 2352 216 2409 in
230 2353 401 2422 seculum,
418 2349 479 2413 boc
501 2356 560 2427 est,
577 2350 786 2431 quoadusque
808 2366 931 2410 manse
985 2345 1128 2427 quentia.

179 2448 222 2509 rit
245 2448 371 2527 vivens,
395 2448 447 2512 vcl
472 2449 635 2529 usquead
657 2447 824 2529 jubileum
849 2445 931 2510 lortc
1026 2448 1066 2507 Si
1089 2447 1293 2524 diapticaerit
1317 2449 1418 2508 ocutis
1440 2450 1729 2520 demittentem

179 2547 349 2629 majorem,
373 2546 611 2629 quantumlibet
632 2547 739 2608 distet.
764 2545 841 2607 Nam
865 2553 933 2607 tan-
987 2546 1110 2606 tradita
1125 2547 1241 2625 fuerit,
1257 2545 1289 2607 id
1309 2554 1368 2623 cst,
1386 2545 1438 2609 cui
1454 2547 1584 2610 vendita
1597 2555 1676 2625 crat,
1694 2555 1730 2609 ut

180 2656 250 2709 turn
261 2647 403 2728 spatium
415 2646 497 2709 solet
512 2646 664 2711 saeculum
676 2644 932 2727 appellarildcm
987 2644 1056 2725 ejus
1067 2661 1172 2706 mores
1188 2644 1234 2707 sic
1244 2644 1451 2726 experiretur,
1461 2644 1505 2707 ita
1519 2647 1604 2727 quod
1620 2646 1649 2709 ei
1666 2663 1730 2709 non

179 2764 312 2828 quoque
334 2745 581 2825 intelligendum
605 2752 653 2808 est
673 2745 712 2807 de
734 2744 862 2807 ancilla.
881 2744 933 2806 Se-
986 2742 1091 2824 placet
1105 2742 1146 2804 ad
1164 2742 1340 2805 ineundum
1361 2762 1434 2806 cum
1454 2763 1492 2807 ea
1511 2745 1728 2818 connubium3

180 2845 324 2907 cundum
351 2843 504 2907 Thomam
534 2843 606 2907 talis
632 2843 751 2906 mansit
781 2850 933 2925 perpetue
986 2842 1129 2902 dimittet
1150 2861 1222 2902 eam
1244 2840 1393 2919 liberam,
1419 2842 1516 2905 etiam
1539 2852 1613 2906 ante
1638 2844 1732 2926 septi-

181 2962 307 3007 servus.
988 2958 1076 3001 mum
1091 2957 1222 3016 annum,
1235 2939 1312 3022 quia
1327 2958 1391 3004 non
1407 2949 1474 3004 erat
1489 2942 1519 3004 ei
1535 2942 1678 3004 traducta
1694 2940 1732 3004 ti-

238 3040 391 3123 Sequitur
421 3041 509 3104 aliud
537 3040 690 3122 judiciale
721 3048 931 3123 praeceptum,
949 3038 973 3103 G
989 3038 1104 3101 naliter
1123 3038 1165 3101 cb
1184 3038 1381 3116 servitutem,
1399 3041 1453 3124 scd
1475 3049 1605 3123 propter
1622 3040 1734 3122 conju-

182 3141 269 3221 quod
291 3140 371 3203 satis
391 3140 538 3203 intricate
554 3140 589 3202 in
611 3148 698 3203 textu
720 3138 929 3222 exprimitur3
987 3137 1088 3217 gium.
1104 3140 1231 3215 Pcputo
1245 3147 1352 3199 autem
1370 3140 1475 3199 atieao
1490 3141 1652 3199 vendendi
1665 3160 1732 3201 aaa

183 3239 346 3321 siquidem
366 3238 528 3319 legislator
545 3238 624 3301 illud
642 3238 852 3302 describendo
870 3246 935 3300 stu·
988 3238 1113 3297 taedebit
1130 3245 1328 3313 potestatem,
1348 3238 1379 3296 ai
1397 3240 1552 3316 spreverit
1574 3258 1646 3300 eam
1661 3260 1673 3299 .·
1696 3238 1732 3300 id

184 3338 254 3400 duit
279 3338 441 3401 brevitati.
465 3341 506 3400 Si
526 3340 600 3418 quis
623 3339 805 3399 vendiderit
827 3340 934 3415 filiam
989 3344 1047 3412 est,
1065 3334 1092 3397 si
1107 3334 1287 3417 despexerit
1301 3353 1371 3397 eam
1392 3334 1426 3397 in
1441 3337 1612 3419 conjugem
1629 3357 1733 3401 sume-

182 3458 279 3497 auam
302 3439 340 3497 ira
361 3438 537 3514 famulam,
561 3458 627 3499 acra
648 3438 831 3514 egredietur
851 3436 934 3497 sicut
990 3453 1034 3511 rc,
1052 3452 1117 3497 non
1142 3432 1274 3497 habebit
1297 3434 1459 3497 licentiam
1481 3437 1641 3499 vendendi
1663 3456 1733 3500 eam

183 3537 316 3597 andlloe
331 3539 421 3596 θεῖνε
436 3544 678 3597 consueverunt.
688 3534 789 3597 Locus
806 3534 865 3597 istc
880 3534 935 3597 du·
990 3531 1110 3615 populo
1134 3532 1239 3595 alieno
1264 3550 1320 3595 seu
1341 3531 1437 3595 alicui
1459 3533 1592 3596 alterius
1617 3536 1732 3616 gentis,

183 3634 314 3716 pliciter
334 3633 516 3717 exponitur.
541 3633 658 3711 Primo,
681 3633 857 3696 seeundum
879 3632 935 3694 lla-
989 3631 1127 3713 quia(ut
1142 3631 1262 3693 dictum
1278 3633 1339 3712 θεῖ)
1355 3639 1480 3695 tenetur
1501 3652 1571 3695 eam
1591 3634 1733 3697 dimitte-

183 3732 307 3796 banurn
332 3743 364 3797 et
388 3734 514 3797 Petrum
539 3733 766 3807 Comestorem,
793 3731 833 3793 de
859 3748 935 3794 ven·
991 3749 1035 3792 re.
1052 3732 1116 3792 Sia
1136 3739 1258 3800 etitem,
1273 3729 1305 3791 id
1324 3737 1384 3807 θεῖ,
1402 3730 1429 3793 si
1444 3733 1514 3809 filio
1529 3752 1588 3792 suo
1602 3735 1735 3810 despon-

184 3833 310 3896 ditionc
336 3830 415 3895 tilia
430 3831 568 3895 Hebraeae
591 3830 625 3893 in
647 3828 874 3905 concubinam,
891 3829 936 3891 ite
990 3830 1075 3890 derit
1096 3849 1178 3899 eam,
1193 3829 1299 3905 jueta
1323 3848 1442 3890 morem
1466 3832 1617 3907 filiarum
1636 3833 1736 3909 faciet

183 3933 271 4013 quod
282 3930 420 3994 serviret
431 3930 561 3993 domino
571 3948 642 3992 eam
653 3929 773 3993 ementi
786 3928 819 3991 in
833 3929 933 3991 lecto:
992 3929 1055 3998 itti,
1072 3927 1106 3989 id
1121 3934 1179 4004 est,
1195 3927 1301 3990 dotem
1322 3927 1442 3991 tribuet
1457 3928 1498 4004 ei,
1512 3938 1547 3990 ut
1562 3927 1637 3991 fieri
1654 3928 1735 3992 solet

182 4041 215 4093 ct
238 4030 271 4091 in
294 4029 350 4093 tali
377 4048 453 4091 casu
474 4029 622 4091 dominus
649 4047 715 4091 non
736 4028 839 4109 potuit
863 4046 933 4091 eam
991 4024 1108 4106 puellis
1132 4042 1203 4105 quae
1223 4024 1467 4106 desponsantur.
1494 4028 1585 4095 Qaeod
1606 4028 1636 4086 si
1657 4031 1736 4088 alte-

180 4128 354 4211 expellere,
364 4127 449 4189 sicut
459 4126 608 4189 ancillam
621 4128 793 4189 dumtaxat.
803 4126 889 4200 Quod
907 4126 933 4187 si
990 4143 1064 4184 ram
1085 4124 1116 4182 ei
1136 4124 1304 4200 acceperit,
1326 4122 1359 4185 id
1381 4131 1442 4200 cst,
1467 4122 1538 4187 lilio
1558 4143 1616 4187 suo
1638 4123 1733 4187 aliam

181 4228 254 4289 istis
269 4226 453 4309 objiciatur,
472 4226 557 4307 quod
573 4225 716 4288 venditio
733 4224 766 4286 in
783 4224 937 4288 concubi·
953 4224 977 4287 b
991 4221 1115 4283 dederit
1129 4221 1296 4301 conjugem
1314 4229 1427 4304 praeter
1443 4223 1639 4303 praedictam,
1657 4242 1736 4305 quo

182 4345 259 4388 nam
275 4326 338 4387 luit
360 4323 484 4401 illicita,
501 4343 601 4404 quum
620 4323 728 4386 omnis
745 4322 936 4397 concubitus
992 4319 1078 4382 niam
1101 4339 1184 4382 unus
1205 4328 1330 4401 poterat
1349 4318 1468 4384 babere
1488 4321 1595 4403 plures
1610 4341 1736 4400 uxores,

183 4444 250 4489 non
270 4423 462 4506 conjugalis,
481 4422 523 4484 sit
539 4422 572 4483 in
593 4422 662 4504 lege
678 4420 872 4504 prohibitus,
890 4420 938 4483 di·
991 4421 1043 4484 vel
1059 4420 1087 4481 si
1102 4418 1196 4481 istam
1212 4419 1396 4501 predictam
1412 4417 1525 4483 iecerit
1541 4421 1703 4503 repudiari
1718 4441 1737 4483 a

183 4531 264 4587 cunt
279 4523 367 4603 quod
383 4522 468 4584 istud
485 4520 547 4581 tuit
563 4519 742 4601 permissio,
761 4537 825 4582 non
843 4518 936 4581 licen·
993 4519 1063 4581 lilio
1080 4537 1154 4592 sno;
1166 4520 1350 4597 providebit
1360 4524 1480 4596 puelle
1495 4522 1630 4598 nuptias
1646 4530 1675 4581 et
1690 4540 1738 4581 ce-

187 4620 291 4697 tiatio,
309 4620 355 4683 ita
375 4619 462 4700 quod
485 4616 546 4681 luit
567 4617 706 4682 Hebraeis
730 4617 936 4699 permissum,
991 4620 1154 4690 stirneata,
1170 4626 1200 4678 et
1210 4619 1355 4695 pretium
1369 4620 1543 4696 pudicitiae
1561 4640 1628 4681 noc
1643 4638 1737 4696 nepu-

186 4728 322 4801 proptcr
336 4736 447 4781 eorum
464 4717 632 4779 libidinem
644 4716 827 4798 aliqualiter
843 4714 939 4779 refre·
994 4719 1040 4776 bit
1054 4738 1065 4776 .·
1083 4715 1114 4778 id
1130 4723 1188 4793 cst,
1207 4713 1333 4777 mulieri
1350 4715 1394 4778 ita
1409 4714 1540 4797 abjecte
1556 4716 1739 4799 providebit

188 4817 330 4881 nondam
355 4833 362 4878 :
386 4816 656 4897 quemadmodum
682 4816 757 4877 dare
780 4815 938 4878 extraneis
993 4815 1059 4876 suis
1083 4813 1231 4896 expensis
1251 4815 1291 4875 de
1314 4813 1378 4878 alio
1402 4814 1483 4891 viro,
1501 4824 1534 4877 ct
1558 4816 1738 4879 necessaria

186 4918 228 4979 ad
245 4934 371 4991 usuras,
388 4922 520 4996 propter
529 4933 639 4977 eorum
655 4912 862 4995 cupiditatem
879 4913 939 4977 ire
993 4912 1189 4976 ministrabit
1204 4930 1262 4995 pro
1278 4930 1316 4975 eo
1326 4914 1412 4994 quod
1427 4932 1445 4975 a
1460 4912 1531 4976 titio
1546 4934 1604 4978 suo
1615 4923 1663 4977 est
1673 4934 1740 4977 cor·

188 5016 330 5077 nandam
345 5014 430 5076 circa
447 5013 612 5095 proprium
628 5011 843 5094 populum3et
857 5013 940 5075 sicut
994 5020 1098 5094 rupta,
1122 5010 1181 5073 etsi
1202 5012 1272 5093 ipsa
1294 5012 1431 5075 voluerit
1455 5012 1590 5075 alterum
1613 5032 1739 5076 sumere

187 5114 266 5176 darc
281 5112 428 5175 libellum
446 5111 583 5193 repudii,
596 5128 636 5172 ne
651 5109 873 5173 crudelitatem
892 5130 941 5173 cx·
993 5111 1109 5173 virum.
1127 5112 1167 5172 Si
1182 5112 1245 5171 ista
1262 5112 1328 5172 trie
1340 5131 1405 5171 aaa
1420 5112 1546 5188 feeerit,
1559 5111 1591 5173 id
1607 5120 1656 5175 est
1671 5112 1739 5173 nul-

187 5220 336 5275 crcerent
359 5210 394 5272 in
415 5210 572 5291 conjuges,
589 5228 673 5272 suas.
691 5209 753 5271 Nec
773 5209 851 5271 dicit
874 5210 941 5272 bac
995 5210 1061 5272 lum
1078 5210 1176 5271 trium
1192 5208 1479 5290 predictorum,ita
1493 5211 1579 5291 quod
1595 5229 1654 5273 nec
1670 5210 1740 5292 ipse

189 5310 354 5388 littera‚ut
370 5306 430 5370 liat
444 5308 517 5371 talis
529 5308 680 5387 venditio,
689 5308 744 5371 sed
761 5306 838 5390 quid
849 5325 941 5389 agen-
995 5328 1065 5372 eam
1081 5307 1205 5390 accepit
1219 5325 1361 5386 uxorem,
1374 5326 1433 5371 nec
1448 5307 1519 5372 lilio
1535 5329 1593 5373 suo
1609 5309 1740 5373 tradidit
