4309 6259
587 519 760 567 uuannfflo
782 520 813 566 tlt
834 520 902 567 GAP.
927 519 981 566 xxi
1001 517 1103 565 axoni.
1125 537 1166 547 -
1186 516 1258 563 ant.
1280 515 1342 563 xtlt
1416 501 1435 540 ⁶
1693 493 1730 557 Η

182 710 236 754 re:
256 709 322 754 non
338 693 426 774 quod
443 691 621 755 substantia
636 698 776 754 mutetur
796 698 851 753 aut
866 708 935 773 pro
948 692 974 753 h
987 689 1098 752 Unitas
1113 689 1183 771 ipsa
1199 696 1230 751 et
1244 685 1367 751 Veritas
1384 686 1524 749 increata
1543 682 1732 765 Unigenitus

182 790 289 871 prium
314 808 387 853 esse
409 790 550 867 tollatur,
568 792 623 853 sed
645 790 798 871 quoniam
821 790 934 853 modus
988 789 1231 865 PatriszPater,
1248 805 1325 867 rogo
1347 804 1404 867 pro
1429 783 1475 848 eis
1498 784 1556 866 qui
1580 784 1732 847 credituri
1753 806 1794 848 na
1795 818 1865 848 ιιιιι
1866 818 1879 855 ι,

182 887 533 970 esseudi,qualitasque
544 888 672 953 vivendi
687 888 866 965 deificatur,
875 890 935 953 hoc
989 898 1063 951 sunt
1078 889 1112 950 in
1128 907 1190 965 me,
1208 896 1243 949 ut
1257 904 1369 949 omnes
1383 903 1482 947 unum
1497 885 1572 959 sint,
1589 884 1671 947 sicut
1685 890 1730 961 tu,
1746 872 1781 974 ἐξ
1795 871 1828 919 ²¹·
1844 870 1878 917 ²³¹

183 994 242 1062 est,
271 988 335 1050 Deo
366 996 399 1051 et
429 986 718 1070 superbeatissimaa
743 988 935 1051 beatitudini
988 989 1089 1065 Pater,
1113 988 1147 1049 in
1169 1006 1231 1064 mc,
1256 995 1287 1048 et
1308 1003 1367 1066 ego
1389 984 1422 1046 in
1445 993 1487 1060 te,
1506 991 1540 1046 ut
1561 991 1593 1047 et
1614 983 1677 1067 ipsi
1700 983 1732 1045 in

184 1085 254 1165 ejus
277 1086 564 1168 supernaturaliter
586 1094 617 1149 ct
637 1085 869 1167 gratiosissime
887 1107 936 1150 as·
991 1086 1084 1150 nobis
1100 1106 1199 1149 unum
1215 1085 1290 1147 sint.
1308 1086 1372 1166 Ego
1388 1084 1422 1145 iu
1442 1082 1489 1146 eis
1509 1090 1540 1145 et
1561 1090 1594 1145 tu
1616 1083 1648 1144 in
1669 1101 1731 1157 me,

185 1184 358 1263 similatur,
372 1184 483 1267 sicque
499 1185 677 1249 eminenter
694 1185 934 1268 impleturillud
990 1194 1024 1248 ut
1039 1186 1104 1247 sint
1123 1184 1335 1248 consummati
1356 1184 1389 1245 in
1409 1202 1529 1257 unum;
1551 1190 1587 1243 ut
1605 1179 1734 1245 dilectio

105 1314 170 1349 aaa.
186 1282 330 1364 Apostoli
349 1303 356 1347 :
375 1284 434 1359 Qui
450 1285 590 1349 adheret
606 1284 753 1361 Domino,
771 1305 854 1348 unus
874 1287 936 1368 spi·
989 1304 1054 1366 qua
1078 1283 1218 1347 dilexisti
1242 1302 1304 1361 me,
1327 1282 1361 1345 in
1383 1282 1462 1365 ipsis
1486 1283 1539 1360 sit,
1560 1288 1592 1344 et
1616 1298 1674 1363 ego
1700 1280 1733 1342 in

65 1366 82 1405 ⁷·
186 1382 266 1445 ritus
291 1391 361 1459 esl;
390 1383 456 1447 imo
475 1384 561 1467 quod
589 1384 622 1446 in
647 1382 769 1448 loanne
795 1384 936 1466 loquitur
990 1382 1081 1467 ipsis.

722 1816 1045 1904 ARTICULUS
1082 1818 1203 1901 XLll

213 2091 393 2137 Etuclbnvto
416 2092 591 2137 tirrannus
613 2091 751 2137 cantuum
774 2090 904 2136 vlussstttt
925 2090 1009 2135 Pntlll
1032 2090 1039 2135 :
1064 2092 1131 2137 llAEC
1153 2091 1229 2137 sunt
1249 2091 1367 2137 tuulcth
1388 2092 1455 2146 QUAE
1476 2090 1630 2136 PROPONES
1652 2090 1709 2135 BIS.

225 2375 251 2437 N
272 2372 375 2438 veteri
392 2372 595 2437 Testamenta
613 2372 652 2435 lit
668 2373 789 2437 mentio
808 2374 848 2436 de
863 2391 941 2455 pra
957 2374 980 2435 Β
994 2373 1134 2449 credere,
1155 2391 1292 2455 sperare,
1314 2373 1464 2455 diligere3
1486 2373 1541 2435 sod
1562 2371 1738 2435 carimoni-

236 2472 339 2556 ccptis
364 2470 556 2553 triplicibus,
578 2472 728 2535 videlicet
753 2470 938 2548 moralibus,
993 2469 1056 2533 alia
1082 2480 1240 2554 praecepta
1262 2473 1426 2553 assignant
1450 2472 1604 2556 speciales
1627 2471 1738 2533 modos

189 2570 473 2647 caerimonialibus,
496 2580 527 2633 et
547 2570 765 2653 judicialibus.
782 2571 941 2653 Praecepta
994 2569 1099 2631 cultus
1117 2570 1219 2634 divini
1240 2572 1274 2633 in
1294 2571 1503 2636 exterioribus
1520 2571 1655 2634 actibus.

189 2672 324 2734 moralia
349 2678 436 2747 sunt,
461 2689 532 2751 qua
561 2671 682 2733 directe
710 2670 872 2752 pertinent
900 2670 940 2732 ad
1034 2668 1178 2751 Denique
1194 2670 1329 2734 intentio
1344 2668 1739 2752 legisdivinaeest,homi-

189 2774 291 2835 bonos
307 2790 425 2848 mores,
444 2778 476 2833 ct
490 2771 530 2833 de
545 2770 669 2833 actibus
685 2770 841 2832 virtutum
857 2788 941 2833 exer·
995 2786 1051 2832 nes
1067 2770 1295 2833 convenienter
1317 2772 1465 2835 ordinare
1479 2790 1516 2834 ac
1538 2788 1655 2849 regere,
1675 2776 1738 2829 tam

189 2870 313 2945 cendis,
327 2878 425 2951 atquc
439 2870 479 2932 de
494 2869 650 2951 oppositis
667 2867 753 2933 vitiis
770 2868 938 2945 evitandis,
994 2868 1101 2947 quoad
1116 2868 1226 2945 lleunn
1243 2888 1339 2951 quam
1355 2870 1458 2950 quoad
1479 2889 1513 2933 se
1528 2870 1615 2950 ipsos
1636 2869 1676 2931 ad
1690 2866 1740 2928 in-

190 2970 372 3031 traduntur.
390 2968 429 3030 Et
454 2968 515 3031 ista
540 2976 698 3050 precepta
722 2976 798 3029 sunt
822 2968 862 3029 de
887 2986 941 3029 na·
995 2966 1098 3029 vicem
1117 2982 1125 3027 τ
1142 2986 1279 3050 quorum
1296 2977 1468 3049 utrumque
1482 2977 1531 3031 est
1545 2968 1585 3031 dc
1601 2968 1669 3046 lege
1685 2984 1740 3027 na-

188 3067 303 3131 turalis
326 3066 502 3129 dictamine
522 3066 680 3129 rationis:
703 3066 940 3148 propterquod
996 3072 1075 3128 tura
1098 3084 1153 3129 seu
1175 3066 1348 3129 dictamine
1371 3066 1503 3129 rationis
1528 3064 1682 3128 naturalis
1705 3062 1738 3124 in

190 3167 344 3229 dicuntur
366 3164 458 3247 quasi
480 3166 625 3245 quedam
648 3164 881 3241 conclusiones,
903 3183 941 3226 ex
994 3165 1147 3243 generali.
1165 3166 1225 3229 Sed
1242 3166 1384 3247 oportuit
1398 3175 1569 3248 utrumque
1590 3162 1739 3227 determi-

190 3264 330 3329 naturali
354 3265 427 3346 jure
453 3282 508 3326 seu
534 3264 603 3345 lege
623 3264 749 3327 elicita.
770 3263 850 3326 llinc
876 3282 941 3325 ma·
996 3264 1064 3326 nari
1081 3264 1115 3327 in
1131 3264 1261 3347 speciali
1277 3284 1334 3347 per
1349 3275 1434 3328 certa
1449 3272 1617 3347 precepta,
1629 3270 1740 3345 utpote

190 3372 268 3426 nent
284 3371 316 3427 et
331 3362 478 3445 obligant
493 3361 527 3423 in
543 3362 727 3443 evangelica
750 3362 829 3443 lege.
845 3362 941 3425 Porro
995 3362 1223 3427 cerimonialia
1238 3384 1274 3427 ac
1290 3364 1465 3446 judicialia,
1478 3373 1513 3426 ut
1525 3365 1592 3445 jam
1607 3362 1684 3425 dixi.
1701 3362 1739 3423 Et

189 3470 351 3546 precepta
375 3460 605 3525 cerimonialia
630 3460 843 3543 appellantur,
869 3478 940 3542 quae
994 3462 1071 3544 quia
1096 3462 1323 3526 cerimonialia
1344 3472 1501 3546 precepta
1523 3472 1613 3526 erant
1637 3461 1740 3525 omni—

191 3562 322 3624 lradunt
345 3559 518 3643 specialem
534 3560 665 3622 modum
688 3558 813 3623 colendi
829 3560 938 3635 Deum,
955 3564 977 3628 G
996 3579 1037 3625 uo
1058 3562 1299 3644 praefigurative
1313 3562 1441 3641 Christi,
1459 3570 1490 3625 et
1507 3562 1592 3626 modi
1613 3560 1739 3624 colendi

188 3668 347 3743 quantum
363 3659 402 3721 ad
414 3658 603 3721 exteriorem
620 3656 716 3719 ritum
728 3666 760 3719 et
774 3657 942 3720 observan·
995 3662 1094 3723 Deum
1118 3660 1152 3722 in
1177 3661 1362 3741 evangelica
1386 3662 1456 3741 lege
1479 3678 1485 3722 :
1508 3661 1578 3724 ideo
1599 3660 1740 3740 Evange·

190 3760 267 3822 tiam
294 3759 328 3820 in
355 3756 527 3820 sacrificiis
552 3764 584 3819 et
608 3755 841 3820 consimilibus.
865 3756 942 3818 Prae·
996 3759 1039 3822 lio
1058 3759 1232 3840 divulgato,
1250 3768 1465 3835 cessaverunt,
1483 3759 1547 3823 imo
1565 3758 1678 3822 illicita
1695 3767 1741 3822 at·

188 3867 283 3939 cepta
308 3874 385 3920 vero
409 3855 576 3938 judicialia
601 3864 690 3932 sunt,
717 3874 788 3937 quaa
813 3855 942 3916 tradunt
995 3877 1058 3939 que
1075 3857 1241 3922 mortifera
1258 3858 1340 3921 lacta
1356 3857 1740 3921 suntludicialiaautem

189 3956 348 4039 speciales
373 3956 486 4017 modos
509 3954 656 4017 servandi
679 3953 836 4035 justiliam
859 3952 941 4015 inter
996 3966 1155 4040 praecepta
1181 3976 1244 4021 uon
1270 3967 1360 4021 erant
1380 3958 1500 4021 directa
1524 3965 1556 4021 et
1580 3958 1741 4041 principa·

188 4056 338 4121 homines
361 4056 394 4117 in
412 4054 656 4118 conversatione
671 4054 821 4129 humana,
836 4061 940 4115 tamen
997 4056 1068 4119 liter
1094 4056 1275 4137 figurativa,
1293 4058 1348 4119 sed
1369 4057 1590 4121 conservativa
1612 4058 1741 4138 aquali-

188 4174 247 4239 pcr
263 4162 446 4238 respectum
469 4161 501 4217 et
523 4153 556 4215 in
582 4153 694 4216 ordine
714 4153 753 4215 ad
778 4171 884 4215 veram
910 4160 942 4215 et
998 4154 1070 4217 tatis
1086 4153 1220 4236 justitiae
1235 4155 1318 4219 inter
1333 4155 1490 4219 homines.
1507 4156 1578 4220 ldeo
1593 4156 1741 4239 quamvis

188 4252 470 4336 supernaturalem
489 4250 687 4315 felicitatem.
706 4252 743 4313 Et
766 4251 849 4315 sicut
864 4270 943 4333 prta·
996 4253 1061 4315 sint
1081 4271 1139 4334 per
1153 4252 1269 4315 Christi
1291 4253 1392 4333 legem
1413 4263 1574 4332 evacuata,
1594 4255 1637 4316 ita
1655 4255 1741 4336 quod

186 4361 283 4435 cepta
308 4350 539 4414 cerimonialia
566 4358 641 4412 sunt
667 4352 812 4431 quedam
840 4351 942 4415 deter-
997 4369 1060 4413 non
1077 4359 1208 4414 manent
1228 4352 1428 4431 obligatoria
1446 4372 1509 4416 nou
1530 4362 1636 4416 tamen
1660 4353 1742 4415 exsi-

187 4450 387 4514 minationcs
409 4458 441 4513 et
457 4449 686 4532 explicationes
710 4458 941 4531 praeceptorum
997 4457 1085 4512 stunt
1111 4448 1288 4527 mortifera,
1311 4451 1462 4531 quoniam
1478 4458 1607 4532 possent
1626 4470 1646 4513 a
1669 4470 1742 4532 rege

186 4549 362 4613 moralium
388 4547 650 4611 concernentium
674 4546 729 4610 Dei
754 4547 887 4625 cultum,
911 4556 942 4611 et
996 4555 1050 4609 aut
1066 4548 1214 4630 principe
1224 4548 1410 4625 christiano,
1422 4548 1448 4611 si
1465 4548 1638 4630 expediret,
1650 4549 1743 4612 insti-

186 4658 349 4731 quantum
365 4646 592 4721 adDeum3sic
604 4654 763 4728 praecepta
777 4646 943 4728 judicialia
998 4646 1054 4723 tui,
1073 4654 1202 4728 atquea
1225 4647 1363 4709 subditis
1385 4646 1742 4723 observari‚dummodo

186 4756 265 4810 sunt
286 4747 434 4829 quasdam
458 4744 685 4828 explicationes
701 4752 733 4807 et
753 4744 940 4809 declaratio
956 4750 980 4812 D
998 4762 1061 4807 non
1088 4744 1332 4809 instituerentur
1353 4765 1411 4809 nec
1435 4744 1690 4823 observarentur,
1707 4746 1740 4807 in

186 4865 248 4910 nes
264 4864 321 4909 seu
336 4844 620 4907 determinationes
632 4851 862 4926 praceptorum
879 4863 943 4908 mo
997 4850 1151 4925 quantum
1167 4852 1199 4907 et
1214 4843 1290 4926 quia
1304 4845 1345 4906 ad
1361 4843 1462 4925 legem
1478 4844 1591 4927 Moysis
1606 4845 1743 4927 pertine

186 4944 327 5020 ralium,
359 4941 600 5025 respicientium
630 4942 839 5005 directionem
869 4942 942 5007 vitta
996 4942 1086 5018 bant,
1103 4943 1158 5005 sed
1175 4942 1208 5003 in
1230 4952 1386 5023 quantum
1402 4944 1550 5025 praesenti
1574 4942 1741 5006 homiuum

186 5045 416 5118 humanae‚seu
432 5050 588 5122 quantum
600 5041 639 5103 ad
649 5040 807 5104 homines.
817 5041 941 5104 Dictum
997 5041 1092 5103 statui
1108 5041 1327 5105 convenirent.
1347 5043 1391 5104 De
1405 5042 1464 5103 hac
1484 5042 1617 5104 materia
1631 5042 1744 5105 scribit

186 5150 236 5205 est
258 5139 359 5215 enim,
377 5139 463 5220 quod
489 5146 648 5220 precepta
670 5138 803 5200 moralia
827 5140 942 5203 docent
996 5139 1140 5221 plenarie
1154 5140 1329 5203 Alexander
1344 5140 1487 5204 deHalcs
1503 5159 1597 5223 super
1613 5141 1741 5203 tertium

186 5248 218 5303 ct
236 5236 420 5321 jubeutDei
436 5237 558 5299 cultum
573 5236 607 5297 in
624 5236 775 5317 generali,
785 5246 816 5300 et
832 5238 942 5319 preaci-
996 5238 1243 5316 Sententiarum,
1275 5249 1307 5302 et
1336 5240 1473 5303 Thomas
1504 5240 1538 5301 in
1563 5238 1667 5321 prima
1696 5258 1743 5301 se

186 5356 253 5421 pue
267 5344 426 5419 quantum
442 5335 482 5397 ad
498 5342 587 5399 actus
603 5334 782 5413 interiores,
795 5334 851 5417 qui
867 5344 942 5398 suut
995 5338 1120 5401 cunda.
