4309 6259
431 464 471 531 20
819 487 992 537 annanarro
1012 490 1044 537 nv
1066 490 1133 539 cea.
1157 490 1223 538 rum
1244 490 1345 539 saona.
1368 513 1408 524 -
1428 492 1499 540 aar.
1522 494 1592 541 xnv

430 662 462 716 ta
481 657 670 720 sententiam
688 658 813 735 Christi,
832 658 1090 743 vicariorumque
1105 662 1174 743 ejus
1189 661 1366 725 Abominis
1393 663 1474 740 talis,
1502 665 1631 746 quando
1656 683 1694 726 ex
1718 664 1849 728 illorum
1874 664 1974 746 negli-

428 754 490 815 erit
514 756 694 838 culpabilis,
719 764 751 819 ει
776 777 832 840 por
857 777 953 840 opera
977 759 1175 841 penitentie
1227 761 1334 839 gentio
1350 780 1414 825 non
1430 761 1563 841 contigit
1579 762 1651 824 talis
1666 781 1825 825 excessus.
1840 765 1931 831 Quod
1944 766 1975 823 si

428 841 642 934 castigandus.
670 858 710 916 Si
735 866 843 917 autem
869 879 953 919 mors
976 860 1047 937 ejus
1071 860 1175 937 fuerit
1228 861 1280 918 bos
1293 870 1468 939 cornupeta
1482 862 1597 939 fuerit,
1606 882 1663 922 nec
1678 864 1809 921 reclusit
1824 860 1974 923 dominus

427 954 602 1025 subsecuta,
626 952 671 1015 ita
690 956 776 1037 quod
798 955 913 1018 caritas
937 955 1034 1020 fuerit
1057 956 1175 1019 exstin-
1228 977 1301 1018 eum
1323 979 1335 1017 .·
1357 957 1389 1020 id
1411 966 1469 1036 est,
1494 958 1521 1020 si
1546 958 1617 1021 talis
1639 958 1787 1021 subditus
1808 958 1875 1041 jam
1899 966 1974 1022 ante

429 1059 479 1114 cta
495 1052 528 1114 in
546 1073 603 1129 ea;
622 1058 731 1115 reddet
751 1058 897 1117 animam
915 1078 977 1136 pro
998 1060 1125 1128 anima,
1143 1057 1175 1119 id
1229 1056 1316 1117 visus
1340 1064 1388 1120 est
1414 1056 1489 1119 talia
1513 1058 1649 1139 operari,
1676 1066 1708 1120 et
1732 1057 1890 1139 superiori
1916 1076 1973 1121 suo

431 1158 488 1228 εει,
515 1151 652 1234 proprie
677 1152 792 1217 anime
816 1155 1054 1219 damnationem
1077 1173 1176 1217 mere
1229 1155 1408 1217 constiterit
1422 1156 1482 1219 hoc
1497 1155 1614 1238 ipsum,
1632 1174 1691 1219 nec
1706 1165 1812 1219 tamen
1828 1174 1887 1238 pro
1903 1175 1975 1238 pos-

431 1257 496 1324 tur3
509 1256 639 1312 ocotom
650 1272 711 1329 pro
722 1253 984 1334 ocuto,quonlam
1000 1254 1176 1335 juxtaque
1229 1272 1263 1315 εε
1279 1271 1336 1316 suo
1351 1252 1561 1317 refrenaverit
1576 1254 1697 1336 ipsum3
1710 1254 1772 1331 vel,
1783 1253 1809 1316 si
1825 1254 1974 1317 dominus

431 1347 519 1425 fecit,
543 1349 691 1413 reddetur
711 1350 752 1427 ei,
772 1353 948 1414 secundum
970 1352 1056 1433 quod
1077 1352 1176 1415 ludex
1229 1351 1310 1433 ejus,
1323 1352 1471 1416 videlicet
1486 1351 1618 1433 spiritus
1632 1372 1709 1414 suus
1726 1352 1900 1429 rationalis,
1911 1371 1975 1417 mo

294 1452 415 1502 nariam.
431 1453 564 1509 testatur
582 1465 588 1509 :
606 1446 671 1522 Qua
686 1468 836 1512 mensura
855 1451 957 1514 mensi
974 1449 1111 1527 fueritis,
1129 1470 1177 1514 re
1229 1456 1280 1511 tus
1295 1469 1360 1513 sue
1376 1450 1622 1532 impetuositatis
1638 1469 1703 1514 non
1719 1451 1890 1532 repressit3
1907 1451 1974 1513 oul-

284 1517 305 1558 ²'
431 1545 579 1609 metietur
604 1546 706 1611 vobis.
734 1551 774 1610 Si
793 1552 986 1626 percusserit
1010 1552 1176 1629 quispiam
1229 1567 1270 1630 pa
1284 1547 1475 1611 redundabit
1490 1548 1523 1611 in
1539 1568 1624 1611 eum.

430 1649 561 1705 oculum
574 1647 660 1705 servi
673 1648 728 1706 sui
742 1657 800 1708 aut
816 1650 994 1718 astitisset
1011 1652 1112 1708 luscos
1126 1668 1176 1708 eos
1261 1649 1302 1708 Si
1311 1649 1385 1728 quis
1397 1648 1909 1725 aperaaeritciste‘aam.ssisterna
1924 1655 1973 1711 est

430 1745 553 1822 fecerit,
575 1745 717 1805 dimittet
740 1765 789 1806 eos
812 1747 924 1806 liberos
945 1766 956 1806 :
978 1744 1010 1808 id
1035 1753 1094 1823 est,
1118 1744 1175 1826 qui
1229 1742 1389 1825 profunda
1409 1744 1571 1826 Scriptura
1590 1745 1711 1821 divina,
1728 1765 1800 1828 que
1817 1746 1969 1828 aperitur,

428 1840 508 1904 alios
528 1841 611 1904 male
631 1842 827 1918 instruxerit,
851 1851 882 1906 et
901 1843 1102 1907 intellectum
1123 1850 1210 1911 eoB
1228 1844 1356 1924 quando
1370 1844 1554 1926 exponitur3
1572 1853 1791 1908 verumtamen
1806 1844 1973 1926 profundi-

410 1966 411 1971 *
430 1957 499 2000 rum
515 1941 714 2021 perverterit,
732 1940 880 2021 indignus
901 1950 949 2004 est
968 1942 1015 2005 eis
1035 1941 1174 2024 amplius
1227 1960 1282 2004 ora
1301 1943 1370 2024 ejus
1388 1943 1538 2025 mysteria
1558 1942 1763 2025 incapacibus
1779 1952 1811 2006 ot
1829 1943 1970 2022 indignis

427 2037 607 2117 presidere,
625 2048 680 2101 aut
695 2040 826 2102 verbum
849 2041 1001 2103 doctrine
1016 2058 1172 2123 propone
1226 2043 1362 2122 tegenda
1376 2050 1461 2118 sunt,
1476 2042 1558 2104 sicut
1572 2041 1717 2124 precipit
1732 2042 1874 2104 Christus
1892 2042 1972 2105 :No·
1997 2064 2108 2111 narratu.

428 2153 471 2197 re.
488 2134 641 2198 Similiter
655 2138 685 2195 si
699 2140 837 2211 dentem,
855 2138 887 2201 id
903 2147 951 2201 est
967 2137 1172 2202 discretionis
1226 2139 1283 2203 lite
1302 2147 1446 2202 sanctum
1467 2141 1542 2202 dare
1559 2140 1704 2217 canibus
1723 2160 1828 2224 neque
1848 2160 1971 2222 marga·
1985 2129 2006 2168 ⁶·

426 2234 690 2311 masticationem,
708 2236 876 2299 abstulerit
892 2236 983 2318 ipsis.
1225 2238 1302 2301 ritas
1317 2238 1493 2320 projiciatis
1508 2248 1583 2301 ante
1598 2257 1722 2321 porcos.
1739 2239 1798 2314 Oui
1814 2239 1911 2319 igitur
1925 2240 1970 2301 ita
2148 2235 2149 2314 l

466 2334 507 2394 Si
520 2334 571 2393 bos
586 2353 686 2395 cornu
698 2337 1011 2411 percusseritvirom
1027 2346 1086 2397 aot
1101 2357 1173 2396 mo·
1226 2356 1290 2399 non
1311 2336 1421 2417 egerit,
1439 2338 1495 2399 sed
1517 2338 1574 2401 bos
1597 2346 1651 2400 aut
1673 2338 1784 2400 asinus
1804 2338 1837 2400 in
1860 2338 1971 2401 cister·
2148 2343 2149 2368 ¹

426 2432 538 2491 tierem
553 2454 564 2491 .·
580 2430 613 2494 id
632 2438 690 2510 εει,
709 2432 737 2493 εἰ
753 2433 849 2497 homo
865 2434 1002 2496 carnalis
1022 2443 1053 2497 et
1074 2433 1172 2497 besti·
1225 2454 1299 2497 nam
1319 2436 1483 2511 corruerit,
1502 2435 1534 2497 id
1554 2443 1612 2513 est,
1630 2436 1778 2514 carnalis,
1796 2436 1894 2500 hebes
1914 2446 1970 2499 aut

426 2528 485 2591 alis
511 2549 568 2592 sua
592 2530 730 2594 elatione
754 2539 809 2593 aut
831 2539 986 2614 potestate
1009 2533 1171 2596 induxerit
1224 2535 1401 2608 actuosus*,
1418 2534 1575 2598 audiendo
1591 2542 1712 2597 secreta
1726 2535 1887 2617 mysteria,
1904 2534 1970 2599 fue
2004 2554 2112 2597 ‘aeae
2148 2537 2149 2580 l

360 2708 362 2716 Ι
425 2645 619 2710 quemquam
639 2629 679 2691 ad
698 2630 827 2712 culpam
847 2631 1023 2709 mortalem,
1040 2632 1172 2694 damna·
1225 2632 1267 2693 rit
1287 2631 1485 2714 periclitatus
1505 2641 1536 2695 et
1555 2651 1663 2696 errore
1683 2633 1885 2710 submersus;
1902 2630 2028 2696 cul-⁸¹⁴⁸·
2148 2629 2149 2658 l

426 2725 545 2789 tionem
565 2727 725 2802 incurret;
742 2738 771 2789 et
790 2750 855 2790 aon
875 2734 1082 2791 comedentur
1103 2751 1172 2793 car·
1225 2730 1342 2814 pabilis
1361 2730 1433 2807 erit,
1450 2738 1482 2793 et
1502 2731 1656 2795 rationem
1676 2750 1733 2814 pro
1749 2732 1815 2794 illis
1835 2733 1970 2796 reddere

424 2844 478 2885 nes
501 2827 583 2903 ejus,
606 2826 638 2889 id
664 2835 722 2903 est,
748 2828 889 2891 carnalia
913 2830 982 2910 ejus
1007 2829 1170 2892 desideria
1225 2831 1379 2910 exigetur,
1405 2830 1460 2910 qui
1487 2830 1534 2893 eis
1559 2830 1670 2895 divina
1697 2839 1817 2894 secreta
1841 2832 1969 2895 incaute

425 2942 519 2988 nemo
534 2934 694 3007 sequetur.
709 2930 868 2988 Dominus
883 2949 1006 3009 quoque
1021 2930 1108 2989 bovis
1123 2932 1172 2989 in·
1225 2928 1469 3011 proposuit,nisi
1485 2928 1615 2991 interim
1628 2930 1783 2993 veraciter
1799 2929 1968 3011 penitens,

423 3043 537 3085 noceas
555 3027 618 3085 erit
633 3046 645 3084 .·
660 3024 693 3086 id
714 3032 772 3102 est,
791 3025 884 3107 culpa
905 3026 960 3088 illa
980 3045 1044 3090 non
1066 3026 1172 3108 impu·
1188 3027 1210 3090 C
1225 3028 1320 3091 etiam
1341 3045 1399 3110 pro
1419 3027 1484 3089 illis
1503 3028 1557 3091 Dei
1579 3028 1829 3092 misericordiam
1853 3029 1971 3112 implo-

423 3121 542 3184 tabitur
567 3123 697 3204 prelato
722 3132 777 3186 aut
801 3124 939 3206 principi
966 3124 1015 3188 vol
1043 3126 1170 3207 parenti
1226 3146 1295 3189 rare
1311 3125 1480 3190 studuerit.

943 3554 1266 3643 ARTICULUS
1309 3556 1444 3642 XLIV

544 3824 734 3872 annonario
756 3825 929 3871 hl'f‘l'EllAhlS
951 3828 1090 3873 carnum
1110 3827 1241 3874 vtutlsutl
1262 3830 1388 3874 secono!
1409 3831 1417 3875 ἶ
1442 3830 1469 3875 Sl
1489 3831 1557 3884 culs
1578 3831 1715 3877 ronanus
1736 3832 1846 3877 nusnlr

1047 3926 1147 3971 novell
1168 3927 1224 3970 VEL
1245 3926 1336 3972 OVEll.

518 4201 568 4265 NC
590 4201 815 4265 describuntur
835 4201 1000 4283 judicialia
1019 4201 1165 4283 quedam
1181 4203 1205 4264 ll
1220 4202 1316 4267 domo
1343 4203 1435 4282 furis,
1463 4224 1527 4269 non
1552 4206 1614 4269 nisi
1640 4209 1774 4292 duplum
1798 4212 1966 4276 restituere

500 4308 668 4381 precepta,
692 4299 725 4361 in
750 4299 897 4382 populari
920 4300 1069 4363 convictu
1093 4300 1166 4362 diri·
1221 4302 1398 4383 tenebatur,
1415 4313 1450 4367 ut
1470 4307 1565 4387 paulo
1583 4317 1656 4390 post
1675 4309 1708 4370 in
1730 4318 1817 4372 textu
1832 4311 1967 4393 subjun-

420 4398 527 4478 gentia
548 4398 646 4462 vitam
668 4397 851 4461 humanam.
875 4400 915 4460 Si
936 4402 1008 4478 quis
1032 4402 1166 4479 furatus
1218 4402 1315 4482 gitur.
1327 4402 1416 4465 Circa
1431 4412 1625 4485 preceptum
1641 4406 1726 4469 istud
1742 4407 1843 4470 multa
1857 4427 1965 4473 occur·

419 4498 522 4576 suerit
537 4499 644 4557 bovem
664 4500 712 4557 oet
731 4516 819 4557 ocean
840 4494 975 4578 proximi
997 4496 1057 4574 sui,
1074 4508 1105 4559 et
1119 4518 1166 4558 oc·
1219 4508 1294 4561 runt
1309 4499 1453 4577 dicenda,
1470 4520 1542 4582 que
1556 4501 1641 4565 infra
1657 4512 1835 4585 tangentur.

420 4598 536 4656 ciderit
558 4599 607 4655 vet
632 4596 812 4655 vendiderit
834 4595 919 4675 quod
945 4592 1068 4657 furatus
1093 4606 1161 4671 est3
1257 4597 1352 4662 Porro
1367 4599 1504 4662 Thomas
1519 4600 1553 4661 in
1569 4600 1673 4682 prima
1688 4606 1835 4668 secunde
1849 4615 1961 4669 contra

420 4695 563 4775 quicque
585 4695 672 4754 boves
690 4713 752 4770 pro
776 4713 841 4752 uno
862 4696 936 4753 booe
956 4696 1110 4766 restituet,
1135 4706 1164 4755 et
1218 4704 1411 4778 preceptum
1428 4697 1513 4760 istud
1533 4699 1579 4761 sic
1598 4700 1703 4781 arguit
1720 4718 1727 4762 :
1744 4701 1839 4766 Poena
1855 4712 1960 4767 taxan-

419 4802 559 4871 puetoor
580 4812 650 4853 ovas
664 4812 726 4869 pro
748 4812 817 4852 aaa
835 4812 900 4853 oce.
918 4792 1025 4873 ltaque
1045 4791 1164 4855 intelli·
1217 4794 1257 4855 da
1271 4803 1319 4856 est
1333 4796 1507 4858 secundum
1519 4797 1730 4877 quantitatem
1745 4800 1859 4883 culpe,
1869 4802 1959 4883 juxta

417 4890 521 4970 genda
536 4898 584 4953 cst
599 4889 649 4953 lex
664 4890 735 4966 ista,
754 4890 881 4971 quando
897 4909 961 4954 non
978 4890 1081 4954 solum
1100 4892 1162 4955 tale
1216 4892 1295 4955 illud
1311 4894 1566 4957 Deuteronomii:
1584 4896 1642 4959 Pro
1658 4916 1806 4961 mensura
1822 4901 1955 4981 peccati,
1982 4924 2112 4975 belm.

417 4988 596 5069 jumentum
614 4987 724 5049 furtim
739 4987 892 5065 aufertur,
908 4990 963 5052 sed
978 4989 1073 5053 etiam
1090 5010 1162 5055 ven·
1215 4992 1276 5055 erit
1297 5000 1329 5054 et
1350 4993 1514 5074 plagarum
1536 4996 1661 5059 modus.
1685 4997 1744 5060 Sed
1765 4998 1957 5079 quibusdam
1973 4987 1992 5027 ²¹

417 5086 503 5149 ditur
519 5086 586 5149 sive
605 5085 770 5163 occiditur,
788 5086 839 5149 vel
858 5086 892 5147 in
912 5087 1078 5169 procinctu
1100 5088 1162 5152 fuit
1215 5090 1390 5172 equalibus
1406 5091 1510 5173 culpis
1525 5093 1575 5155 lex
1591 5093 1763 5176 inequales
1778 5098 1889 5160 statuit
1901 5116 1961 5180 pe

417 5191 452 5253 ut
467 5184 657 5247 venderetur
672 5183 722 5247 vel
739 5182 983 5248 interficeretur.
1003 5184 1034 5248 Si
1054 5196 1161 5249 autem
1216 5208 1284 5267 nas,
1294 5188 1443 5253 videlicet
1458 5210 1516 5272 pro
1531 5210 1595 5255 uno
1610 5192 1691 5260 bove
1707 5192 1812 5259 furato
1827 5198 1960 5259 reddere

416 5282 528 5367 vivens
543 5283 709 5346 inventum
726 5282 839 5347 fuisset
855 5284 916 5347 tale
928 5284 1110 5366 jumentum
1126 5286 1160 5348 in
1213 5286 1357 5369 quinque
1371 5286 1479 5365 boves,
1492 5297 1524 5351 et
1540 5308 1597 5371 pro
1612 5310 1676 5353 una
1689 5310 1749 5356 ove
1765 5292 1869 5357 furata
1883 5314 1960 5377 qua-
