4309 6259
514 470 687 519 suanmrro
708 472 739 518 ut
760 471 828 520 car.
852 471 947 517 xxxrr
969 471 1164 519 suusmaurr.
1187 491 1228 501 -
1247 472 1318 519 aar.
1343 472 1379 517 tr
1446 517 1449 524 ,
1646 453 1717 516 515

171 636 337 701 translatio
353 648 461 704 nostra
481 662 499 705 a
515 643 647 707 veritate
663 644 825 722 Hebraico,
842 645 918 727 quia
933 640 958 701 A
974 660 1104 723 nymum
1134 649 1253 705 tantam
1284 642 1336 705 hic
1365 640 1479 705 iecisse
1508 642 1715 704 mutationem

171 734 348 797 secundum
364 737 550 802 Hebraicam
572 742 737 805 veritatem
762 761 826 804 non
849 760 918 824 pro
972 741 1144 805 verborum
1160 750 1215 804 aut
1231 761 1365 815 sensns;
1390 760 1449 805 nec
1465 742 1630 822 ignorabat
1644 760 1717 805 con-

171 831 299 895 hibetur
321 836 523 916 mulieribus,
543 840 620 921 quin
644 840 766 904 nubant
787 841 918 923 quibus·
973 839 1173 903 suetudinem
1184 839 1386 902 Hebraeorum
1398 838 1430 900 in
1441 838 1718 902 observationibus

170 950 309 1013 cumque
320 935 481 999 voluerint
491 938 531 1000 de
541 957 657 1019 genere
667 939 918 1015 Israelitico,nisi
973 937 1219 1000 connubiorum.
1237 937 1309 999 ldco
1335 946 1424 1018 puto,
1446 937 1531 1018 quod
1556 935 1626 998 sine
1655 936 1718 997 dis-

170 1038 294 1093 tantum
320 1032 450 1098 leminis
475 1036 683 1101 hereditatem
714 1039 915 1103 habentibus,
973 1034 1160 1116 pensatione
1187 1053 1251 1097 non
1279 1034 1370 1097 licuit
1394 1034 1487 1095 aliter
1513 1032 1597 1110 lieri,
1621 1053 1718 1115 quam

169 1128 248 1191 Nam
269 1131 324 1193 ubi
348 1142 456 1196 nostra
477 1136 644 1200 translatio
664 1138 769 1215 hahet,
791 1137 918 1201 Cunctae
975 1140 1082 1195 noster
1092 1134 1235 1196 continet
1250 1140 1362 1210 textus,
1371 1141 1403 1196 et
1418 1132 1444 1194 si
1461 1132 1582 1213 absque
1592 1132 1718 1214 dispen-

171 1226 301 1292 lemine
317 1232 448 1295 maritos
463 1235 503 1297 de
521 1236 631 1297 eadem
646 1236 732 1298 tribu
748 1236 916 1319 accipient,
974 1232 1097 1295 satione
1121 1232 1213 1295 aliter
1238 1231 1348 1308 fiebat,
1365 1230 1514 1295 illicitum
1541 1229 1612 1293 luit.
1629 1230 1718 1321 Unde

171 1325 203 1389 in
220 1326 352 1393 llebraeo
368 1330 514 1410 habetur,
527 1332 635 1397 Omnis
652 1333 722 1397 lilia
737 1354 808 1415 qua
824 1336 919 1398 habet
973 1331 1058 1411 quod
1074 1331 1172 1393 David
1195 1331 1298 1393 liliam
1320 1330 1394 1394 Saul
1417 1330 1554 1412 sumpsit
1575 1347 1716 1405 uxorem,
1739 1347 1861 1402 irrepant,

171 1424 394 1505 hereditatem,
412 1429 529 1493 viride
544 1432 733 1512 cognatione
747 1432 846 1514 patris
868 1433 918 1494 sui
974 1447 1011 1492 ex
1021 1428 1260 1511 dispensatione
1273 1429 1412 1493 creditur
1422 1427 1627 1506 lactum,sive
1637 1428 1718 1491 [leus
1733 1412 1765 1453 ²⁷·

171 1524 232 1587 erit
255 1544 346 1589 uxor.
360 1526 512 1593 Similiter
535 1548 600 1593 non
622 1530 821 1613 prohibetur,
838 1531 917 1614 quin
974 1548 1031 1612 per
1046 1530 1203 1593 occultam
1219 1529 1475 1611 inspirationem,
1493 1527 1562 1590 sive
1578 1545 1635 1609 per
1648 1526 1719 1590 Pro·

170 1623 232 1686 viri
249 1624 369 1688 ducent
386 1645 498 1690 uxores
514 1628 554 1691 de
569 1629 631 1691 alia
646 1629 743 1692 tribu.
754 1630 818 1693 lloe
833 1630 918 1693 enim
975 1628 1143 1709 phetarum
1159 1628 1460 1705 revelationem,aut
1473 1625 1537 1688 alio
1548 1626 1642 1688 modo
1657 1626 1719 1687 dis-

169 1723 258 1803 quod
272 1722 391 1787 dicitur
407 1725 439 1787 in
456 1734 564 1789 nostra
578 1728 796 1806 translatione,
804 1728 919 1793 Omnes
976 1725 1156 1807 pensaverit
1171 1725 1227 1788 ita.

171 1820 232 1883 viri
250 1822 369 1885 ducent
385 1842 497 1887 uxores
515 1825 555 1888 de
575 1825 661 1888 tribu
677 1835 708 1889 et
730 1827 958 1909 cognationcB
1023 1828 1242 1905 lacerantque
1271 1826 1351 1903 filiae
1380 1826 1561 1901 salphaad,
1591 1833 1628 1884 ut
1655 1826 1719 1883 sibi
1797 1849 1799 1853 ·

170 1939 239 1997 sua,
259 1939 324 1984 non
347 1929 395 1985 est
417 1922 450 1985 in
465 1922 608 2003 Hebraeo,
627 1925 681 1988 sed
704 1925 749 1988 ibi
773 1925 819 1989 sic
841 1927 919 1989 dici·
973 1925 1084 2001 theat
1108 1920 1307 2001 imperatum
1329 1944 1341 1983 .·
1364 1922 1397 1984 in
1423 1940 1486 2004 quo
1511 1940 1620 1984 earum
1646 1922 1720 1985 obe-

172 2028 223 2081 tur
251 2036 259 2081 ε
286 2020 354 2084 Non
385 2030 563 2085 revertatur
587 2023 745 2087 hereditas
776 2024 918 2089 liliorum
973 2022 1362 2086 dientiacommendatur.

170 2117 319 2182 lsraelde
336 2118 420 2182 tribu
436 2119 470 2183 in
486 2121 680 2198 tribum,sed
697 2124 919 2206 unusquisque
1013 2121 1176 2185 Postremo
1205 2121 1353 2184 subditur
1382 2119 1526 2202 epilogus
1555 2119 1721 2200 predicto-

173 2215 204 2279 in
221 2217 399 2281 hereditate
412 2227 537 2300 patrum
551 2239 681 2284 suorum
696 2222 862 2286 adhereat
876 2223 920 2286 Si·
975 2239 1056 2282 rum.
1067 2225 1145 2283 Hoec
1154 2231 1230 2282 sunt
1241 2224 1400 2281 mandata
1410 2219 1653 2299 atquajurlicia.
1663 2217 1721 2280 Per

172 2315 293 2379 militer
309 2315 364 2380 ubl
381 2325 488 2380 nostra
503 2318 669 2382 translatio
685 2320 790 2397 habet,
798 2321 842 2384 Ne
858 2321 919 2384 sibi
974 2320 1095 2403 judicia
1110 2319 1333 2400 intelliguntur
1355 2317 1521 2401 judicialia
1536 2316 1590 2380 Del
1606 2334 1721 2399 prece

172 2414 370 2478 misceantur
393 2415 506 2493 tribus,
526 2424 600 2494 etc,
618 2416 651 2479 in
673 2417 804 2483 Hebraeo
825 2419 921 2483 habe·
976 2419 1085 2502 pta.Et
1099 2418 1175 2501 quia
1191 2418 1225 2481 in
1241 2418 1302 2482 hoc
1318 2417 1401 2481 libro
1416 2417 1517 2480 multa
1532 2424 1606 2479 sunt
1620 2415 1719 2498 jussa,

172 2521 236 2591 tur,
254 2514 299 2577 Ne
322 2522 498 2579 revertatur
520 2516 680 2579 hereditas
702 2518 798 2580 unius
818 2518 920 2583 tribus
976 2517 1447 2600 quorumaliquaadpraecepta
1462 2514 1722 2597 moralia,aliqua

172 2613 211 2674 ad
236 2612 334 2676 aliam
363 2613 492 2676 tribum.
519 2614 581 2678 Nec
608 2615 724 2696 legitur
748 2616 922 2699 aliquando
975 2636 1051 2681 vero
1076 2618 1116 2679 ad
1140 2616 1367 2680 cerimonialia
1392 2615 1563 2697 pertinent,
1588 2623 1723 2695 possunt

174 2709 260 2775 lacta
275 2712 485 2794 dispensatio,
504 2720 540 2775 ut
553 2714 658 2776 tribus
673 2715 759 2795 regia
775 2725 806 2779 et
822 2736 922 2780 sacer·
977 2717 1118 2800 duplicia
1142 2716 1202 2780 ista
1226 2723 1384 2798 precepta
1406 2715 1466 2777 hoe
1489 2715 1559 2777 loco
1585 2712 1722 2794 intelligi

173 2810 290 2873 dotalis
320 2819 453 2893 possent
481 2812 684 2877 matrimonio
709 2816 918 2878 commisceri.
977 2837 1034 2901 per
1049 2817 1082 2880 id
1097 2816 1183 2898 quod
1198 2815 1242 2887 ait
1260 2833 1267 2876 ε
1285 2814 1356 2876 llaee
1373 2820 1447 2875 sunt
1462 2819 1630 2895 precepta.
1645 2816 1722 2881 Quor

174 2909 241 2973 Non
258 2908 345 2973 enim
362 2911 541 2973 necessaria
558 2909 620 2973 luit
635 2912 669 2974 in
685 2912 745 2976 hoc
760 2914 923 2996 dispensa·
975 2918 1128 2997 praecepit
1143 2916 1155 2940 ·
1171 2915 1329 2975 Dominus
1345 2932 1406 2991 per
1424 2932 1571 2982 manum,
1594 2910 1654 2972 hoe
1674 2918 1722 2972 est
1735 2923 1772 2964 ‘m
1819 2922 1857 2963 avt

175 3009 231 3085 tio,
250 3008 329 3089 quia
348 3009 429 3071 Deus
453 3028 516 3072 non
540 3011 705 3092 prohibuit
725 3013 923 3076 commixtio·
941 3014 962 3076 C
978 3013 1203 3089 ministerium,
1231 3014 1355 3089 Moysis
1378 3013 1422 3070 ad
1445 3012 1531 3087 filios
1557 3013 1660 3071 Israel
1684 3010 1721 3069 in

175 3127 248 3171 nem
282 3106 438 3183 tribuum,
467 3107 529 3169 nisi
560 3116 682 3171 tantum
714 3110 769 3173 ubl
799 3130 837 3173 ex
868 3113 922 3175 tali
978 3114 1206 3191 catrapestrr'bas
1226 3112 1321 3172 Moab
1339 3129 1440 3187 supra
1453 3111 1630 3170 Iordanem
1650 3127 1723 3168 eon-

174 3205 381 3269 matrimonio
397 3214 504 3288 posset
523 3207 614 3289 sequi
630 3209 816 3273 commixtio
832 3210 921 3274 bere
980 3224 1030 3275 tra
1044 3213 1181 3274 Iericho.

175 3308 323 3382 ditatum,
351 3312 386 3368 ut
415 3314 502 3388 patet
531 3308 705 3370 secundum
731 3304 922 3372 Hebraicam
1019 3305 1723 3393 Spiritualiter‚quiillicita,clandestina‚aut

175 3406 355 3469 veritatem.
979 3410 1140 3495 prohibita
1156 3408 1268 3472 ineunt
1282 3406 1443 3489 conjugia,
1453 3405 1655 3469 contundunt
1669 3404 1724 3467 Ec·

210 3508 244 3569 lu
256 3505 307 3567 his
319 3503 418 3567 Rabbi
428 3504 516 3567 Pauli
529 3505 633 3568 verbis
644 3506 726 3569 male
738 3510 924 3589 sonatquod
979 3508 1084 3574 clesiae
1105 3507 1351 3583 ordinationem,
1374 3515 1405 3569 et
1427 3504 1603 3569 hereditate
1623 3503 1723 3565 Patris

175 3605 220 3668 ait
237 3603 479 3668 translationem
497 3613 637 3668 nostram
654 3605 790 3669 multum
807 3626 825 3669 a
841 3608 926 3670 veri·
979 3606 1117 3673 coelestis
1133 3605 1435 3689 privantur.0mncs
1449 3622 1577 3686 quoque
1591 3601 1725 3665 Christi-

176 3712 239 3767 tate
255 3702 409 3767 llebmica
424 3702 615 3786 discrepare.
634 3704 685 3768 Sic
700 3705 787 3768 enim
802 3706 926 3770 videre-
981 3706 1094 3770 fideles
1108 3705 1295 3769 contrahere
1310 3704 1487 3786 cupientes,
1498 3720 1561 3765 non
1580 3701 1643 3763 nisi
1658 3700 1724 3763 suis

177 3812 229 3866 tur
244 3801 351 3884 sequi,
368 3802 453 3884 quod
474 3820 550 3865 vera
572 3821 636 3866 non
658 3812 751 3867 esset.
769 3804 830 3868 Nec
845 3806 926 3888 Lyra
981 3806 1142 3869 socientur
1156 3802 1310 3885 cognatis,
1329 3802 1388 3865 hoc
1409 3810 1457 3865 est
1478 3798 1623 3883 personis
1643 3798 1726 3880 ejus-

176 3900 301 3984 aliquid
324 3900 428 3982 tangit
449 3900 501 3962 hio
526 3900 613 3979 inde,
635 3902 692 3984 qui
714 3911 820 3983 tamen
844 3921 927 3967 com·
980 3906 1065 3981 dem,
1083 3920 1147 3966 non
1162 3900 1310 3983 disparis,
1320 3900 1435 3975 cultus,
1447 3907 1482 3961 ut
1498 3896 1615 3980 pariter
1629 3903 1725 3977 atquc

176 4001 321 4065 munitor
341 3999 453 4080 tangit,
472 4002 601 4082 quando
616 4001 739 4083 aliquid
759 4001 851 4065 aliter
872 4010 927 4066 ant
981 4000 1182 4067 concorditer
1210 3998 1393 4062 ministrent
1422 3996 1597 4072 ditissimo,
1625 4003 1657 4059 et
1685 3988 1725 4057 ad

177 4101 250 4183 plus
267 4100 403 4163 habetur
420 4098 453 4161 in
476 4108 584 4163 nostra
603 4099 812 4164 translatione
829 4120 925 4183 quam
982 4102 1052 4183 ejus
1076 4100 1230 4163 honorem
1255 4096 1450 4179 prolilicent,
1473 4094 1530 4177 qui
1557 4102 1727 4176 estsuper

177 4200 211 4262 in
228 4198 372 4263 llebraeo.
389 4198 452 4261 Nec
473 4198 648 4264 verisimile
671 4219 751 4277 reor,
770 4200 803 4262 B.
821 4199 928 4264 Hiero
982 4199 1090 4265 omnia
1101 4199 1184 4261 Deus
1199 4196 1346 4259 sublimis
1361 4204 1393 4259 et
1406 4194 1603 4258 benedictus.
1614 4193 1727 4255 Amen·

468 4770 581 4825 FlNlS
614 4768 1008 4825 COMMENTARIORUM
1041 4765 1153 4823 LlBltl
1184 4762 1445 4823 uvuahoutttt
