4309 6259
448 502 507 565 578
774 515 948 561 annnmrro
969 514 1000 559 nr
1021 514 1090 558 cnr.
1113 512 1166 558 xri
1185 508 1421 555 ocuranononn.
1444 530 1483 539 —
1504 506 1576 554 aar.
1600 504 1663 554 xvn

447 698 486 751 tm
499 684 1118 764 laciliterscandalizantur‚incautisque
1130 682 1192 744 lau·
1206 680 1231 740 Α
1246 686 1371 759 gantur,
1397 678 1461 742 cito
1491 678 1668 743 exorbitant
1697 685 1793 758 atque
1816 674 1988 737 deliciunt.

447 787 542 850 dibus
557 788 769 859 extolluntur3
787 792 819 847 et
835 784 897 845 nisi
912 782 1083 861 diligenter
1097 789 1192 862 atquc
1245 778 1428 841 Ceterorum
1453 776 1692 859 spiritualitates
1712 772 1922 858 praeallegatis
1940 792 1992 833 ca·

446 885 573 949 assidue
597 886 820 959 informentur,
838 880 1033 961 castigentur
1057 899 1094 942 ac
1118 878 1193 941 diri·
1248 876 1360 958 pitulis
1375 885 1449 938 sunt
1464 876 1662 957 conscripta.

979 1307 1303 1396 ARTICULUS
1345 1307 1465 1391 XVII

515 1591 704 1639 uucnnnnrto
726 1588 899 1635 tirrannus
921 1585 1057 1633 cnetrutt
1079 1586 1270 1631 SEX'l'lDECiUi
1292 1586 1298 1629 :
1322 1584 1459 1630 onsant'n
1480 1583 1602 1627 HENSEM
1623 1582 1768 1628 uolutauit
1788 1584 1924 1630 rudenti.

513 1872 763 1937 munientium
778 1870 924 1951 quaedam
939 1875 1097 1950 praecepta
1112 1882 1196 1927 nunc
1212 1862 1235 1924 B
1253 1863 1363 1926 licium
1374 1865 1460 1945 quod
1471 1884 1509 1929 ex
1519 1865 1582 1928 alio
1592 1866 1647 1928 Dei
1663 1876 1819 1950 precepto
1835 1868 1988 1932 onerem-

524 1980 720 2056 repetuntur‚
737 1979 813 2052 puta
828 1971 868 2032 de
883 1966 1090 2031 observandis
1106 1964 1195 2027 iestis
1252 1971 1302 2024 tur
1325 1982 1506 2046 azymorum
1531 1964 1645 2027 diebus
1670 1986 1728 2048 per
1751 1975 1848 2029 totam
1867 1968 1989 2031 Pascha

451 2073 618 2153 legalibus,
635 2070 771 2151 aliisque
787 2066 971 2131 nonnullis:
989 2074 1019 2128 et
1036 2064 1140 2147 primo
1158 2063 1196 2124 lit
1250 2062 1491 2126 hebdomadam.
1504 2064 1650 2126 Attamen
1660 2065 1790 2146 quidam
1801 2066 1852 2128 bic
1868 2067 1987 2139 scribit,

452 2172 571 2236 mentio
596 2172 635 2233 de
659 2168 849 2233 solennitate
878 2164 1031 2249 paschali.
1060 2167 1195 2227 Observa
1249 2161 1336 2242 quod
1351 2162 1435 2223 istud
1452 2162 1649 2242 intelligatur
1664 2165 1704 2227 de
1722 2164 1794 2226 aliis
1810 2164 1986 2239 sacrificiis,

451 2292 588 2331 meterem
599 2290 758 2331 novarum
768 2269 913 2346 smmum,
921 2264 952 2326 id
964 2264 1194 2339 est‚adrentum
1250 2279 1320 2340 quaa
1335 2259 1555 2324 offerebantur
1573 2281 1592 2323 a
1612 2263 1757 2344 personis
1777 2263 1989 2343 singularibus

449 2369 545 2451 primi
572 2368 690 2431 mensis
715 2366 791 2428 anni
811 2364 977 2427 considera
1000 2380 1006 2423 :
1032 2362 1087 2443 qui
1110 2360 1193 2440 apud
1249 2378 1287 2422 ex
1301 2360 1480 2436 devotione,
1492 2380 1563 2441 quaa
1579 2380 1642 2424 non
1654 2363 1806 2425 cadebant
1818 2363 1878 2425 sub
1894 2364 1990 2426 deter-

451 2468 596 2530 ilebraeos
621 2465 737 2528 dicitur
761 2464 868 2539 Nisae,
896 2470 927 2525 et
956 2461 1041 2543 apud
1065 2458 1194 2521 Latinos
1249 2458 1370 2522 minato
1395 2478 1539 2535 numero,
1559 2460 1637 2541 quia
1662 2461 1693 2522 iu
1719 2461 1836 2524 talibus
1860 2462 1989 2524 cuilibet

450 2565 577 2627 liartius
597 2583 652 2627 seu
669 2562 797 2645 Aprilis
817 2560 991 2623 secundum
1012 2559 1142 2622 modum
1163 2565 1194 2619 et
1249 2557 1492 2639 permittebatur
1506 2577 1596 2620 suam
1611 2557 1990 2623 laceravoluntatem.l⁷e

451 2682 579 2726 sensum
610 2661 793 2743 frequenter
818 2658 1038 2741 praehabitum.
1065 2657 1114 2719 Ab
1138 2656 1194 2718 illo
1249 2664 1427 2719 rumtameu
1459 2656 1544 2719 istud
1568 2676 1632 2721 non
1657 2657 1783 2722 videtur
1808 2660 1923 2723 idonee
1946 2660 1989 2722 di-

450 2762 568 2826 etenim
584 2779 693 2823 mense
709 2758 861 2822 inchoant
882 2775 1002 2819 annum
1017 2755 1115 2817 Judaei
1135 2772 1141 2815 :
1160 2755 1194 2817 in
1249 2763 1346 2831 ctum,
1368 2774 1467 2835 quum
1490 2756 1642 2818 Dominus
1662 2759 1853 2841 praeceptive
1873 2759 1926 2822 hic
1945 2760 1990 2821 di-

449 2878 514 2942 quo
530 2879 639 2923 mense
654 2859 829 2922 secundum
847 2855 1059 2938 praeinductas
1074 2854 1191 2933 allega·
1249 2860 1319 2915 cat:
1337 2853 1580 2936 immolabisque
1596 2856 1705 2919 Plrase.
1716 2858 1819 2939 Atque
1834 2858 1868 2919 in
1882 2858 1988 2921 codice

449 2959 552 3021 tiones
571 2959 605 3021 in
626 2966 709 3021 terra
727 2954 951 3039 promissionis
971 2952 1033 3015 luit
1055 2961 1131 3014 tunc
1148 2953 1194 3014 iu·
1248 2951 1456 3015 Numerorum
1473 2952 1557 3015 istud
1574 2954 1768 3018 sacrificium
1780 2956 1930 3037 paschale
1943 2959 1988 3038 ju·

449 3058 553 3140 ceptio
564 3057 687 3133 messis,
700 3054 845 3137 quamvis
862 3052 960 3135 aliqui
979 3053 1098 3129 dicant,
1110 3053 1192 3133 quod
1208 3045 1230 3109 C
1248 3048 1352 3125 betur,
1378 3060 1410 3113 et
1438 3060 1591 3132 quantum
1618 3054 1657 3115 ad
1688 3074 1855 3117 numerum
1884 3074 1988 3119 rerum

449 3164 525 3219 tuuc
536 3157 676 3219 nondum
690 3153 750 3216 luit
767 3153 811 3215 ibi
822 3152 976 3215 messium
993 3160 1129 3233 tempus,
1138 3152 1193 3215 sed
1249 3147 1513 3213 immolandarum
1536 3151 1775 3230 determinatur,
1790 3173 1890 3235 quum
1914 3155 1988 3217 dici-

448 3252 715 3336 appropinquatio
733 3252 773 3314 ad
794 3250 1020 3325 maturitatem,
1041 3250 1085 3312 ita
1107 3251 1190 3331 quod
1248 3253 1319 3307 tur:
1336 3245 1485 3310 Oilerctis
1511 3250 1677 3312 incensum
1699 3252 1920 3316 holocaustum
1936 3254 1988 3317 Do
2025 3270 2083 3311 a...

449 3352 483 3414 in
498 3352 635 3433 quadam
650 3360 740 3433 parte
757 3358 847 3412 terrac
863 3348 951 3410 illius
967 3347 1082 3428 aliqua
1098 3349 1194 3429 spicae
1248 3345 1347 3421 mino,
1370 3346 1486 3410 vitulos
1511 3348 1551 3410 de
1574 3359 1719 3413 armento
1744 3351 1834 3429 duos,
1858 3335 2101 3440 arietcm12¹ll¹⁹'

449 3458 538 3513 erant
554 3458 684 3512 maturae
703 3466 709 3509 :
726 3449 811 3529 quod
829 3466 886 3510 nec
904 3446 1013 3523 textui,
1032 3466 1090 3510 nec
1105 3446 1193 3510 Glos-
1248 3463 1358 3519 uuum,
1371 3464 1469 3535 agnos
1484 3446 1651 3511 anniculos
1666 3457 1798 3530 septem,
1816 3460 1848 3513 et
1864 3451 1985 3515 hircum

448 3568 501 3625 sae,
521 3567 578 3611 uec
603 3546 782 3610 auctoritati
803 3546 999 3627 Hieronymi,
1018 3564 1075 3607 nec
1099 3545 1193 3626 liegi-
1248 3560 1305 3623 pro
1325 3552 1465 3624 peccato,
1483 3553 1543 3607 etc.
1558 3571 1565 3621 ;
1583 3554 1614 3607 et
1630 3546 1776 3609 subditur
1796 3547 1843 3611 ibi
1862 3567 1869 3610 :
1886 3550 1930 3612 lta
1945 3550 1986 3612 la-

448 3647 505 3709 stri
522 3645 554 3708 in
571 3646 713 3709 historiis
728 3652 892 3718 consonat,
910 3644 985 3724 quia
1006 3662 1070 3706 non
1088 3644 1190 3706 solum
1247 3641 1337 3703 cietis
1363 3661 1419 3723 per
1446 3642 1589 3723 singulos
1610 3644 1678 3706 dies
1705 3655 1825 3727 septem
1851 3648 1983 3710 dierum.

449 3746 512 3823 hic,
523 3745 577 3809 scd
588 3753 619 3807 et
633 3742 711 3806 alibi
727 3762 809 3825 sape
822 3742 983 3823 Scriptura
998 3751 1090 3805 vocat
1104 3761 1193 3805 men·
1247 3739 1298 3802 Sic
1318 3741 1425 3822 itaque
1442 3741 1622 3805 immolabis
1642 3748 1682 3804 de
1700 3747 1811 3805 ovibus
1828 3757 1859 3806 et
1880 3750 1921 3806 de
1941 3750 1987 3807 bo

449 3841 635 3919 aemilium,
653 3858 794 3903 mensem
816 3857 970 3902 novarum
991 3837 1120 3919 frugum
1137 3858 1193 3902 seu
1247 3842 1316 3909 bus,
1334 3842 1368 3900 in
1386 3845 1449 3901 loco
1465 3863 1559 3920 qoem
1574 3845 1703 3919 cleperit
1713 3847 1883 3918 Dominus,
1893 3846 1925 3907 id
1944 3854 1987 3907 est

449 3941 613 4004 messium.
635 3938 799 4021 Siquidem
822 3938 854 3999 in
878 3936 1018 4001 Levitico
1038 3938 1192 4020 scriptum
1249 3938 1280 3999 in
1297 3937 1376 4001 urbe
1391 3939 1495 4002 cultus
1511 3940 1613 4002 divini
1628 3949 1660 4004 et
1676 3942 1709 4003 in
1729 3943 1810 4005 atrio
1825 3944 1948 4026 templi.

316 4056 434 4109 aaran,
449 4048 497 4102 cst
514 4058 521 4102 :
539 4038 639 4113 Quum
661 4037 795 4119 ingrcssi
819 4035 944 4099 fueritis
965 4044 1081 4099 terram
1096 4056 1193 4117 quam
1288 4040 1512 4098 Noncomedcs
1523 4059 1643 4116 punem
1657 4041 1900 4117 sermntatum.
1917 4046 1987 4120 Sip

305 4122 338 4164 ¹⁰·
449 4156 507 4217 ego
522 4136 603 4201 dabo
618 4135 718 4211 vobis,
729 4143 761 4198 et
775 4134 971 4197 messueritis
988 4144 1137 4214 segetem,
1151 4136 1194 4197 le
1240 4145 1310 4195 ‘tem
1324 4137 1435 4197 diebus
1454 4141 1593 4197 cometus
1608 4140 1724 4218 absqiae
1738 4140 1897 4216 ser-ineam
1911 4143 1988 4218 affli-

448 4236 524 4297 retis
540 4235 720 4317 manipulos
730 4233 889 4315 spicarum
906 4233 1063 4315 primitias
1080 4234 1193 4297 messis
1207 4238 1231 4299 n
1245 4235 1361 4293 ottonis
1371 4253 1502 4311 partam,
1522 4234 1618 4297 idest
1636 4254 1762 4317 azymos
1781 4256 1881 4319 panes
1905 4256 1912 4300 :
1935 4238 1985 4320 qui

445 4343 558 4397 vostra
568 4322 606 4397 ad
619 4332 1025 4414 sacerdotemilertumque
1035 4341 1094 4408 est,
1104 4334 1190 4414 quod
1245 4339 1398 4393 vocantur
1423 4350 1522 4413 panes
1541 4332 1740 4412 alilietiouis,
1761 4335 1836 4416 quia
1856 4355 1987 4400 comme

361 4474 365 4483 -
445 4432 500 4494 illa
514 4431 633 4496 oblatio
650 4431 750 4494 liehat
775 4432 808 4492 in
829 4430 968 4493 crastino
987 4430 1125 4508 Paschae,
1144 4450 1190 4493 se·
1244 4431 1411 4492 morabant
1429 4438 1461 4493 et
1485 4432 1753 4513 repraesentabant
1775 4432 1984 4498 aillictionem

442 4532 582 4594 cundum
598 4529 793 4613 expositores
808 4529 1018 4592 concorditer.
1038 4533 1079 4591 Et
1095 4533 1189 4590 verm
1243 4526 1385 4590 liliorum
1411 4530 1505 4592 lsrael
1531 4531 1564 4591 in
1579 4530 1723 4613 AEgypto.
1749 4532 1880 4615 Propter
1903 4534 1982 4615 quod

438 4633 584 4706 primum
608 4631 769 4705 temporis,
788 4628 820 4690 id
842 4636 889 4690 cst
909 4646 1052 4690 mensem
1073 4627 1187 4710 praeia-
1243 4626 1388 4688 subditur
1406 4645 1413 4689 τ
1431 4630 1586 4707 quoniam
1604 4632 1639 4689 in
1656 4650 1778 4707 pauore
1798 4651 1941 4708 opressus
1955 4653 1983 4689 er

440 4735 519 4806 tum,
536 4730 591 4811 qui
608 4735 655 4791 est
675 4727 797 4808 primus
809 4727 929 4789 mensis
950 4726 983 4788 in
1000 4746 1085 4802 vere,
1099 4728 1184 4808 quod
1241 4728 1281 4784 de
1295 4728 1437 4802 AEqypto
1452 4748 1464 4785 .·
1479 4727 1555 4807 quia
1577 4736 1609 4789 et
1630 4728 1692 4809 ipsi
1713 4728 1774 4790 lilii
1794 4730 1888 4791 lsrael
1912 4749 1982 4793 non·

441 4845 497 4889 ver
511 4836 559 4889 est
574 4828 678 4908 prima
693 4844 766 4906 pars
781 4824 858 4886 anni
872 4825 961 4905 juxta
972 4826 1120 4889 Hebraeos
1132 4850 1139 4899 3
1152 4837 1186 4887 ut
1242 4824 1317 4885 dum
1334 4822 1467 4905 perlecti
1482 4824 1515 4887 in
1532 4825 1608 4901 lide,
1625 4845 1698 4888 cum
1716 4828 1828 4891 timore
1842 4829 1980 4892 exierunt

443 4925 548 5003 socias
561 4927 666 4985 Pbase
681 4923 873 4992 Dotnt'no,id
889 4931 948 4999 cst,
965 4924 1005 4985 ad
1020 4924 1075 4986 ilci
1092 4924 1188 4987 hono·
1242 4924 1421 5005 tilgyptum
1441 4924 1628 5004 cogentibus
1645 4944 1699 4989 eos
1713 4927 1867 5008 AEgyptiis
1881 4929 1920 4990 ad
1935 4947 1980 4990 ex·
2008 4947 2103 4991 aean.

447 5042 513 5085 rem
528 5021 669 5085 celebres
684 5021 813 5083 Pascha.
1243 5024 1383 5084 eundum
1404 5023 1566 5087 velociter.
1585 5023 1721 5107 AEgyptii
1745 5044 1872 5107 quoque
1895 5026 1980 5087 time
1994 5016 2025 5054 ³³·

492 5121 739 5198 Immolebisque
761 5123 867 5182 Pbasc
883 5121 1019 5181 Domino
1038 5124 1102 5181 Deo
1124 5132 1188 5183 tuo.
1244 5120 1322 5182 bant
1341 5120 1460 5202 plagari
1476 5142 1494 5183 a
1509 5122 1583 5194 Deo,
1601 5122 1743 5185 dicentes
1761 5142 1768 5184 :
1785 5123 1898 5188 Omnes
1917 5143 1980 5187 mo·

446 5219 502 5295 Per
527 5217 776 5281 immolationem
795 5218 903 5294 Phase,
922 5218 1113 5299 intelligitur
1137 5220 1189 5282 laic
1244 5218 1373 5281 riemur.
1387 5220 1667 5283 Porrosecuudum
1678 5222 1801 5303 Lyram,
1814 5222 1980 5286 inllebraeo

446 5335 510 5385 non
526 5316 597 5399 ipsa
612 5316 769 5398 paschalis
784 5316 859 5397 agni
875 5316 1004 5393 oblatio,
1022 5317 1077 5379 scd
1094 5318 1191 5380 sacri·
1244 5318 1390 5394 habetur,
1402 5317 1490 5392 Quod
1506 5319 1671 5382 subitovel
1688 5319 1877 5384 festinanter
1885 5340 1981 5403 egres·
