4309 6259
453 490 513 554 554¹
798 510 972 558 manaxrrc
993 512 1024 559 ru
1045 513 1114 559 ear.
1136 513 1190 559 vm
1210 512 1443 562 naursaonouu.
1465 531 1506 543 -
1526 514 1596 561 aar.
1619 514 1651 561 ur

453 699 510 762 per
526 680 650 744 labores
666 682 801 758 viarum,
814 694 909 763 atquc
925 672 1071 755 tentaret,
1088 684 1195 762 idest,
1213 683 1238 746 Α
1252 683 1349 746 alicui
1370 683 1536 747 hominum
1556 686 1668 762 datus3
1685 699 1721 749 et
1739 692 1915 749 ostenderet
1935 693 1991 750 tibi

453 798 509 861 per
534 781 667 844 adversa
692 782 746 845 illa
771 783 978 847 saluberrima
1003 785 1198 848 examinaret
1252 787 1337 863 qvod
1351 805 1416 845 non
1431 787 1469 845 εἴη
1482 790 1547 847 solo
1559 808 1646 865 pene
1660 790 1742 849 vicit
1757 790 1859 859 bocco,
1878 788 1910 849 id
1932 798 1991 861 est,

453 898 490 941 nc
514 880 672 961 probaret,
697 901 737 943 an
763 901 837 945 vere
863 882 970 947 fidelis
993 893 1024 947 et
1045 884 1198 948 obediens
1252 882 1337 962 quod
1360 883 1425 946 vita
1444 884 1583 948 humana
1599 905 1663 949 non
1678 886 1781 951 solum
1800 896 1994 951 sustentatur

453 998 538 1041 esses
551 980 623 1043 Deo.
631 980 719 1045 Unde
729 982 763 1043 in
774 982 942 1064 Sapientis
952 984 1116 1048 volumine
1125 985 1200 1047 scri·
1253 981 1382 1045 cibariis
1399 984 1610 1063 perhumines
1625 985 1722 1049 coctis
1738 996 1791 1048 aut
1807 986 1993 1069 procuratis,

317 1100 438 1154 Sap.m,5,
454 1086 543 1161 ptum
566 1088 614 1142 cst
631 1098 637 1141 :
657 1081 738 1143 Deus
762 1081 896 1144 tentavit
918 1082 1002 1160 illos,
1020 1092 1051 1146 et
1076 1083 1201 1147 invenit
1253 1085 1308 1141 sed
1331 1084 1367 1141 t'n
1388 1086 1479 1143 omni
1502 1087 1593 1144 verbo
1613 1088 1699 1164 quod
1711 1089 1932 1163 eyrediturce
1947 1108 1996 1146 ore

312 1164 317 1175 ’
454 1178 526 1241 illos
537 1178 650 1259 dignos
667 1199 710 1242 se.
721 1180 882 1262 Tanquam
895 1202 1006 1244 aurum
1025 1182 1056 1243 in
1071 1181 1200 1246 fornace
1254 1183 1327 1251 Dei,
1344 1180 1403 1243 hoc
1423 1190 1471 1243 εει
1485 1201 1687 1264 quacumque
1710 1184 1883 1247 refectione
1904 1204 1996 1266 quam

306 1166 327 1204 b.

454 1277 599 1360 probavit
623 1278 705 1341 illos.
723 1282 766 1341 Et
786 1292 861 1342 nota
877 1287 992 1360 flerent
1007 1303 1078 1359 que
1094 1286 1130 1344 io
1147 1293 1199 1343 tuo
1255 1280 1337 1341 Deus
1349 1279 1482 1361 jusserit
1497 1280 1681 1346 hominibus
1698 1283 1867 1366 provenire
1880 1293 1939 1345 aut
1950 1283 1998 1345 da·

454 1379 563 1437 aetrno
580 1380 812 1439 versabantur:
828 1381 861 1441 id
876 1388 934 1457 est,
946 1380 1016 1443 ideo
1033 1388 1063 1442 te
1079 1379 1200 1443 afflixit
1255 1377 1294 1454 ri,
1311 1377 1464 1459 quoniam
1483 1379 1552 1461 ipse
1566 1380 1634 1444 solo
1651 1382 1748 1445 verbo
1768 1390 1873 1463 potest
1894 1401 1997 1445 ειεειε

454 1482 486 1537 ει
501 1474 689 1551 ιεηιενίι,ιιι
705 1474 855 1539 interiom
870 1476 985 1540 animm
1002 1486 1063 1540 tuae
1079 1478 1201 1540 iuncte
1254 1495 1291 1538 ac
1317 1475 1455 1540 formare
1480 1480 1644 1541 materiam
1670 1480 1866 1544 refectionis.
1884 1480 1941 1543 l'el
1968 1481 1996 1541 in

455 1580 589 1649 socrent,
600 1592 663 1636 non
680 1574 753 1651 Deo,
764 1576 818 1638 sed
837 1576 892 1638 tibi
908 1596 945 1639 ac
961 1576 1032 1639 eliis
1048 1577 1082 1639 in
1098 1596 1200 1639 exem·
1253 1575 1360 1638 verbis
1374 1576 1426 1639 his
1442 1576 1633 1655 insinuatur,
1650 1581 1736 1660 quod
1752 1580 1834 1642 sicut
1848 1580 1947 1642 homo
1964 1598 1996 1641 ει

455 1672 544 1754 plum
567 1673 617 1735 vel
641 1672 674 1734 in
696 1674 873 1749 cautelam;
892 1686 1003 1736 utrum
1026 1679 1199 1737 custodires
1254 1673 1374 1737 visibili
1390 1685 1423 1737 ct
1439 1674 1606 1753 invisibili,
1622 1678 1682 1741 boc
1697 1687 1746 1741 est
1760 1698 1798 1741 ex
1812 1696 1948 1760 corpore
1968 1687 1995 1740 et

453 1775 609 1832 mandate
631 1774 715 1849 ejece,
729 1795 772 1834 ce
795 1795 870 1835 non.
888 1776 921 1837 ln
947 1775 1089 1837 adversis
1112 1774 1198 1837 enim
1253 1772 1515 1850 anima,constat,
1528 1774 1575 1837 sic
1589 1776 1710 1858 duplici
1725 1776 1901 1840 refectione
1913 1785 1992 1859 eget,

452 1872 641 1949 ostenditur,
668 1891 708 1934 an
737 1872 832 1937 homo
857 1873 898 1935 sit
924 1893 997 1937 vere
1023 1874 1196 1951 virtuosus,
1216 1871 1401 1937 Bvidelicet
1426 1873 1583 1953 corporali
1605 1882 1635 1936 ct
1658 1874 1837 1956 spirituali:
1853 1884 1886 1937 et
1906 1876 1994 1957 spiri·

451 1977 612 2046 constans,
626 1969 802 2048 timoratus,
820 1973 955 2054 patiens,
969 1982 1000 2036 et
1015 1973 1078 2035 Deo
1095 1972 1198 2053 subje-
1253 1970 1348 2033 tualis
1363 1970 1454 2033 cibus
1469 1980 1518 2034 cst
1535 1973 1666 2034 verbum
1674 1973 1747 2050 Dei,
1758 1993 1846 2037 sacra
1861 1973 1994 2056 Scriptu-

452 2077 532 2143 ctus,
553 2068 628 2148 quia
651 2070 685 2130 in
708 2071 868 2151 prosperis
892 2070 987 2134 facile
1009 2080 1057 2133 εει
1071 2072 1135 2134 Deo
1151 2090 1198 2133 rc·
1252 2089 1298 2146 ra,
1326 2069 1463 2131 salubris
1493 2070 1649 2149 doctrina,
1677 2081 1709 2135 et
1732 2072 1891 2153 quidquid
1915 2072 1994 2135 neus

452 2166 602 2245 gratiori:
619 2176 749 2249 propter
769 2170 855 2249 quod
878 2170 917 2233 de
940 2170 1062 2252 iniquo,
1079 2170 1198 2232 dicitur
1253 2168 1351 2231 verbo
1367 2187 1424 2231 suo
1440 2167 1596 2231 infuderit
1610 2169 1736 2247 animm,
1753 2171 1793 2232 ad
1808 2171 1880 2251 ejus
1894 2170 1994 2252 profe

324 2276 437 2325 Pon-uu,
455 2265 823 2329 Dco:Confitebiturtibi
836 2267 1195 2349 quumbenefecerisei.
1252 2274 1339 2327 ctum
1363 2275 1395 2330 et
1418 2266 1685 2330 confortationem
1706 2268 1740 2330 in
1759 2268 1914 2332 Domino:
1933 2269 1993 2331 imo

308 2342 411 2445 Ἔαρ,
453 2364 532 2426 Hinc
555 2363 669 2443 legitur
692 2364 724 2425 in
747 2364 987 2429 Ecclesiastico:
1006 2366 1087 2428 Vasa
1103 2365 1195 2444 figuli
1251 2366 1340 2447 juxta
1355 2365 1440 2427 hunc
1457 2383 1584 2428 sensum
1601 2366 1720 2447 objecit
1735 2368 1877 2430 Salvator
1890 2377 1992 2433 aucto
2016 2386 2107 2428 rerem.

306 2468 399 2515 nuti·
454 2462 566 2544 probat
582 2461 703 2539 fornax,
721 2472 753 2526 et
773 2463 919 2527 hominos
940 2464 1042 2545 justos
1066 2464 1197 2528 tentatio
1252 2464 1377 2526 ritatem
1393 2464 1476 2527 hanc
1492 2466 1652 2527 tentatori.
2004 2453 2023 2490 ⁸·

453 2560 680 2623 tribulationis
707 2563 778 2625 idco
803 2564 842 2625 dc
872 2563 1128 2626 inconstantibus
1153 2564 1198 2626 att
1301 2565 1526 2624 instrueremur
1544 2574 1636 2625 tecum
1650 2585 1712 2643 quo
1727 2566 1935 2641 operiebaris,
1945 2588 1992 2626 nr-

331 2668 438 2717 hrwr·
454 2660 616 2723 Salvator:
635 2659 680 2722 td
702 2669 826 2743 tempus
848 2663 993 2739 credunt,
1011 2672 1042 2725 ct
1064 2662 1097 2724 in
1120 2671 1198 2725 tcm-
1251 2682 1415 2741 qtcaqcccm
1431 2663 1792 2739 vetustatedcsceitlloc
1804 2662 1992 2744 fuitgrande

308 2732 340 2772 ¹³'
454 2777 531 2841 pore
542 2758 726 2821 tentationis
742 2761 904 2823 recedunt.
914 2760 993 2824 llino
1004 2780 1131 2843 quoque
1145 2780 1198 2823 an·
1252 2760 1452 2835 miraculum,
1469 2761 1556 2841 quod
1572 2760 1656 2822 iufra
1670 2761 1880 2842 quadraginta
1894 2781 1992 2825 annos

309 2874 438 2924 nanno.
453 2857 542 2937 gelus
558 2856 637 2919 dixit
649 2858 755 2921 Tobiae
765 2876 772 2919 :
784 2858 863 2932 Quia
878 2869 1028 2941 acceptus
1042 2879 1112 2922 eras
1122 2861 1197 2935 ileo,
1252 2860 1442 2922 vestimenta
1464 2858 1593 2921 illorum
1614 2877 1678 2922 non
1694 2858 1825 2922 fuerunt
1845 2879 1993 2923 consum-

454 2974 582 3019 necesse
599 2955 660 3019 fuit
675 2965 711 3019 ut
728 2957 858 3020 tentatio
880 2958 1029 3039 probaret
1049 2967 1090 3021 te.
1108 2958 1199 3021 Deni-
1254 2968 1328 3041 pta:
1345 2966 1378 3021 et
1391 2958 1451 3021 hoc
1467 2957 1648 3021 misericors
1658 2958 1809 3021 Dominus
1826 2958 1913 3035 fecit,
1923 2960 1996 3041 quia

452 3073 515 3135 que
530 3063 578 3115 est
593 3054 736 3135 quedam
755 3054 885 3117 tentatio
904 3074 975 3136 quae
1000 3056 1142 3137 procedit
1162 3076 1200 3120 cx
1217 3058 1239 3121 C
1255 3058 1288 3119 in
1304 3056 1476 3119 solitudine
1493 3075 1556 3119 non
1573 3064 1718 3138 poterant
1733 3057 1924 3121 vestimenta
1944 3078 1997 3122 no

454 3152 678 3231 ignorantiaet
688 3153 832 3233 quedam
844 3173 916 3235 quae
931 3155 971 3216 ad
981 3155 1200 3237 deceptionem
1255 3176 1293 3219 va
1309 3155 1537 3219 convenienter
1552 3155 1728 3237 acquirere.
1742 3156 1857 3219 Dicunt
1871 3174 1997 3238 quoquc

455 3250 565 3313 tentati
582 3250 759 3328 ordinatur,
772 3261 803 3313 et
820 3252 909 3313 nulla
924 3252 1036 3315 harum
1055 3253 1201 3316 tentatio-
1255 3255 1386 3337 quidam
1411 3252 1565 3316 Catholici
1590 3261 1623 3317 ct
1646 3254 1779 3331 llcbraei,
1796 3255 1882 3335 quod
1905 3256 1999 3319 vesti-

455 3369 532 3411 num
544 3349 695 3411 Dominus
714 3358 819 3428 tentat,
830 3370 928 3431 quum
945 3351 1023 3413 dicit
1038 3351 1201 3433 apostolus
1254 3362 1364 3416 menta
1380 3353 1584 3435 parvulorum
1600 3361 1779 3429 creverunt,
1795 3354 1886 3434 juxta
1901 3354 1999 3417 incre-

306 3460 438 3510 tccotutt.
453 3448 608 3511 lacobus:
626 3449 707 3510 [leus
725 3450 885 3512 neminem
903 3458 1012 3512 tentat.
1024 3451 1135 3513 'lentat
1152 3470 1202 3513 ve
1255 3460 1363 3515 menta
1385 3452 1538 3533 ipsorum.
1553 3454 1594 3512 Et
1604 3471 1661 3528 pes
1683 3462 1755 3512 tecue
1777 3473 1842 3513 non
1864 3463 1909 3513 est
1930 3456 1999 3513 seb

455 3566 490 3610 ro
502 3547 582 3609 Deus
599 3546 744 3610 homines
761 3568 799 3610 cx
813 3548 943 3611 caritate
959 3557 990 3610 ct
1006 3549 1058 3630 pia
1073 3548 1202 3630 dispen-
1257 3551 1430 3620 tritnr,hoc
1440 3558 1497 3625 est,
1507 3550 1604 3631 pedes
1616 3550 1713 3612 vestri
1726 3569 1789 3612 non
1802 3551 1998 3613 suntsubtus

455 3644 587 3721 satione,
606 3654 641 3707 ut
656 3646 751 3709 homo
768 3664 824 3728 per
840 3647 1030 3709 tentationes
1046 3666 1079 3709 se
1096 3648 1201 3729 ipsum
1255 3669 1293 3711 ex
1310 3656 1400 3711 terras
1409 3650 1496 3711 durae
1506 3648 1680 3711 calcatione
1694 3648 1759 3709 triti
1774 3658 1829 3711 aut
1844 3649 1998 3713 laasilllia

454 3754 617 3823 agnoscat,
631 3744 788 3821 humiliet,
803 3752 1202 3824 mereatur,corouctur,et
1257 3748 1421 3810 translatio
1441 3748 1547 3823 habet,
1564 3747 1626 3809 Nec
1647 3748 1860 3810 calceamenta
1883 3750 1999 3830 pedum

454 3843 525 3906 aliis
551 3843 584 3904 in
610 3842 791 3925 exemplum
818 3852 1024 3925 proponatur,
1041 3853 1138 3926 atque
1162 3848 1202 3909 ad
1257 3855 1435 3911 vestrorum
1451 3852 1607 3909 vetustate
1620 3854 1809 3927 consumpte
1828 3854 1923 3909 sunt:
1941 3848 1999 3909 sic-

454 3943 551 4005 Deum
578 3940 750 4021 confugere
775 3950 955 4017 assuescat;
975 3943 1045 4005 ideo
1061 3962 1199 4025 quoque,
1255 3964 1318 4027 quc
1334 3945 1430 4026 pedes
1450 3942 1642 4006 sotularibus
1662 3953 1848 4006 manserunt
1870 3945 1996 4007 muniti.

454 4051 490 4103 ut
505 4060 561 4123 per
578 4040 768 4103 tentationes
785 4039 843 4102 fiat
859 4041 891 4101 in
909 4040 1068 4123 spirituali
1085 4043 1203 4105 exerci-
1255 4045 1344 4107 Unde
1374 4061 1437 4104 non
1465 4042 1590 4105 ridetur
1619 4060 1729 4103 verum
1756 4043 1842 4123 quod
1869 4044 1999 4123 quidam

454 4140 499 4203 tio
515 4149 546 4202 et
561 4138 716 4203 conflictu
733 4147 893 4219 expertus,
907 4140 1068 4221 probatus,
1079 4149 1110 4203 ει
1125 4140 1201 4204 item
1256 4142 1345 4219 dicit,
1362 4139 1558 4203 beneficium
1575 4140 1658 4201 istud
1675 4158 1739 4203 non
1754 4139 1853 4203 fuisse
1872 4160 2001 4206 conces-

456 4238 588 4301 idoneus
614 4234 780 4299 consulere
805 4236 887 4298 aliis.
905 4238 1073 4318 Propterea
1097 4239 1202 4301 Eccle-
1217 4240 1241 4301 b
1257 4261 1339 4317 sum,
1351 4239 1411 4302 nisi
1428 4238 1521 4301 bonis
1535 4256 1542 4299 ε
1558 4238 1622 4301 imo
1638 4237 1720 4301 sicut
1735 4238 1893 4301 malorum
1909 4242 2000 4303 vesti-

406 4356 421 4397 ε.
457 4336 603 4399 siasticus
632 4335 775 4397 asserit:
803 4334 860 4408 Qui
887 4355 951 4398 non
979 4344 1027 4398 est
1052 4344 1200 4413 tentatus,
1257 4338 1437 4414 menta‚ita
1457 4347 1617 4400 eteorum
1642 4336 1856 4400 calceamenta
1878 4358 2001 4401 manse

326 4431 382 4468 '¹¹⁸³
394 4423 414 4460 ³·
457 4434 533 4515 quid
550 4434 693 4497 scithir
708 4434 742 4497 in
759 4434 868 4496 multis
880 4443 1039 4516 expertus,
1050 4436 1202 4516 cogitabit
1257 4446 1331 4499 runt
1353 4436 1463 4499 illesa.
1480 4439 1534 4497 Ec
1554 4438 1820 4515 quadrupestmus
1835 4450 2001 4499 attereret

457 4533 568 4596 multa.
1257 4537 1296 4599 ab
1312 4535 1398 4598 exitu
1414 4535 1453 4597 de
1468 4535 1612 4615 AEgypto‚
1623 4534 1671 4595 vel
1689 4553 1708 4595 a
1724 4542 1866 4615 tempora
1881 4537 2001 4598 reditus

496 4633 626 4710 Afflicit
648 4643 675 4693 te
694 4635 835 4709 penuria
848 4654 858 4692 :
875 4632 959 4714 quod
982 4633 1067 4697 valet
1088 4635 1128 4697 ad
1151 4635 1204 4696 de
1257 4635 1492 4717 exploratorum
1510 4633 1542 4694 in
1557 4631 1667 4708 Gades,
1685 4641 1721 4695 ut
1736 4634 1857 4696 dictum
1873 4644 1922 4698 cst
1938 4637 2001 4717 ple

458 4732 587 4794 lendum
604 4738 733 4811 peccata
749 4731 918 4812 praeterita,
929 4739 960 4793 et
975 4732 1014 4793 ad
1031 4731 1204 4813 proficien-
1258 4733 1332 4794 nius
1342 4731 1376 4793 in
1387 4730 1584 4813 expositione
1601 4730 1697 4811 primi
1712 4732 1860 4812 capituli;
1872 4745 1909 4795 ct
1924 4756 2002 4794 reec

457 4832 532 4893 dum
556 4829 590 4891 in
615 4829 727 4909 gratia.
755 4828 817 4891 Nec
839 4830 914 4892 huic
938 4830 1134 4893 eontrarium
1157 4840 1204 4905 εει
1254 4834 1336 4909 cites
1351 4834 1387 4891 ic
1403 4834 1496 4891 corde
1512 4840 1578 4899 tuo,
1594 4832 1674 4907 quio
1689 4833 1772 4890 sicut
1785 4834 1896 4893 ενιιάίι
1910 4836 2001 4893 imario

324 4948 441 4999 neaerae
457 4928 542 5009 quod
564 4928 682 4990 dictum
706 4935 754 4989 est
776 4946 883 5008 supra,
900 4928 1039 4991 Portavit
1055 4937 1085 4992 te
1100 4931 1205 4992 Domi·
1257 4933 1367 5007 filium
1388 4950 1497 4997 sutem,
1512 4931 1559 4987 sic
1574 4931 1732 4991 Dcrninus
1751 4931 1837 4988 Deus
1857 4934 2002 4991 erudivit

308 5026 329 5062 ¹¹¹
342 5015 362 5055 ⁷'
458 5046 518 5089 nus
531 5027 610 5087 Deus
626 5032 708 5098 tuus,
719 5033 750 5086 et
766 5024 848 5087 nibil
865 5025 923 5088 tibi
939 5026 1054 5088 defuit.
1064 5032 1106 5089 lc't
1115 5032 1204 5088 dedit
1260 5038 1288 5088 te
1303 5044 1360 5107 per
1375 5043 1527 5107 prospera
1543 5034 1573 5087 ει
1588 5025 1733 5101 adversa,
1749 5033 1781 5088 et
1795 5045 1853 5107 ρει
1866 5027 2001 5091 aliorum

458 5126 517 5187 tibi
538 5125 644 5183 cibum
669 5144 805 5192 inuncta,
821 5128 905 5203 qnod
925 5126 1097 5200 fenerabas
1120 5137 1154 5187 tc
1175 5138 1205 5187 et
1261 5124 1399 5202 flagella,
1414 5132 1445 5185 et
1461 5141 1517 5205 ρει
1533 5123 1613 5204 legis
1628 5123 1800 5199 dationem,
1813 5134 1845 5186 ct
1861 5145 1919 5206 ρει
1934 5136 2002 5190 tuos

452 5233 562 5302 patres
579 5224 629 5282 teti
641 5242 652 5280 .·
670 5221 729 5283 hoc
746 5229 804 5297 est,
821 5228 895 5284 anto
911 5221 1088 5301 ingressum
1105 5224 1204 5286 ercnti
1259 5226 1425 5295 doctores;
1442 5233 1478 5282 cet
1503 5225 1665 5284 errentur
1690 5226 1845 5285 mottdetc
1869 5228 2003 5287 Dontim'

457 5321 552 5402 huius
569 5339 732 5401 nunquam
749 5320 836 5382 visus
859 5327 907 5383 est
931 5320 1002 5383 talis
1024 5322 1128 5401 cibus,
1146 5342 1205 5388 nec
1258 5324 1320 5385 Dei
1336 5323 1397 5393 tui,
1414 5328 1474 5382 etc.
