4309 6259
582 528 756 578 snnnnxnc
778 532 809 577 nv
830 532 899 577 aar.
923 530 1009 577 xxxu
1031 532 1133 579 axem.
1155 551 1196 564 -
1216 533 1288 581 nnn.
1311 536 1372 583 exn
1687 518 1745 585 tot

197 708 284 765 vobis
301 707 488 778 herradis-tio,
508 705 616 781 idest,
635 706 718 768 dena
740 706 849 786 gratias
872 705 945 768 don·
960 704 985 767 Α
1000 706 1086 769 culta
1098 705 1314 770 familiaritate
1325 727 1361 771 ac
1375 708 1572 773 confidentia
1583 710 1623 772 ad
1634 712 1741 775 Deum.
1813 685 1815 690 Ι

198 812 248 866 tur
273 822 331 866 seu
356 812 542 884 augeantur,
569 823 605 866 ac
632 803 885 886 multiplicentur
912 804 944 866 in

197 903 288 966 vobis
305 903 421 966 merito
438 910 532 965 tantae
546 903 689 983 justitiae.

228 1008 259 1063 F
256 1013 327 1063 acto
338 1013 447 1063 autem
458 1005 512 1062 dte
522 1007 759 1073 alterqfocutns
769 1014 814 1065 est
822 1006 946 1080 Moyses

197 1105 242 1163 ad
261 1106 450 1181 populum:
467 1103 628 1163 Pecrastis
650 1112 817 1181 peccatum
844 1104 946 1163 tranmi-

197 1222 301 1269 mnm,
313 1199 345 1261 id
362 1208 421 1277 cst,
435 1200 578 1264 divinam
595 1199 697 1281 legem
715 1200 946 1282 transgredien-

197 1300 249 1375 do,
266 1298 475 1361 commisistis
494 1299 716 1380 gravissimam
736 1300 943 1381 impietatem,

196 1398 353 1461 bonorem
365 1398 428 1461 Dee
439 1398 583 1461 debitum
601 1398 822 1461 transferendo
834 1398 866 1459 in
884 1398 947 1460 ido

196 1496 386 1572 lquurcri
403 1497 641 1578 potest,quibus
652 1496 771 1581 Moyses
783 1496 864 1559 dixit
879 1498 945 1560 baec

196 1596 306 1659 verba.
325 1596 383 1669 Qui
405 1596 492 1659 enim
512 1596 701 1677 gravissime
721 1605 945 1679 peceaverunt,

195 1696 262 1777 jam
279 1693 444 1758 interfecti
460 1694 600 1758 fuerunt.
619 1695 848 1777 Respondctur,
862 1696 946 1777 qued

197 1792 385 1875 frequenter
410 1794 469 1857 toti
494 1794 717 1857 communitati
743 1794 945 1871 adscribitur,

1000 807 1039 870 Et
1054 806 1130 868 item
1147 806 1238 887 quasi
1255 826 1312 889 per
1327 808 1456 871 modum
1472 808 1684 890 hyperbolica
1700 810 1745 873 lo-

1001 904 1152 982 cutiouiS,
1179 924 1243 987 qua
1273 903 1456 987 [requenter
1480 906 1604 988 aliquid
1628 907 1745 971 dicitur

1001 1025 1058 1088 per
1073 1024 1237 1067 excessum
1254 1004 1323 1067 sine
1339 1004 1503 1070 mendacio
1520 1006 1560 1068 ad
1580 1006 1745 1071 insinuan-

1002 1106 1078 1167 dum
1105 1104 1360 1184 magnitudinem
1384 1103 1567 1169 affectionis
1592 1124 1648 1168 seu
1669 1124 1744 1168 eau-

1001 1223 1054 1279 sm,
1071 1204 1161 1283 juxta
1182 1221 1278 1284 quem
1301 1204 1431 1265 modurn
1452 1205 1497 1265 ait
1516 1203 1686 1287 Apostolus
1705 1205 1744 1266 ad

1001 1303 1159 1364 Romanos
1172 1301 1344 1383 :Optabam
1360 1320 1418 1381 ego
1433 1303 1501 1384 ipsc
1516 1304 1685 1366 anathema
1700 1322 1746 1366 es·
1760 1319 1890 1370 nomana,

1002 1421 1036 1465 sc
1058 1421 1077 1463 a
1099 1400 1224 1463 Christo
1247 1420 1304 1482 pro
1330 1400 1483 1463 fratribus
1504 1402 1595 1465 meis.
1618 1403 1686 1480 Vel,
1711 1412 1747 1468 ut

1002 1500 1103 1583 aliqui
1120 1499 1276 1576 scribunt,
1293 1500 1374 1562 dixit
1389 1500 1456 1563 baec
1472 1500 1570 1564 verba
1584 1520 1623 1565 eo
1639 1504 1744 1579 modo,

1002 1616 1066 1679 quo
1082 1596 1185 1660 oravit
1196 1596 1354 1661 Salvator:
1368 1598 1468 1675 Pater,
1478 1598 1504 1660 si
1518 1598 1671 1680 possibile
1685 1610 1744 1677 est,
1783 1626 1868 1670 aaran,

1003 1695 1141 1758 transfer
1157 1716 1175 1757 a
1189 1714 1241 1758 me
1261 1695 1393 1758 calicem
1415 1697 1523 1759 istum.
1540 1698 1574 1760 ln
1595 1718 1659 1781 qua
1678 1718 1748 1762 ora·
1762 1704 1818 1740 ω’·
1832 1693 1865 1735 ³⁰·

1004 1795 1091 1858 tione
1106 1794 1248 1856 Christus
1266 1795 1422 1876 expressit
1436 1796 1678 1878 dispositionem
1700 1797 1748 1860 in-

197 1894 284 1975 quod
301 1912 320 1955 a
335 1900 427 1974 parte
442 1892 513 1975 ejus
529 1893 752 1956 committitur.
769 1894 832 1956 Nec
852 1894 946 1956 etiam
965 1897 988 1959 Β
1004 1891 1130 1956 ferieris
1155 1892 1256 1975 partis
1280 1893 1395 1956 animas
1420 1915 1496 1971 suaa,
1520 1916 1584 1978 qua
1609 1897 1747 1960 naturali

198 2010 311 2055 omnes
328 1990 458 2053 fuerunt
474 1991 583 2067 occisi,
597 1992 653 2073 qui
669 1990 702 2053 in
719 1991 899 2055 idololatria
914 1992 949 2053 il-

189 2091 231 2155 -ta
246 2090 380 2153 fuerunt
395 2090 584 2172 culpabiles,
599 2092 654 2153 scd
666 2091 722 2172 qui
737 2092 865 2172 gravius
881 2110 950 2174 pcc-

199 2198 355 2253 caverunt
371 2189 405 2251 in
421 2208 469 2265 ea,
483 2197 593 2273 utpote
608 2209 647 2253 cx
662 2190 826 2272 proposito
842 2200 873 2255 et
887 2210 949 2253 me-

199 2308 235 2353 ro
250 2287 385 2351 malitia.
398 2292 578 2351 ascendam
595 2294 640 2350 cd
654 2292 843 2361 Dominum,
854 2289 885 2352 id
901 2296 949 2352 est

198 2389 240 2451 ad
264 2387 387 2451 montis
411 2388 508 2469 bujus
533 2406 696 2466 cacumen,
720 2388 754 2449 in
778 2407 842 2469 que
867 2389 948 2451 Deus

199 2485 384 2569 specialiter
409 2505 478 2549 esse
504 2493 535 2549 ct
559 2486 702 2550 habitare
724 2506 758 2549 se
780 2496 946 2564 monstrat,

199 2590 231 2648 si
251 2608 315 2669 quc
338 2590 431 2647 modo
454 2607 527 2646 curn
549 2588 680 2665 quit-cro
702 2588 868 2664 deprecari
887 2606 949 2663 pro

60 2706 176 2750 *scetere
196 2686 350 2765 peccato*
366 2696 481 2754 cestro,
498 2684 530 2746 id
546 2686 648 2746 estad
664 2684 736 2760 bec,
754 2684 781 2746 si
798 2684 881 2748 ferte
897 2703 950 2766 po-

200 2785 343 2863 tero,vcl
361 2793 395 2845 ut
410 2782 519 2865 aliquo
535 2783 630 2845 modo
645 2783 767 2846 valeam
785 2783 876 2846 vobis
893 2784 950 2845 im-

200 2893 328 2967 petrare
343 2882 472 2946 veniam
493 2882 622 2946 sceleris
639 2882 718 2943 tanti
734 2882 774 2944 ab
790 2900 837 2945 eo.
852 2882 889 2944 Et
906 2882 950 2946 lo-

199 2984 312 3065 quitur
323 2982 444 3063 bfoyses
460 3000 517 3062 per
529 2980 615 3043 bunc
630 2981 761 3061 modum
771 2999 776 3041 :
787 2981 899 3057 Primo,
910 2982 949 3043 ad

1003 1992 1134 2057 horrere
1153 2002 1286 2056 mortem
1311 1992 1500 2075 refugiebat,
1520 2015 1620 2076 quum
1642 2006 1747 2060 tamen
1808 2022 1812 2029 ¹

1004 2092 1179 2154 secundum
1206 2092 1402 2174 superiorem
1429 2094 1544 2157 animm
1569 2096 1746 2177 portionem

1004 2199 1135 2273 cuperet
1149 2209 1208 2272 pro
1223 2191 1334 2253 mundi
1350 2192 1452 2255 salute
1468 2194 1545 2275 pati.
1563 2194 1614 2257 Sic
1629 2195 1748 2279 Moyses

1004 2299 1036 2352 et
1050 2289 1166 2351 Paulus
1187 2298 1309 2351 tantum
1329 2299 1419 2352 crant
1437 2291 1548 2355 affecti
1569 2293 1608 2354 ad
1628 2294 1749 2357 tudae

1005 2407 1075 2449 rum
1097 2387 1243 2465 salutem,
1261 2389 1346 2469 quod
1368 2391 1545 2452 secundum
1565 2392 1681 2455 animae
1704 2392 1750 2455 iu-

1006 2486 1156 2551 ferierem
1182 2496 1304 2569 partem
1330 2488 1490 2551 malebant
1514 2491 1749 2571 quodammodo

1005 2586 1105 2649 deleri
1120 2587 1160 2649 de
1176 2586 1258 2649 libro
1269 2586 1352 2665 vitae,
1366 2596 1397 2651 ct
1413 2588 1553 2670 separari
1568 2609 1587 2651 a
1602 2589 1747 2667 Domino,

1005 2704 1102 2767 quam
1115 2686 1239 2749 Judaeos
1259 2686 1374 2767 perire,
1391 2706 1491 2768 quum
1512 2696 1618 2750 tamen
1640 2707 1751 2751 secun-

1005 2786 1082 2846 dum
1109 2784 1304 2866 supcriorem
1329 2784 1485 2848 rationem
1508 2785 1750 2867 absolutamque

1005 2882 1201 2945 veluntatem
1218 2882 1477 2960 intellectualem,
1489 2885 1533 2945 ita
1547 2903 1610 2947 nen
1622 2884 1748 2947 vellent.

1005 2981 1050 3043 Ex
1082 2980 1298 3044 familiaritate
1322 3000 1450 3063 quoque
1480 2990 1512 3045 et
1538 2981 1748 3059 confidentia,

200 3082 432 3145 insinuandum
458 3079 681 3142 enormitatem
705 3080 801 3159 hujus
827 3078 949 3142 facino·
966 3087 988 3148 C
1006 3080 1214 3163 proveniente
1239 3100 1277 3143 ex
1309 3080 1525 3143 sincerissima
1550 3081 1692 3157 caritate,
1719 3091 1750 3143 et

199 3182 245 3244 ris
259 3207 266 3255 ;
284 3181 438 3256 secundo,
451 3179 490 3241 ad
507 3178 706 3240 innuendum
722 3177 949 3241 difficultatem

198 3279 370 3345 obtinendi
396 3278 618 3341 remissionem
644 3278 788 3358 ejusdem
811 3301 818 3351 ;
845 3278 947 3353 tertio,

199 3381 240 3443 ad
255 3377 492 3459 designandum
516 3376 696 3439 libertatem
718 3376 774 3438 Dei
796 3377 835 3438 ad
858 3396 950 3439 exau-

198 3479 367 3551 diendum,
389 3485 485 3557 atquc
506 3476 668 3558 propriam
689 3475 950 3538 incertitudinem

199 3581 240 3642 de
255 3597 313 3640 sua
329 3575 544 3652 exauditione,
558 3594 613 3637 scu
629 3583 797 3655 quantum,
810 3576 948 3656 quande,

198 3684 232 3741 et
247 3676 386 3757 qualiter
401 3683 469 3737 crat
484 3672 711 3736 exaudiendus

240 3780 460 3853 laevet-sasque
475 3777 518 3833 ad
532 3774 719 3845 Denabaran,
729 3774 777 3833 eit
786 3794 797 3832 .·
810 3774 950 3843 Obscena,

199 3874 234 3939 id
256 3883 315 3951 est,
335 3881 467 3956 prepter
482 3870 643 3953 propriam
667 3879 754 3933 tuam
775 3870 950 3934 bonitatem

199 3972 347 4037 exaudiri
364 3989 453 4052 rogo,
470 3963 544 4032 narn
556 3973 702 4047 peccavit
716 3974 854 4048 populns
871 3971 928 4029 iste
939 3991 949 4029 :

199 4073 287 4155 qued
303 4071 423 4134 dicitur
434 4069 627 4151 despective,
638 4068 705 4131 zelo
721 4068 852 4150 justitiae
863 4092 869 4141 ;
880 4089 951 4145 pee-

199 4184 312 4235 catum
338 4170 537 4237 ntqcr'mct-m,
562 4172 769 4249 feceruntque
792 4169 855 4227 sibi
879 4171 951 4227 dees

1006 3180 1100 3259 longa
1116 3198 1171 3242 scu
1186 3178 1299 3259 grandi
1316 3179 1513 3261 experientia
1528 3179 1680 3244 bonitatis
1700 3200 1750 3243 ca·

1006 3278 1172 3359 ritatisquc
1187 3278 1242 3341 Dei
1259 3278 1343 3341 circa
1358 3297 1403 3354 se,
1416 3278 1461 3340 ita
1477 3278 1574 3342 locuti
1590 3288 1676 3357 sunt,
1686 3288 1751 3342 tan·

1005 3398 1102 3459 quam
1124 3378 1203 3441 certi
1225 3378 1309 3458 quod
1332 3378 1413 3439 Deus
1436 3397 1490 3441 cos
1512 3379 1551 3441 de
1575 3379 1656 3443 libro
1677 3379 1750 3444 vitae

1007 3495 1071 3539 non
1088 3476 1218 3539 deleret.

1044 3575 1196 3649 Quocirca
1218 3574 1318 3637 multa
1340 3574 1460 3656 inquiri
1482 3584 1623 3657 possent,
1642 3576 1752 3638 videli-

1005 3682 1054 3737 cet
1069 3674 1148 3755 quid
1173 3674 1215 3735 sit
1237 3674 1319 3736 liber
1339 3674 1422 3751 vitm,
1441 3682 1472 3736 et
1492 3673 1629 3755 qualiter
1650 3675 1752 3756 pessit

1005 3772 1077 3855 quis
1094 3772 1169 3835 inde
1185 3773 1295 3848 deleri,
1313 3782 1345 3835 et
1365 3773 1456 3854 cujus
1472 3772 1546 3835 vitm
1566 3772 1690 3835 dicatur
1714 3773 1752 3834 li-

1006 3873 1062 3936 ber
1083 3872 1137 3934 illc
1156 3890 1162 3933 :
1181 3890 1251 3952 quaa
1272 3871 1380 3933 omnia
1402 3871 1480 3933 alibi
1506 3872 1606 3953 magis
1631 3871 1751 3935 babent

1005 3970 1223 4035 determinari.
1241 3970 1380 4032 Breviter
1405 3977 1508 4032 tamen
1526 3969 1695 4049 tangendo,
1714 3970 1751 4032 li-

1006 4071 1062 4134 ber
1076 4070 1150 4133 vitae
1160 4069 1289 4151 proprie
1304 4067 1493 4151 appellatur,
1507 4068 1603 4132 firma
1618 4078 1650 4133 et
1665 4079 1751 4133 certa

1006 4169 1171 4247 memoria,
1188 4188 1244 4232 seu
1266 4168 1379 4231 notitia
1394 4168 1689 4250 predestinatorum
1717 4169 1751 4230 in

199 4292 340 4335 aureos:
357 4269 390 4330 in
412 4267 530 4349 quibus
550 4266 657 4330 verbis
679 4266 810 4349 ponitur
829 4266 991 4349 plurach)
1008 4270 1080 4345 Deo,
1097 4287 1153 4331 seu
1179 4268 1352 4330 electorum
1373 4266 1405 4327 in
1421 4275 1528 4329 mente
1545 4267 1655 4329 divina
1677 4286 1752 4330 con-

199 4389 262 4455 pro
283 4368 452 4449 singulari,
469 4374 505 4429 ut
526 4374 644 4435 tactum
665 4374 723 4427 est.
740 4369 809 4426 Ant
824 4368 952 4426 dr'rm'ttc

199 4474 249 4533 eis
271 4473 357 4531 banc
377 4488 512 4536 rtemann,
528 4465 652 4527 scilicet
674 4464 887 4529 idololatriam
911 4465 952 4526 is-

200 4579 267 4632 tam
295 4586 370 4630 cum
393 4564 480 4627 vitiis
506 4563 536 4627 ei
561 4562 704 4639 annexis,
727 4570 758 4625 ct
784 4562 817 4624 iu
843 4582 880 4625 ea
905 4562 953 4624 in-

200 4667 318 4733 cfusis:
331 4666 431 4745 Larga
453 4663 572 4726 etenim
596 4663 697 4744 pietas
720 4680 783 4724 non
806 4662 953 4724 dimidiat

200 4766 345 4843 veniam,
368 4782 427 4827 nec
450 4782 550 4824 unum
571 4761 705 4824 mortale
727 4761 797 4823 sine
819 4761 882 4824 alio
905 4762 953 4822 in-

200 4865 327 4947 dulget.
345 4867 413 4924 Act
428 4864 458 4922 si
474 4882 537 4922 nen
550 4862 646 4939 fecis,
658 4859 689 4921 id
706 4869 764 4935 ost,
782 4859 871 4921 sicis
888 4876 952 4923 non

202 4961 348 5047 ignoscis
365 4962 426 5023 boc
447 4960 580 5035 crimen,
597 4963 665 5035 dele
682 4981 730 5018 ine
743 4962 783 5018 de
801 4960 880 5019 libro
900 4970 951 5019 tuo

200 5085 300 5145 quern
311 5062 482 5138 scripsisti,
491 5058 522 5120 id
539 5066 586 5120 cst
597 5058 635 5119 dc
652 5057 734 5120 libre
745 5056 818 5120 vitae
830 5076 886 5119 seu
898 5077 953 5119 nu-

201 5180 294 5226 mere
305 5158 609 5243 predestinatorum.
620 5156 686 5218 Non
698 5175 736 5219 cx
747 5155 877 5237 impetu,
886 5176 953 5237 per-

203 5260 431 5325 turbationeve
449 5255 551 5319 animi
568 5255 649 5317 dixit
669 5254 729 5318 boc
748 5255 877 5337 Moyses,
899 5256 953 5318 scd

201 5381 243 5425 cx
253 5356 489 5423 ardentissimas
500 5354 641 5417 caritatis
658 5354 844 5436 impulsu,ct
857 5373 895 5417 cx
905 5373 954 5418 oc·

1007 4367 1137 4450 scriptio
1155 4385 1162 4430 :
1180 4366 1236 4447 qui
1252 4364 1333 4427 liber
1348 4374 1397 4427 est
1422 4365 1491 4448 ipsa
1515 4366 1752 4447 praedestinatio

1007 4465 1073 4528 Dei.
1091 4466 1212 4528 llicitur
1225 4471 1330 4526 autem
1351 4462 1468 4544 aliquis
1484 4462 1655 4545 dupliciter
1677 4463 1752 4526 scri-

1007 4574 1081 4647 ptus
1097 4563 1130 4625 in
1152 4563 1234 4625 libro
1250 4562 1333 4626 vitas.
1346 4561 1461 4638 Primo,
1475 4563 1650 4624 secundum
1666 4571 1753 4625 cater-

1008 4683 1082 4726 nam
1099 4661 1421 4745 praedestinationem,
1439 4661 1550 4741 sicque
1564 4679 1675 4724 omncs
1690 4661 1754 4724 elc-

1007 4762 1062 4840 cti,
1090 4770 1122 4824 et
1148 4760 1208 4841 ipsi
1234 4760 1397 4821 dumtaxat
1422 4759 1455 4819 in
1479 4758 1561 4822 libre
1581 4760 1655 4822 vitea
1678 4769 1753 4822 sunt

1008 4860 1139 4943 scripti;
1157 4859 1221 4922 alie
1243 4859 1338 4922 modo
1363 4859 1537 4921 secundum
1564 4867 1753 4940 praesentem

1007 4959 1176 5042 justitiam,
1194 4967 1226 5021 et
1251 4958 1296 5020 sic
1314 4976 1424 5019 omnes
1446 4956 1479 5018 in
1504 4957 1634 5021 caritate
1658 4958 1754 5020 exsis-

1008 5068 1122 5135 tentes,
1141 5057 1174 5119 in
1197 5076 1234 5119 eo
1259 5065 1333 5118 sunt
1357 5056 1479 5137 scripti.
1497 5055 1536 5117 Et
1560 5056 1616 5137 qui
1642 5057 1685 5117 ita
1708 5056 1753 5118 ibi

1009 5166 1084 5219 sunt
1098 5155 1380 5238 scripti,dicuntur
1395 5154 1469 5217 iude
1480 5154 1579 5217 deleri
1596 5156 1669 5217 dum
1682 5174 1754 5237 pec-

1009 5265 1082 5319 cant
1098 5253 1285 5318 mortaliter.
1302 5252 1341 5314 nt
1357 5271 1432 5316 vero
1452 5252 1533 5315 liber
1550 5253 1623 5316 vitae
1638 5253 1754 5317 dicitur

1010 5353 1092 5417 liber
1116 5353 1190 5416 vitae
1213 5350 1332 5432 gloriae,
1350 5351 1389 5413 ad
1414 5370 1510 5433 quam
1536 5351 1752 5433 praedestinati
