4309 6259
613 510 788 558 meamne
809 511 840 558 tn
861 512 930 559 aar.
953 512 964 557 ι
984 511 1121 558 aennon
1144 531 1185 543 -
1205 512 1275 558 aar.
1300 513 1329 558 ιν
1681 492 1741 556 139

231 680 321 743 Circa
335 701 408 763 quae
422 681 562 748 breviter
581 684 664 761 dieo,
682 683 768 766 quod
788 682 938 746 catholici
954 683 980 744 A
994 684 1210 747 denotandum
1234 686 1319 766 quod
1343 685 1541 748 renuntiaret
1565 685 1631 765 juri
1654 684 1740 767 quod

191 779 399 859 expositores,
412 800 493 862 quos
505 782 579 862 legi,
589 802 646 865 per
661 783 778 847 ostium
796 780 939 844 taberna·
994 781 1107 847 habuit
1123 784 1155 845 in
1175 784 1306 847 animali
1325 802 1332 846 ε
1350 785 1434 865 quod
1456 802 1520 846 non
1535 784 1660 848 videtur
1676 785 1741 847 ido

190 877 254 938 culi
271 878 449 942 testimonii
465 899 529 943 non
541 880 724 961 intelligunt
735 880 853 946 ostium
865 878 939 941 atrii
995 901 1055 944 nee
1074 881 1208 959 dictum,
1225 882 1301 963 quia
1321 883 1381 946 hoe
1397 883 1473 944 satis
1493 883 1559 963 iam
1575 891 1648 945 ante
1664 882 1741 944 insi-

190 976 402 1054 sacerdotum,
421 997 478 1060 per
494 981 579 1061 quod
601 980 635 1041 in
659 980 765 1062 ipsum
788 979 939 1041 atriuma
995 980 1115 1056 nuavit,
1135 981 1321 1044 adducendo
1345 980 1463 1043 animal
1485 981 1524 1043 ad
1545 982 1739 1044 sacerdotem

190 1073 269 1136 loris
294 1074 473 1138 intrabatur
490 1103 498 1154 3
522 1078 577 1140 sed
601 1078 719 1141 ostium
744 1077 830 1159 quod
856 1076 939 1138 intra
993 1078 1033 1140 ad
1048 1079 1165 1140 ostium
1181 1078 1264 1155 atrii,
1284 1078 1338 1140 ubi
1354 1079 1500 1160 exposuit
1516 1079 1595 1140 illud
1611 1077 1741 1141 oblatio

188 1174 307 1235 atrium
322 1183 391 1236 erat
405 1183 480 1238 anto
492 1176 732 1240 tabernaculum
749 1175 936 1252 testimonii,
994 1176 1039 1238 ni.
1057 1177 1164 1239 Potius
1185 1196 1259 1258 ergo
1281 1177 1416 1254 videtur,
1439 1179 1524 1259 quod
1545 1196 1675 1239 manum
1691 1197 1740 1239 su·

189 1272 222 1333 in
238 1291 304 1352 quo
320 1273 442 1335 exstitit
462 1294 536 1337 arca
554 1292 561 1336 :
579 1275 690 1357 sieque
706 1273 858 1353 intelligit
872 1273 939 1337 Ori·
994 1294 1050 1356 ρον
1065 1275 1202 1338 hostiam
1219 1276 1338 1358 posuit,
1357 1285 1391 1338 ut
1406 1295 1462 1358 per
1477 1276 1537 1338 hoc
1554 1275 1738 1338 interiorem

188 1389 298 1450 genes.
316 1371 397 1434 Hinc
416 1381 448 1435 et
462 1373 607 1455 Magister
624 1374 656 1435 in
679 1373 822 1436 historiis
838 1372 939 1453 loqui·
993 1393 1084 1436 suam
1110 1374 1318 1437 intentionem
1340 1382 1371 1436 et
1397 1374 1597 1437 devotionem
1622 1373 1737 1436 lortius

189 1477 265 1530 tur:
283 1469 410 1532 Animal
434 1471 539 1552 primo
562 1470 763 1535 oflerebatur
781 1471 938 1534 sacerdoti
993 1472 1144 1535 excitaret
1160 1482 1190 1534 et
1210 1472 1385 1555 applicaret
1408 1472 1557 1536 exteriori
1578 1472 1737 1536 sacrificio

186 1568 228 1629 ad
244 1569 364 1631 ostium
383 1570 469 1646 atrii,
487 1579 522 1632 ut
536 1571 660 1634 videret
675 1569 702 1632 si
725 1571 875 1633 idoneum
890 1588 939 1631 es·
993 1589 1062 1646 suo,
1080 1580 1237 1652 quatenus
1252 1571 1479 1653 acceptabilior
1495 1570 1588 1634 lieret
1604 1572 1666 1634 Deo
1681 1591 1738 1634 sua

187 1675 238 1728 set
258 1667 299 1728 ad
324 1666 539 1731 ollerendum.
565 1669 676 1732 Postea
699 1669 738 1730 ad
759 1669 876 1732 ostium
898 1676 939 1730 to·
992 1668 1124 1732 oblatio.
1141 1668 1230 1732 Unde
1250 1677 1281 1731 et
1297 1669 1444 1732 subditur
1462 1687 1470 1732 ε
1486 1681 1515 1731 et
1536 1671 1739 1748 acceptabilis

122 1799 126 1802 ·
186 1765 355 1828 bernaculi
385 1765 582 1830 oflerebatur
607 1768 752 1831 homino.
782 1767 937 1848 Iosephus
992 1770 1065 1840 erit,
1083 1767 1114 1829 id
1136 1777 1184 1830 est
1201 1767 1394 1850 placitaDeo
1415 1768 1528 1831 nonin
1550 1787 1583 1832 se
1598 1777 1652 1831 aut
1667 1787 1739 1850 pro

186 1881 329 1945 quoque,
346 1882 442 1945 quem
458 1865 604 1947 Magister
619 1867 654 1928 in
675 1865 818 1928 historiis
834 1867 938 1946 sequi-
955 1861 978 1922 B
993 1865 1063 1947 pria
1086 1866 1214 1942 virtute,
1233 1867 1287 1930 sed
1303 1887 1341 1929 ον
1362 1866 1531 1930 offerentis
1555 1867 1735 1944 devotione,

187 1971 239 2023 tur
255 1962 439 2041 diligenter,
456 1963 501 2026 ita
521 1964 639 2027 sentire
654 1964 791 2027 videtur.
808 1964 938 2046 Insuper
994 1961 1060 2026 lide
1075 1971 1108 2026 et
1123 1963 1338 2045 subjectiono;
1357 1975 1452 2042 atque
1469 1965 1738 2044 decapitationem

185 2061 272 2133 dieo,
290 2061 378 2142 quod
393 2081 467 2125 arca
482 2081 547 2125 non
563 2071 695 2126 vocatur
711 2063 839 2145 proprie
855 2061 938 2126 testi·
992 2063 1062 2139 tp‘cs
1071 2064 1256 2140 proficiens,
1266 2062 1298 2123 id
1313 2071 1360 2124 est
1372 2062 1461 2124 utilis
1473 2063 1513 2125 ad
1526 2062 1736 2125 obtinendum

186 2159 344 2236 monium,
355 2161 411 2223 sed
422 2161 529 2243 potius
541 2161 655 2224 tabula
670 2162 851 2224 testamenti
867 2180 938 2242 quae
993 2159 1144 2222 ollerenti
1168 2159 1307 2236 veniam,
1336 2161 1535 2242 gratiamque
1560 2179 1578 2223 a
1602 2160 1737 2223 Domino

185 2266 279 2320 erant
295 2259 328 2319 in
344 2278 392 2335 ea,
410 2268 444 2321 ut
459 2259 581 2322 dictum
597 2268 655 2322 est.
672 2259 761 2322 Unde
781 2259 815 2320 in
830 2260 937 2323 Exodo
992 2257 1166 2337 autgratiae
1178 2258 1422 2322 incrementum.
1434 2258 1583 2332 Quamvis
1594 2259 1680 2322 enim
1693 2258 1737 2322 di-

65 2377 92 2404 t*
110 2379 168 2413 ω»
185 2357 344 2420 Dominus
358 2357 460 2439 jubet,
476 2357 577 2421 Pones
598 2358 631 2419 in
651 2378 725 2421 area
741 2357 938 2421 testificatio
992 2355 1340 2420 recteollerebaturad
1357 2358 1476 2421 divine
1491 2357 1736 2439 maJestatisho
1829 2403 1832 2410 .

66 2458 72 2467 “
186 2475 262 2519 nem
277 2475 376 2536 quam
390 2455 472 2519 dabo
496 2455 554 2519 tibi
574 2475 580 2518 :
598 2457 654 2520 ubi
670 2477 727 2539 per
741 2455 938 2520 testificatio
993 2473 1103 2518 norem
1119 2474 1156 2518 ex
1171 2475 1259 2518 mera
1275 2455 1455 2534 devotione,
1473 2478 1510 2522 ex
1526 2456 1734 2539 consequenti

186 2573 262 2617 nem
277 2573 390 2617 omnes
401 2554 598 2636 expositores
613 2554 798 2636 intelligunt
814 2555 937 2617 tabulas
991 2560 1097 2617 tamen
1113 2554 1152 2617 ad
1169 2553 1383 2636 expiationem
1399 2563 1466 2618 erat
1481 2554 1637 2637 prolicua.

186 2652 382 2715 testamenti.
408 2652 535 2716 Poterat
559 2662 666 2716 autem
691 2673 771 2730 esse,
799 2653 881 2716 sicut
904 2663 937 2716 et
1030 2647 1069 2710 At
1085 2667 1161 2711 vero
1175 2649 1275 2710 Rabbi
1291 2650 1405 2712 Paulus
1425 2650 1479 2726 ait,
1496 2651 1582 2732 quod
1598 2669 1654 2732 ρον
1675 2669 1736 2713 ma-

183 2751 288 2832 aliqui
303 2751 490 2833 opinantur,
503 2752 588 2833 quod
604 2752 758 2815 animalia
772 2753 891 2814 munda
905 2761 937 2816 et
992 2765 1091 2808 nuum
1107 2746 1343 2828 impositionem
1366 2766 1462 2830 super
1482 2747 1631 2824 hostiam,
1648 2757 1736 2812 nota*

184 2849 411 2928 immolabilia,
438 2850 543 2932 primo
568 2869 626 2932 per
650 2850 817 2914 inferiores
842 2850 937 2912 mini·
991 2843 1095 2921 batur,
1123 2853 1155 2908 et
1179 2842 1320 2907 offerens
1344 2844 1528 2920 testabatur,
1555 2847 1640 2926 quod
1667 2845 1735 2928 ipse

183 2956 269 3012 stros
290 2947 510 3030 probabantur
530 2949 564 3011 in
583 2950 708 3013 exedris
733 2969 789 3013 seu
814 2949 936 3012 cedibus
991 2961 1049 3025 pro
1064 2943 1130 3005 suis
1146 2942 1285 3025 peccatis
1296 2943 1411 3022 dignus
1427 2952 1510 3006 esset
1524 2942 1693 3020 occisione,
1704 2953 1736 3007 et

183 3047 310 3129 templi,
327 3046 361 3109 in
381 3047 500 3128 quibus
522 3047 757 3130 reponebantur
779 3047 934 3128 usquead
953 3041 1076 3122 Cquod
1101 3041 1171 3104 loco
1192 3041 1241 3102 sui
1263 3040 1343 3103 illud
1367 3041 1484 3105 animal
1510 3041 1708 3106 occideretur
1725 3067 1732 3117 ;

182 3145 297 3208 horam
312 3144 532 3208 sacrificandi.
550 3146 588 3208 Et
609 3155 718 3229 postea
733 3147 821 3227 juxta
840 3154 872 3208 et
886 3164 936 3208 ex·
989 3146 1086 3221 atque
1101 3140 1140 3202 ad
1155 3139 1215 3202 hoo
1231 3138 1348 3220 allegat
1358 3138 1509 3218 Thomam
1527 3139 1558 3201 in
1575 3140 1678 3222 prima
1689 3160 1734 3203 se-

184 3253 232 3306 tra
248 3243 419 3326 prelatum
440 3244 558 3308 ostium
579 3243 662 3320 atrii,
679 3264 698 3306 a
718 3243 934 3306 sacerdotibus
989 3239 1111 3313 cunda,
1130 3237 1306 3319 quaestione
1329 3237 1397 3300 lot.
1415 3237 1474 3301 Sed
1495 3239 1570 3319 quia
1594 3238 1661 3302 haee
1681 3240 1734 3302 ho

182 3360 314 3423 quoque
329 3341 518 3423 diligentius
538 3341 832 3405 considerabantur.
989 3336 1050 3397 stia
1080 3335 1141 3398 luit
1167 3334 1387 3398 holocaustum
1414 3347 1642 3418 spontaneum,
1670 3357 1734 3402 non

222 3439 276 3503 Sie
296 3440 407 3521 itaque
432 3438 550 3504 olleret
571 3440 791 3503 holocaustum
808 3443 853 3501 ad
863 3445 935 3518 pta·
989 3443 1094 3498 autem
1109 3434 1228 3497 oblatio
1244 3434 1351 3497 debita
1366 3453 1424 3517 pro
1445 3445 1585 3518 peceato,
1604 3457 1667 3500 non
1681 3457 1734 3518 ap·

181 3543 328 3599 ceredum
342 3541 407 3599 sibi
428 3541 619 3600 Dominum.
637 3538 819 3601 Secundum
843 3557 935 3620 expo
989 3541 1088 3616 paret,
1106 3534 1192 3614 quod
1214 3541 1345 3615 propter
1369 3541 1552 3614 praetactam
1578 3535 1732 3599 rationem

181 3636 307 3713 sitores,
326 3637 361 3698 in
377 3637 439 3699 isto
453 3657 491 3700 ae
508 3636 653 3718 sequenti
674 3636 815 3718 capitulo
830 3637 934 3717 agitur
988 3631 1130 3714 posuerit
1159 3631 1301 3694 ollerens
1326 3651 1420 3713 super
1445 3633 1563 3695 animal
1589 3651 1730 3711 manum,

180 3737 221 3798 de
242 3733 518 3816 sacrificiisque
543 3755 581 3798 ex
605 3754 693 3798 mera
713 3736 883 3799 devotione
903 3744 934 3798 et
989 3749 1047 3792 nee
1072 3730 1207 3792 Thomas
1236 3728 1296 3792 hoc
1325 3728 1413 3791 dicit.
1431 3729 1548 3794 Verum
1574 3730 1607 3792 in
1630 3732 1733 3813 prima

180 3843 297 3916 sponte
316 3832 550 3896 offerebantur.
568 3833 732 3906 Quomodo
752 3853 827 3915 orgo
847 3834 934 3897 holo
988 3828 1145 3904 secundae,
1170 3827 1346 3908 quastione
1371 3827 1582 3909 praeallegata,
1604 3849 1731 3893 eausam

179 3940 328 3994 caustum
340 3930 506 4012 prelatum
523 3930 641 3993 dieitur
657 3931 815 3994 immolari
831 3931 871 3994 ab
888 3931 933 3994 ol·
987 3926 1153 4006 assignans
1177 3927 1210 3988 in
1241 3926 1393 4006 generali,
1417 3946 1473 3990 cur
1499 3927 1650 3990 animalia
1674 3929 1732 3991 im-

179 4029 306 4092 leeente
320 4029 563 4110 adplacandum
579 4029 931 4111 sibillominum,quosi
988 4024 1149 4087 molatieia
1172 4024 1424 4088 occidebantur:
1448 4026 1505 4088 Per
1525 4027 1729 4105 occisionem,

179 4127 279 4191 luerit
304 4127 411 4190 hostia
435 4146 493 4209 pro
519 4130 672 4208 peccatol
698 4127 928 4210 Respondetur‚
988 4123 1103 4204 inquit,
1122 4123 1321 4200 animalium,
1345 4123 1588 4202 significabatur
1610 4127 1731 4190 destru-

176 4227 265 4308 quod
282 4227 404 4289 directe
419 4234 451 4289 et
466 4226 571 4308 primo
592 4224 791 4288 oflerebatur
805 4224 970 4307 sponte-D
986 4222 1049 4284 ctio
1074 4230 1289 4302 pcccatorum,
1313 4230 1345 4284 et
1369 4223 1455 4304 quod
1475 4224 1621 4288 homines
1641 4235 1731 4289 erant

177 4345 239 4388 nea
254 4325 427 4389 devotione
441 4325 481 4387 ad
502 4324 619 4387 divina
639 4323 815 4404 majestatis
831 4324 932 4388 hono
986 4319 1075 4400 digni
1092 4320 1251 4384 occisione
1267 4340 1324 4402 pro
1341 4321 1408 4383 suis
1421 4323 1617 4404 peccatisac
1632 4324 1659 4386 si
1676 4324 1731 4387 illa

176 4423 303 4486 rem.Et
320 4423 396 4485 inde
410 4421 766 4503 consequebatur,quod
778 4421 930 4485 Dominus
985 4418 1137 4481 animalia
1160 4418 1230 4482 loco
1250 4438 1359 4482 eorum
1381 4420 1612 4498 occiderentur,
1630 4423 1671 4486 ad
1691 4424 1731 4485 si-

176 4521 366 4604 placabatur
382 4521 487 4583 taliter
497 4519 658 4597 ollerenti,
668 4521 694 4582 si
711 4519 858 4582 ollensus
870 4520 930 4582 luit
983 4515 1204 4597 gnilieandum
1222 4517 1432 4598 expiationem
1444 4522 1730 4600 peccatorumPer

174 4621 216 4683 ab
234 4637 285 4695 eo,
302 4618 353 4681 vel
370 4617 473 4699 magis
495 4637 591 4700 quam
607 4627 682 4680 ante
705 4617 803 4680 liebat
818 4619 847 4680 ei
863 4619 930 4700 pla·
985 4615 1177 4678 occisionem
1195 4615 1288 4676 etiam
1305 4616 1504 4692 animalium,
1518 4618 1635 4680 occisio
1644 4618 1731 4681 Chri-

174 4718 304 4781 cabilis.
331 4708 336 4714 ’
985 4713 1025 4776 sti
1042 4712 1253 4794 figurabatur.
1271 4714 1341 4776 Haec
1357 4714 1503 4777 Thomas
1515 4715 1614 4794 Cujus
1634 4717 1730 4779 verba

214 4820 385 4895 ponetque
399 4835 517 4876 mnus
531 4835 629 4892 super
642 4824 739 4890 eaput
756 4817 878 4885 hostica,
896 4813 928 4877 id
985 4812 1090 4874 locum
1103 4811 1221 4874 habent
1237 4811 1269 4873 in
1282 4810 1395 4874 hostiis
1406 4830 1463 4894 pro
1475 4814 1730 4896 pcccatiS,quan·

173 4923 235 4990 est,
253 4915 324 4996 ipse
338 4913 395 4994 qui
417 4913 532 4976 bovem
552 4911 685 4977 adduxit
704 4921 736 4974 et
750 4911 866 4974 obtulit
881 4931 928 4974 sa-
984 4919 1050 4972 tum
1067 4911 1108 4972 ad
1130 4909 1162 4971 id
1177 4911 1263 4991 quod
1284 4930 1302 4972 a
1322 4909 1423 4972 Rabbi
1444 4911 1539 4974 Paulo
1559 4912 1725 4993 allegatur.

173 5011 310 5088 cardoli,
327 5021 362 5073 ut
378 5030 437 5092 per
452 5011 648 5074 sacerdotem
664 5010 798 5073 Domino
814 5008 928 5072 ollcra-
1023 5009 1270 5088 Intmolabitquc
1290 5011 1432 5069 vitulum
1453 5030 1561 5070 coram
1576 5013 1725 5072 Domino.

175 5121 239 5187 tur,
258 5118 356 5191 ponet
373 5128 488 5171 manus
504 5127 578 5170 suas
599 5127 695 5190 super
714 5107 832 5170 animal
857 5125 927 5189 pro
982 5106 1095 5168 Laicus
1120 5106 1206 5168 onim
1232 5106 1358 5183 obtulit,
1385 5107 1416 5168 id
1442 5115 1490 5170 est
1514 5107 1646 5169 adduxit
1670 5126 1726 5170 scu

174 5207 263 5269 tinus
279 5206 511 5270 immolandum
527 5204 926 5285 asacerdote.Gircaquod
983 5205 1186 5285 presentavit
1211 5204 1328 5266 animal
1350 5204 1516 5280 sacerdoti,
1535 5214 1566 5268 et
1585 5223 1642 5286 per
1662 5225 1726 5267 ma·

173 5305 441 5386 scribitquidam,
455 5305 540 5386 quod
556 5303 698 5368 ollerens
710 5303 787 5368 lecit
801 5303 873 5381 hoc,
885 5305 926 5366 ad
982 5321 1041 5364 nus
1057 5301 1229 5364 sacerdotis
1240 5300 1357 5365 obtulit
1373 5301 1453 5364 illud
1463 5302 1534 5366 Deo.
1549 5303 1608 5366 Sed
1624 5321 1724 5384 quum
