4309 6259
395 487 454 554 m

769 505 942 551 bunnuaria
965 505 994 550 ΙΝ
1016 504 1085 550 CAP.
1109 503 1163 550 xltt
1185 505 1321 550 ttt'trtc't.
1345 525 1383 536 -
1405 506 1476 551 Ant.
1500 505 1574 551 xxlx

395 676 477 740 illud
493 696 605 741 curare
621 687 723 761 potest
734 696 741 740 :
754 687 785 742 et
802 688 886 742 recte
901 687 1032 741 vocatur
1048 677 1140 760 plaga
1156 677 1181 740 Α
1197 697 1237 741 na
1253 679 1396 756 tentatio,
1407 680 1456 744 vel
1473 687 1635 762 peccatum
1652 697 1689 742 ex
1706 677 1875 759 fragilitate
1885 685 1944 740 ant

397 777 504 858 leprae,
521 777 598 858 quia
613 787 742 860 peccata
763 786 871 841 nostra
888 786 963 840 sunt
983 778 1086 860 culpae
1107 777 1140 838 in

396 893 441 952 se,
460 883 492 938 θῖ
511 894 614 957 poenae
630 876 877 958 praecedentium
894 876 1057 954 vitiorum,
1075 876 1142 938 ani·

396 993 481 1036 mam
497 993 625 1056 quoque
639 976 778 1054 graviter
794 976 924 1038 laedunt.

436 1075 500 1134 Sr'u
516 1084 623 1134 autem
641 1071 878 1136 lucerucaudor
887 1077 991 1152 suerit
1008 1077 1042 1134 iu
1058 1085 1139 1146 crate,

396 1171 430 1234 id
456 1181 514 1250 θεῖ,
536 1171 742 1250 abstinentia,
764 1173 877 1256 pallor,
900 1173 1028 1249 macioS,
1053 1172 1143 1234 labor

397 1271 576 1352 religionis,
593 1281 626 1334 et
648 1272 829 1336 consimilia
848 1270 988 1354 speciem
1009 1271 1091 1333 lucis
1111 1278 1142 1332 et

396 1368 526 1430 virtutis
546 1369 707 1445 habentia,
724 1377 899 1451 appareant
921 1370 955 1430 in
977 1386 1143 1432 conversa·

397 1466 484 1530 tione
509 1466 670 1541 hominis3
689 1489 746 1528 nec
769 1471 926 1529 hurru'ltor
947 1487 1044 1527 carru
1068 1468 1144 1526 reli-

397 1587 474 1645 qua,
492 1565 523 1628 id
544 1574 603 1643 cst,
623 1567 698 1628 talia
717 1575 750 1629 θῖ
769 1567 796 1628 si
817 1586 854 1629 ex
874 1566 982 1647 aliqua
1003 1564 1143 1628 vanitate

397 1667 585 1746 procedunt,
598 1674 652 1728 aut
668 1685 741 1728 cum
756 1686 838 1731 vana
852 1666 954 1746 gloria
971 1665 1067 1743 liunt,
1078 1685 1142 1728 non

397 1773 503 1828 tamen
526 1774 601 1826 sunt
622 1765 737 1828 vitiose
759 1765 908 1841 radicata,
930 1773 984 1826 aut
1007 1764 1144 1827 lirmiter

1196 797 1233 840 ex
1259 777 1449 858 ignorantia,
1469 779 1555 860 quod
1580 777 1776 841 curationem
1801 776 1944 839 admittit

1197 879 1235 941 de
1261 877 1359 940 taciti.
1379 881 1469 948 Quod
1493 880 1522 938 si
1541 887 1713 957 postquam
1737 899 1757 937 a
1782 879 1944 937 sacerdote

1198 979 1285 1037 claua
1306 987 1363 1046 est,
1378 987 1407 1037 et
1428 979 1601 1038 munditiae
1616 978 1774 1046 redditus,
1790 975 1821 1038 id
1836 983 1895 1050 θεῖ,
1914 973 1943 1034 si

1199 1083 1367 1157 postquam
1391 1095 1409 1138 a
1430 1074 1614 1139 confessore
1630 1083 1678 1138 est
1692 1074 1866 1149 absolutus,
1883 1093 1943 1136 scu

1198 1194 1216 1236 a
1242 1194 1298 1239 suo
1325 1175 1487 1257 superiore
1513 1174 1686 1255 castigatus
1710 1181 1804 1255 atque
1829 1189 1945 1255 pnrga-

1199 1281 1261 1349 ῖιιε,
1280 1276 1396 1335 iterum
1414 1279 1502 1352 lepra
1518 1276 1665 1342 creverit,
1680 1272 1713 1333 id
1729 1279 1786 1350 θεῖ,
1803 1272 1945 1352 graviter

1199 1372 1432 1448 recidivaverit,
1457 1372 1543 1435 etin
1566 1371 1738 1455 pristinum
1761 1391 1853 1433 usum
1874 1389 1945 1452 per·

1199 1489 1326 1533 versum
1348 1472 1505 1534 corruerit
1524 1495 1531 1547 3
1554 1473 1733 1532 adducetur
1754 1474 1798 1531 ad
1817 1479 1944 1540 eum,et

1199 1571 1422 1632 imruuuditiae
1437 1572 1715 1638 condemnabitur,
1732 1569 1837 1646 idest,
1856 1587 1941 1644 εθιιε,

1200 1667 1342 1748 ingratus
1358 1677 1390 1732 et
1404 1669 1494 1751 peior
1512 1688 1606 1749 quam
1623 1677 1696 1731 ante
1712 1675 1789 1747 erat,
1807 1668 1944 1732 esseda

1200 1766 1355 1830 linietur:
1378 1769 1531 1849 quoniam
1553 1766 1685 1831 vulnera
1711 1768 1844 1849 repetita
1869 1766 1944 1848 plus

397 1862 562 1926 habituata
584 1864 615 1925 in
637 1863 778 1941 bomine,
798 1864 841 1926 ita
856 1864 943 1945 quod
966 1863 1142 1926 naturalem
1162 1868 1325 1944 Bnocent,
1345 1865 1540 1947 dimissaque
1555 1865 1663 1929 debita
1683 1865 1886 1946 reexigunlur
1901 1864 1944 1928 ab

398 1962 640 2025 inclinationem
663 1963 878 2045 potentiarum
896 1962 1011 2025 animae
1025 1964 1064 2024 ad
1081 1963 1144 2026 vir-

399 2069 481 2123 tutes
498 2079 560 2123 uon
573 2061 710 2123 multum
721 2070 934 2139 corroserunt,
949 2060 1141 2137 infecerunt,

397 2179 452 2222 seu
463 2160 719 2235 debilitaverunt3
727 2171 757 2222 et
762 2163 830 2239 piu·
837 2163 952 2221 coloris
957 2164 1079 2238 prr'atiu
1086 2163 1105 2231 θ’,
1112 2160 1143 2223 id

397 2267 453 2336 ost,
466 2258 632 2322 interiores
649 2259 765 2322 mentis
781 2259 1006 2340 conceptiones
1022 2267 1052 2321 et
1068 2258 1144 2322 alle

347 2373 354 2384 ·
397 2357 519 2421 ctiones
535 2377 598 2421 non
615 2357 735 2420 luerint
751 2359 880 2440 penitus
895 2358 1074 2434 sordidatae,
1088 2359 1142 2420 sed

397 2456 501 2518 adbuc
518 2456 599 2519 benc
620 2456 783 2538 dispositae
799 2457 840 2518 ad
856 2454 1140 2529 fructificandam

396 2559 538 2616 recludet
563 2577 636 2617 eum
660 2559 803 2616 sacerdos
824 2557 936 2616 diebus
960 2566 1089 2632 septem,
1111 2556 1142 2618 id

397 2663 456 2733 est,
464 2655 493 2717 ei
508 2655 652 2737 injunget
664 2654 884 2736 paenitentiam
900 2654 1070 2717 salutarem
1087 2673 1143 2736 per

397 2762 518 2816 certum
545 2761 670 2835 tempus
691 2753 869 2830 durantem,
888 2761 919 2816 ct
941 2773 959 2815 a
982 2754 1143 2818 consortio

398 2853 582 2933 iniquorum
598 2851 726 2915 interim
741 2852 903 2914 abstrahet
919 2871 1003 2929 eum,
1018 2871 1057 2914 ne
1073 2872 1144 2934 spe-

397 2949 540 3027 ctacula,
558 2950 694 3027 choreis,
707 2949 932 3030 similibusque
947 2950 1142 3013 vanitatibus

1199 1964 1266 2042 illo,
1284 1973 1316 2027 et
1338 1963 1412 2027 smil
1436 1965 1609 2028 novissima
1633 1964 1702 2046 ejus
1725 1964 1833 2047 pejora
1858 1964 1945 2046 prio-
1958 1986 2117 2038 caena.

1199 2063 1298 2126 ribus

1230 2166 1292 2224 Sr'u
1309 2175 1416 2224 autent
1427 2166 1600 2241 effloruerit
1610 2165 1794 2224 discurrens
1805 2167 1892 2241 lepra
1905 2165 1943 2223 in

1198 2272 1280 2332 cute,
1291 2273 1320 2323 et
1334 2265 1495 2340 operuerit
1508 2283 1634 2324 omnem
1650 2283 1794 2333 curnem,
1804 2263 1945 2323 comide-

1199 2363 1283 2422 raht't
1298 2383 1372 2422 erem
1387 2366 1581 2434 sacerdos,et
1598 2362 1700 2423 teneri
1714 2385 1735 2422 a
1751 2367 1838 2440 lepra
1851 2381 1945 2422 muu-

1198 2462 1333 2520 disst'uur
1349 2461 1526 2539 judicabit,
1545 2472 1574 2521 et
1596 2463 1716 2520 idcirco
1738 2464 1828 2522 bomo
1848 2481 1945 2520 rrum-

1197 2562 1259 2618 due
1275 2561 1348 2620 erit.
1370 2558 1427 2621 Per
1450 2559 1571 2641 lepram
1595 2558 1677 2622 nanc
1698 2559 1942 2634 discurrentem,

1198 2676 1269 2739 qnae
1296 2657 1400 2738 operit
1428 2676 1555 2721 omnem
1586 2677 1725 2734 carnem,
1754 2657 1945 2737 intelligitur

1198 2755 1371 2818 venialium
1394 2775 1450 2819 seu
1465 2757 1725 2838 quotidianorum
1741 2765 1943 2839 peccatorum

1198 2855 1372 2936 congeries,
1390 2855 1540 2936 aquibus
1558 2855 1645 2918 nulla
1660 2855 1709 2917 vis
1724 2855 1847 2930 animae,
1866 2873 1945 2936 praa-

1198 2953 1307 3015 sertim
1325 2954 1431 3035 inqua
1443 2953 1544 3017 virtus
1558 2953 1714 3017 etvitium
1730 2961 1940 3034 esseqnount,

397 3049 439 3111 sit
454 3049 713 3131 intentus,prout
728 3058 854 3131 tempus
870 3049 975 3111 luctus
990 3068 1027 3111 ac
1042 3047 1143 3130 poeni·
1158 3055 1180 3118 t}
1199 3052 1350 3114 immunis
1368 3061 1416 3114 θεῖ
1430 3069 1436 3113 :
1456 3052 1520 3116 imo
1536 3061 1566 3115 et
1581 3052 1689 3116 omnia
1705 3052 1859 3115 ollicialia
1874 3069 1945 3114 cor-

398 3148 504 3212 tentiae
519 3148 627 3228 exigit,
641 3148 722 3211 sacri
738 3148 834 3211 etiam
850 3165 988 3211 canones
1004 3148 1120 3210 docent
1133 3171 1140 3222 3

396 3259 425 3308 et
449 3249 664 3309 considerabit
688 3250 742 3307 ‹tte
765 3250 911 3325 septimo,
929 3247 960 3308 id
986 3255 1046 3322 est,
1070 3254 1142 3329 post

398 3356 523 3427 tempus
539 3345 619 3407 illud
635 3355 750 3408 exactae
765 3345 961 3428 paenitentia·
973 3345 1144 3425 diligenter

397 3444 553 3526 adspiciet
574 3463 666 3508 ovem
691 3443 753 3506 sibi
774 3444 989 3520 commissam,
1006 3443 1143 3525 qualiter

397 3551 605 3608 conversetur
623 3543 786 3626 deinceps.
804 3546 847 3604 Et
861 3545 891 3602 at
905 3546 1036 3623 quidem
1054 3546 1143 3618 lepra

398 3647 487 3703 ultra
510 3664 576 3704 nou
598 3646 746 3712 creverit,
763 3642 795 3703 id
818 3650 876 3718 est,
901 3660 964 3704 non
990 3639 1144 3704 recidiva-

397 3741 454 3819 vit,
465 3751 523 3804 n'ec
537 3740 739 3823 iniquitatem
755 3740 918 3821 iniquitati
934 3739 1061 3821 adjecit,
1072 3761 1144 3799 rar-

345 3909 349 3913 ,
396 3862 451 3902 sus
471 3845 615 3902 iucludet
634 3861 707 3901 euru
732 3851 849 3918 septem
873 3842 985 3900 diebus
1005 3841 1094 3909 alir's,
1111 3839 1142 3899 id

397 3949 456 4017 est,
473 3958 602 4023 operam
623 3939 776 4020 grandem
795 3940 900 4001 denuo
915 3937 1090 4014 adhibebit,
1108 3944 1144 3999 ut

398 4046 661 4120 praeservet'eum
681 4057 700 4100 a
719 4036 864 4119 pristinis
885 4037 989 4112 malis,
1011 4036 1143 4099 hortans

1199 3151 1284 3233 poris
1315 3152 1468 3228 membra,
1496 3151 1612 3213 talibus
1641 3159 1764 3214 exstant
1793 3149 1941 3226 obnoxia,

1198 3249 1350 3331 quoniam
1371 3257 1559 3312 exercentur
1579 3268 1636 3333 per
1657 3269 1704 3312 ea.
1728 3249 1813 3312 'l'alis
1836 3257 1944 3311 autem

1198 3348 1378 3430 inquinatio
1392 3357 1440 3410 est
1456 3348 1668 3410 mundissima
1683 3367 1739 3411 seu
1754 3348 1886 3410 minima
1902 3347 1946 3409 le

1198 3466 1266 3528 pra,
1293 3447 1428 3511 aliorum
1455 3447 1605 3511 vitiorum
1630 3455 1787 3528 respectu,
1811 3465 1945 3528 praesar-

1199 3545 1256 3607 tim
1280 3565 1400 3622 oorum,
1418 3565 1490 3627 quae
1513 3564 1571 3608 nec
1593 3545 1627 3606 in
1650 3545 1811 3628 praesenti,
1829 3563 1887 3607 nee
1909 3543 1944 3605 in

1201 3643 1306 3708 laturo
1332 3644 1447 3707 saeculo
1473 3644 1592 3707 remitti
1618 3644 1779 3706 dicuntur.
1801 3641 1857 3718 Qui
1882 3642 1945 3722 igi·

1200 3753 1250 3805 tur
1272 3743 1339 3806 sola
1361 3743 1498 3806 venialia
1521 3742 1626 3820 habet,
1646 3743 1785 3805 mundus
1809 3750 1867 3817 est,
1885 3740 1946 3801 sal-

1199 3852 1262 3905 tem
1285 3862 1303 3905 a
1326 3835 1526 3918 mortalibnS,
1544 3861 1615 3922 qua
1637 3839 1766 3922 proprie
1785 3838 1945 3902 maculam

1198 3949 1322 4023 ponunt
1341 3942 1373 4002 in
1395 3941 1512 4018 anima,
1530 3941 1666 4003 nitorem
1687 3939 1796 4019 gratiae
1816 3937 1945 4020 penitus

1198 4039 1383 4102 auferendo
1395 4043 1473 4100 (bro
1485 4040 1573 4099 euim
1589 4041 1663 4098 olea
1677 4041 1707 4096 εί
1719 4042 1807 4114 lepra
1819 4040 1947 4113 adsur-

397 4155 468 4198 eum
499 4137 627 4199 assidue
656 4136 695 4199 ad
725 4135 891 4198 vitandum
920 4134 1143 4198 conventicula
1194 4142 1300 4215 gitur,
1316 4141 1488 4199 trunzuuda
1502 4135 1727 4199 est.Caroviva
1742 4135 1947 4217 adspergitur

399 4235 593 4316 iniquorum.

439 4337 481 4395 It't
504 4337 560 4394 die
582 4337 716 4412 septimo
737 4336 1018 4412 contemplabitur,
1034 4334 1066 4396 id
1082 4341 1141 4410 est,

399 4442 471 4516 post
495 4434 563 4496 haee
588 4453 698 4496 rursus
724 4433 871 4515 pensabit
897 4433 1046 4514 praelatns
1075 4432 1145 4496 sive

397 4531 574 4609 confessor,
591 4532 697 4614 qualis
713 4531 841 4594 interim
859 4530 961 4593 lactus
976 4530 1018 4591 sit
1034 4528 1144 4592 subdi-

398 4640 449 4694 tus
466 4651 552 4694 suus
569 4634 610 4693 Si
623 4632 787 4691 obscurior
801 4631 905 4707 fuerit
921 4632 1022 4706 lepra,
1034 4640 1063 4690 et
1079 4649 1142 4689 uou

397 4734 544 4801 creverit,
560 4730 592 4792 id
614 4738 673 4807 est,
691 4727 831 4810 pravitas
848 4727 921 4790 vitae
944 4746 1006 4790 non
1029 4736 1077 4790 cst
1093 4747 1145 4790 an-

397 4837 448 4893 cta
474 4829 507 4890 in
532 4847 580 4906 eo,
606 4828 670 4891 imo
694 4826 823 4890 recessit
848 4847 867 4888 a
892 4825 1027 4908 pristina
1047 4826 1146 4888 simu-

398 4927 517 4990 latione
546 4935 578 4990 et
608 4926 775 5010 apparenti
807 4926 947 5006 justitia,
974 4928 1144 4986 otuudahtt

397 5048 483 5096 eam,
500 5024 532 5088 id
548 5033 606 5101 est,
621 5024 815 5088 fiducialiter
830 5024 1019 5104 dicet,quod
1036 5023 1145 5086 subdi-

399 5133 449 5186 tus
464 5123 520 5187 ille
536 5111 600 5187 noir
621 5123 664 5185 sit
686 5123 907 5187 incurabiliter
922 5121 1068 5198 vitiosus,
1086 5141 1144 5185 nee

398 5232 550 5304 tanquam
576 5221 705 5284 rebellis
727 5222 928 5302 abjiciendus
949 5221 998 5282 vel
1019 5239 1145 5284 excom-

397 5321 621 5398 municandus,
635 5323 713 5400 quin
728 5323 846 5380 scabies
860 5330 916 5391 ort,
926 5319 957 5381 id
973 5328 1020 5382 θεῖ
1035 5319 1144 5382 huma·

1158 4239 1182 4301 D
1200 4237 1297 4318 lepra,
1316 4237 1391 4298 dnm
1408 4235 1552 4298 membra
1568 4243 1675 4297 nostra
1691 4233 1878 4296 exhibemus
1895 4251 1946 4294 ar·
1959 4248 2123 4299 amnia.

1199 4355 1250 4398 ma
1276 4331 1455 4416 iniquilatis
1481 4342 1621 4414 peceato,
1639 4340 1734 4415 atque
1758 4331 1890 4394 luxuriae
1912 4340 1945 4394 et

1199 4433 1281 4515 gulae
1298 4432 1511 4495 immunditiis
1527 4431 1715 4495 deservitur.

1242 4536 1321 4593 Caro
1344 4542 1450 4592 autem
1472 4541 1501 4591 ct
1524 4533 1607 4591 cutis
1631 4534 1664 4591 iu
1686 4551 1752 4609 qua
1774 4533 1866 4589 ulcus
1887 4550 1947 4588 rra-

1201 4640 1269 4691 tuut
1285 4638 1329 4690 est
1344 4639 1373 4689 et
1387 4638 1551 4689 sanatum.
1569 4628 1626 4690 Per
1642 4627 1733 4689 ulcus
1754 4625 1947 4708 intelligitur

1201 4736 1365 4810 peccatum
1382 4727 1526 4802 mortale,
1537 4746 1574 4790 ex
1589 4725 1718 4808 propria
1733 4724 1866 4802 malitia,
1877 4743 1946 4806 per-

1200 4825 1424 4903 versitate,aut
1436 4824 1617 4901 lomite‚vel
1634 4823 1843 4887 inexcusabili
1860 4822 1946 4902 igno

1200 4925 1303 4987 rantia
1327 4933 1459 4987 ortum:
1485 4942 1548 5005 quo
1573 4943 1631 5006 per
1656 4923 1889 5005 paenitentiam,
1912 4931 1945 4983 et

1200 5022 1452 5085 satisfactionem
1468 5030 1588 5098 curato,
1599 5029 1706 5084 manet
1717 5019 1946 5100 cicatrix,quia

1200 5122 1345 5203 reliquia
1370 5128 1500 5183 manent
1524 5121 1564 5183 de
1589 5139 1637 5198 eo,
1656 5119 1777 5183 scilieet
1803 5117 1945 5200 pronitas

1199 5222 1238 5283 ad
1256 5221 1464 5302 peccandum,
1475 5227 1506 5282 ct
1522 5218 1669 5282 debilitas
1686 5217 1946 5298 resistendi,qure

1201 5329 1273 5382 sunt
1291 5320 1382 5401 signa
1396 5317 1515 5401 peceati
1530 5311 1694 5401 praeteriti.
1704 5317 1735 5380 Si
1747 5335 1822 5398 ergo
1837 5317 1869 5378 in
1886 5315 1945 5379 hac
