4309 6259
551 498 725 545 mensurio
747 498 777 542 tu
798 497 867 543 GAP.
891 493 933 543 XX
954 497 1090 543 tsvlrlot.
1113 517 1154 527 -
1174 498 1245 543 nur.
1268 497 1364 544 XXXIX

1671 477 1727 541 271

178 677 237 744 est,
248 669 281 730 in
299 668 354 730 tali
371 668 491 731 scelere
506 665 791 730 communicaverit
806 665 864 743 eis,
875 666 926 727 vel
944 662 969 725 Α
984 668 1021 725 in
1042 670 1140 741 stuvu
1159 677 1332 738 rnemtruo,
1357 666 1389 728 id
1412 674 1460 728 θεῖ
1483 666 1616 728 durante
1641 664 1730 727 fluxu

177 767 273 828 etiam
289 769 393 848 magis
408 769 582 841 dumtaxat,
595 773 648 827 aut
664 758 773 828 ariolis
789 773 924 839 tantum,

984 764 1150 844 sanguinis
1166 765 1380 839 menstrualis,
1402 775 1431 825 et
1453 766 1643 824 revelaverit
1664 774 1732 824 tur-

176 866 261 944 quod
278 874 327 927 θεῖ
343 864 514 929 fornicatio
529 863 717 946 spiritualis,
735 872 812 944 puta
827 881 927 925 roces·
980 865 1169 941 pitudinem
1183 865 1264 941 ejus,
1281 865 1413 943 ipsaque
1428 864 1591 948 apreruerit
1606 864 1729 938 fontem

176 982 229 1023 sus
250 963 292 1025 ab
316 964 435 1026 unione
456 963 571 1045 Sponsi
593 963 793 1038 coelestinos
818 961 927 1025 volun-

175 1061 248 1122 tatis
274 1062 462 1125 commixtio
486 1081 560 1124 cum
587 1061 786 1124 adulterante
817 1079 925 1122 secum

174 1159 321 1235 diabolo;
329 1182 453 1238 ponam
467 1162 587 1239 faciem
598 1181 702 1221 incarn
717 1170 830 1220 contra
841 1180 924 1228 eam,

174 1268 203 1316 et
219 1260 420 1337 interficiam
436 1262 531 1320 illam
545 1263 585 1319 sle
600 1259 705 1319 medio
716 1259 833 1334 populi
849 1259 904 1316 sui
915 1275 926 1317 .·

175 1356 252 1436 quia
268 1356 385 1418 faciam
401 1376 471 1420 eam
487 1356 590 1420 occidi
605 1375 663 1438 per
678 1355 826 1418 homiues
841 1353 926 1435 judi-

176 1473 240 1530 ces,
262 1465 318 1517 aut
339 1475 397 1537 per
411 1457 559 1536 angelum
582 1455 703 1519 bonum
719 1454 768 1518 vel
792 1454 924 1529 malum,

177 1554 239 1615 nisi
258 1553 368 1616 forsan
385 1555 571 1635 poenitendo
586 1554 782 1617 evaseritzet
792 1551 928 1614 sumitur

179 1670 266 1714 nunc
286 1653 395 1715 anima
414 1672 472 1735 pro
498 1652 638 1716 homine.
656 1652 736 1726 Quid
761 1660 866 1714 autem
887 1651 928 1712 sit

180 1750 343 1813 declinare
358 1751 398 1813 ad
420 1769 529 1830 magos
547 1750 615 1812 sive
636 1750 765 1826 ariolos,
783 1750 816 1811 in
837 1767 929 1830 erpo-

52 1856 164 1902 tr-mrt·
177 1849 298 1911 sitione
314 1849 524 1930 precedentis
542 1849 674 1932 capituli
692 1849 804 1930 patuit.

219 1950 489 2026 Sanctificnmini
502 1958 532 2007 et
553 1957 647 2008 estote
666 1950 785 2016 saneti,
800 1950 880 2027 quia
899 1957 929 2007 et

176 2067 233 2123 epo
258 2057 392 2106 sanctus
417 2067 491 2107 sum
514 2048 674 2106 Dominus
699 2049 785 2107 Deus
814 2056 925 2106 vester.

178 2146 343 2204 l‘ustvdite
353 2155 516 2222 precepta
531 2165 615 2214 rrwa,
630 2154 660 2205 et
679 2146 779 2224 facite
792 2165 841 2204 ev.
861 2147 927 2220 It'qo

175 2244 342 2303 Dominus
358 2245 418 2322 qui
431 2245 597 2320 sanctifico
616 2263 680 2304 vos.
695 2279 734 2287 -
753 2244 817 2311 Qui
834 2245 929 2302 incle-

176 2343 305 2401 diaserit
321 2343 416 2420 patri
433 2361 490 2401 suo
511 2352 569 2402 aut
591 2343 704 2411 matri,
721 2349 832 2403 contra
852 2358 928 2421 prae·

176 2448 308 2520 ceptum
332 2439 523 2520 praecedenti
549 2439 689 2521 capitulo
712 2447 743 2502 θῖ
765 2439 798 2500 in
820 2438 927 2501 Exodo

70 2547 76 2560 '
177 2538 333 2619 positum,
351 2549 451 2598 morte
466 2540 638 2609 moriatur,
656 2538 832 2620 praesertim
848 2537 875 2598 si
891 2556 929 2600 ex

177 2636 413 2700 deliberatione
428 2646 483 2700 aut
498 2647 585 2700 certa
601 2638 723 2699 malitie
733 2637 783 2701 vel
800 2656 930 2722 consue

177 2735 291 2798 tudine
308 2735 420 2798 iecerit
439 2737 510 2799 hoc.
528 2734 594 2809 Quo
613 2744 737 2798 constat
756 2734 929 2798 enormitas

176 2832 311 2896 sceleris
326 2833 434 2916 hujus,
451 2834 538 2916 quod
553 2843 586 2896 et
601 2834 863 2914 ingratitudinem
884 2833 930 2894 ni-

176 2933 280 2993 mium
299 2951 446 3012 magnam
464 2932 610 2994 includit.
628 2932 717 2994 Unde
735 2951 792 3014 pro
811 2932 930 2996 confir·

982 964 1155 1039 svnpvints
1169 964 1233 1034 sui,
1251 962 1294 1024 ita
1314 962 1398 1042 quod
1420 969 1533 1042 sponte
1556 949 1732 1023 hoc'susti-

984 1068 1049 1135 net,
1067 1063 1307 1138 interficientur
1322 1063 1425 1131 ambe,
1442 1079 1539 1141 quum
1561 1059 1729 1140 injudicio

984 1158 1082 1221 luerit
1096 1158 1347 1240 comprobatum,
1365 1167 1397 1220 et
1412 1158 1549 1220 scienter
1563 1158 1730 1220 commise

983 1257 1107 1319 rintllc
1122 1257 1218 1337 huJus
1234 1257 1378 1320 criminis
1394 1255 1730 1339 prohibitioneprobi-

984 1354 1179 1437 bitionisque
1198 1375 1303 1432 causa,
1322 1356 1354 1416 in
1378 1355 1575 1437 expositione
1595 1355 1728 1437 capituli

984 1454 1206 1535 quintidecimi
1236 1455 1355 1517 dictum
1386 1463 1444 1517 est.
1477 1457 1728 1532 turpitudinen

984 1563 1163 1614 trieterteroe
1179 1563 1241 1614 tuuc
1255 1565 1284 1614 et
1299 1557 1409 1614 omitte
1425 1565 1487 1614 tute
1503 1573 1568 1613 non
1578 1555 1731 1630 (liseoope

984 1655 1058 1713 ries.
1083 1654 1147 1720 Qui
1166 1655 1223 1712 boc
1241 1654 1363 1730 feccrit,
1385 1653 1602 1728 ipnominiam
1619 1653 1729 1712 carnis

983 1771 1050 1811 succ
1060 1752 1401 1826 nuvavtt;portevvnt
1416 1751 1506 1810 umbo
1522 1751 1730 1830 iniquitatem

943 1851 1088 1912 stem.
1108 1849 1172 1916 Qut
1193 1850 1304 1908 coierit
1326 1869 1400 1908 cum
1425 1868 1525 1908 uvore
1543 1849 1659 1926 putrui
1681 1851 1731 1906 vet

984 1949 1142 2006 avunculi
1163 1948 1228 2016 sui,
1248 1956 1277 2006 et
1300 1948 1490 2006 revelaverit
1513 1947 1730 2024 ignominiam

983 2047 1184 2120 cognationis
1198 2065 1275 2115 sucu,
1292 2043 1323 2104 id
1343 2053 1391 2106 θεῖ
1410 2063 1554 2125 personae
1574 2043 1636 2106 sibi
1659 2042 1731 2105 aiii-

985 2141 1105 2219 nis‚vel
1116 2143 1186 2223 ejus
1199 2161 1270 2222 quae
1286 2142 1347 2203 luit
1363 2161 1425 2204 una
1441 2161 1602 2205 varocum
1620 2150 1731 2224 patruo

983 2249 1038 2302 aut
1058 2241 1217 2304 avunculo
1243 2259 1311 2317 suo,
1330 2239 1439 2322 sicque
1463 2241 1637 2321 ignominia
1661 2241 1732 2303 talis

985 2338 1124 2413 teminae,
1144 2338 1205 2399 luit
1221 2337 1396 2428 ignominia
1412 2338 1473 2400 viri
1489 2338 1538 2400 sui
1559 2339 1731 2421 propinqui

984 2436 1129 2500 coeuntis
1146 2455 1218 2499 cum
1235 2436 1290 2498 illa
1303 2460 1310 2510 3
1324 2440 1500 2514 portabunt
1519 2439 1609 2498 ambo
1623 2457 1732 2514 pecca-

985 2545 1053 2596 tum
1068 2556 1177 2606 suum,
1195 2533 1227 2597 id
1250 2543 1298 2597 est
1320 2543 1466 2611 mortem,
1484 2554 1555 2616 quae
1575 2536 1621 2598 cis
1644 2534 1732 2597 inlli-

984 2642 1076 2714 getur
1093 2652 1149 2715 pro
1166 2634 1221 2695 tali
1237 2634 1360 2697 incestu
1375 2644 1430 2696 aut
1445 2635 1542 2698 etiarn
1562 2635 1729 2712 adulterio,

984 2732 1012 2793 si
1028 2731 1127 2813 priori
1144 2731 1258 2794 marito
1273 2732 1400 2796 vivente
1415 2733 1589 2814 continget.
1607 2736 1732 2812 Absque

985 2832 1105 2902 tiberis,
1116 2830 1149 2892 id
1160 2839 1208 2892 θεῖ
1224 2831 1294 2893 sine
1305 2831 1447 2911 legitimo
1464 2839 1556 2913 partu
1567 2839 1733 2894 otsuooes-

985 2947 1056 2991 sore
1076 2927 1273 3004 hereditatis,
1296 2931 1475 2988 coorientur
1491 2951 1502 2988 .·
1518 2929 1569 2991 vel
1591 2928 1730 2992 sobolem

176 3032 322 3094 matione
337 3040 369 3093 et
388 3033 631 3112 exaggeratione
654 3031 738 3093 istud
760 3031 925 3114 repetitur.
946 3025 1151 3107 Caequirere
1173 3034 1248 3087 sunt
1270 3025 1405 3107 indigni,
1427 3046 1481 3090 seu
1504 3028 1590 3107 justo
1611 3027 1732 3108 judicio

175 3133 278 3191 Petri
298 3132 461 3209 ventrique
482 3133 541 3210 qui
560 3133 778 3202 maledicent,
795 3139 850 3192 aut
871 3131 927 3192 uni

176 3248 303 3306 eorum,
314 3231 450 3307 sanquis
465 3231 535 3306 ejus
553 3231 595 3289 sit
610 3250 707 3306 super
723 3251 810 3300 cum,
819 3230 850 3292 id
867 3238 925 3308 θεῖ,

176 3347 275 3390 causa
290 3347 356 3390 suae
370 3327 541 3390 occisionis
560 3326 735 3409 imputetur
750 3328 791 3390 ci.

216 3427 460 3507 Consequentcr
483 3426 516 3487 in
539 3426 645 3488 littera
667 3445 725 3508 pro
747 3426 844 3490 variis
869 3428 929 3490 cri-

176 3525 323 3587 minibus
344 3544 431 3587 mors
450 3524 558 3606 inlligi
576 3525 718 3607 jubetur,
735 3534 767 3588 et
788 3526 928 3607 capitulo

121 3641 127 3650 '
175 3622 419 3687 octavodecimo
443 3631 601 3705 precepta
625 3623 776 3686 vitiorum
799 3623 928 3686 illorum

176 3722 387 3805 prohibitiva,
404 3722 548 3803 exposita
563 3730 647 3783 sunt.
665 3723 699 3784 ln
715 3722 838 3786 duobus
854 3742 930 3805 quo

174 3841 240 3902 que
256 3821 385 3883 casibus
400 3822 531 3902 jubetur
546 3839 733 3902 pecussum
746 3839 808 3901 quo
820 3841 930 3904 pecca-

175 3930 243 3981 tum
262 3918 472 3982 commissum
488 3927 547 3995 cst,
564 3919 677 3994 occidi,
697 3919 730 3980 in
747 3920 929 3982 detestatio

174 4038 249 4080 nem
267 4018 423 4099 majorem
439 4026 503 4078 tam
520 4017 748 4079 innaturalium
763 4017 925 4095 vitiorum,

173 4125 206 4179 θῖ
232 4135 275 4178 ne
300 4115 459 4197 inspectio
483 4115 569 4176 bruti
593 4115 677 4192 talis,
704 4116 801 4178 alicui
826 4117 929 4199 pariat

985 3124 1200 3186 subtrahetur.
1222 3126 1285 3192 Qui
1305 3127 1438 3185 <iuverit
1460 3146 1593 3186 umorem
1615 3127 1733 3206 fratris

984 3225 1048 3295 sui,
1066 3222 1122 3285 illo
1138 3221 1276 3298 vivente,
1294 3232 1348 3284 eut
1368 3223 1464 3286 etiam
1485 3231 1621 3300 mortuo,
1640 3224 1667 3284 si
1687 3241 1734 3285 εθ-

986 3339 1059 3383 men
1079 3320 1246 3401 reliquerit
1260 3345 1267 3395 ;
1289 3342 1358 3382 rem
1372 3323 1454 3399 facit
1469 3325 1643 3394 illicitam·
1664 3325 1733 3383 ebs-

985 3441 1046 3500 que
1061 3421 1172 3479 tiberis
1186 3430 1293 3489 erunt,
1305 3419 1394 3501 juxta
1409 3419 1638 3501 expositionem
1657 3439 1732 3502 prce-

986 3526 1101 3580 tactam
1113 3541 1120 3592 ;
1133 3524 1165 3578 et
1175 3517 1258 3580 inter
1270 3518 1347 3581 tales
1359 3537 1423 3582 non
1434 3527 1481 3582 est
1492 3519 1731 3582 matrimonium

985 3635 1108 3693 verum,
1129 3623 1163 3677 ut
1183 3623 1268 3697 patet
1283 3635 1320 3679 ex
1337 3617 1526 3681 introductis
1542 3618 1575 3679 in
1591 3618 1731 3680 elucida-

985 3715 1072 3777 tione
1088 3713 1218 3795 capituli
1235 3715 1467 3777 octavideoimi.

1028 3815 1186 3875 Custodite
1197 3817 1277 3891 leqes
1287 3835 1373 3874 mens
1388 3815 1630 3893 atquejudicia,
1640 3824 1670 3876 ct
1679 3815 1732 3892 fa·

985 3913 1045 3971 cite
1059 3932 1098 3982 ea
1108 3935 1122 3982 ,·
1136 3933 1175 3971 ne
1196 3921 1226 3971 et
1241 3932 1294 3971 vos
1309 3922 1433 3972 evomet
1452 3922 1548 3984 terra,
1568 3934 1665 3992 quum
1681 3915 1731 3973 in·

986 4011 1108 4070 traturc'
1117 4011 1191 4068 estis
1200 4019 1230 4070 et
1240 4012 1433 4081 habitaturi,
1440 4010 1471 4072 id
1482 4018 1538 4086 θεῖ,
1548 4029 1587 4073 ne
1600 4017 1730 4092 propter

985 4106 1063 4171 vitia
1085 4115 1190 4170 vestra
1211 4107 1351 4170 violenta
1372 4117 1474 4171 morte
1495 4107 1670 4190 ejiciamini
1692 4128 1731 4171 ex

174 4213 442 4295 imaginationem
460 4213 684 4275 foedissimam.
696 4218 759 4282 out
771 4219 928 4292 acceperit
943 4213 967 4274 D
984 4207 1043 4270 hac
1060 4214 1154 4283 terra,
1173 4214 1323 4287 tanquam
1339 4207 1401 4271 vile
1417 4214 1511 4289 atque
1527 4207 1728 4289 superfluum

172 4334 317 4374 sororem
332 4313 553 4390 suam,filiam
563 4314 672 4388 patris
686 4315 806 4382 sui,er
820 4317 928 4390 filiam

175 4413 389 4482 enutrissem,
405 4420 436 4471 et
451 4413 573 4471 viderit
589 4412 828 4488 turpitudinem
845 4413 926 4487 ejus,

173 4513 303 4589 illaque
326 4511 527 4587 consperserit
548 4492 774 4585 ignominiam*
788 4510 906 4583 fratris
916 4534 930 4581 ,-

175 4611 347 4688 nesariam
371 4629 440 4669 rem
469 4612 593 4684 operati
616 4617 693 4668 sunt
708 4623 720 4666 .·
744 4609 930 4669 occidentur

176 4709 211 4766 in
239 4716 412 4784 conspectu
429 4708 557 4784 populi,
583 4726 618 4765 eo
642 4709 728 4785 qrvod
754 4708 929 4782 turpitudi-

175 4827 252 4865 nem
272 4826 368 4865 suum
388 4814 501 4865 mulcro
527 4806 752 4874 revelaverint,
769 4814 798 4864 et
819 4814 930 4880 porta-

174 4905 259 4963 bunt
273 4904 486 4980 iniquitatem
500 4922 594 4961 suem
605 4919 616 4961 .·
631 4901 658 4962 si
674 4920 769 4983 super
785 4901 845 4964 hoc
863 4900 929 4965 fue

176 5002 244 5062 rint
264 5000 405 5063 convicti
423 5001 456 5060 in
479 4998 549 5061 loro
567 4999 680 5080 judicii
697 5008 729 5060 et
745 4999 925 5080 dijudicati,

175 5107 208 5160 et
227 5119 269 5160 ex
289 5098 466 5180 proposito,
485 5099 516 5160 id
533 5106 591 5172 est,
609 5098 730 5178 absque
747 5097 929 5160 rationabili

175 5216 277 5259 causa
299 5197 332 5258 id
354 5196 488 5275 egerint.
507 5195 614 5272 SeeuS,
633 5195 659 5256 si
680 5196 855 5277 improvise
875 5206 930 5259 aut

176 5294 361 5358 necessaria
376 5313 482 5356 cause.
503 5295 565 5362 Qui
579 5295 692 5353 coierit
705 5313 780 5354 cum
794 5297 930 5356 muliere

983 4309 1059 4391 quid
1078 4309 1111 4370 in
1127 4328 1175 4385 ea,
1193 4307 1274 4370 sicut
1290 4309 1329 4370 de
1349 4325 1480 4388 corpore
1500 4306 1648 4369 animalis
1665 4307 1732 4370 vio-

984 4407 1086 4469 lenter
1115 4407 1243 4488 cjicitur
1271 4405 1436 4487 superllua
1462 4404 1619 4486 indigesta
1646 4405 1731 4468 ioeda

984 4505 1127 4567 materia.
1145 4508 1253 4568 Nolite
1269 4506 1436 4566 ambulare
1451 4506 1487 4563 in
1504 4506 1657 4581 legitimis
1672 4526 1732 4566 na-

985 4606 1121 4674 tionum,
1149 4624 1230 4682 qvas
1255 4623 1309 4679 epo
1334 4607 1529 4679 expulsurus
1553 4623 1625 4663 svm
1656 4612 1730 4662 ante

983 4722 1047 4762 vos.
1067 4703 1187 4763 Ovnniu
1205 4703 1292 4762 enim
1313 4704 1549 4780 benefecerunt,
1565 4711 1595 4761 et
1610 4703 1730 4761 abomi-

983 4813 1169 4863 natussum
1187 4823 1251 4862 eus.
1269 4804 1357 4863 Vobis
1373 4812 1480 4862 autem
1499 4805 1609 4881 loquor
1626 4824 1637 4862 .·
1653 4805 1731 4864 Pos-

983 4902 1082 4961 sidcte
1104 4911 1222 4961 terram
1242 4921 1363 4972 eorum,
1379 4921 1478 4981 qttctrn
1493 4902 1573 4960 dubo
1590 4903 1675 4960 vobis
1690 4903 1726 4960 in

984 5001 1204 5070 nereditatem,
1219 5009 1337 5060 trram
1351 5003 1505 5074 fluentem
1521 5003 1601 5060 lacte
1616 5009 1645 5059 et
1657 5004 1731 5060 mel-

986 5101 1024 5158 le.
1049 5099 1118 5175 Epo
1137 5099 1225 5157 enim
1246 5101 1405 5159 Dominus
1429 5101 1514 5159 Deus
1540 5107 1648 5168 vester,
1672 5100 1731 5176 qui

983 5198 1135 5273 separavi
1150 5217 1202 5255 vos
1222 5219 1242 5256 a
1262 5200 1372 5256 ceteris
1384 5199 1516 5274 populis
1533 5195 1728 5258 habitatione

985 5303 1017 5357 et
1036 5294 1116 5370 loco,
1133 5293 1375 5357 circumcisione
1395 5303 1427 5360 ct
1446 5294 1524 5374 legis
1545 5293 1725 5370 traditione,
