4309 6259
518 528 692 573 nvnnmrro
714 529 745 574 ru
766 530 834 591 nar,
857 530 913 576 xnr
932 530 1165 579 naursnonouu.
1188 552 1228 563 —
1249 534 1319 580 aar.
1342 534 1395 580 xrv
1668 514 1728 578 569

179 700 215 753 ut
232 692 315 756 nihil
332 692 392 757 liat
406 696 601 758 contrarium
614 697 732 761 divinis
749 698 926 781 praeceptis,
944 699 969 762 Α
984 710 1074 764 enter
1092 701 1263 766 intellectis
1284 702 1459 785 quidquam
1479 703 1660 766 addendum
1680 710 1728 765 est

178 790 270 871 juxta
285 810 382 872 quem
406 795 536 856 modum
553 794 777 876 subjungitur:
795 818 852 858 nec
874 801 929 858 ad·
985 808 1040 862 ent
1060 802 1312 864 subtrahendum
1333 803 1419 884 quod
1434 802 1480 865 eis
1496 802 1725 876 contrarietur;

177 893 239 949 das
264 892 447 970 quidquam
476 914 533 953 nec
557 897 689 955 minuas
709 916 721 954 .·
746 895 821 978 quia
847 895 928 957 nihil
984 908 1125 962 attamen
1141 901 1215 962 addi
1232 910 1367 983 possunt
1381 900 1583 964 rationabilia
1603 901 1729 963 institu-

179 988 404 1070 corruptivum
426 998 475 1053 est
497 1011 593 1055 sacrae
619 992 789 1075 Scriptura
812 995 930 1057 adden·
987 1006 1017 1060 ta
1033 1005 1129 1080 atque
1144 999 1289 1075 consilia,
1307 1008 1338 1062 et
1353 999 1582 1062 declarationes
1599 998 1729 1063 catholi-

178 1087 268 1165 dum,
293 1106 353 1150 nec
376 1088 497 1153 divinis
520 1091 678 1153 mandatis
700 1112 774 1157 vere
796 1100 828 1156 et
850 1094 930 1176 sapi·
985 1116 1040 1174 ca,
1059 1097 1357 1180 exhortationesque
1371 1097 1553 1160 caritativa.
1647 1137 1651 1143 -

726 1470 1048 1558 ARTIGULUS
1091 1474 1190 1557 XIV

199 1727 392 1775 exclusatio
415 1726 591 1773 ttrruuntls
613 1723 751 1771 cartrutt
772 1720 974 1767 Tuurttuucttss
997 1720 1004 1766 :
1028 1722 1055 1766 Sl
1077 1722 1265 1768 suuuuxumr
1286 1723 1317 1768 ut
1338 1724 1430 1769 nauto
1451 1725 1500 1770 Tttl
1521 1724 1706 1771 PBOPBETES.

262 2100 298 2142 ac
326 2077 458 2142 honorif
459 2076 576 2140 icentia
602 2074 669 2137 veri
694 2074 760 2150 Dei,
777 2073 850 2135 vitae
876 2092 930 2134 na·
985 2071 1083 2153 gratis
1107 2073 1188 2134 data
1212 2082 1425 2155 computatur,
1451 2094 1523 2156 qua
1546 2076 1729 2139 communia

178 2189 259 2241 tura
275 2186 307 2241 et
328 2176 418 2241 omni
440 2174 584 2239 societati
605 2193 642 2237 ac
668 2170 850 2253 cognationi
873 2171 931 2233 hu·
985 2180 1059 2233 sunt
1074 2169 1168 2233 bonis
1182 2190 1219 2233 ac
1234 2172 1338 2234 malis.
1355 2173 1468 2235 ldeo
1443 2193 1471 2235 sr
1487 2174 1559 2236 talis
1574 2175 1729 2258 propheta

178 2296 293 2354 mana,
318 2286 415 2358 atque
446 2272 650 2356 prosperitati
677 2280 819 2348 terrenae,
844 2290 930 2334 nnnc
985 2271 1173 2351 persuadeat
1202 2269 1285 2332 veris
1309 2271 1364 2333 Dei
1394 2271 1570 2335 cultoribus
1600 2272 1729 2337 idolola-

177 2376 370 2439 declaratur.
384 2376 424 2436 Si
442 2374 636 2441 sumeoecrit,
647 2366 678 2432 id
699 2378 757 2446 est,
771 2368 804 2430 in
827 2368 931 2451 publi·
986 2367 1090 2444 triam,
1108 2387 1146 2431 ex
1161 2368 1220 2431 hoc
1235 2388 1298 2431 non
1313 2370 1457 2450 sequitur
1472 2372 1557 2453 quod
1573 2391 1730 2453 quaecum·

176 2494 250 2538 cum
262 2471 429 2555 prodierit,
441 2471 489 2535 vel
508 2470 540 2532 in
559 2478 664 2533 actum
682 2468 880 2551 processerit,
893 2470 930 2527 in
984 2485 1047 2546 que
1064 2466 1216 2531 revelatio
1238 2468 1300 2530 sibi
1324 2468 1418 2545 lacta,
1435 2470 1477 2531 sit
1491 2469 1520 2533 ei
1537 2488 1593 2551 per
1613 2470 1730 2533 daemo-

179 2575 283 2633 medr‘o
314 2573 375 2642 tui,
398 2569 459 2633 hoc
480 2577 529 2632 est
558 2568 591 2630 in
615 2566 732 2649 populo
759 2574 823 2643 tuo,
848 2584 867 2628 o
892 2566 932 2627 ls·
986 2584 1059 2627 nem
1090 2565 1295 2629 ministrata:
1321 2568 1385 2631 imo
1414 2568 1539 2631 Balaam
1567 2568 1729 2631 consuluit

178 2670 260 2747 rael,
286 2671 457 2748 prophetes
477 2687 488 2730 .·
514 2667 582 2731 sive
606 2666 647 2727 sit
677 2683 751 2727 vere
776 2664 930 2747 propheta
985 2663 1174 2741 Madianitis,
1187 2673 1222 2726 ut
1237 2663 1324 2728 lilios
1339 2666 1434 2729 lsrael
1451 2687 1508 2749 per
1522 2667 1673 2744 mulieres
1689 2668 1728 2731 ad

178 2788 235 2851 por
250 2766 482 2831 revelationem
509 2764 689 2828 futurorum
706 2782 785 2845 pure
807 2764 930 2825 contin·
985 2761 1197 2825 idololatriam
1223 2762 1430 2840 concitarent,
1448 2773 1479 2826 et
1503 2773 1609 2827 tamen
1634 2765 1729 2846 paulo

178 2866 337 2948 gentium,
361 2864 424 2927 sibi
448 2864 607 2927 lactama
639 2862 760 2945 Spiritu
782 2861 927 2935 Sanet03
984 2868 1058 2923 ante
1073 2859 1186 2922 habuit
1202 2861 1318 2923 multas
1334 2861 1666 2926 revelationesalleo.

179 2966 247 3027 sive
270 2964 313 3025 sit
337 2963 469 3045 pseudo,
488 2970 520 3024 et
541 2960 647 3042 aliqua
664 2960 771 3022 lutura
795 2959 930 3022 homini·
1026 2962 1100 3020 Non
1120 2961 1233 3020 audies
1253 2978 1310 3041 per
1330 2978 1521 3022 consensum
1542 2964 1637 3021 uerba
1655 2982 1729 3040 pro

178 3063 238 3126 bus
255 3062 420 3141 incognita
435 3060 611 3143 praedicens
627 3078 665 3122 ex
680 3057 929 3122 revelationibus
979 3060 1085 3135 pdctce
1096 3059 1188 3117 iltius
1199 3067 1257 3118 aut
1271 3060 1489 3129 aemulatoria,
1500 3058 1617 3139 quibus
1633 3059 1730 3121 idolo-

179 3164 373 3237 daemonum
395 3160 451 3241 qui
474 3158 575 3221 multa
591 3166 725 3221 ventura
745 3155 965 3221 hominibusu
984 3155 1110 3217 latriam
1129 3154 1288 3229 consulit3
1306 3155 1333 3217 si
1355 3164 1461 3219 autem
1483 3156 1602 3220 diecret
1621 3158 1728 3239 aliqua

179 3262 290 3341 ignota
314 3267 529 3341 praenoscunt,
547 3265 578 3319 et
600 3256 725 3319 vatibus
750 3256 816 3316 suis
842 3273 930 3317 reve·
983 3272 1058 3317 vere
1073 3252 1224 3329 salubria,
1241 3254 1324 3317 sicut
1341 3262 1372 3316 et
1389 3254 1525 3332 Balaam,
1543 3254 1577 3315 in
1595 3255 1661 3318 illis
1680 3274 1729 3318 es-

179 3360 245 3421 lant
258 3385 266 3435 ;
280 3368 340 3419 aut
355 3360 413 3439 qui
426 3358 591 3417 somnium
606 3357 724 3415 vidisse
738 3375 769 3414 se
783 3356 883 3424 dicat,
896 3353 927 3415 id
984 3360 1031 3415 set
1050 3351 1239 3415 audiendus
1259 3356 1344 3421 Quia
1367 3362 1467 3414 tentat
1484 3374 1538 3414 vos
1555 3358 1728 3425 Dominus,

178 3465 225 3521 cst
251 3456 419 3520 oraculum
448 3463 502 3517 aut
532 3454 688 3518 visionem
714 3451 864 3515 habuisse
894 3452 927 3513 in
983 3450 1089 3526 idest,
1107 3450 1146 3512 ad
1166 3449 1387 3531 probationem
1408 3459 1440 3513 et
1460 3451 1726 3515 examinationem

178 3573 303 3631 somno,
321 3564 352 3613 et
372 3555 569 3631 praedicarit
588 3553 720 3629 siquam
742 3560 837 3630 atque
855 3568 929 3627 por·
982 3557 1120 3613 vestram
1136 3547 1213 3610 sinit
1228 3549 1320 3611 vobis
1337 3547 1431 3612 talem
1451 3550 1638 3631 pestiferam
1653 3550 1745 3614 lieri'

181 1980 467 2189 OUAll'lUldT
449 1976 664 2061 praeponenda
679 1975 721 2037 sit
741 1974 807 2037 vita
822 1973 967 2053 gratiaB
985 1980 1042 2035 est.
1060 1973 1228 2055 Prophetia
1251 1993 1389 2057 namque
1412 1976 1495 2038 inter
1516 1977 1600 2039 dona
1619 1976 1728 2057 gratia

179 3663 316 3724 tentam,
334 3652 394 3715 boc
416 3659 464 3713 est
482 3650 612 3732 aliquod
628 3666 780 3729 magnum
799 3646 849 3711 vel
872 3648 929 3710 mi·
982 3648 1275 3728 suggestionemut
1286 3652 1510 3725 patamscr'at*
1525 3660 1638 3709 utrum
1653 3653 1728 3711 cliti-
1755 3674 1762 3690 ·
1796 3683 1811 3711 a

178 3749 281 3812 rabile
306 3768 377 3811 esse
402 3748 546 3811 futurum
572 3748 611 3809 de
638 3747 794 3829 proxime,
818 3746 868 3808 vel
893 3745 928 3807 in
979 3748 1066 3824 palis
1081 3767 1168 3815 eum,
1182 3768 1226 3807 nn
1242 3767 1320 3816 aon,
1335 3750 1372 3807 in
1385 3757 1446 3809 toto
1461 3751 1554 3807 corde
1568 3758 1597 3808 et
1612 3750 1649 3808 in
1663 3759 1728 3810 tota

179 3849 370 3929 longinquo,
380 3858 409 3909 et
420 3849 561 3908 evenerit
572 3850 657 3927 quod
668 3850 791 3906 locutus
800 3854 855 3905 est.
866 3844 929 3905 Ati·
982 3847 1095 3905 aalma
1108 3854 1222 3906 vestra.
1235 3843 1362 3906 Certum
1375 3846 1507 3909 omnino
1522 3855 1580 3924 est,
1595 3845 1729 3909 invaria-

177 3948 309 4029 qnendo
325 3946 413 4009 enim
429 3944 702 4027 vcrapraedicunt,
716 3943 780 4006 imo
796 3942 928 4024 iniquis·
982 3941 1080 4005 bilem
1095 3943 1193 4005 Deum
1216 3942 1325 4006 omnia
1340 3953 1662 4026 praecognoscentem,
1681 3943 1727 4007 nil

179 4046 251 4107 simi
268 4065 306 4107 ac
324 4043 488 4106 falsissimi
505 4043 636 4125 spiritus
653 4042 812 4104 interdum
829 4040 928 4103 homi·
982 4040 1022 4103 de
1037 4058 1119 4104 novo
1135 4057 1316 4120 agnoscere,
1330 4060 1389 4104 nec
1404 4061 1442 4105 ex
1457 4042 1597 4106 humano
1611 4052 1727 4107 eventu

180 4144 277 4207 nibus
293 4142 406 4206 dieunt
421 4142 529 4224 aliqua
544 4141 629 4204 bona
639 4150 671 4203 et
685 4140 818 4203 honesta
833 4146 927 4220 atque
982 4139 1157 4219 quidquam
1179 4139 1363 4203 addiscere:
1381 4140 1500 4203 idcirco
1521 4143 1608 4222 quod
1623 4142 1678 4220 ait,
1690 4143 1729 4204 Ut

178 4241 333 4317 salubria,
350 4248 508 4321 quatenus
525 4239 873 4301 hominesassuescant
888 4238 927 4299 ad
983 4237 1088 4319 palam
1114 4237 1204 4314 sciat,
1222 4240 1446 4320 exponendum
1462 4247 1522 4318 est,
1538 4248 1574 4302 ut
1594 4240 1635 4303 ab
1656 4241 1729 4303 aliis

179 4340 241 4403 sibi
265 4339 472 4413 credendum,
492 4336 603 4419 sicque
626 4336 777 4417 deinceps
799 4334 928 4416 gravius
942 4340 967 4401 D
982 4335 1147 4398 evidenter
1163 4334 1259 4398 faciat
1281 4335 1355 4398 sciri
1370 4337 1410 4399 ad
1434 4337 1576 4419 ipsorum
1592 4339 1730 4401 edilice-

177 4456 232 4501 eos
258 4436 386 4512 fallant,
411 4435 605 4498 insinuando
628 4442 683 4498 aut
708 4437 928 4515 persuadendo
983 4434 1103 4497 tionem
1119 4443 1173 4496 aut
1188 4436 1357 4498 cautelam.
1369 4436 1422 4497 His
1438 4437 1546 4499 verbis
1560 4437 1666 4500 simile
1681 4446 1730 4500 est

177 4537 224 4599 eis
240 4554 342 4618 prava
356 4553 392 4596 ac
407 4533 499 4596 lalsa.
518 4538 561 4595 Et
575 4536 699 4595 dicerit
717 4536 786 4606 tibi,
803 4537 928 4596 Eamus
982 4533 1068 4614 quod
1091 4533 1130 4594 ad
1150 4532 1275 4595 Galatas
1297 4533 1408 4596 scribit
1423 4535 1593 4616 Apostolus
1611 4553 1618 4596 :
1642 4535 1730 4598 Licet
1744 4555 1821 4598 uarat.
1833 4557 1874 4605 ..a

176 4648 206 4696 et
235 4654 413 4716 aequamur
436 4637 510 4694 deos
534 4636 656 4693 alienos
681 4653 759 4712 quoa
783 4635 924 4711 ignoras.
984 4649 1041 4693 nos
1057 4638 1112 4693 aut
1127 4630 1261 4711 angelus
1278 4632 1317 4693 dc
1331 4631 1413 4695 eoelo
1428 4632 1623 4711 evangelizet
1637 4632 1728 4696 vobis

177 4734 267 4797 Circa
290 4733 351 4795 hoc
374 4730 486 4794 scribit
508 4731 638 4813 quidam
659 4748 665 4793 :
683 4731 728 4792 Ex
747 4730 808 4795 hoc
829 4740 925 4813 patet,
983 4731 1297 4811 praeterquamquod
1320 4729 1608 4810 evangelizavimus
1623 4732 1726 4808 vobis,

178 4833 264 4914 quod
280 4828 435 4895 revelatio
446 4829 509 4892 sibi
520 4828 605 4892 lacta
616 4828 744 4911 luitper
756 4830 924 4892 demones.
981 4828 1151 4889 anathema
1173 4827 1222 4889 sit
1239 4827 1357 4909 Nempe
1371 4827 1528 4909 quidquid
1544 4827 1662 4891 divina
1684 4829 1730 4892 in-

179 4930 239 4994 Sed
262 4929 504 5005 advertendum,
522 4928 720 5009 quodetiam
744 4926 834 4989 falsis
855 4946 928 5010 pro
983 4925 1113 4987 lallibili
1129 4925 1255 4988 veritati
1276 4926 1495 5003 contrariatur,
1514 4928 1729 5009 respuendum

179 5028 286 5111 phetis
302 5034 400 5109 atque
415 5026 604 5103 idololatris,
614 5026 804 5108 quandoque
820 5026 927 5107 eliqua
967 5033 1029 5088 est
1054 5044 1235 5106 prorsusne
1258 5026 1414 5107 protinus.
1431 5030 1609 5088 Dominum
1623 5031 1729 5090 Deum

179 5146 254 5189 vera
276 5134 307 5189 et
330 5144 404 5190 vere
428 5124 535 5186 lutura
551 5124 732 5187 revelantur
754 5124 857 5187 aDeo
870 5144 927 5206 per
982 5135 1047 5186 vest
1050 5126 1321 5203 rumseqm'mi'ssm
1333 5135 1363 5185 et
1379 5127 1486 5202 ipsum
1499 5128 1625 5197 timete;
1640 5148 1730 5187 man-

61 5281 77 5322 v
124 5222 789 5331 Uergelosproptereotumuuebonum
803 5231 927 5286 utcon-
981 5227 1060 5283 duta
1081 5224 1152 5299 ejas
1172 5224 1338 5283 mmtodite.
1356 5225 1425 5300 Ipsi
1445 5226 1648 5295 servietim
1617 5234 1648 5285 et
1663 5226 1728 5302 ipsi

77 5298 123 5329 m
124 5302 242 5387 ¹¹¹¹'stat
264 5324 304 5386 de
327 5322 464 5397 Balaam,
483 5330 517 5383 ut
540 5321 573 5383 in
589 5319 734 5383 Numeris
758 5322 926 5403 probatum
980 5320 1196 5381 adhaereditia.
1216 5322 1378 5398 Propheta
1401 5330 1510 5381 auam
1532 5324 1589 5381 ille
1612 5327 1727 5400 autfi-
