4309 6259
540 488 713 535 unsnflnrlo
735 488 765 531 ΙΝ
787 487 855 533 CAP.
879 486 965 533 XXXM
986 488 1182 535 NUMEMORUM.
1205 508 1245 519 -
1266 490 1336 536 ART.
1360 492 1376 535 L

1666 474 1724 539 497

176 676 308 721 currere
324 658 424 736 labor,
443 658 543 735 dolor,
562 660 666 736 timor,
684 668 716 723 et
733 660 858 724 diversa
875 678 927 741 pe
942 659 967 721 A
980 661 1113 724 accessit
1133 663 1172 725 ad
1194 662 1321 745 loseph,
1338 673 1543 727 excusaturus
1559 686 1594 729 se
1609 674 1641 730 et
1665 667 1725 730 ira·
1759 694 1870 748 em,

176 755 292 833 ricula,
308 767 338 817 et
362 778 416 817 vos
440 760 493 818 laic
511 761 671 828 sedebilis,
691 758 722 820 id
744 766 792 820 est
817 776 927 820 secure

175 853 370 933 quiescetis?
382 860 446 917 Cirr
456 857 640 917 salvantis
652 867 769 916 mentes
779 858 926 933 filioram

175 954 292 1024 Israel,
300 974 341 1013 ne
355 958 498 1015 audeant
511 956 650 1014 transire
660 957 696 1014 in
708 959 822 1026 locam,
832 974 926 1033 qinom

170 1051 217 1107 eis
242 1053 384 1112 datarus
407 1062 451 1112 est
477 1054 666 1113 Dominus?
689 1052 766 1113 Nam
793 1050 923 1132 praelata

171 1148 287 1227 petitio
309 1149 452 1211 tribuum
472 1150 583 1213 liuban
606 1158 637 1213 et
658 1150 735 1227 Gad,
757 1149 925 1212 videbatur

170 1246 278 1326 prima
294 1246 376 1312 facie
391 1268 429 1312 ex
446 1249 560 1312 timore
577 1250 626 1313 vel
648 1248 775 1329 ignavia
801 1266 926 1330 proces-

169 1345 264 1421 sisse,
291 1347 342 1411 vel
369 1348 608 1429 excupiditate
635 1348 854 1422 immoderata,
882 1345 925 1407 ita

168 1446 256 1525 quod
283 1446 476 1509 horruerunt
502 1446 707 1510 imminentia
738 1445 847 1529 praelia
871 1452 926 1507 aut

167 1542 308 1620 labores,
327 1544 377 1608 vel
395 1545 491 1607 nimis
514 1546 607 1608 avide
630 1544 804 1626 cupiebant
827 1552 925 1605 terras

166 1649 198 1702 et
214 1660 295 1723 opes
310 1643 474 1706 communi
497 1644 643 1707 omnium
663 1643 837 1723 acquisitas
860 1660 926 1703 cer-

167 1741 301 1804 tamine.
313 1741 428 1824 Sicque
444 1743 556 1825 petitio
572 1742 701 1805 illarum
717 1742 859 1804 nondum
873 1740 926 1802 ba-

166 1857 208 1902 ne
234 1841 390 1922 exposita,
414 1840 476 1903 fuit
500 1842 636 1904 aliorum
666 1838 922 1903 scandalizativa.
944 1844 1054 1913 Btem‚
1074 1840 1247 1901 utclarius
1262 1841 1383 1903 dictum
1399 1852 1447 1905 cst
1462 1852 1546 1906 aute.
1561 1847 1600 1905 Si
1624 1856 1727 1907 trans-

165 1940 287 1999 Nonne
302 1942 351 1999 ito
365 1950 500 2017 eperant
512 1950 623 2019 patres
640 1940 749 2009 vestri,
765 1945 825 2001 etc.
838 1940 849 1997 l
862 1940 926 2005 Qai

165 2040 384 2099 ascenderunt
398 2058 439 2097 en
453 2040 596 2115 AE'pypto
614 2057 635 2096 o
650 2038 772 2113 vipinti
787 2038 924 2097 anniset

165 2154 282 2210 snpra,
300 2134 333 2196 id
358 2144 417 2211 est,
434 2136 563 2217 quando
579 2143 668 2197 orant
695 2135 734 2196 ad
751 2133 861 2195 minus
879 2133 924 2196 vi-

164 2232 250 2311 ginti
268 2252 426 2297 annorum
437 2234 488 2297 vel
504 2234 642 2309 circiter,
653 2232 697 2295 ita
712 2233 798 2314 quod
817 2232 850 2294 in
862 2232 924 2313 pri-

46 2338 151 2389 ..naas
166 2350 220 2393 ma
236 2332 459 2396 numeratione
476 2331 633 2395 numerati
651 2332 792 2393 luerunt.
810 2335 853 2393 Et
870 2351 922 2391 vos

165 2432 359 2491 surrexistis
370 2451 433 2509 pro
444 2432 595 2508 patribus
611 2432 922 2500 vestris,increonen·

168 2538 201 2587 ta
215 2539 246 2589 et
263 2532 395 2589 alumni
406 2526 575 2590 bominum
589 2539 806 2607 peccatoram,
818 2527 919 2603 idest,

168 2627 345 2690 nutritores
362 2626 525 2690 iactiestis
536 2627 687 2690 vitiorum
704 2626 736 2688 in
747 2626 830 2703 aliis,
840 2645 920 2708 quos

167 2725 278 2787 rcrbis
293 2734 325 2788 et
339 2726 487 2808 exemplo
498 2734 611 2788 restra
622 2725 839 2807 perversitatis
852 2744 922 2806 pro-

166 2824 288 2887 vocatis
298 2825 338 2886 ad
350 2824 667 2905 sceleragraviusque
679 2823 816 2904 peccatis
824 2841 917 2904 quarn

165 2930 275 3001 patres
290 2924 400 2985 vestri.
418 2922 478 2985 lsta
488 2923 607 3005 Moyses
624 2940 687 2985 non
703 2920 783 2984 dixit
798 2921 919 3003 simpli-

981 766 1044 821 tres
1060 779 1135 822 suos
1150 762 1190 823 de
1205 760 1302 837 iurto,
1319 783 1338 825 a
1353 781 1416 843 quo
1437 773 1527 826 eraut
1543 764 1700 829 immunes
1715 791 1722 842 ;
1739 759 1772 799 ¹⁸·

980 860 1138 920 (lt'eeerant
1154 878 1166 919 .·
1188 864 1263 920 Non
1287 873 1495 935 revertemur,
1522 886 1620 943 usqae
1644 870 1724 927 (laen

976 960 1163 1032 possideant
1181 962 1249 1035 filii
1269 964 1373 1020 lsrael
1392 964 1602 1023 nereditatem
1617 985 1722 1035 sanan,

981 1054 1012 1115 id
1029 1064 1076 1117 est
1092 1056 1138 1118 eis
1154 1057 1341 1138 promissam
1357 1067 1444 1121 trans
1458 1061 1638 1124 Iordanem.
1650 1065 1726 1131 Qni-

981 1155 1037 1213 bas
1060 1158 1183 1232 Moyses
1203 1158 1252 1216 ait
1267 1177 1278 1216 :
1297 1159 1338 1219 Si
1356 1159 1468 1234 facitis
1488 1164 1574 1238 qnod
1588 1163 1726 1237 promit-

981 1252 1060 1322 titis,
1082 1255 1226 1330 expediti
1243 1257 1369 1332 perpite
1392 1276 1500 1317 corant
1519 1260 1658 1318 Domino
1682 1262 1726 1319 acl

975 1370 1133 1427 pnynom.
1145 1352 1206 1414 lsta
1221 1352 1306 1415 enim
1322 1355 1454 1417 assertio
1470 1354 1533 1417 init
1547 1356 1725 1437 promissio.

980 1450 1139 1526 Praecepit
1156 1472 1228 1528 erpo
1247 1455 1372 1529 Moyses
1392 1456 1550 1515 Eleazaro
1570 1466 1600 1515 et
1619 1460 1725 1527 lasne,

980 1560 1076 1623 super
1096 1562 1178 1624 quos
1205 1544 1317 1607 habuit
1337 1547 1602 1627 jurisdictionem,
1629 1569 1725 1630 quam

978 1639 1072 1703 Josue
1087 1643 1230 1704 nondum
1250 1645 1372 1726 accepit
1391 1646 1538 1726 quamvis
1560 1646 1662 1710 luerat
1678 1648 1726 1710 in-

981 1739 1109 1801 stitutus
1126 1740 1158 1802 in
1174 1741 1353 1824 principem
1367 1753 1521 1826 quantum
1537 1747 1576 1808 ad
1592 1754 1726 1827 potesta·
1739 1759 1871 1864 pipp-xxva

979 1938 1079 1997 ierint
1098 1939 1166 2015 filii
1184 1942 1298 2000 [laben
1319 1951 1349 2001 et
1373 1944 1444 2002 Gacl
1465 1945 1637 2013 vobiscum,
1653 1948 1727 2005 date

978 2036 1023 2094 eis
1040 2046 1160 2097 ternam
1173 2040 1301 2098 Galaad
1312 2059 1324 2098 .·
1335 2057 1399 2102 non
1414 2047 1521 2103 temen
1532 2041 1618 2104 illam
1636 2044 1724 2105 dum-

980 2140 1072 2211 taxat,
1091 2142 1126 2195 ut
1150 2134 1234 2196 inira
1258 2137 1457 2217 exprimitur.
1474 2142 1515 2201 Si
1539 2151 1647 2203 antem
1672 2164 1726 2203 no-

978 2234 1100 2293 luerint
1116 2237 1255 2294 transire
1268 2238 1443 2298 Joexlanem
1457 2239 1497 2299 ad
1514 2241 1720 2320 pugnandum

977 2349 1034 2411 pro
1058 2330 1141 2408 eliis,
1166 2335 1251 2392 inter
1275 2355 1328 2393 vos
1355 2337 1529 2396 babitandi
1557 2340 1721 2415 accipiant

977 2433 1057 2499 loca,
1075 2429 1181 2506 idest,
1199 2430 1243 2492 ibi
1259 2440 1422 2495 morentur
1442 2434 1608 2499 vobiscum
1624 2436 1651 2498 si
1667 2456 1721 2500 vo-

976 2526 1104 2604 luerint,
1121 2547 1179 2591 uec
1195 2529 1333 2592 habeant
1349 2539 1464 2594 terram
1484 2534 1588 2596 istam.
1607 2535 1720 2598 Tribus

976 2626 1043 2689 istae
1060 2626 1092 2687 in
1117 2645 1174 2688 sua
1195 2629 1348 2691 acerrima
1368 2630 1585 2714 increpatione-
1600 2635 1720 2715 pation-

975 2732 1020 2787 tcs
1038 2724 1178 2803 fuerunt,
1196 2735 1227 2788 ot
1242 2746 1299 2789 sua
1320 2729 1409 2791 molli
1431 2732 1637 2812 responsione
1659 2733 1719 2797 ire
1734 2752 1864 2805 emas.

973 2832 1088 2906 gerunt
1110 2825 1224 2905 Moysis
1249 2825 1339 2888 iram.
1362 2828 1438 2889 Nam
1461 2829 1635 2893 subditur:
1656 2837 1718 2895 lle-

971 2928 1170 3001 spondernnt
1198 2927 1266 3002 filii
1296 2929 1368 2987 Ona
1392 2938 1422 2988 et
1450 2932 1563 2990 necea
1586 2952 1597 2989 .·
1621 2935 1716 2994 Sient

164 3020 245 3082 citer
267 3022 448 3099 asserendo,
470 3022 525 3084 sed
553 3021 644 3084 valde
670 3019 862 3102 suspicando
886 3025 953 3088 etc
972 3026 1096 3083 locatas
1106 3032 1150 3083 est
1160 3026 1312 3084 dorninns
1323 3035 1438 3098 noster,
1452 3026 1573 3091 seilicet
1582 3028 1712 3111 Moyses,

165 3120 340 3181 metuendo
355 3119 394 3181 de
410 3119 523 3201 pejori.
548 3122 585 3180 Ut
600 3120 758 3196 caperetis
772 3120 916 3197 furorem

163 3218 303 3278 Domini
316 3228 428 3278 contra
439 3216 592 3290 Israel,id
607 3224 655 3279 est
671 3215 844 3294 rigorosum
860 3234 918 3297 pu-

970 3124 1069 3181 serois
1100 3123 1181 3192 sais,
1207 3124 1255 3182 ila
1283 3126 1441 3202 faciemus
1462 3149 1476 3197 ,·
1504 3128 1569 3204 ipsi
1593 3132 1715 3190 armati
1768 3122 1771 3127 ¹

966 3238 1147 3297 perpernae,
1163 3231 1193 3281 et
1207 3224 1432 3299 possessionem
1445 3226 1521 3301 jane
1538 3245 1594 3286 nos
1614 3248 1715 3288 snsce-

166 3315 324 3379 nitiouem
341 3314 421 3377 liliis
436 3316 530 3378 lsrael
545 3314 769 3397 infligendam.
784 3317 874 3382 Quoct
887 3316 917 3373 si
965 3320 1051 3395 pisse
1072 3324 1264 3395 eonfitemur
1285 3319 1318 3381 iu
1347 3339 1415 3402 spe,
1439 3329 1471 3385 et
1495 3324 1555 3386 sub
1580 3325 1711 3406 prefata

164 3416 339 3476 nolueritis
362 3416 453 3495 sequi
471 3436 558 3484 enen,
578 3413 609 3475 id
630 3420 678 3476 est
701 3412 762 3475 Deo
787 3411 915 3474 obedire

165 3513 317 3577 intrando
343 3521 459 3575 terram
484 3512 718 3595 promissionis,
742 3513 779 3573 in
804 3513 915 3572 solita-

163 3615 243 3672 dine
259 3616 421 3690 populana
435 3614 648 3691 derelinquet,
664 3610 839 3692 praesertim
860 3628 914 3673 eos

163 3711 220 3791 qui
246 3719 355 3773 vestro
380 3709 525 3792 exemplo
554 3708 699 3772 subversi
724 3708 913 3785 exstiterint,

163 3808 213 3871 vel
225 3808 323 3870 etiam
334 3807 414 3870 alios
422 3825 428 3869 :
436 3807 512 3889 quia
522 3806 682 3869 interdum
694 3825 776 3868 unus
786 3814 915 3888 propter

164 3914 295 3988 peccata
316 3905 447 3968 alterius
470 3904 745 3986 incorporalibus
769 3903 911 3985 punitur,

164 4003 196 4065 in
212 4013 372 4086 quantum
393 4012 467 4066 sunt
481 4004 717 4085 quodammodo
733 4022 832 4064 unum
851 4002 913 4065 ori-

162 4104 248 4181 giue,
258 4104 420 4179 societate,
432 4110 486 4165 aut
501 4102 600 4164 simili
616 4102 842 4165 communione
858 4110 913 4163 aut

969 3417 1164 3480 conditione.

1009 3513 1098 3576 Tunc
1120 3513 1216 3595 igitur
1230 3514 1360 3597 Moyses,
1379 3515 1491 3581 videns
1512 3516 1643 3581 firmum
1661 3539 1714 3583 eo-

970 3630 1039 3673 rum
1059 3612 1269 3694 propositum,
1287 3614 1374 3675 dedit
1396 3614 1442 3677 eis
1466 3635 1523 3697 per
1545 3635 1580 3680 se
1604 3618 1709 3700 ipsum

968 3709 1112 3773 absolute
1128 3709 1286 3780 territoria
1301 3710 1355 3773 illa
1376 3721 1493 3793 optata,
1510 3733 1646 3795 quorum
1663 3737 1713 3779 ur-

969 3807 1024 3869 bes
1039 3828 1119 3889 quas
1135 3808 1230 3889 paulo
1250 3817 1323 3871 ante
1339 3811 1569 3890 destruxerant,
1587 3833 1712 3895 repara-

969 3915 1094 3979 verunt,
1107 3910 1302 3985 inponentes
1313 3911 1466 3970 voeabalo
1476 3913 1620 3984 urbibus,
1630 3935 1711 3993 qaas

967 4015 1195 4067 eastranerant
1209 4026 1221 4068 .·
1236 4005 1354 4088 quibus
1374 4006 1594 4089 imposuerunt
1608 4014 1711 4075 uomi-

968 4122 1008 4164 ua
1019 4121 1101 4165 nova
1110 4121 1167 4185 pro
1178 4104 1355 4167 memoriali
1365 4105 1568 4169 victoriarum
1581 4129 1709 4173 suarum

162 4202 363 4266 counexione
380 4218 387 4263 τ
405 4201 490 4283 quod
516 4209 622 4263 tamen
645 4200 850 4281 omnipotens
866 4209 911 4261 at·
930 4200 998 4262 liet
1013 4202 1060 4263 sui
1077 4201 1219 4282 ipsorum
1235 4202 1285 4265 vel
1301 4211 1426 4284 patrum
1443 4223 1584 4284 suorum,
1602 4227 1709 4289 quem·

162 4318 226 4381 que
240 4300 439 4382 justissimus
455 4300 537 4363 Deus
553 4300 710 4362 convertit
731 4307 763 4361 et
784 4298 910 4362 ordinat

162 4398 194 4459 in
211 4399 329 4462 melius
344 4399 407 4476 bis,
424 4398 480 4480 qui
497 4398 590 4461 talem
616 4416 743 4479 poenam
764 4415 911 4478 corpora-

162 4496 224 4559 lem
241 4516 307 4560 nou
327 4505 524 4572 meruerunt,
542 4496 809 4578 quemadmodum
832 4495 910 4557 alibi

162 4594 348 4677 frequenter
362 4596 556 4659 declaratum
574 4604 622 4658 est
642 4595 780 4677 plonius.
798 4598 841 4656 Et
857 4615 909 4654 eos

160 4716 260 4757 eausa
274 4699 367 4757 eritis
382 4698 468 4757 necis
483 4697 629 4757 omniurn
645 4693 788 4757 filiorum
801 4694 905 4771 lsrael,

159 4796 215 4877 qui
242 4795 335 4859 vobis
359 4794 590 4871 consenserint,
616 4801 671 4855 aut
695 4802 824 4875 propter
853 4812 909 4856 vos

160 4894 356 4959 incurrerint
372 4894 498 4976 plagam
517 4910 524 4954 τ
541 4901 573 4956 et
588 4893 647 4956 boo
665 4893 841 4955 secuudum
858 4910 908 4955 or-

158 4993 269 5057 dinem
289 4992 479 5056 iuieriorum
501 5010 680 5067 causarum,
697 4990 773 5072 quia
788 5000 907 5054 aeterna

160 5092 387 5173 praeordinatio
402 5092 457 5154 Dei
472 5090 590 5154 cassari
607 5089 762 5172 nequivit.

197 5196 243 5255 At
253 5194 309 5252 illi
314 5192 452 5269 propius
461 5193 640 5252 &cedentes
655 5208 693 5252 ex
708 5187 907 5252 confidentia

158 5290 250 5356 bonae
265 5289 489 5355 conscientiae:
507 5288 590 5351 siout
609 5294 640 5351 ct
654 5287 748 5349 ludas
769 5289 903 5370 propius

284 5426 318 5477 Τ.
334 5424 358 5476 2.

965 4299 1136 4363 admodum
1159 4299 1192 4361 iu
1209 4300 1291 4364 libro
1311 4301 1456 4364 iudicum
1473 4303 1622 4384 leguntur
1645 4307 1709 4369 iiiii
1721 4322 1855 4377 roricum,

964 4398 1029 4460 Dan
1059 4398 1280 4481 urbemque
1315 4409 1388 4462 ante
1417 4402 1587 4465 vocabatur
1617 4405 1704 4483 Lais,
1723 4387 1757 4428 ²⁹·

963 4497 1141 4578 appellasse
1165 4498 1295 4561 nomine
1316 4498 1415 4580 patris
1430 4500 1575 4582 sui,quae
1601 4511 1705 4568 nmen

964 4594 997 4657 in
1018 4595 1112 4659 Josue
1133 4596 1243 4660 Lesem
1260 4596 1335 4672 Dan,
1354 4598 1529 4659 secuudum
1551 4603 1708 4683 exposito·
1735 4620 1854 4675 ranem,

964 4712 1025 4771 rea,
1037 4703 1179 4759 vocatur.
1191 4694 1270 4757 Hinc
1280 4694 1426 4757 subditur
1436 4713 1443 4757 :
1455 4698 1529 4757 Jair
1537 4702 1629 4776 filias
1640 4704 1709 4762 Ma·
1722 4684 1757 4728 ⁸⁷·

963 4814 1065 4854 nassae
1077 4795 1244 4871 occupavit
1259 4795 1343 4854 vicos
1357 4795 1439 4871 ejus,
1450 4794 1600 4860 videlieet
1614 4805 1706 4865 tcrrae

962 4891 1090 4969 (laland,
1102 4912 1179 4971 qnos
1189 4895 1365 4969 appellavit
1375 4895 1504 4955 Haootb
1514 4898 1601 4966 Jair3
1613 4899 1650 4958 id
1663 4910 1708 4960 est

964 4992 1241 5054 oillasJair.Nobe
1250 5011 1383 5070 quoqne,
1391 4990 1423 5052 id
1435 5001 1483 5055 est
1493 4994 1543 5056 vir
1554 4996 1600 5060 sie
1611 4998 1707 5060 nomi·

964 5096 1056 5150 natus
1072 5089 1111 5151 de
1127 5089 1212 5151 tribu
1228 5088 1378 5152 Manassc.
1391 5090 1585 5175 Quandoque
1601 5104 1707 5160 autem

964 5187 1050 5249 Nobe
1065 5195 1114 5250 est
1128 5205 1244 5250 nomeu
1264 5187 1364 5266 urbis,
1382 5197 1417 5250 ut
1432 5189 1465 5252 in
1481 5191 1579 5255 isaia:
1596 5194 1706 5259 Adbuc
1731 5216 1834 5268 ressa.

964 5286 1032 5349 dies
1057 5294 1105 5349 est
1129 5294 1165 5347 ut
1188 5283 1222 5347 in
1245 5285 1331 5348 Noba
1356 5295 1467 5349 stetur.
1485 5289 1592 5372 ltaque
1616 5292 1702 5358 Nobe

1555 5426 1587 5476 ³2
