4309 6259
691 516 865 565 aurumne
886 516 917 561 ru
938 515 1106 561 uuvrrruuu.
1129 533 1170 545 —
1189 515 1261 561 aur.
1285 516 1307 561 n
1714 496 1780 561 let·

222 690 327 771 magis
343 691 552 774 complaceat.
569 689 650 752 Hinc
665 688 698 750 in
713 688 792 751 lsaia
807 685 974 767 conqueri·
988 684 1013 746 A
1028 703 1123 747 eausa
1146 683 1217 761 fuit,
1236 684 1436 749 familiaritas
1456 694 1487 750 et
1505 686 1772 769 appropinquatio

34 793 71 835 1⁸·
81 799 203 843 wat&
225 798 277 851 tur
292 790 332 852 de
347 790 542 871 quibusdam
553 808 559 851 :
569 788 742 852 Coluerunt
757 806 809 850 me
825 785 974 847 mandato
1028 783 1068 844 ad
1083 783 1193 845 Deum.
1206 782 1331 846 Oblatio
1346 784 1433 847 enim
1448 801 1617 847 munerum
1633 793 1664 847 et
1679 784 1773 867 parti·

223 887 394 951 homiuum
410 897 442 951 et
457 888 622 951 doctrinis.
1028 880 1147 962 eipatio
1163 900 1260 944 sacrae
1275 900 1403 959 mensae,
1421 882 1554 944 multam
1569 891 1720 964 praestant
1736 880 1774 943 fi-

266 986 413 1050 Secuuda
428 1005 524 1049 causa
540 985 612 1062 fuit,
631 984 724 1047 fortis
738 983 974 1064 vehemensque
1028 979 1156 1041 duciam
1172 981 1451 1063 appropinquandi
1466 982 1540 1057 Deo,
1551 983 1614 1061 et†
1628 980 1774 1044 efficien-

223 1084 396 1166 impressio
423 1084 557 1165 justitiae
585 1092 616 1147 et
646 1082 872 1146 misericordia
900 1080 972 1157 Dei,
1029 1077 1062 1139 di
1078 1077 1118 1139 de
1133 1080 1202 1159 ejus
1220 1077 1352 1141 familia.
1369 1078 1630 1142 Commensalitas
1645 1098 1771 1162 nempe,

222 1202 322 1264 quam
339 1183 527 1264 hujusmodi
543 1181 704 1245 sacrificia
719 1180 887 1244 faciebant
897 1179 973 1242 Nam
1028 1183 1180 1257 tanquam
1191 1177 1350 1259 precipua
1360 1177 1504 1259 quedam
1514 1178 1694 1242 communie
1704 1187 1775 1260 post

221 1299 262 1344 ee
279 1282 350 1363 ipso
361 1282 449 1363 quod
464 1281 611 1344 homines
626 1279 812 1360 hujusmodi
824 1278 975 1341 animalia
1028 1274 1286 1338 communionem
1303 1294 1469 1339 causarum
1480 1277 1690 1359 essendiquae
1701 1284 1776 1339 sunt

220 1378 410 1443 offerebant
433 1400 470 1443 ac
501 1379 595 1443 morti
625 1378 804 1454 tradebant,
830 1396 865 1439 se
889 1376 974 1458 ipsos
1028 1372 1377 1450 PaterctFilius,valde
1392 1373 1776 1439 effectivaestfamiliari-

222 1486 328 1540 morte
353 1477 469 1558 dignos
494 1475 725 1551 monstrabant,
746 1483 778 1539 et
797 1476 894 1537 Deum
920 1492 974 1537 eos
1030 1471 1113 1534 tatis.
1125 1471 1256 1553 Propter
1272 1474 1356 1553 quod
1372 1491 1471 1553 quum
1487 1475 1569 1537 Deus
1589 1492 1653 1537 nen
1669 1484 1777 1556 posset

217 1576 309 1657 juste
326 1594 420 1658 posse
440 1576 586 1639 occidere
605 1574 797 1649 fatebantur,
815 1573 842 1635 si
863 1591 976 1635 secun·
1029 1569 1243 1632 offerentibus
1254 1572 1449 1633 comedendo
1458 1571 1701 1649 communicare,
1709 1571 1776 1635 mit·

221 1675 301 1736 dum
319 1692 431 1737 eorum
448 1672 601 1737 demerita
622 1673 740 1736 faceret
755 1670 812 1734 eis.
830 1671 925 1734 Porro
941 1671 974 1731 in
1031 1668 1117 1731 tabat
1141 1667 1300 1730 interdum
1323 1668 1429 1748 ignem
1444 1670 1484 1732 de
1498 1669 1590 1747 coelo,
1608 1671 1664 1752 qui
1684 1671 1776 1752 quasi

221 1772 296 1848 hec,
315 1773 404 1853 quod
419 1790 505 1835 mors
526 1771 573 1834 eis
595 1770 713 1847 debita,
732 1778 833 1833 morte
854 1768 975 1831 anima·
1029 1766 1100 1829 vice
1115 1785 1172 1828 sua
1187 1767 1373 1829 comedebat
1387 1766 1541 1830 oblatum.
1554 1768 1696 1831 —Sexta
1706 1789 1777 1832 eau-

220 1869 304 1932 lium
320 1867 848 1945 commutabatur,misericerdiam
858 1866 914 1930 Dei
930 1885 975 1929 re·
991 1867 1014 1927 B
1030 1885 1064 1927 sa
1081 1864 1154 1942 fuit,
1173 1864 1324 1928 adunatio
1340 1884 1395 1928 scu
1411 1866 1488 1929 uuio
1504 1867 1648 1947 quaedam
1664 1868 1775 1949 populi

221 1968 474 2050 cognoscebant.
492 1968 530 2029 Et
553 1968 626 2030 talis
648 1966 837 2043 immolatio,
861 1964 974 2029 fortius
1030 1964 1098 2041 llei,
1114 1972 1149 2025 ut
1171 1964 1293 2026 scilicet
1312 1983 1376 2026 uua
1391 1965 1504 2028 domus
1524 1972 1556 2027 et
1570 1984 1633 2027 una
1654 1964 1776 2027 familia

223 2066 440 2149 intimiusque
462 2066 624 2149 impressit
646 2072 677 2128 at
698 2064 853 2147 expressit
878 2081 976 2127 reme
1032 2061 1126 2126 ficret
1150 2081 1188 2125 ex
1213 2061 1324 2124 multis
1349 2062 1504 2144 personis.
1531 2062 1632 2125 Unam
1656 2064 1775 2127 etenim

222 2165 440 2229 morationcm
457 2165 574 2229 divinae
591 2164 722 2244 justitia
743 2172 775 2226 et
800 2163 976 2225 misericor·
1031 2163 1173 2237 domum,
1201 2169 1232 2223 et
1261 2180 1359 2224 unam
1388 2160 1544 2224 familiam
1573 2163 1613 2224 ad
1638 2161 1776 2225 litteram

221 2264 298 2338 diae,
316 2283 415 2345 quam
436 2282 540 2327 sermo
555 2264 729 2325 dumtaxat.
747 2261 832 2326 Nibil
848 2280 976 2343 quoque
1031 2259 1169 2322 maxime
1185 2257 1262 2321 facit
1276 2258 1459 2323 communio
1473 2259 1671 2323 victualium.
1685 2258 1778 2323 Sieet

221 2362 388 2425 salubrius
414 2370 539 2444 poterat
563 2361 636 2424 fieri
661 2360 856 2437 hominibus,
879 2379 975 2441 quam
1032 2377 1130 2420 unam
1146 2356 1301 2419 familiam
1322 2356 1530 2440 spiritualem,
1548 2377 1710 2439 unamque
1724 2359 1780 2421 de.

222 2461 321 2523 vivax
344 2461 499 2523 memoria
514 2468 546 2523 ct
565 2459 715 2539 cogitatio
742 2467 834 2521 tenax
859 2458 976 2522 divinae
1031 2475 1120 2518 mum
1136 2454 1274 2518 maxime
1285 2455 1362 2519 facit
1371 2456 1618 2519 communicatio
1632 2456 1776 2519 ciborum

220 2559 406 2623 severitatis
422 2578 458 2622 ac
474 2558 612 2641 pietatis,
630 2565 786 2639 quatenus
802 2556 916 2620 timore
927 2556 976 2617 fu·
1031 2574 1068 2618 ac
1091 2563 1225 2637 potuum
1247 2554 1473 2636 spiritualium,
1491 2554 1524 2615 id
1543 2564 1592 2617 est
1615 2574 1778 2617 eonsecra-

221 2667 338 2739 gerent
354 2659 449 2733 mala,
459 2667 491 2721 ct
506 2677 563 2739 spe
577 2658 661 2721 bona
673 2658 736 2719 lleo
752 2656 869 2739 placita
880 2663 976 2719 secta·
1033 2662 1148 2730 torum,
1174 2652 1208 2714 in
1231 2652 1348 2734 quibus
1371 2652 1547 2735 spiritualis
1569 2652 1701 2717 refectio
1722 2672 1778 2736 po

221 2766 349 2820 rentur.
368 2756 457 2830 Quod
479 2756 505 2817 si
527 2756 600 2837 quis
625 2755 751 2831 dixerit,
768 2754 853 2836 quod
876 2753 976 2816 multa
1033 2750 1192 2813 tissimum
1212 2749 1374 2832 quaeritur.

222 2854 390 2919 sacrificia
404 2863 495 2917 crant
515 2874 586 2936 quaa
602 2873 666 2917 non
683 2852 902 2917 efferebant-ur
918 2870 975 2934 pro
1073 2848 1213 2931 Septima
1233 2868 1328 2912 causa
1353 2848 1424 2925 fuit,
1445 2848 1591 2912 attractio
1611 2849 1777 2913 bominum

221 2954 342 3035 culpis,
360 2962 398 3016 ut
416 2953 530 3017 bostiae
549 2952 693 3035 pacificae
717 2960 748 3014 et
768 2950 874 3032 aliqua
889 2950 976 3013 bole
1032 2947 1071 3009 ad
1090 2947 1142 3010 llei
1164 2947 1296 3010 cultum.
1314 2946 1398 3009 Nihil
1421 2947 1507 3009 enim
1532 2948 1605 3029 plus
1629 2957 1778 3029 aggregat

221 3061 336 3115 causta
364 3068 372 3112 ε
398 3052 640 3133 respondemus,
668 3050 752 3133 quod
777 3050 844 3112 baec
868 3048 976 3111 emnia
992 3045 1013 3109 C
1032 3054 1063 3109 et
1077 3045 1251 3109 convenire
1262 3044 1339 3107 facit
1349 3044 1494 3108 homines
1504 3046 1544 3107 ad
1556 3064 1656 3107 unum
1672 3046 1777 3109 lecum

223 3150 377 3213 redibant
393 3149 427 3211 iu
450 3149 546 3211 idem.
564 3148 700 3211 Pacilica
714 3147 834 3229 quippe
854 3146 976 3210 sacrifi·
1031 3144 1100 3206 sive
1115 3143 1289 3225 metium,
1301 3161 1397 3224 quam
1414 3142 1506 3206 cibus
1521 3151 1553 3205 et
1567 3151 1672 3223 potus.
1689 3143 1778 3207 Unde

222 3248 277 3311 cia
299 3256 385 3323 sunt,
402 3266 474 3329 quae
494 3266 552 3329 pro
574 3265 651 3329 paee
666 3245 840 3310 obtinenda
861 3243 976 3311 offere
1031 3250 1062 3305 et
1091 3241 1370 3305 confraternitates
1400 3241 1510 3303 statuit
1534 3241 1693 3318 Ecclesia,
1719 3242 1776 3305 ubi

222 3346 356 3410 bantur.
373 3346 496 3409 Bellum
519 3354 623 3409 autem
651 3363 714 3408 non
740 3344 843 3407 solum
870 3362 974 3406 rerum
1032 3331 1232 3425 praeparatur
1242 3340 1418 3422 corporalis
1434 3339 1583 3403 relectio:
1597 3359 1667 3422 qua
1683 3340 1711 3403 si
1726 3341 1777 3404 de

221 3445 407 3528 periculum
423 3452 482 3521 est,
495 3445 550 3507 sed
567 3444 662 3506 etiam
678 3443 801 3507 mertis
820 3442 975 3505 Salutaria
1030 3448 1124 3514 esset,
1152 3438 1234 3500 nulli
1259 3446 1315 3500 aut
1343 3437 1529 3520 paucissimi
1554 3438 1774 3501 convenirent.

221 3562 315 3620 vero,
329 3561 388 3624 pre
404 3542 507 3606 salute
522 3542 697 3605 obtinenda
714 3540 972 3603 immolabantur.
1030 3537 1138 3600 Voluit
1158 3554 1234 3617 erge
1259 3536 1513 3618 sapientissimus
1538 3554 1574 3598 ac
1600 3535 1777 3600 misericor·

219 3640 286 3705 Ubi
306 3648 413 3704 autem
435 3641 522 3704 salus
547 3640 677 3723 petitur,
695 3638 902 3703 manifestum
927 3648 975 3703 est
1030 3635 1183 3698 dissimus
1207 3635 1306 3710 Deus,
1334 3633 1425 3696 utin
1451 3634 1545 3697 demo
1570 3653 1642 3712 sua,
1670 3634 1776 3697 idest

222 3738 340 3803 mortis
351 3739 530 3821 periculum
542 3736 973 3819 imminereSacrificiaque-
1030 3732 1236 3797 tabernaculo
1251 3740 1282 3794 et
1303 3730 1407 3809 altari,
1425 3740 1509 3795 esset
1529 3732 1775 3795 communicatio

220 3858 291 3919 que
311 3838 415 3900 laudis
442 3836 575 3913 fiebant,
594 3835 644 3901 vel
670 3855 728 3917 pro
754 3836 975 3899 liberationea
1031 3832 1095 3895 cibi
1111 3829 1286 3912 corporalis
1296 3849 1333 3893 ac
1348 3837 1454 3912 potus,
1464 3838 1622 3911 quatenus
1638 3849 1776 3893 commu·

219 3936 321 3999 malis
341 3935 406 4016 jam
430 3934 523 4011 facta,
541 3934 591 3998 vel
608 3952 666 4016 pro
689 3934 858 4014 largitione
876 3933 975 3998 bone
1031 3930 1115 3992 nitas
1130 3928 1241 4012 populi
1257 3928 1307 3990 sui
1322 3948 1379 4010 per
1390 3928 1452 3991 boc
1466 3927 1542 3991 illuc
1553 3928 1773 4005 attraheretur,

221 4053 299 4096 rum
315 4033 490 4097 collata.Et
505 4034 549 4095 ita
561 4032 594 4094 in
606 4031 812 4095 offerentium
825 4031 974 4095 cordibus
1030 4036 1061 4092 et
1090 4027 1274 4090 adstrictius
1300 4035 1487 4089 moraretur.
1514 4025 1623 4088 Voluit
1647 4044 1776 4108 queque

221 4150 355 4214 semper
372 4131 478 4193 locum
502 4130 599 4193 babet
621 4129 770 4211 cogitatio
794 4128 854 4191 ista
872 4146 878 4190 :
895 4130 975 4192 llors
1030 4126 1106 4189 talia
1122 4126 1184 4188 sibi
1200 4144 1270 4188 esse
1290 4123 1499 4201 sanctificata,
1518 4133 1553 4186 ut
1574 4123 1711 4205 populus
1727 4143 1776 4186 su·

222 4228 322 4293 nobis
346 4228 544 4303 imminebat,
563 4227 647 4291 sieut
672 4246 758 4291 nunc
783 4227 974 4290 animalibus
990 4225 1016 4286 u
1031 4233 1130 4288 meret
1145 4244 1183 4287 ea
1198 4242 1262 4287 non
1285 4232 1436 4303 tanquam
1458 4222 1542 4286 bona
1562 4222 1701 4305 propria,
1719 4223 1775 4285 sed

221 4328 310 4391 istis.
1031 4332 1182 4404 tanquam
1198 4321 1253 4385 Dei
1269 4322 1372 4397 dona;
1390 4340 1449 4384 nec
1471 4329 1620 4402 tanquam
1636 4340 1780 4390 commu<

266 4425 374 4489 Tertia
394 4444 490 4487 causa
513 4424 586 4501 fuit,
605 4423 780 4504 recognitio
805 4422 976 4487 beneficie
1030 4422 1085 4484 nia
1098 4420 1261 4497 alimenta,
1275 4420 1330 4483 sed
1347 4418 1447 4482 veluti
1462 4420 1608 4500 quedam
1623 4438 1723 4496 sacra,
1740 4428 1776 4482 ut

221 4544 301 4586 rum
326 4522 392 4586 Dei.
409 4522 499 4586 Unde
524 4524 564 4585 de
586 4521 701 4585 oblatis
727 4521 887 4583 interdum
914 4521 975 4583 sibi
1029 4523 1129 4583 Deum
1151 4527 1336 4599 agnosceret
1352 4537 1445 4579 suum
1462 4516 1737 4599 patremfamilias,
1757 4538 1776 4581 a

221 4631 352 4706 partem
383 4620 589 4685 reservabant
618 4618 805 4696 offerentes,
829 4639 865 4682 ac
891 4639 977 4683 rece
1030 4638 1095 4701 que
1111 4625 1293 4701 pasceretur
1308 4640 1315 4691 3
1329 4635 1427 4697 seque
1437 4616 1476 4677 ad
1493 4624 1673 4692 sanctorum
1689 4635 1776 4679 com·

218 4720 436 4803 gnoscebant,
451 4720 537 4801 quod
559 4728 622 4781 tam
640 4737 677 4781 ea
697 4737 768 4799 qua
783 4717 974 4797 offerebant,
1030 4716 1217 4781 munionem
1243 4722 1274 4778 et
1294 4713 1571 4796 participationem
1588 4713 1701 4776 videns
1721 4715 1776 4776 ad-

219 4838 326 4901 quam
342 4836 378 4881 ea
393 4836 467 4899 quae
482 4816 544 4879 sibi
562 4816 742 4892 servabant,
759 4835 777 4878 a
793 4816 848 4879 llei
863 4816 977 4879 libera·
1030 4816 1176 4891 missum,
1199 4821 1340 4876 servaret
1359 4832 1393 4874 sc
1416 4810 1568 4893 deinceps
1594 4811 1776 4875 immacula-

220 4918 318 4981 litate
343 4924 560 4998 susceperant.
582 4950 623 4961 -
644 4915 759 4989 Quarta
783 4934 878 4977 causa
904 4913 975 4993 luit,
1031 4924 1129 4977 tuma
1144 4912 1360 4993 vitiis.Neque
1374 4912 1637 4987 credendumest,
1651 4919 1776 4974 sanctos

220 5015 439 5081 offerentium
460 5012 663 5089 sacrificatio,
681 5012 832 5093 quoniam
852 5030 909 5094 per
930 5031 978 5075 sa·
1031 5022 1062 5077 et
1078 5011 1237 5094 sapientes
1252 5019 1357 5092 patres
1372 5010 1489 5073 veteris
1499 5009 1704 5085 Testamenti,
1716 5009 1776 5071 sub

221 5113 356 5179 crificia
372 5111 593 5194 expiabantur,
610 5118 642 5173 et
657 5130 676 5173 a
689 5119 889 5192 peccatorum
906 5130 978 5173 een·
1031 5112 1112 5192 lege,
1130 5110 1280 5184 velante,
1298 5108 1419 5189 absque
1435 5107 1643 5183 orationibus
1661 5107 1778 5170 collau-

224 5208 498 5276 taminationibus
534 5207 805 5284 emundabantur,
842 5207 979 5271 faciente
1033 5208 1217 5273 dationibus
1245 5216 1278 5269 ct
1311 5205 1589 5269 benedictionibus
1618 5206 1777 5268 sacrificia

224 5312 290 5375 hoc
305 5308 363 5374 Dei
380 5307 499 5373 virtute
514 5316 545 5369 et
565 5305 793 5369 misericordia.
811 5305 980 5379 -Quinta
1034 5328 1092 5371 sua
1102 5309 1166 5371 Deo
1181 5305 1337 5368 altissimo
1352 5303 1601 5378 obtulisseeuts
1616 5302 1702 5366 enim
1713 5323 1777 5366 cre
