4309 6259
573 517 748 563 uunnnnmo
769 516 800 562 m
821 517 889 563 aar.
912 516 965 562 un
987 516 1124 564 tarmei.
1147 533 1188 546 —
1207 517 1279 563 aur.
1302 515 1356 563 xix
1678 497 1737 562 lssb

186 697 219 750 et
234 689 275 751 de
291 687 450 767 sanguine
463 687 612 750 animalis
632 688 731 751 oblati
749 687 977 768 tangebaturh
995 689 1205 753 sacerdotales
1231 697 1263 752 et
1286 686 1500 771 pontificales,
1520 697 1550 748 et
1572 690 1736 749 unctionis

184 797 366 848 extremum
396 785 548 848 auriculae
577 787 695 849 dextrae
724 786 879 868 ipsorum,
905 796 936 850 et
991 791 1271 860 elementatum
1289 807 1350 866 pro
1369 796 1496 865 peccato
1520 787 1623 850 Aaron
1646 795 1678 850 et
1699 785 1735 848 fi-

182 886 320 968 pollices
345 885 438 968 pedis
460 904 497 948 ac
520 904 634 947 manus
655 886 772 948 dextras
792 903 799 947 :
820 886 860 948 ad
884 885 937 948 de
991 888 1107 950 liorum
1136 887 1217 968 ejus,
1245 887 1294 950 vel
1325 885 1425 949 solius
1454 885 1569 962 Aaron,
1595 883 1735 948 offeren-

180 984 430 1047 monstrandum
447 983 936 1065 quoddebereutesseobedien-
989 987 1077 1048 dum.
1099 986 1189 1050 Circa
1212 987 1297 1068 quod
1319 985 1415 1048 etiam
1438 984 1574 1047 Thomas
1596 983 1732 1048 scribit:

179 1093 230 1145 tes
247 1083 312 1164 legi
329 1082 384 1145 [lei
401 1083 435 1144 in
451 1082 668 1146 oblationibus
689 1082 933 1160 sacrificiorum,
989 1087 1131 1150 Vitulum
1149 1103 1207 1168 pro
1222 1084 1405 1167 peecato,in
1422 1083 1608 1147 memoriam
1625 1085 1735 1146 remis-

178 1184 268 1262 quod
292 1180 495 1262 significatur
517 1200 575 1264 per
600 1182 823 1246 intinctionem
849 1182 934 1244 auris
990 1185 1090 1249 sionis
1120 1184 1241 1266 peccati
1266 1184 1370 1247 Aaron
1395 1182 1479 1245 circa
1503 1179 1731 1246 conflationem
1767 1201 1841 1244 aava.

177 1282 319 1354 doxtrae3
341 1281 427 1362 quod
448 1280 523 1343 item
540 1300 610 1343 esse
626 1282 779 1344 deberent
794 1281 935 1364 prompti
989 1284 1094 1349 vituli.
1112 1282 1172 1346 Sed
1192 1283 1458 1364 quemadmodum
1480 1299 1575 1362 super
1589 1280 1731 1344 Exodum
1746 1267 1882 1372 {putum

178 1389 278 1460 atque
289 1378 421 1442 solliciti
433 1379 466 1440 in
477 1379 680 1443 exsecutione
688 1379 932 1462 sacrificiorum,
989 1382 1247 1464 scripsi‚quando
1262 1381 1414 1443 Dominus
1430 1379 1533 1462 primo
1547 1378 1643 1460 jussit
1653 1379 1731 1457 hac,

179 1479 269 1558 quod
295 1476 499 1556 significatur
524 1479 557 1538 in
583 1477 774 1541 intinctione
793 1478 884 1560 pedis
903 1486 935 1541 et
990 1482 1132 1545 nondum
1148 1480 1350 1543 commiserat
1360 1480 1462 1542 Aaron
1479 1479 1539 1541 hoc
1554 1486 1730 1559 peceatum.

179 1597 299 1638 manus
324 1577 453 1640 dextra.
480 1577 759 1659 Adspergebantur
783 1577 878 1640 etiam
903 1586 935 1639 et
989 1580 1137 1644 llemoria
1167 1597 1294 1660 quoque
1323 1577 1452 1661 proprie
1481 1585 1530 1639 est
1559 1576 1734 1659 praeterito-

180 1675 376 1738 restimenta
390 1693 501 1738 eorum
517 1675 674 1755 sanguine
688 1675 837 1737 animalis
852 1675 936 1738 obla·
989 1699 1060 1742 rum
1074 1697 1080 1740 :
1096 1679 1167 1742 ideo
1183 1678 1216 1740 in
1232 1677 1418 1741 memoriam
1436 1675 1634 1739 remissionis
1645 1675 1733 1737 illius

177 1774 202 1836 ti
221 1771 462 1839 in'momoriam
479 1775 646 1854 sanguinis
661 1775 746 1854 agni,
767 1793 823 1857 por
839 1793 934 1856 quom
989 1777 1122 1860 peccati,
1141 1795 1203 1840 non
1219 1775 1390 1857 jubebatur
1405 1774 1516 1838 offerri
1533 1773 1585 1836 hie
1601 1772 1731 1852 vitulus,

178 1873 316 1936 fuerunt
336 1874 376 1936 de
391 1873 526 1955 AEgypto
545 1872 683 1936 liberati.
705 1874 838 1955 Insuper
853 1871 972 1937 offe-B
990 1878 1045 1939 sed
1070 1894 1128 1958 pro
1160 1873 1346 1938 remissione
1371 1872 1504 1937 aliorum
1531 1881 1732 1954 peccatorum

178 1972 338 2034 rebantur
351 1972 383 2033 in
400 1991 509 2035 eorum
522 1972 763 2035 consecratione
775 1971 935 2034 sacrificia
989 1976 1105 2050 Aaron,
1132 1981 1163 2036 et
1187 1971 1295 2035 forsan
1326 1971 1421 2034 etiam
1449 1969 1592 2035 filiorum
1618 1971 1731 2052 ipsius.

179 2072 243 2133 ista
263 2089 270 2132 τ
288 2071 411 2132 vitulus
427 2088 485 2153 pro
501 2080 654 2152 peccat03
672 2079 704 2133 ot
722 2071 804 2133 aries
820 2071 854 2132 in
870 2089 935 2132 me-
989 2078 1077 2135 Daoa
1099 2075 1224 2144 ariolae,
1247 2074 1427 2132 canistrum
1449 2092 1523 2130 cam
1545 2072 1686 2148 azymis,
1701 2069 1734 2131 id

178 2169 319 2233 moriam
335 2168 509 2232 oblationis
524 2169 771 2251 Abrahae,cujus
786 2169 935 2232 obedien·
989 2181 1038 2235 est
1053 2171 1190 2254 panibus
1207 2188 1270 2233 non
1288 2168 1497 2232 fermentatis.
1510 2171 1553 2230 Ill
1567 2187 1735 2246 conpreya-

180 2269 262 2331 liam
289 2266 437 2350 pontifex
462 2267 581 2330 imitari
606 2267 743 2331 debebat
760 2292 768 2343 3
793 2277 825 2330 et
852 2268 935 2331 aries
989 2273 1037 2332 bis
1051 2291 1177 2331 omnem
1192 2279 1307 2330 aarum
1323 2267 1433 2350 populi
1444 2271 1548 2329 Israel
1558 2269 1602 2327 ad
1616 2269 1734 2327 ostiam

181 2366 452 2443 consecrationis,
469 2365 526 2448 qui
542 2373 610 2430 crat
624 2366 716 2448 quasi
731 2366 836 2430 hostia
850 2367 936 2448 paci·
990 2371 1202 2440 araneosa,
1219 2374 1297 2450 puta
1318 2365 1352 2428 in
1372 2365 1463 2444 atrio,
1483 2365 1526 2428 ita
1546 2365 1630 2447 quod
1647 2373 1735 2427 extra

179 2466 247 2529 fica
262 2466 298 2528 in
314 2465 502 2529 memoriam
518 2465 718 2528 liberationis
733 2477 775 2528 ex
785 2465 933 2548 AEgypt03
989 2467 1228 2531 tabernaculum
1246 2465 1382 2528 stabant.

178 2565 362 2627 canistrum
384 2582 513 2645 quoque
536 2583 667 2646 panum,
689 2564 724 2626 in
746 2564 932 2629 memoriam
1028 2569 1178 2646 Fecitqaa
1194 2568 1317 2643 Moyses
1332 2574 1368 2625 at
1383 2565 1542 2625 Dominae
1558 2565 1734 2641 imperave-

179 2681 322 2726 mannae.
339 2699 379 2708 -
394 2662 576 2726 Pertinebat
595 2680 672 2725 vero
692 2664 731 2725 ad
747 2662 934 2744 applicatio-
988 2676 1041 2728 rat
1049 2689 1064 2738 ,·
1078 2673 1329 2744 conpreaataqae
1344 2666 1435 2723 omni
1451 2664 1544 2722 turba
1560 2671 1633 2722 ante
1648 2663 1733 2739 sores

179 2780 257 2824 nem
274 2760 462 2838 ministerii,
480 2761 565 2842 quod
582 2780 678 2843 super
693 2780 808 2823 manus
823 2779 933 2824 eorum
989 2765 1201 2835 tabernaculi,
1214 2766 1262 2824 ait
1278 2783 1289 2822 .·
1304 2765 1368 2824 Iste
1382 2771 1426 2822 est
1440 2781 1542 2821 sermo
1557 2781 1651 2840 qaem
1659 2761 1734 2838 jas-

179 2861 389 2942 ponebantur
413 2861 513 2943 adeps
537 2860 647 2923 arietis
671 2871 703 2924 et
730 2870 813 2924 torta
840 2861 934 2944 panis
986 2864 1030 2923 sit
1049 2864 1219 2923 Dominus.
1236 2862 1419 2938 Statimque
1437 2861 1552 2920 obtalr't
1571 2861 1684 2920 Aaron
1704 2868 1733 2919 et

178 2960 280 3021 unius
310 2968 342 3022 et
370 2977 480 3022 armus
504 2960 625 3037 dexter,
652 2960 691 3021 ad
714 2960 934 3023 demonstran·
987 2963 1073 3039 filios
1087 2961 1168 3038 ejas,
1187 2959 1219 3021 id
1239 2967 1297 3036 est,
1314 2958 1377 3021 Deo
1393 2956 1607 3038 praesentavit,
1624 2964 1656 3019 et
1672 2963 1734 3018 sta-

178 3059 259 3121 dum
285 3059 371 3140 quod
400 3057 603 3140 accipiebant
633 3068 821 3140 potestatem
851 3058 933 3123 offe·
951 3059 1049 3129 ctuit
1063 3076 1118 3121 eos
1132 3057 1221 3139 juxta
1237 3059 1334 3120 altare
1353 3055 1530 3119 holocausti
1546 3054 1580 3116 in
1596 3073 1734 3137 prasen-

178 3156 274 3219 rendi
296 3157 375 3221 talia
397 3157 543 3220 Domino.
566 3157 684 3221 Levitae
704 3167 811 3222 autem
832 3157 933 3240 appli·
988 3159 1032 3220 tia
1046 3156 1203 3234 omnium,
1221 3165 1256 3218 ut
1271 3154 1412 3218 universi
1429 3154 1652 3235 conspicerent
1667 3171 1734 3215 mo-

177 3256 339 3318 cabantur
361 3256 401 3318 ad
426 3255 656 3333 ministerium,
680 3275 738 3338 per
762 3257 822 3320 hoc
846 3257 932 3338 quod
987 3258 1062 3319 dum
1078 3252 1733 3334 consecrationis,sacrificiiqueeorum,et

177 3354 479 3418 intromittebantur
504 3355 537 3416 in
563 3356 803 3418 tabernaculum
834 3355 932 3418 foede-
987 3355 1148 3418 mirabilia
1159 3354 1213 3418 Dei
1226 3373 1299 3418 mox
1316 3352 1424 3416 fienda
1436 3370 1443 3414 :
1456 3352 1566 3434 sicque
1579 3352 1733 3414 haberent

176 3453 235 3530 riS,
269 3452 363 3534 quasi
394 3454 433 3516 ad
464 3454 713 3517 ministrandum
743 3455 828 3517 circa
856 3474 932 3518 vasa
986 3455 1097 3518 cosin
1119 3453 1234 3536 majori
1256 3453 1444 3528 reverentia,
1463 3460 1494 3514 et
1514 3450 1731 3532 scirentquod

176 3551 367 3614 sanctuarii.
391 3587 432 3598 —-
455 3552 617 3616 Postremo
647 3550 793 3631 figuralis
816 3553 931 3617 horum
987 3560 1087 3616 totum
1107 3560 1191 3617 esset
1210 3571 1228 3614 a
1250 3553 1324 3628 Deo,
1342 3568 1405 3614 non
1426 3569 1464 3613 ex
1479 3549 1654 3613 ambitione
1674 3540 1732 3610 hri-

176 3649 261 3712 ratio
292 3647 366 3726 fuit,
392 3650 545 3731 quoniam
576 3651 609 3713 hi
639 3651 694 3732 qui
724 3652 930 3714 consecrandi
986 3670 1100 3725 muna3
1123 3651 1345 3732 siequeDeum
1365 3648 1399 3711 in
1420 3648 1487 3710 suis
1505 3645 1675 3710 effectibus
1695 3666 1731 3710 ac

176 3757 253 3809 sunt
269 3749 311 3810 ad
326 3748 495 3829 spirituale
509 3748 725 3811 ministerium
741 3749 868 3824 Christi,
882 3750 932 3812 de
985 3749 1142 3811 ministris
1159 3756 1396 3825 venerarentur,
1414 3755 1445 3809 ct
1465 3745 1604 3828 prompti
1624 3751 1732 3808 essent

176 3846 256 3909 beat
272 3846 379 3928 primo
395 3845 564 3928 purificari
580 3865 637 3928 per
652 3866 766 3929 aquam
778 3847 929 3930 baptismi
985 3849 1024 3911 de
1044 3857 1150 3911 cetero
1172 3848 1211 3910 ad
1229 3845 1432 3910 offerendum
1453 3864 1524 3926 quae
1546 3845 1596 3907 lex
1618 3861 1732 3926 prece·

175 3963 212 4006 uc
229 3943 449 4020 lacrimarum,
467 3943 500 4005 in
523 3943 589 4007 fide
609 3943 769 4025 passionis
784 3945 901 4007 Christi
920 3963 928 4007 z
985 3947 1043 4028 pit.
1063 3951 1231 4026 Quamque
1247 3948 1373 4006 lavisset
1388 3965 1447 4006 eos.
1465 3945 1533 4006 Non
1553 3952 1601 4006 est
1618 3951 1731 4026 putan-

175 4042 265 4122 quod
283 4050 334 4104 est
353 4041 445 4122 quasi
467 4040 664 4105 sacrificium
679 4043 882 4125 purgativum
898 4054 930 4107 et
984 4045 1071 4123 dum,
1096 4045 1181 4126 quod
1206 4052 1307 4107 totum
1333 4063 1443 4107 eorum
1468 4061 1584 4125 corpus
1610 4043 1729 4104 nudum

175 4139 390 4221 expletivum.
407 4140 529 4204 Debent
544 4159 672 4222 quoque
692 4143 803 4205 radere
817 4160 929 4205 omues
984 4161 1091 4207 coram
1107 4144 1226 4226 populo
1243 4143 1366 4220 laverit,
1384 4142 1440 4205 sed
1456 4141 1534 4204 lavit
1549 4159 1663 4203 manus
1679 4158 1731 4203 eo-

175 4238 262 4319 pilos
287 4238 406 4317 carnis,
424 4239 457 4301 id
482 4249 530 4301 est
555 4239 722 4302 universas
744 4259 858 4322 pravas
878 4243 968 4306 co-ll
985 4261 1054 4304 rum
1077 4250 1109 4306 et
1130 4243 1238 4323 pedes,
1255 4243 1294 4304 ad
1315 4241 1546 4319 designandum
1566 4240 1652 4321 quod
1672 4239 1731 4301 mi-

123 4325 127 4330 ’
174 4337 350 4416 gitmioues
372 4337 532 4418 abjicere3
556 4347 652 4419 atque
673 4339 780 4402 ornari
806 4339 930 4402 virtuti·
984 4340 1077 4403 nistri
1097 4340 1209 4423 templi
1231 4339 1349 4403 debent
1370 4359 1439 4403 esse
1459 4340 1559 4402 sancti
1580 4339 1614 4401 in
1634 4339 1730 4403 actio-

175 4436 293 4513 bus,et
308 4436 490 4499 consecrari
505 4436 576 4499 oleo
592 4436 729 4519 Spiritus
745 4437 862 4516 Sancti,
876 4441 929 4502 ad·
984 4440 1080 4503 nibus
1109 4448 1204 4520 atque
1234 4437 1462 4501 affectionibus
1493 4437 1571 4515 suis,
1600 4438 1664 4502 imo
1694 4438 1728 4501 in

175 4533 347 4616 sparsione
362 4551 493 4614 quoque
508 4535 674 4614 sanguinis
685 4535 800 4598 Christi
815 4555 822 4599 :
836 4546 868 4599 et
882 4537 929 4600 sic
983 4538 1071 4602 omni
1092 4556 1149 4600 sua
1169 4537 1421 4600 conversatione.
1443 4539 1574 4598 Venibit
1597 4539 1729 4616 pontifi-

175 4634 297 4695 debent
313 4651 384 4694 esse
400 4632 517 4695 intenti
537 4633 576 4695 ad
592 4633 772 4714 spiritualia
787 4635 929 4698 ministe
982 4658 1061 4710 cam,
1089 4635 1211 4699 scilicet
1235 4636 1337 4699 Aaron
1368 4643 1444 4698 tunc
1475 4635 1508 4696 in
1539 4633 1727 4716 pontificem

174 4731 224 4792 ria
243 4731 461 4812 exsequenda.
482 4731 554 4793 llaec
577 4731 724 4795 Thomas.
746 4734 791 4796 Ex
809 4734 927 4815 quibus
982 4736 1129 4818 protinus
1159 4735 1421 4810 consecrandum,
1444 4734 1602 4794 subarata
1626 4735 1725 4796 tinea.

174 4828 316 4892 faciliter
331 4829 487 4909 patebunt
503 4831 680 4910 sequentia.
982 4836 1046 4898 Hoc
1062 4833 1124 4896 fuit
1139 4833 1277 4916 primum
1290 4840 1322 4895 et
1338 4831 1488 4894 infimum
1504 4841 1727 4896 ornamentum

212 4931 357 4989 Maurus
367 4929 638 4989 astDorninaead
649 4931 927 5007 Moysenaicens:
983 4932 1160 5016 pontilicis,
1178 4932 1264 5013 quod
1285 4931 1317 4992 in
1340 4931 1447 4994 Exodo
1469 4938 1600 4994 vocatur
1620 4932 1729 4996 tunica

178 5027 265 5086 Tolle
279 5029 395 5087 Aaron
410 5046 484 5087 cam
499 5027 583 5104 filiis
596 5029 677 5098 sais,
688 5027 744 5108 qui
761 5037 836 5091 tunc
852 5049 929 5111 qua·
983 5032 1077 5108 linea,
1095 5040 1127 5094 et
1146 5039 1214 5093 erat
1233 5031 1306 5093 alba
1325 5029 1467 5106 camisia,
1491 5029 1553 5091 nisi
1576 5031 1660 5110 quod
1683 5029 1729 5095 fo-

170 5132 245 5187 tuor
259 5123 517 5199 erant‚videlicet
531 5122 639 5186 Nadab
654 5135 686 5188 et
700 5126 928 5203 hbiu,Eleazar
981 5129 1114 5193 minalia
1134 5134 1225 5192 orant
1245 5127 1397 5190 inferiora
1417 5127 1475 5189 hac
1496 5135 1595 5190 veste.
1612 5131 1728 5190 Arcia-

171 5232 204 5284 et
218 5222 927 5303 ithamar.thuaudohaecdicebantur,non·
977 5249 1056 5308 qens
1080 5249 1153 5289 eam
1179 5229 1279 5287 balteo
1304 5244 1399 5308 super
1424 5226 1563 5288 tunicam
1595 5225 1724 5304 lincam,

174 5321 252 5384 dum
270 5321 404 5385 fuerunt
423 5320 613 5386 sacerdotes.
635 5327 796 5406 Vesnsqae
814 5346 926 5389 earam
981 5346 1053 5410 quae
1082 5325 1173 5409 quasi
1203 5323 1435 5408 superplicium
1465 5332 1542 5402 orat,
1569 5332 1602 5386 et
1630 5342 1726 5406 super
