4309 6259
539 527 713 574 nunanarrc
734 529 765 574 m
786 530 855 576 car.
878 531 940 576 xxv
961 532 1098 577 navium.
1120 551 1161 561 —
1181 534 1252 579 aar.
1275 535 1345 580 xnvr
1648 501 1710 582 293

162 715 276 759 norum
303 698 446 779 ipsorum
467 717 626 779 agrorum,
639 720 736 782 quam
761 701 908 776 aliorum,
925 700 951 761 Α
966 700 1081 762 mirum
1094 712 1236 784 apparet,
1254 704 1391 786 qualiter
1402 713 1485 767 terra
1500 705 1569 768 sine
1584 707 1708 769 cultura
1760 733 1764 742 ⁴

162 795 286 860 scilicet
309 816 486 879 pauperum
511 819 548 862 ac
572 801 749 863 brutorum.
766 801 805 861 Et
824 801 910 882 quotl
965 808 997 861 et
1021 801 1230 865 seminatione
1255 812 1378 884 poterat
1403 805 1560 868 notabiles
1585 805 1708 868 lructus

162 896 201 956 de
225 896 311 975 agris
334 897 455 958 dictum
480 899 591 974 est,de
613 899 708 962 vinea
730 918 857 981 quoque
879 907 911 960 et
965 900 1155 978 producere,
1183 922 1221 964 ex
1249 902 1366 982 quibus
1396 922 1507 965 omncs
1537 903 1569 964 hi
1600 923 1707 966 vesce-

162 993 289 1056 olivetis
313 1003 361 1057 est
383 996 638 1077 intelllgendum.
656 999 733 1059 Nam
756 997 855 1060 lertur
876 999 909 1059 in
965 1007 1085 1076 rentur,
1104 1000 1166 1061 nisi
1191 1000 1270 1063 lorte
1294 1009 1406 1064 natura
1427 1010 1518 1065 terre
1539 1002 1625 1066 illius
1648 1003 1707 1066 hoc

163 1093 267 1155 littera
281 1111 288 1155 ε
303 1097 447 1171 Septimo
463 1107 572 1156 nette-m
587 1118 674 1157 anno
687 1097 909 1180 sabbatumid
964 1096 1089 1159 habeat.

162 1201 208 1255 cst
223 1191 328 1272 quiea,
340 1195 404 1254 erit
420 1205 523 1267 tertia,
537 1197 747 1275 requietionis
761 1197 908 1265 Domini,
1004 1196 1157 1259 Subditur
1178 1199 1216 1261 dc
1236 1218 1321 1262 cuno
1339 1200 1494 1280 jubileo:
1513 1203 1708 1264 Numerabis

162 1290 192 1352 id
208 1298 258 1352 est
275 1291 348 1352 talis
363 1291 467 1372 quies,
485 1301 520 1353 ut
539 1301 588 1355 est
607 1293 698 1373 quies
719 1293 751 1354 in
772 1295 909 1374 septimo
963 1316 1088 1375 quoque
1105 1299 1164 1356 tibi
1173 1307 1289 1375 septem
1301 1301 1513 1360 hebdomadas
1524 1320 1706 1362 annorum:

161 1391 213 1452 die
228 1390 449 1467 hebdomadae,
467 1392 511 1454 ita
526 1393 612 1473 quod
629 1393 662 1453 in
680 1401 745 1455 tota
761 1401 844 1455 terra
860 1412 910 1455 ve·
963 1412 1097 1474 quarum
1113 1394 1384 1458 hebdomadarum
1399 1395 1550 1478 quaelibet
1565 1399 1708 1461 continet

162 1499 225 1551 stra
244 1489 424 1552 cessabitur
443 1489 484 1552 ab
503 1491 708 1570 agricultura,
728 1490 910 1554 seminatio
965 1502 1086 1573 septem
1110 1511 1223 1570 annos,
1251 1494 1334 1556 sicut
1358 1494 1557 1558 hebdomada
1582 1496 1707 1560 dierum

162 1608 208 1664 ne,
217 1597 249 1651 et
259 1588 432 1652 messione.
442 1589 530 1652 Unde
545 1589 768 1670 subjungitur:
782 1595 909 1667 Aprum
964 1592 1106 1654 continet
1124 1600 1243 1674 septem
1266 1593 1334 1656 dies
1358 1611 1365 1655 ε
1390 1593 1465 1656 hinc
1489 1594 1705 1676 subjungitur,

48 1711 68 1737 a
96 1712 146 1747 uu.
162 1708 225 1748 non
239 1707 335 1759 aerea,
351 1697 382 1748 et
400 1689 530 1747 vineam
547 1708 612 1747 non
630 1691 772 1764 putabis.
790 1690 833 1751 [le
853 1688 909 1750 oti·
964 1693 1000 1749 id
1014 1699 1059 1749 est
1073 1693 1186 1767 septies
1200 1701 1328 1768 septem,
1351 1693 1475 1774 supple,
1494 1709 1594 1756 annos
1612 1710 1619 1754 τ
1636 1715 1708 1773 qttoe

61 1791 65 1800 '
161 1793 232 1849 veto
247 1795 354 1848 autem
372 1784 412 1846 tit
430 1785 551 1848 mentio
566 1786 600 1846 in
615 1786 733 1848 Exodo.
963 1788 1170 1852 hebdomadae
1182 1807 1336 1852 annorum
1348 1792 1597 1868 simut,saeiunt
1607 1812 1708 1852 annos

201 1888 280 1953 Qttoe
298 1894 411 1962 sponte
428 1887 538 1962 gignit
559 1887 691 1954 burnus,
712 1906 778 1946 nott
801 1897 907 1948 metes.
926 1883 1184 1967 Bqacdrapinta
1209 1909 1332 1950 necem.
1356 1891 1397 1951 Et
1421 1893 1549 1966 clanges
1574 1892 1708 1951 buccina

161 1984 256 2052 Terra
271 2002 329 2045 seu
344 1981 413 2064 agri
429 1982 580 2044 dicuntur
595 1983 651 2045 illa
666 1992 779 2066 sponte
796 1986 910 2066 produ·
963 2006 1068 2047 mense
1084 1988 1228 2064 septimo,
1245 1991 1370 2048 decimo
1392 1991 1446 2047 die
1468 1990 1584 2048 mensis
1607 1987 1706 2064 iltius,

160 2099 242 2158 cere,
266 2099 339 2162 quat
361 2080 430 2142 sinc
450 2081 590 2143 bumana
610 2082 735 2144 cultura
760 2084 906 2163 gignunt,
958 2086 1206 2161 propitiationis
1223 2096 1373 2164 tempore,
1389 2085 1422 2147 id
1438 2094 1495 2161 est,
1514 2085 1547 2166 in
1569 2105 1634 2167 quo
1656 2087 1708 2150 dc·

160 2181 227 2243 sivc
242 2199 283 2243 cx
298 2178 520 2241 decidentibus
540 2178 649 2260 granis
669 2189 811 2261 segetum
831 2181 908 2243 anni
963 2183 1046 2246 cimo
1062 2183 1113 2245 die
1130 2191 1176 2245 est
1193 2182 1309 2245 festum
1325 2184 1534 2265 ExpiationiS,
1547 2194 1581 2248 ut
1597 2186 1708 2249 vicesi-
1735 2209 1852 2259 rema,

160 2277 363 2362 prioris,sive
372 2297 411 2340 er
421 2278 532 2340 innata
541 2277 909 2343 secundationetlcculta
962 2299 1015 2343 mo
1039 2280 1133 2344 tertio
1158 2281 1291 2344 hahetur
1315 2283 1465 2364 capitulo,
1492 2286 1529 2344 itt
1554 2272 1755 2346 universa²⁷'

160 2377 280 2440 etenim
306 2377 454 2458 quaedam
479 2377 602 2439 semina
628 2376 727 2440 latent
751 2378 785 2439 in
812 2379 908 2459 hujus

160 2476 274 2538 mundi
289 2474 452 2556 corporeis
468 2475 695 2538 elementisEt
707 2497 786 2537 evas
794 2479 911 2556 primi-

162 2577 287 2635 tiarum
303 2585 448 2645 tuarum,
458 2573 491 2635 id
507 2583 555 2636 est
572 2575 692 2656 primos
708 2575 816 2638 botros
835 2576 910 2638 vitis

163 2680 275 2749 tuae,et
290 2691 346 2755 per
358 2689 570 2752 consequens,
581 2691 640 2736 nec
655 2682 777 2736 ceteros
789 2673 822 2734 in
840 2682 909 2736 tuos

161 2791 237 2835 usus
260 2770 405 2854 praecise,
422 2773 518 2849 quasi
540 2773 741 2832 vindemiam
764 2794 829 2832 non
851 2779 911 2834 coi-

162 2870 293 2948 tipes,id
307 2877 366 2944 est,
376 2876 412 2930 ut
422 2868 531 2948 colligi
548 2868 652 2931 solent
663 2889 731 2932 uvae
744 2869 908 2934 vinearum

160 2969 232 3031 aliis
248 2966 480 3030 numatianus
490 2969 581 3028 enim
590 2970 800 3047 requietionis
816 2981 909 3032 terrea

964 2391 1050 2440 terra
1073 2389 1191 2450 vestra,
1215 2389 1344 2463 propter
1364 2381 1561 2445 imminentis
1584 2383 1707 2465 jubilaei

964 2478 1199 2554 solennitatem,
1215 2488 1311 2561 atque
1338 2489 1372 2542 ut
1396 2498 1507 2544 omnes
1532 2501 1566 2544 se
1588 2501 1708 2564 praepa-

965 2585 1036 2640 rent
1059 2578 1099 2640 ad
1125 2576 1237 2639 illam:
1263 2578 1372 2659 sieque
1398 2579 1431 2641 in
1457 2579 1592 2642 diversis
1617 2589 1707 2644 terrae

965 2676 1705 2759 partibuserantpluresbuccinatoreslamen,

965 2784 999 2838 ut
1015 2777 1048 2837 in
1068 2775 1262 2838 Scholastica
1281 2775 1432 2838 recitatur
1446 2776 1590 2855 historia,
1607 2777 1707 2858 aliqui

965 2875 1086 2950 dicunt,
1099 2875 1224 2955 Septem
1240 2873 1333 2935 annis
1348 2874 1515 2955 jubileum
1531 2877 1709 2958 praeceden-

964 2975 1049 3037 tibus
1070 2973 1103 3034 in
1129 2971 1263 3051 singulis
1287 2972 1475 3050 neomeniis,
1493 2973 1524 3035 id
1548 2983 1595 3049 est
1616 2976 1708 3041 novis

161 3079 215 3128 est.
232 3070 299 3128 Sed
322 3064 444 3128 tructus
464 3065 590 3142 borum,
608 3075 685 3148 puta
707 3085 854 3147 agrorum
876 3078 908 3132 et
925 3073 947 3135 C
963 3071 1193 3148 lunationibus,
1214 3069 1404 3150 clangebant
1420 3070 1516 3148 tubis,
1536 3080 1567 3135 et
1586 3082 1707 3156 septem

162 3166 328 3228 vinearum
353 3164 491 3246 septimo
511 3183 596 3227 anno
618 3174 795 3242 nascentes,
811 3179 908 3228 erem

163 3266 248 3324 vobis
263 3266 300 3323 in
315 3264 435 3333 cibum,
453 3262 603 3325 videlicet
626 3264 685 3322 tibi
698 3272 728 3323 et
748 3285 837 3324 servo
855 3275 908 3325 tuo

162 3374 190 3423 et
205 3365 337 3423 ancilla
353 3372 416 3422 tttoe
429 3371 459 3421 et
474 3364 673 3421 mercenario
690 3371 754 3433 itte,
770 3372 800 3422 et
814 3367 909 3423 arive-

162 3483 222 3533 noe,
239 3463 300 3540 qui
315 3461 549 3537 peregrinatur
563 3463 654 3536 apud
668 3481 732 3522 eoa.
748 3464 908 3523 lumentis

70 3581 84 3605 ιι
129 3601 134 3610 .
164 3562 227 3619 tuis
251 3569 282 3619 et
302 3560 472 3636 pecoribus
493 3579 505 3617 .·
531 3555 564 3618 in
591 3558 698 3620 Exodo
722 3559 907 3636 dicitur,·et

161 3657 284 3732 bestiis
313 3675 370 3738 per
399 3674 480 3736 quas
505 3655 728 3734 intelliguntur
757 3658 908 3720 animalia

163 3755 341 3829 silvestria3
359 3756 559 3834 omniaque
579 3767 773 3826 naseuntur,
789 3759 909 3835 praebe-

162 3859 241 3917 bunt
263 3857 384 3914 cibum.
397 3853 541 3933 Denique
563 3863 666 3916 textus
689 3855 759 3932 iste,
779 3857 907 3938 dempto

161 3973 197 4015 eo
218 3952 306 4034 quod
329 3951 385 4027 ait,
402 3950 442 4011 Et
462 3950 604 4027 advenae,
623 3961 724 4028 sonat,
741 3973 778 4015 ac
800 3954 827 4014 si
848 3955 908 4018 ista

161 4059 274 4133 sponte
290 4048 467 4126 nascentia,
485 4049 587 4111 solum
610 4050 782 4131 redigenda
802 4062 908 4116 essent

161 4152 192 4212 in
208 4168 304 4212 usum
320 4147 524 4210 dominorum
542 4148 679 4210 terrain
695 4168 758 4230 qua
773 4170 909 4215 nascun-

963 3171 1076 3233 diebus
1092 3167 1253 3232 continuis
1268 3176 1342 3230 ante
1353 3168 1477 3249 jubilei
1493 3168 1707 3251 inceptionem

963 3267 1203 3332 solennizabant
1219 3266 1304 3328 tubis
1319 3266 1514 3347 clangentes.

1004 3364 1344 3444 Sanctificabt'sqtta,id
1361 3366 1467 3442 est‚ad
1484 3366 1584 3430 multa
1600 3367 1708 3431 divina

963 3463 1126 3528 ordinabis
1146 3471 1178 3525 el
1200 3462 1390 3544 applicahiS,
1407 3485 1532 3525 annum
1548 3468 1708 3546 quinqua-

959 3566 1130 3642 gesimum.
1158 3561 1201 3624 De
1227 3561 1392 3624 intellectu
1423 3562 1520 3643 hujus
1545 3564 1634 3627 verbi
1660 3574 1708 3627 est

963 3661 1080 3743 duplex
1096 3660 1205 3740 opinio
1221 3660 1305 3741 apud
1324 3659 1470 3723 llebraeos
1485 3669 1580 3742 atque
1595 3661 1708 3726 Catho-

963 3762 1052 3837 licos,
1081 3759 1230 3841 quoniam
1259 3759 1389 3840 quidam
1419 3779 1476 3840 per
1505 3760 1589 3823 hunc
1613 3761 1708 3842 quin-

964 3859 1184 3941 quagesimum
1206 3877 1326 3920 annum
1351 3857 1534 3937 intelligunt
1558 3859 1706 3922 ultimum

963 3977 1083 4021 annum
1106 3955 1329 4038 praedictarum
1351 3965 1471 4039 septem
1496 3957 1707 4020 hebdomada·

963 4075 1045 4132 rum,
1058 4055 1207 4118 videlicet
1222 4074 1340 4117 annum
1357 4055 1632 4135 quadragesimum
1648 4074 1706 4120 no-

963 4174 1038 4216 num
1049 4172 1055 4216 :
1065 4173 1159 4235 quem
1171 4161 1275 4216 tamen
1284 4152 1583 4234 quinquagesimum
1593 4164 1707 4218 vocant

161 4259 221 4325 tur,
239 4257 271 4310 ct
294 4245 543 4309 domesticorum
566 4245 678 4327 ipsius.
697 4248 812 4310 Textus
833 4270 908 4314 vero
923 4259 947 4320 [t
963 4272 1019 4334 per
1034 4251 1303 4332 comparationem
1319 4252 1359 4314 ad
1379 4253 1609 4333 precedentem
1625 4253 1708 4333 juhi-

160 4347 258 4411 Exodi
284 4363 399 4408 sonare
425 4343 561 4419 videtur,
588 4345 681 4426 quasi
707 4355 807 4409 totum
828 4348 908 4411 illud

161 4453 243 4508 essct
262 4442 459 4526 pauperibus
475 4442 762 4524 derelinquendum
782 4465 818 4508 ac
835 4448 909 4509 bru-

161 4545 210 4606 tis.
222 4544 302 4605 Nam
314 4541 432 4604 dicitur
448 4541 505 4616 ibi,
515 4541 605 4603 Anno
621 4543 756 4623 septimo
768 4544 908 4608 dimittes

161 4651 277 4704 terram
293 4649 326 4702 et
342 4638 543 4720 requiescere
561 4638 668 4715 iacies,
692 4649 727 4702 ut
741 4644 909 4706 comedant

161 4757 319 4822 pauperes
335 4737 446 4820 populi
464 4736 561 4813 tutet
577 4739 733 4820 quidquid
750 4740 908 4822 reliquum

162 4838 270 4912 luerit,
287 4837 385 4899 edant
410 4835 520 4898 bestiae
544 4836 624 4916 agri.
638 4837 683 4898 Ex
704 4838 821 4918 quibus
846 4859 910 4902 om-

161 4936 256 4998 nibus
281 4933 456 5013 colligitur,
484 4934 570 5015 quod
598 4934 721 4997 fructus
746 4937 910 5018 hujusmo-

162 5035 193 5097 di
213 5043 306 5096 erant
325 5051 512 5096 communes
534 5032 606 5094 usui
622 5041 686 5095 tam
707 5034 923 5098 dominorum

162 5149 311 5212 agrorum
327 5139 360 5194 et
374 5130 622 5193 domesticorum
643 5131 796 5211 ipsorum,
814 5152 909 5214 quam

162 5233 370 5306 advenarum,
393 5248 569 5311 pauperum
596 5249 633 5292 ac
658 5231 835 5293 brutorum.
853 5233 911 5294 Ve-

162 5338 342 5391 rumtamen
372 5336 408 5389 ut
433 5327 576 5408 loquitur
600 5327 807 5408 Augustinus,
835 5331 912 5392 satis

963 4351 1068 4427 laeum,
1088 4369 1142 4411 seu
1166 4349 1272 4431 potius
1295 4349 1335 4410 ad
1357 4349 1507 4412 ultimum
1527 4369 1646 4413 annum
1670 4352 1708 4413 il-

963 4448 1103 4529 lius,per
1114 4446 1324 4510 inclusionem
1336 4447 1412 4509 anni
1423 4449 1706 4531 ejusdem:sicque

963 4566 1066 4610 annus
1081 4546 1229 4627 jubilaeus
1245 4546 1453 4609 concurrebat
1468 4567 1524 4610 seu
1540 4547 1624 4610 idem
1641 4556 1708 4610 erat

963 4665 1036 4709 cum
1051 4662 1136 4706 anno
1153 4643 1351 4705 remissionis
1367 4643 1520 4707 ultimate
1535 4645 1707 4708 hebdoma-

963 4745 1010 4806 dae
1025 4742 1249 4824 predictorum
1271 4760 1438 4804 annorum.
1458 4742 1520 4803 Alii
1543 4762 1599 4824 per
1614 4743 1708 4825 quin-

964 4840 1183 4924 quagesimum
1216 4858 1335 4901 annum
1368 4840 1553 4920 intelligunt
1585 4861 1706 4905 annum

964 4938 1107 5020 proxime
1132 4937 1376 5018 subsequentem
1408 4937 1555 5018 praelatas
1585 4949 1706 5023 septem

964 5037 1177 5099 hebdomadas
1195 5054 1202 5097 :
1220 5042 1251 5098 et
1267 5036 1309 5098 ita
1325 5045 1388 5098 tam
1405 5037 1436 5097 in
1453 5037 1566 5101 ultimo
1583 5038 1638 5103 illo
1653 5059 1708 5102 an-

965 5154 1006 5198 no
1035 5143 1156 5216 septem
1186 5134 1456 5198 hebdomadarum
1486 5156 1541 5200 seu
1572 5139 1707 5219 quadra·

965 5233 1086 5315 gesimo
1111 5251 1207 5308 nono,
1234 5251 1329 5314 quam
1356 5234 1389 5295 in
1414 5254 1499 5298 anno
1527 5235 1708 5298 immediate

966 5340 1130 5412 sequente,
1149 5339 1256 5412 utpote
1271 5331 1413 5413 jubilaeo,
1432 5343 1513 5397 terra
1529 5333 1622 5396 lsrael
1638 5332 1708 5394 sab-
