4309 6259
594 519 769 566 annuento
790 520 821 565 IN
842 520 910 566 CAP.
934 520 965 566 tu
986 519 1123 567 huvlrlct.
1146 539 1186 550 -
1207 519 1278 564 ant.
1302 519 1343 566 xv

1683 501 1739 565 171

188 701 244 757 aut
258 701 458 758 mortuorum
475 693 684 771 consenserit,
696 712 794 775 prava
809 689 982 755 illorumh
1035 693 1191 757 Docemur
1216 691 1291 755 item
1317 711 1355 755 cx
1381 690 1441 755 isto
1466 690 1621 774 capitulo,
1645 711 1741 772 quam

189 813 329 877 sequens
355 794 510 876 exempla.
529 796 653 856 Anima
668 816 741 874 quta
757 795 939 872 jnraverit,

189 904 250 958 etc.
273 895 319 957 Ex
339 895 391 957 bis
416 896 455 957 ad
481 894 620 958 litteram
640 895 821 971 edocemur,
843 913 940 976 quam

189 1003 283 1058 caute
297 1002 330 1058 et
345 994 480 1076 provido
501 994 543 1055 sit
563 994 736 1075 jurandum
752 1001 807 1055 aut
827 1012 941 1056 voren-

190 1094 285 1169 dum;
298 1113 396 1176 quam
413 1093 488 1156 item
503 1093 649 1156 celeriter
664 1112 700 1155 ac
716 1092 877 1156 ferventer
892 1093 940 1175 ju-

191 1201 337 1256 ramenta
352 1201 384 1255 et
399 1191 556 1274 promissa
567 1191 633 1253 sint
643 1190 857 1274 adimplenda,
870 1192 941 1273 jux-

55 1293 325 1374 aeerc.=,a.tflq110d
342 1291 496 1373 scriptum
513 1298 561 1354 est
578 1308 585 1352 :
604 1290 636 1352 Si
657 1290 735 1371 quid
752 1291 880 1368 vovisti,
900 1309 940 1352 ne

191 1391 328 1454 moreris
344 1390 487 1453 reddere.
499 1389 654 1471 Displicet
668 1389 753 1452 enim
764 1390 828 1452 lieo
843 1390 941 1452 stulta

190 1499 223 1554 et
244 1489 389 1552 infidelis
408 1488 591 1571 promissio.

231 1589 265 1652 Si
282 1596 389 1650 autem
401 1587 474 1669 quis
485 1595 596 1650 contra
610 1587 678 1649 haec
691 1586 812 1663 lecerit,
827 1596 858 1649 et
873 1607 941 1669 per-

186 1687 339 1770 jurando,
372 1685 531 1769 promissa
561 1684 747 1765 frangendo,
775 1685 941 1748 immunda

190 1786 365 1866 tangendo,
378 1783 568 1866 peccaverit,
578 1783 783 1847 vehementer
799 1793 831 1846 et
845 1784 940 1865 digne

996 792 1175 875 periculosa
1200 811 1236 854 ac
1261 791 1407 855 evitanda
1429 791 1471 853 sit
1491 790 1670 872 ignorantia
1693 809 1742 853 eo-

996 911 1160 973 rum,thae
1176 891 1396 973 unusquisque
1408 891 1583 952 secundum
1599 909 1664 954 suae
1679 890 1742 952 exi-

995 991 1134 1071 gentiam
1161 991 1337 1054 vocationis
1362 991 1444 1054 scire
1470 998 1604 1067 tenetur,
1629 998 1659 1052 et
1686 1008 1742 1071 per

996 1110 1067 1172 quae
1083 1091 1183 1153 averti
1200 1099 1303 1172 potest
1319 1111 1336 1152 a
1352 1089 1450 1167 titiis,
1468 1109 1504 1152 ac
1520 1088 1605 1152 allici
1622 1090 1662 1151 ad
1678 1088 1742 1152 vir-

998 1197 1090 1253 tutes.
1103 1190 1174 1253 ldeo
1191 1189 1344 1271 scriptum
1361 1188 1493 1262 est:Qui
1510 1188 1646 1269 ignorat,
1655 1188 1742 1268 igno·
1770 1209 1887 1259 rem,

997 1290 1129 1353 rabitur.
1147 1290 1186 1352 Et
1204 1307 1210 1352 :
1228 1290 1300 1364 Quae
1326 1290 1476 1371 praecepit
1496 1289 1554 1350 tihi
1569 1289 1662 1366 DeuS,
1686 1287 1741 1349 illa
1756 1275 1887 1385 amm

996 1391 1100 1470 cogito
1110 1408 1245 1472 semper.
1256 1389 1335 1451 Hinc
1352 1395 1430 1452 teste
1441 1397 1550 1451 sancto
1561 1387 1738 1464 Ambrosio,
1755 1400 1789 1442 22·

996 1490 1175 1570 Ignorantia
1185 1497 1232 1551 cst
1248 1477 1420 1550 maximum
1437 1495 1612 1569 peccatum,
1622 1485 1742 1568 magni-

996 1590 1107 1652 tudino
1123 1589 1245 1652 scilicet
1261 1585 1517 1668 periculositatis,
1528 1604 1592 1649 non
1608 1585 1742 1648 enormi-

998 1688 1081 1751 tatis.
1095 1688 1203 1750 Trahit
1220 1705 1357 1767 namque
1368 1686 1407 1747 ad
1423 1704 1538 1766 magna
1553 1705 1589 1748 ac
1605 1684 1743 1767 plurima

996 1788 1090 1850 mala.
1109 1786 1254 1868 Amplius
1275 1786 1368 1848 docet
1389 1803 1447 1848 nos
1463 1803 1603 1866 praesens
1624 1783 1744 1867 capitu-

189 1885 357 1970 poeniteat.
374 1884 497 1964 lignem
520 1902 649 1964 quoque
665 1903 720 1946 seu
745 1902 872 1965 capram
893 1884 979 1951 ol-B
997 1887 1075 1962 lum,
1093 1905 1187 1967 quam
1204 1903 1333 1947 enorme
1350 1884 1401 1961 sit',
1419 1903 1456 1946 ca
1471 1903 1542 1964 quae
1558 1883 1621 1946 Deo
1637 1882 1744 1946 oblata

190 1985 274 2048 ferat
288 1984 363 2060 Deo,
374 2001 490 2064 corpus
501 2001 595 2044 suum
605 1990 638 2045 ct
651 1981 792 2044 animam
808 1983 942 2045 salubri·

189 2091 239 2146 ter
264 2081 454 2162 affligendo.
481 2079 570 2155 Quod
595 2081 622 2142 si
648 2098 762 2160 magna
787 2080 943 2163 poeniten-

190 2182 244 2246 tiae
266 2179 420 2244 exercitia
444 2179 621 2263 corporalia
642 2198 787 2243 exercere
806 2189 838 2243 et
859 2180 942 2242 forre

191 2279 387 2362 nequiverit,
410 2278 528 2342 offerat
547 2280 628 2342 duos
652 2286 802 2357 turtureS,
822 2280 943 2342 duosve

190 2380 299 2462 pullos
324 2379 497 2454 columbae,
523 2377 706 2440 cordialiter
735 2378 940 2460 suspirando,

190 2478 361 2558 gemendo,
384 2495 419 2540 se
447 2475 657 2558 spiritualiter
682 2476 883 2540 exercitando
909 2478 942 2538 in

191 2574 459 2639 meditationibus
473 2574 738 2656 orationibusque
753 2574 891 2637 assiduis
906 2596 943 2638 ac

192 2675 330 2738 devotis
352 2673 442 2748 Quod
467 2674 493 2735 si
520 2693 579 2737 noc
604 2674 664 2737 hoc
685 2674 823 2756 potuerit
845 2675 944 2736 adim-

192 2773 291 2856 plere,
310 2771 428 2836 offerat
444 2771 557 2835 saltem
574 2771 724 2849 similam,
737 2773 797 2835 hoc
813 2779 861 2835 est
872 2792 944 2836 con-

191 2871 408 2934 versationem
431 2869 630 2948 exteriorem,
644 2869 868 2954 exemplarem,
882 2873 944 2934 sin-

191 2989 298 3033 ceram
327 2988 333 3031 :
362 2969 414 3031 cui
441 2987 506 3032 non
531 2970 664 3032 misceat
688 2970 810 3047 oleum,
838 2971 870 3032 id
897 2978 945 3033 cst

997 1993 1082 2060 sunt,
1106 1994 1160 2046 aut
1180 1982 1357 2059 offerenda,
1376 2002 1432 2045 seu
1452 1981 1670 2045 sacerdotibus
1691 1983 1745 2044 do-

997 2092 1118 2167 putata,
1140 2082 1268 2145 sibimet
1294 2099 1458 2163 usurpare,
1476 2080 1672 2158 subtrahere,
1690 2089 1745 2144 aut

998 2191 1115 2245 tenere.
1127 2180 1266 2255 Qualiter
1282 2180 1378 2243 etiam
1390 2179 1562 2242 debeamus
1578 2197 1636 2241 nos
1651 2179 1745 2243 habe

998 2301 1031 2344 re
1051 2283 1090 2344 ad
1116 2281 1277 2363 proximos
1303 2288 1438 2356 nostroS,
1457 2277 1569 2360 pabdit
1590 2297 1626 2341 ac
1640 2278 1742 2360 jubet,

998 2389 1033 2443 ut
1049 2399 1249 2462 nequaquam
1264 2397 1415 2459 negemus
1425 2377 1522 2439 alicui
1539 2397 1631 2439 suum
1649 2377 1745 2460 depo-

998 2481 1107 2556 situm,
1122 2478 1184 2540 nisi
1199 2476 1279 2541 forte
1295 2496 1332 2541 ex
1347 2478 1434 2558 justa
1444 2494 1538 2540 causa
1549 2476 1588 2538 ad
1606 2483 1741 2558 tempus,

998 2587 1033 2640 ut
1054 2579 1081 2639 si
1108 2577 1247 2640 furiosus
1273 2583 1394 2659 repetat
1419 2574 1571 2656 gladium,
1589 2593 1684 2656 quem
1711 2575 1744 2637 in

999 2676 1179 2758 depositum
1200 2676 1286 2757 apud
1306 2693 1499 2756 quemquam
1515 2674 1668 2755 reposuit.
1687 2674 1745 2737 Ne-

998 2776 1077 2838 mini
1104 2793 1232 2856 quoquc
1257 2773 1443 2836 violentiam
1470 2771 1662 2849 inferamus,
1691 2781 1746 2835 aut

1000 2876 1164 2950 damnum,
1176 2873 1242 2936 sive
1258 2871 1462 2947 calumniam,
1473 2871 1528 2934 scd
1541 2890 1598 2934 noc
1615 2871 1745 2934 inventa

999 2974 1084 3036 bona
1100 2973 1184 3056 apud
1202 2991 1259 3036 nos
1278 2990 1480 3054 reponamuS,
1499 2971 1562 3033 imo
1583 2969 1690 3052 potius
1707 2969 1746 3032 li-

193 3068 429 3132 oblectamente
453 3067 604 3144 carnalia,
622 3076 676 3131 aut
702 3069 943 3132 immoderatam
961 3074 983 3136 C
999 3072 1114 3135 deliter
1129 3071 1340 3152 inquiramus,
1358 3069 1431 3151 quis
1447 3089 1484 3131 ea
1499 3067 1651 3146 amiserit,
1669 3069 1745 3131 etei

193 3166 451 3250 compassionem
465 3192 473 3242 ;
490 3174 544 3229 ant
560 3167 645 3243 thus,
663 3168 721 3230 hoc
738 3176 796 3244 est,
814 3169 944 3231 odorem

194 3267 286 3330 bonae
302 3265 397 3330 famae
413 3284 469 3335 scu
485 3266 694 3347 fragrantiam
711 3266 814 3329 laudis
836 3268 946 3330 huma·

195 3385 244 3430 nae
260 3385 326 3430 non
348 3372 478 3447 appetat
493 3365 612 3427 intuitu
629 3365 751 3448 proprii
771 3367 943 3444 commodi,

194 3465 327 3528 honoris
347 3473 404 3526 aut
422 3463 543 3545 gaudii,
562 3465 617 3527 sed
639 3465 742 3528 solum
764 3466 802 3527 ad
820 3466 873 3528 Dei
891 3467 946 3529 bo

195 3583 305 3627 norem
323 3571 355 3626 et
377 3563 524 3644 gloriam,
542 3564 824 3645 proximorumque
844 3565 946 3626 cadili-

195 3663 367 3726 cationem.
379 3661 533 3724 Praeterea
549 3669 695 3743 peccator
712 3662 871 3725 sacrificia
886 3663 946 3725 ista

195 3761 290 3824 debet
314 3759 472 3823 sacerdoti
495 3759 627 3836 offerre,
645 3769 680 3822 ut
695 3759 811 3823 offerat
827 3771 858 3824 ct
878 3770 946 3824 oret

195 3879 252 3942 pro
269 3879 304 3922 se
322 3877 330 3920 :
351 3858 504 3940 quoniam
524 3858 613 3939 juxta
634 3859 893 3924 informationem
915 3871 946 3924 et

194 3958 431 4039 injunctionem
447 3958 497 4020 sui
509 3958 716 4036 confessoris,
734 3960 828 4023 debet
843 3960 946 4043 poeni-

196 4057 304 4120 tentiae
319 4077 417 4139 opera
433 4056 646 4120 satisfactoria
670 4059 811 4140 exsequi,
830 4060 946 4123 oratio-

196 4156 358 4239 nibusque
374 4155 462 4219 illius
475 4156 592 4237 juvari.

1000 3179 1147 3253 prompte
1162 3189 1198 3232 ac
1219 3169 1317 3249 gratis
1340 3168 1518 3244 reddamus,
1536 3186 1636 3248 quum
1662 3167 1747 3230 dicat

1000 3269 1196 3351 Hesychius:
1218 3269 1249 3330 Si
1266 3268 1338 3349 quis
1354 3267 1520 3329 inventum
1538 3285 1601 3329 non
1623 3267 1743 3344 reddat,

1001 3369 1106 3431 simile
1131 3375 1179 3430 est
1205 3367 1334 3449 rapinae.
1354 3367 1527 3442 Postremo,
1550 3365 1631 3428 dona
1658 3373 1747 3427 natu-

1001 3487 1054 3545 rae,
1083 3486 1198 3549 corpus
1229 3475 1260 3528 et
1280 3465 1398 3542 anima,
1424 3464 1557 3527 ratioet
1586 3463 1745 3542 voluntas,

1001 3574 1073 3627 sunt
1098 3566 1242 3647 quaedam
1266 3565 1410 3647 deposito
1432 3563 1526 3626 nobis
1545 3563 1641 3625 aDco
1662 3549 1747 3625 corn-

1000 3666 1098 3727 missa
1114 3673 1145 3726 ct
1161 3665 1300 3726 credita:
1319 3663 1441 3744 idooea
1456 3661 1496 3724 ab
1513 3661 1600 3724 omni
1616 3669 1746 3744 peccato

1001 3773 1032 3826 et
1046 3763 1281 3845 depraedatione
1296 3761 1415 3823 diaboli
1431 3759 1677 3842 diligentissime
1695 3779 1747 3822 cu-

1001 3863 1121 3926 stodire
1137 3861 1300 3938 debemus,
1312 3861 1408 3924 verbo
1420 3869 1450 3922 et
1465 3879 1560 3942 opere
1573 3868 1748 3941 protestan-

1002 3970 1059 4037 tes,
1084 3961 1169 4042 quod
1195 3981 1231 4022 ca
1256 3980 1274 4022 a
1296 3960 1442 4023 Creatorc
1467 3958 1676 4040 suscepimus,
1704 3966 1748 4020 at-

1001 4080 1063 4142 quc
1089 4061 1127 4122 ad
1153 4060 1223 4141 ejus
1249 4058 1458 4122 reverentiam
1485 4057 1564 4140 ipsis
1587 4056 1749 4121 fructuose

1001 4168 1137 4222 utentes.

752 4538 1076 4625 ARTICULUS
1115 4541 1190 4623 XV

297 4793 491 4840 nactnuarto
513 4794 688 4841 almannus
710 4795 847 4840 cartrutl
868 4795 955 4840 suxit
978 4796 984 4840 :
1009 4795 1199 4852 LOGUTUSQUE
1223 4797 1277 4842 EST
1299 4795 1431 4842 boninus
1454 4797 1494 4840 Al)
1516 4795 1646 4857 holsten,

759 4894 865 4939 DICth'S
888 4896 895 4940 ἶ
918 4895 1054 4940 cumulet.
1076 4894 1191 4941 Annon.

270 5146 295 5207 Ε
319 5145 390 5226 jugi
417 5145 577 5209 sacrificio
602 5153 634 5208 et
658 5145 731 5208 aliis
758 5148 868 5209 mullis
893 5149 950 5212 ho·
965 5150 989 5210 D
1004 5153 1149 5228 l'rrrcc'pe
1164 5153 1275 5212 Astron
1300 5160 1330 5210 et
1344 5152 1426 5228 filiis
1448 5148 1602 5226 ejus,hoe
1622 5156 1670 5212 est
1686 5157 1750 5212 tam

282 5244 353 5307 stiis
364 5263 505 5326 praesens
521 5252 634 5307 tractat
648 5244 835 5327 capitulum.
853 5251 951 5308 Locu-

202 5355 317 5424 tusque
337 5353 384 5404 est
402 5344 562 5404 Dominus
586 5347 630 5404 acl
650 5347 794 5423 tropen,
813 5349 921 5408 dr'rerrs
939 5366 950 5409 .·

1006 5267 1131 5310 summo
1158 5248 1312 5310 sacerdoti
1338 5265 1433 5328 quam
1460 5246 1676 5309 sacerdotibus
1703 5247 1751 5310 in·

1007 5345 1190 5409 ferioribus
1216 5345 1336 5427 hlopscs
1361 5352 1465 5408 autem
1492 5363 1529 5407 ex
1551 5343 1751 5411 institutione
