4309 6259
456 503 516 566 otte

823 526 997 572 annonario
1017 525 1048 570 tn
1070 525 1138 570 GAP.
1162 523 1216 568 m
1236 523 1469 570 ucmnnonorrtt.
1490 543 1530 554 -
1550 523 1621 570 nur.
1644 522 1709 569 nrt

458 693 631 774 perductus
647 696 779 759 est.Non
796 713 869 774 ergo
882 714 915 758 se
930 695 1074 773 ingerant
1086 694 1203 776 pugnis
1217 694 1243 755 Α
1258 694 1317 756 bus
1334 713 1410 757 vero
1425 701 1457 756 et
1472 694 1625 775 parvulis,
1642 692 1702 757 hoc
1721 701 1779 771 cst,
1797 691 2002 773 simplicibus

463 791 673 853 tentationum
689 812 857 874 quousque
874 791 1078 874 profecerint,
1097 810 1136 854 ne
1156 792 1204 853 in·

459 888 603 952 visibiles
625 891 732 953 hostes
747 893 899 955 devorent
920 891 1043 953 tructus
1058 890 1203 954 laborum

461 988 781 1071 suorum.Porro,qui
798 990 1037 1071 desponderunt
1053 989 1115 1052 sibi
1131 1006 1205 1050 uxo

460 1105 521 1163 res,
539 1087 571 1148 id
595 1096 644 1149 est
666 1087 864 1169 voluptatum
887 1095 1054 1164 amatores,
1072 1095 1127 1149 aut
1151 1106 1205 1149 nc-

462 1184 556 1264 gotiis
578 1185 724 1266 occupati
747 1184 928 1260 mundanis,
951 1193 982 1247 ct
1005 1183 1205 1248 formidolosi

461 1281 633 1346 lormidine
649 1282 790 1345 seculari
813 1291 909 1364 atque
928 1283 1058 1358 carnali,
1076 1284 1204 1345 suntad

461 1399 551 1443 sacra
565 1380 649 1443 bella
664 1399 793 1462 prorsus
810 1381 921 1463 inepti.

501 1479 652 1543 Praeterea
667 1479 857 1542 adversariis
869 1497 931 1543 non
944 1479 1205 1561 impugnantibus

462 1577 635 1641 Ecclesiam
652 1578 718 1654 ilai,
728 1577 830 1660 primo
846 1578 881 1641 oi
884 1577 1011 1640 terenda
1026 1585 1074 1639 cst
1089 1597 1160 1659 pax,
1170 1587 1204 1639 ut

464 1675 586 1739 scilicet
611 1685 724 1758 sponte
750 1684 978 1739 convertantur
1002 1677 1041 1738 ad
1069 1675 1168 1738 fidem
1195 1696 1202 1740 :

463 1774 590 1855 quodsi
615 1775 789 1852 renuerint,
807 1783 881 1836 sunt
896 1773 1053 1836 vastandi.
1071 1773 1206 1836 Mulieri-

1257 801 1289 855 et
1300 792 1468 869 idiotis,de
1482 811 1617 874 quorum
1628 791 1837 855 conversione
1852 809 1925 872 spes
1939 799 1999 864 est,

1258 891 1405 970 congruit
1425 909 1564 972 parcere.
1583 889 1741 952 liareticis
1758 907 1835 952 vero
1852 909 1889 951 ae
1906 888 2002 970 perli-

1258 987 1308 1049 dis
1324 987 1549 1050 infestantibus
1569 1006 1736 1050 commune
1756 986 1877 1049 bonum
1896 985 2002 1048 Ecelc

1259 1086 1324 1162 siaa,
1334 1104 1399 1149 non
1414 1095 1463 1148 est
1477 1085 1862 1167 parcendumPostremo,
1874 1083 2002 1146 arbores

1259 1183 1431 1246 fructuosas
1458 1201 1522 1246 non
1550 1193 1624 1246 sunt
1648 1184 1846 1259 excidendae,
1873 1182 1950 1263 quia
1973 1183 2001 1244 si

1259 1282 1336 1364 quid
1353 1281 1494 1346 scientias
1509 1291 1541 1345 et
1555 1283 1743 1365 aptitudinis
1760 1283 1800 1344 ad
1816 1281 1951 1344 virtutes
1965 1301 2002 1344 ac

1260 1381 1338 1444 utile
1353 1382 1516 1444 invenitur
1536 1381 1567 1442 in
1585 1380 1783 1463 philosophis
1802 1400 1839 1443 ac
1854 1379 2003 1444 consimi-

1260 1479 1355 1556 libus,
1383 1479 1591 1560 redigendum
1615 1489 1664 1543 est
1689 1479 1722 1541 in
1748 1479 1940 1560 obsequium
1965 1478 2004 1539 li-

1260 1577 1310 1640 dei
1331 1577 1523 1640 christianas.
1546 1577 1745 1641 lnlructuosa
1763 1596 1839 1641 vcro
1861 1585 1893 1640 at
1915 1577 2005 1639 arida

1260 1676 1358 1757 ligna,
1375 1677 1436 1739 boc
1451 1685 1499 1739 cst
1514 1676 1653 1739 indurati
1669 1685 1701 1739 et
1714 1675 1878 1752 obstinati,
1896 1676 2005 1739 deleu-

1261 1775 1301 1837 da
1316 1783 1400 1836 sunt.

990 2202 1316 2289 ARTICULUS
1354 2205 1480 2288 XXII

439 2485 440 2488 ’
505 2476 696 2522 execannrlo
718 2476 891 2521 crrrunacls
913 2475 1050 2522 cnrlruut
1072 2476 1203 2521 vrcnstltt
1224 2476 1308 2522 enlm
1329 2476 1336 2520 ἰ
1359 2476 1480 2531 QUANDO
1502 2477 1654 2523 inveniunt
1675 2477 1783 2524 suanir
1804 2479 1835 2522 ΙΝ
1856 2479 1972 2535 Tenen,

643 2574 726 2628 QUAE
747 2574 877 2620 boninus
899 2575 975 2620 DEUS
995 2574 1071 2620 TUUS
1093 2574 1232 2620 banosus
1253 2575 1307 2620 EST
1327 2575 1398 2633 rtet,
1416 2575 1541 2620 florinis
1562 2575 1704 2621 GADAVER
1725 2576 1829 2622 OCClSl.

466 2851 602 3050 OUlD
622 2851 779 2931 agendum
803 2849 895 2912 sitin
918 2849 1102 2927 homicidio,
1115 2850 1245 2932 cujusB
1263 2868 1327 2912 non
1350 2815 1511 2931 exprimit,
1529 2860 1561 2912 et
1583 2851 1716 2914 forsitan
1736 2853 1954 2936 accipiebatur
1970 2856 2013 2918 dc

544 2959 653 3014 auctor
669 2949 855 3027 nescitur,et
865 2949 949 3012 circa
964 2967 1076 3011 uxores
1088 2968 1209 3011 earum-

462 3068 527 3132 que
541 3049 658 3132 proles,
670 3057 700 3110 ct
715 3048 800 3111 circa
816 3066 897 3125 reos,
916 3067 1001 3111 nunc
1017 3047 1207 3110 declaratur.

466 3152 599 3218 Quando
616 3151 784 3208 inventum
799 3149 954 3224 fueritin
971 3157 1056 3208 terro
1077 3146 1210 3228 promis·

464 3265 508 3322 sa,
527 3265 624 3326 quam
640 3247 800 3306 Dominus
815 3248 900 3306 Deus
917 3255 992 3304 tuus
1012 3248 1150 3304 [luiterus
1165 3256 1210 3306 est

466 3347 536 3415 tibi,
554 3345 695 3404 dominis
713 3347 853 3404 eurlavcr
871 3345 980 3412 occisi,
999 3353 1028 3403 et
1049 3346 1210 3419 ignorabi-

465 3455 519 3505 tur
534 3445 629 3506 cedis
644 3464 729 3511 rcus,
741 3450 851 3524 utpote
867 3441 1026 3505 homicida
1040 3459 1046 3502 :
1060 3442 1087 3503 si
1103 3450 1208 3505 autem

464 3550 551 3604 certa
566 3542 655 3621 signa
668 3540 700 3602 in
717 3540 870 3604 cadavere
886 3540 941 3603 illo
957 3548 1112 3622 paterent,
1125 3541 1209 3621 quod

465 3640 560 3702 horno
575 3639 699 3703 occisus
715 3646 798 3702 osset
812 3657 831 3700 a
846 3639 957 3714 bestia,
970 3657 1034 3702 non
1050 3647 1210 3720 oporteret

466 3737 599 3801 lorsitan
617 3737 688 3799 iicri
704 3756 776 3818 quas
791 3744 968 3818 sequuntur
982 3760 989 3810 ;
1005 3739 1210 3813 epredr‘eutur

466 3839 603 3914 majores
619 3847 700 3898 nutu
715 3847 744 3897 et
751 3838 882 3914 judiees
899 3839 961 3905 tui,
977 3835 1008 3896 id
1029 3843 1077 3897 est
1093 3834 1210 3916 princi-

465 3954 521 4017 pes
538 3933 647 4017 populi
666 3953 721 3997 seu
738 3934 852 4010 tribus,
871 3933 903 3994 in
915 3934 1007 4014 cujus
1023 3941 1108 3996 sorte
1123 3933 1210 3995 inve-

1263 2957 1392 3030 sumptu
1403 2949 1631 3025 communiant
1642 2951 1833 3015 dearmento
1849 2972 2013 3035 supremas

1264 3046 1352 3108 urbis
1367 3046 1543 3110 vicinioris.
1557 3051 1599 3110 lo
1612 3052 1730 3111 ducent
1743 3071 1811 3110 enm
1829 3054 1874 3110 nd
1891 3056 2013 3114 aarum

1263 3166 1411 3224 asperum
1435 3156 1531 3225 atque
1554 3167 1716 3217 saxosam,
1740 3170 1811 3226 pute
1835 3170 2012 3228 nunquam

1262 3255 1357 3305 eruta
1371 3255 1427 3316 est,
1442 3266 1500 3304 nec
1513 3255 1682 3306 sementem
1698 3249 1826 3323 recepit,
1841 3257 1871 3307 ct
1885 3252 2013 3310 credaut

1264 3344 1299 3401 in
1321 3364 1359 3401 eu
1382 3345 1517 3402 ceruices
1538 3345 1663 3414 vitulce,
1679 3347 1886 3424 accedentque
1906 3367 2015 3406 sacer·

1262 3444 1348 3500 dotes
1363 3440 1506 3520 ejusdem
1522 3440 1622 3517 urbis,
1640 3450 1695 3502 aut
1714 3441 1748 3502 in
1769 3442 1853 3505 tribu
1869 3442 1927 3504 illa
1943 3463 2015 3506 mo

1264 3546 1370 3601 rantes
1391 3556 1398 3600 :
1420 3540 1581 3616 accedent,
1599 3539 1741 3621 inquam,
1762 3544 1807 3600 ad
1830 3541 1939 3621 ipsum
1965 3545 2015 3604 in-

1264 3638 1444 3714 tersertum,
1461 3637 1494 3698 id
1513 3645 1563 3699 est
1581 3636 1735 3714 occisum,
1753 3645 1788 3699 ut
1807 3638 1950 3716 videant,
1969 3661 2013 3702 an

1263 3733 1371 3796 omnia
1396 3734 1441 3797 ibi
1467 3735 1526 3797 rite
1550 3743 1694 3813 agamur,
1708 3744 1739 3798 et
1760 3756 1799 3798 an
1820 3736 1944 3818 aliquid
1971 3741 2016 3802 de

1263 3851 1358 3894 causa
1373 3841 1405 3895 et
1418 3851 1535 3912 genere
1550 3833 1716 3896 homicidii
1728 3834 1831 3898 valeat
1845 3835 1981 3916 conjici.

1304 3935 1345 3993 Iit
1356 3935 1484 3992 vercient
1501 3935 1637 4009 majores
1652 3944 1733 3993 natu
1742 3935 1886 3994 ciuitatis
1900 3937 2013 4008 illius,

466 4034 553 4095 nitur
576 4033 758 4108 defunctus,
775 4042 805 4092 et
830 4035 1003 4092 metientur
1026 4053 1045 4092 a
1072 4036 1136 4091 loco
1160 4029 1244 4092 err-C
1263 4032 1480 4109 detrahuntque
1504 4030 1640 4111 majores
1666 4039 1741 4092 natu
1763 4031 1852 4093 urbis
1874 4033 2015 4116 propin-

464 4133 594 4192 duoem's
615 4134 721 4208 spatio
736 4133 943 4208 singularum
955 4150 1015 4208 per
1036 4133 1209 4190 circuitum

465 4233 635 4291 cr'uttutum
652 4251 663 4289 :
679 4231 719 4292 de
741 4229 859 4310 quibus
883 4229 1039 4291 incertum
1062 4237 1120 4305 est,
1138 4248 1209 4310 quae

466 4348 575 4391 earum
591 4328 663 4410 plus
679 4328 775 4390 distet
790 4347 809 4388 a
824 4328 893 4390 loco
910 4327 976 4403 illo,
995 4346 1059 4390 non
1074 4327 1209 4389 aliarum

465 4429 505 4489 de
527 4426 644 4508 quibus
663 4434 788 4489 constat
807 4425 892 4506 quod
915 4425 1053 4506 amplius
1073 4426 1207 4500 distent3

465 4536 495 4586 et
514 4547 612 4605 quom
633 4526 821 4584 m'eiuiorcm
838 4523 907 4586 ioco
922 4524 1085 4586 cadaveris
1099 4527 1210 4584 ceteris

465 4645 528 4684 esse
543 4621 826 4702 penuesellum
848 4629 905 4698 est,
925 4622 1138 4684 mensurando
1160 4641 1210 4685 co-

464 4721 645 4802 gnoverint,
664 4724 774 4780 tollent
795 4722 933 4780 seniores
955 4722 1098 4781 ciuitatis
1118 4723 1210 4780 itlius

468 4824 604 4881 cicutam
620 4823 658 4880 rte
674 4829 829 4880 armento.
844 4818 913 4881 liaec
928 4827 1033 4880 autem
1047 4837 1210 4881 mensura-

466 4919 511 4981 tio
527 4936 591 4980 non
607 4926 675 4979 crat
691 4916 1014 4998 neccssaria‚quando
1029 4917 1068 4979 ad
1079 4917 1207 4979 oculum

465 5015 642 5079 certissime
657 5015 770 5096 patuit,
780 5034 852 5095 quaa
868 5014 943 5077 urbs
959 5023 1042 5076 esset
1059 5013 1206 5078 vicinior.

468 5119 544 5184 Once
560 5113 738 5177 vitulamen
756 5115 858 5173 tramit
865 5114 1000 5189 jugum,
1017 5134 1074 5173 nce
1090 5123 1208 5174 terrum

1263 4127 1397 4209 quioris,
1407 4150 1607 4190 manussuus
1620 4149 1717 4206 super
1728 4133 1960 4210 vitulumque
1977 4135 2015 4194 in

1264 4229 1348 4286 calte
1359 4245 1511 4303 percussa
1524 4238 1582 4296 est,
1597 4226 1657 4290 boc
1677 4237 1726 4291 est
1744 4236 1891 4305 mactata,
1906 4241 1941 4291 et
1960 4235 2015 4291 di-

1263 4335 1359 4384 cent:
1377 4328 1496 4386 Munus
1511 4336 1626 4387 nostre
1644 4347 1708 4386 non
1722 4329 1905 4405 effmtemunt
1921 4331 2016 4390 hacne

1262 4425 1470 4500 sanquinem,
1480 4445 1537 4484 nec
1547 4426 1634 4484 oculi
1649 4427 1801 4485 uiderunt
1812 4425 1935 4489 directe
1950 4447 2014 4490 nec

1264 4521 1418 4583 indirecte
1445 4538 1452 4583 :
1477 4521 1552 4602 quia
1573 4523 1623 4601 (ut
1646 4522 1747 4604 aliqui
1772 4523 1897 4603 dicunt)
1921 4525 2015 4605 jnra-

1264 4619 1341 4682 bant
1360 4621 1443 4701 quud
1462 4619 1671 4682 homicidium
1687 4620 1767 4684 illud
1787 4641 1851 4684 uon
1873 4625 2016 4688 accidis·

1264 4728 1311 4782 set
1335 4737 1392 4801 per
1417 4718 1526 4781 corum
1553 4719 1782 4800 negligentiam
1802 4729 1856 4782 aut
1874 4739 2015 4786 consen-

1263 4836 1345 4892 sum,
1365 4817 1442 4898 quia
1460 4818 1511 4897 (ut
1531 4815 1618 4879 inira
1640 4820 1799 4897 tangetur)
1819 4819 2013 4900 juraverunt

1263 4916 1350 4997 quod
1371 4923 1541 4978 nouerant
1563 4915 1761 4996 negligentes
1782 4916 1866 4979 circa
1881 4917 2013 4983 riarum

1263 5013 1451 5076 custodiam.
1468 5014 1637 5090 Propitius
1658 5024 1721 5074 esto
1741 5020 1860 5092 pcprclo
1885 5026 1942 5076 tuo
1967 5023 2014 5081 Is-

1263 5117 1343 5180 raet,
1359 5132 1453 5191 quem
1473 5113 1651 5179 redemisti,
1674 5115 1822 5182 Domine,
1842 5125 1872 5173 et
1894 5136 1936 5174 ne
1964 5140 2014 5177 re-

464 5215 560 5274 scidit
587 5231 719 5272 vomere.
746 5212 789 5274 De
813 5210 904 5291 cujus
928 5218 1036 5273 autem
1063 5219 1208 5274 armento
1223 5210 1554 5288 llputesscnpuinem
1570 5210 1770 5270 innocentem
1786 5213 1821 5270 iu.
1837 5215 1943 5272 medio
1955 5235 2014 5291 pu

464 5320 518 5375 aut
539 5318 668 5393 sumptu
685 5309 867 5372 sumebatur
890 5307 957 5372 haec
974 5309 1084 5385 vitula,
1104 5318 1207 5372 textus

1259 5309 1334 5386 puli
1346 5307 1395 5367 tut
1406 5303 1559 5377 lar-necin
1570 5305 1828 5384 est,ciiuaionem
1840 5309 2013 5390 sanguinis
