4309 6259
564 521 738 569 caannaxto
761 522 790 567 ΙΝ
813 521 880 568 CAP.
906 521 991 567 xxxlt
1014 521 1115 567 Exeat.
1138 542 1178 552 -
1199 524 1269 568 ΛΒΤ.
1293 524 1353 569 txtt

1671 502 1725 569 ltll

179 692 255 755 dum
272 694 360 775 quod
377 703 492 777 praeter
509 714 599 757 suam
621 694 831 758 intentionem
849 696 929 757 vitn-
943 693 969 755 Α
985 714 1065 757 rum.
1077 696 1110 757 ln
1124 706 1214 779 porta
1227 716 1355 778 quoquc
1371 698 1516 760 solebant
1532 695 1667 779 proferri
1682 697 1728 777 ju-

179 791 227 853 lus
254 792 310 855 ille
335 793 463 871 exisset,
491 802 526 855 ut
550 793 681 875 qnidam
709 794 849 876 exponit.
876 794 927 856 Sic

178 889 265 953 enim
293 888 408 954 fuisset
432 892 597 969 mentituS,
617 893 709 973 cujus
732 892 925 955 contrarium

178 988 292 1051 asserit
303 989 508 1070 Augustinus
517 990 579 1053 Nec
594 990 766 1054 dicendum
779 998 831 1064 est,
840 990 926 1072 quod

177 1087 237 1149 hoe
255 1087 406 1165 dicendo,
416 1090 568 1152 mentitus
584 1090 642 1151 sit:
656 1108 719 1152 non
735 1089 821 1171 quod
838 1107 927 1171 opor-

178 1194 242 1247 teat
258 1205 332 1248 eum
349 1206 367 1248 a
383 1188 549 1252 mendacio
565 1206 725 1265 excusare,
744 1208 839 1270 quem
855 1206 927 1251 con-

179 1292 239 1346 stat
254 1284 385 1364 gravius
400 1286 583 1363 excessisse,
595 1287 649 1348 sod
665 1287 817 1369 quoniam
834 1286 927 1349 scirit

178 1402 259 1466 opus
273 1404 368 1446 suum
384 1404 420 1448 ac
437 1386 551 1449 vitium
568 1386 692 1469 llo'psen
709 1405 772 1451 non
790 1387 896 1449 latere.

226 1487 345 1545 Videas
363 1505 436 1563 erpo
453 1490 577 1564 Moyses
593 1492 765 1565 populum,
782 1491 867 1567 quod
883 1510 926 1547 es-

176 1594 222 1644 set
237 1588 385 1645 nudatae
397 1604 409 1646 .·
421 1587 559 1649 nudatus
577 1588 694 1649 etenim
712 1585 773 1648 fnit
788 1586 926 1669 populus

983 795 1174 857 diciano:
1190 799 1230 857 Si
1249 799 1322 876 quis
1340 808 1385 857 cst
1404 799 1550 867 Domini,
1561 798 1727 874 jeropolita·

983 897 1076 965 milri,
1090 894 1122 957 id
1138 903 1196 972 est,
1209 895 1265 978 qui
1282 915 1338 977 pcr
1352 895 1501 958 virtutem
1517 904 1549 958 et
1563 894 1666 958 zelum
1681 895 1727 976 ju-

983 993 1077 1057 stitiae
1104 995 1143 1057 ad
1170 994 1338 1057 Dominum
1368 995 1540 1077 portinent,
1567 1002 1663 1076 atque
1687 994 1726 1056 de

984 1100 1069 1155 tanta
1085 1093 1140 1155 Dei
1156 1093 1275 1174 injuria
1292 1094 1408 1171 dolent,
1417 1094 1569 1157 accedant
1584 1112 1641 1155 mc.
1653 1098 1726 1155 Con-

979 1195 1168 1271 properique
1181 1203 1258 1254 areret
1273 1197 1317 1253 ad
1331 1195 1427 1253 illum
1440 1213 1547 1253 omnes
1557 1195 1624 1271 fittt
1634 1194 1723 1255 Levi.
1769 1226 1772 1234 r

981 1290 1026 1351 Ex
1042 1290 1103 1353 hoe
1119 1290 1208 1372 sequi
1225 1291 1362 1368 videtur,
1379 1292 1464 1373 quod
1480 1291 1587 1352 nullus
1602 1290 1726 1354 Levita·

982 1408 1051 1451 rum
1063 1388 1076 1449 f
1078 1389 1159 1452 uerit
1168 1390 1327 1472 particeps
1338 1390 1523 1453 idololatria
1533 1389 1725 1471 hujusQuod

982 1496 1013 1550 et
1035 1488 1165 1569 quidam
1189 1489 1379 1565 concedunt,
1403 1507 1503 1571 quum
1530 1496 1635 1550 tamen
1659 1488 1725 1568 jam

982 1586 1102 1649 dictum
1120 1586 1171 1663 sit,
1184 1587 1270 1669 quod
1285 1588 1389 1651 Aaron
1405 1587 1530 1651 Levites
1546 1586 1725 1670 praecipuus

178 1682 232 1745 ille
259 1683 440 1759 idololatra,
462 1685 660 1767 protectione
683 1694 714 1748 et
735 1704 795 1768 ope
817 1686 926 1748 divina
980 1685 1014 1748 in
1035 1687 1096 1749 boc
1118 1686 1236 1749 scelere
1256 1705 1386 1750 consors
1406 1686 1571 1750 exstiterit.
1589 1686 1677 1749 Unde
1694 1694 1734 1748 et'

177 1791 309 1865 propter
326 1783 446 1847 scelera
463 1804 529 1847 sua.
547 1786 619 1849 Fuit
635 1785 710 1847 item
726 1787 873 1861 nudatus,
893 1786 924 1847 id
980 1784 1059 1867 Lyra
1081 1785 1134 1848 bic
1157 1785 1305 1867 reprobat
1326 1785 1427 1848 ltabbi
1448 1785 1660 1861 Salomonem,
1678 1786 1726 1846 di·

177 1890 225 1943 est
241 1881 478 1961 manifestatus
491 1884 567 1966 quia
583 1904 640 1967 per
656 1884 843 1947 exteriorem
859 1884 925 1948 ido·
943 1886 1105 1948 Bcentem
1121 1886 1207 1965 quod
1224 1884 1332 1946 nullus
1352 1886 1392 1947 de
1414 1883 1492 1947 filiis
1512 1884 1588 1948 Levi
1609 1883 1671 1945 fuit
1691 1883 1724 1946 in

177 1979 337 2043 lolatriam
354 2001 456 2059 suam,
470 1982 602 2046 interior
617 1984 687 2064 ejus
703 1984 925 2066 impietasque
979 1982 1072 2045 vituli
1090 1983 1298 2046 fabricatione
1311 1982 1723 2065 culpabilis.Vcrumtamen

179 2078 394 2143 idololatriam
425 2090 499 2145 ante
529 2084 686 2165 concepit,
716 2082 776 2145 fuit
804 2092 923 2165 aperta.
980 2080 1079 2144 Rabbi
1106 2082 1221 2144 Paulus
1245 2081 1391 2145 defendit
1415 2082 1599 2163 opinionem
1623 2079 1723 2143 ltabbi

177 2177 264 2251 Quod
281 2182 369 2243 cuim
386 2182 539 2264 aperitur,
552 2182 668 2245 dicitur
684 2183 808 2260 nudari,
826 2202 925 2264 quum
981 2180 1286 2257 Salomonis,diecns
1299 2200 1409 2245 omnes
1424 2181 1573 2263 antiquos
1584 2179 1725 2243 llcbraeo

85 2304 125 2335 er.
142 2306 162 2343 v,
178 2284 210 2338 et
224 2277 397 2360 Apostolus
413 2279 518 2343 dicat:
537 2280 649 2345 Omnia
665 2282 750 2343 nuda
767 2290 797 2343 et
817 2288 926 2363 aperta
980 2300 1049 2341 rum
1067 2280 1262 2362 expositores
1278 2298 1348 2343 csse
1364 2280 1450 2342 illins
1465 2279 1644 2361 opinionis:
1659 2297 1723 2341 non

70 2385 75 2394 ·
179 2384 252 2437 sunt
273 2378 377 2441 oculis
398 2380 479 2461 ejus.
497 2380 534 2441 Et
555 2380 588 2442 in
608 2379 829 2443 Ecclesiastico
850 2378 926 2442 scri·
979 2380 1063 2460 quod
1074 2378 1484 2460 unusquisqueLevitarum
1496 2377 1592 2442 fuerit
1604 2377 1725 2460 absque
1769 2408 1773 2413 -

132 2501 146 2543 r.
180 2488 271 2560 ptum
292 2490 340 2544 est
357 2500 364 2543 ε
380 2483 505 2547 Nudare
524 2485 619 2548 amici
640 2485 857 2561 commissum,
876 2484 927 2545 de·
980 2477 1074 2559 culpa
1091 2476 1176 2540 circa
1192 2477 1287 2540 vituli
1307 2476 1548 2559 productionem
1568 2484 1599 2539 et
1614 2477 1725 2539 adora-

54 2567 144 2607 ’Μ’
178 2580 319 2660 speratio
336 2590 383 2643 est
398 2581 514 2645 animae
531 2583 678 2647 infelicis.
689 2582 757 2659 Vel,
770 2582 870 2663 magis
886 2582 925 2643 ad
980 2576 1277 2657 tionem,quantum
1293 2573 1408 2639 adhoc
1423 2576 1509 2657 quod
1525 2594 1589 2638 non
1606 2574 1727 2638 restite·

179 2678 331 2755 litteram,
351 2680 471 2763 Moyses
493 2682 648 2764 populum
671 2680 751 2744 vidit
773 2682 925 2742 nudatum
981 2683 1066 2751 runt,
1089 2675 1264 2737 secundum
1288 2676 1374 2756 quod
1398 2675 1587 2751 debuerunt,
1610 2673 1725 2737 forma-

178 2776 218 2839 ab
234 2778 432 2841 ornamentis
449 2780 515 2841 suis
531 2778 684 2862 praetatis,
703 2778 869 2860 aureisque
883 2779 927 2859 jo
982 2773 1060 2835 tioni
1082 2773 1324 2855 adorationique
1344 2773 1457 2847 rituli,
1476 2774 1531 2835 sed
1551 2773 1636 2853 quod
1659 2791 1724 2836 non

179 2875 314 2939 calibus.
341 2876 430 2939 Unde
456 2876 661 2958 subjungitur
687 2895 694 2938 :
722 2880 926 2955 Spolr'aoernt
980 2880 1211 2936 consenserunt
1228 2880 1345 2948 mente,
1364 2872 1408 2933 ita
1422 2872 1508 2953 quod
1528 2890 1587 2933 nco
1607 2868 1724 2932 mentis

178 2976 266 3035 enim
288 2996 363 3035 earm
378 2978 505 3046 Aaron,
522 2976 553 3037 id
576 2984 635 3052 est,
653 2976 771 3059 populo
793 2974 926 3037 abstulit
981 2990 1149 3047 consensu,
1168 2990 1226 3034 nec
1242 2990 1337 3053 opere
1354 2969 1647 3045 idololatraverunt,
1665 2986 1724 3029 nec

178 3081 367 3147 ornamenta
388 3074 583 3154 hujusmodi,
602 3092 666 3135 non
685 3074 852 3151 violenter,
870 3073 925 3134 sed
943 3072 965 3135 G
982 3078 1067 3146 tuno,
1091 3088 1149 3132 nec
1170 3077 1279 3151 postea
1302 3088 1454 3150 unquam.
1476 3067 1523 3130 Ad
1545 3067 1630 3148 quod
1653 3084 1725 3148 pro

179 3190 216 3232 ea
235 3171 429 3253 postulando
447 3191 504 3254 pro
523 3171 708 3235 fabricando
723 3172 835 3235 vitulo.
853 3172 925 3234 ldco

178 3270 353 3333 subditur:
367 3282 499 3348 propter
521 3273 739 3347 r'pnornfnr'onc
760 3273 876 3339 serafin,
893 3270 925 3331 itl

179 3377 226 3429 cst
255 3376 387 3451 propter
418 3368 667 3450 ignominiosum
698 3387 734 3431 ac
762 3368 925 3431 sordidum

180 3466 300 3530 idolum
320 3468 572 3549 producendum,
590 3469 676 3548 quod
693 3468 822 3530 nomine
839 3468 927 3547 igno-

179 3562 286 3630 miniae
309 3588 345 3629 ac
370 3568 473 3630 sordis
496 3567 630 3648 exprimi
655 3567 734 3629 solet
758 3567 790 3629 ixx
810 3566 925 3630 vetoris

179 3666 372 3730 Testamenti
390 3666 574 3747 Scripturis,
591 3666 632 3729 ob
648 3666 842 3729 excessivam
861 3666 927 3728 ido-

179 3766 313 3830 lolatriae
333 3764 556 3828 enormitatem
576 3784 610 3827 ao
634 3764 821 3827 fmditatcm.
838 3764 926 3827 Unde

180 3876 210 3929 et
234 3884 344 3949 supra,
367 3883 432 3945 quo
458 3864 611 3945 scriptum
637 3870 695 3939 est,
718 3864 927 3927 Surrexerunt

181 3965 300 4039 ludere,
314 3963 347 4024 in
364 3963 494 4025 Hebraeo
518 3962 619 4024 fertur
641 3960 762 4037 haberi,
781 3962 928 4025 Surrexe-

181 4072 253 4124 runt
269 4062 423 4124 illudere:
437 4060 513 4142 quia
526 4060 674 4122 videlicet
691 4060 846 4123 idolorum
864 4060 928 4122 oul-

180 4170 257 4237 tura,
268 4168 317 4223 est
328 4158 481 4239 sacrilega
494 4158 609 4219 divinar
621 4158 795 4239 maiestatis
812 4158 925 4234 irrisio,

181 4359 335 4423 veraciter
351 4358 435 4420 dicat
456 4358 630 4439 Scriptura,
643 4357 724 4419 Deus
740 4376 804 4419 non
821 4356 929 4419 irride-

182 4458 331 4539 tur,quia
347 4474 411 4519 non
428 4454 561 4532 fallitur,
576 4475 633 4518 nec
649 4454 809 4536 quispiam
825 4464 930 4536 potest

183 4558 213 4619 ei
236 4575 364 4619 nocere.
381 4558 425 4617 Et
447 4558 530 4616 inter
549 4558 649 4615 froslcs
670 4558 797 4614 auctiora
814 4556 930 4614 consti-

184 4666 302 4727 tuerat,
313 4654 346 4717 id
363 4662 421 4730 est,
432 4652 563 4735 praefato
575 4655 670 4716 modo
686 4653 819 4715 nudavit
833 4672 930 4735 popu-

182 4755 248 4816 lum
265 4752 357 4815 illum
374 4752 409 4813 in
425 4752 529 4815 medio
543 4751 788 4833 ceterorum,qui
801 4751 929 4814 sceleris

181 4855 279 4935 hujus
306 4870 371 4914 non
398 4848 528 4913 fuerunt
552 4850 735 4932 participes,
756 4849 820 4912 imo
843 4851 929 4912 dcto-

181 4953 349 5016 stabantur
372 4958 402 5013 ct
425 4950 557 5012 oderant
581 4948 764 5011 idololatras
790 4948 872 5025 illos,
897 4948 928 5010 in

181 5059 340 5134 quantum
363 5048 454 5125 taleS,
476 5066 512 5109 ac
536 5047 629 5129 paulo
652 5055 724 5128 post
745 5046 931 5109 occiderunt

182 5150 323 5214 eosdem.

222 5258 266 5317 Et
287 5264 378 5315 sturae
399 5254 433 5313 in
450 5260 548 5329 porto
568 5260 758 5321 castrorum,
777 5250 809 5312 id
830 5259 877 5313 est
899 5250 931 5312 in

183 5372 247 5416 una
273 5350 472 5415 extremitate
497 5356 592 5430 atque
620 5347 752 5411 introitu
780 5349 932 5413 tentorio-

982 3169 1122 3230 bandum
1143 3167 1243 3230 Rabbi
1263 3166 1379 3229 Paulus
1396 3166 1512 3247 allegat
1529 3165 1628 3227 Rabbi
1643 3164 1725 3246 Μογ-

981 3285 1036 3328 sen
1057 3266 1250 3348 ,llgyptium
1271 3272 1485 3328 asserentem:
1502 3262 1650 3338 Quamvis
1672 3280 1726 3343 po

981 3365 1076 3447 pulus
1101 3365 1195 3427 lsrael
1222 3364 1342 3447 pluries
1365 3362 1591 3439 idololatravit,
1608 3360 1725 3424 Levitae

981 3472 1087 3525 tamen
1104 3483 1266 3545 nunquam
1283 3463 1576 3526 idololatrarerunt.

1016 3562 1076 3624 Sed
1092 3562 1192 3625 miror
1208 3581 1303 3645 super
1318 3561 1368 3622 his
1380 3561 1602 3641 verbis,quum
1612 3565 1725 3640 quarto

982 3660 1064 3723 libro
1080 3662 1199 3741 Regum
1213 3662 1367 3742 scriptum
1388 3660 1439 3735 sit,
1457 3657 1725 3740 quemadmodum

981 3761 1084 3823 Achae
1106 3781 1161 3824 rcx
1181 3780 1281 3843 quum
1301 3759 1435 3823 vidisset
1454 3758 1552 3819 altare
1569 3755 1724 3831 Damasci,
1747 3773 1872 3828 xeneae-1,

982 3862 1069 3924 misit
1094 3860 1176 3922 Uriae
1201 3859 1357 3922 sacerdoti
1382 3856 1542 3937 exemplar
1567 3856 1647 3936 ejus,
1672 3874 1726 3917 ex·
1742 3838 1858 3888 ‘⁰¹¹¹'¹⁵·

983 3960 1162 4041 struxitque
1177 3958 1266 4019 Urias
1282 3957 1428 4019 sacerdos
1448 3956 1558 4029 altaro,
1576 3952 1727 4035 praecepit

983 4078 1112 4141 quoque
1131 4057 1233 4118 Achae
1252 4055 1333 4117 Uriae
1352 4072 1359 4116 :
1379 4055 1478 4135 Super
1500 4054 1603 4134 majus
1628 4052 1727 4114 altare

983 4158 1067 4222 offer
1089 4156 1309 4219 holocaustum
1335 4152 1526 4215 matutinum
1551 4160 1582 4213 ct
1607 4150 1728 4213 sacrifi-

180 4268 337 4341 qnantum
357 4258 454 4321 estin
476 4256 554 4340 ipsis
576 4255 764 4333 idololatris,
781 4256 927 4338 quamvis
945 4259 969 4320 b
984 4258 1070 4321 cium
1087 4252 1315 4335 vespertinum,
1333 4260 1365 4313 et
1386 4251 1610 4314 holocaustum
1631 4249 1725 4327 regis.

983 4355 1176 4434 Certumque
1191 4359 1249 4428 est,
1267 4352 1352 4431 quod
1368 4350 1468 4412 Acbaz
1485 4349 1546 4410 fuit
1561 4348 1728 4412 idololatra

984 4453 1130 4516 vitiosus.
1143 4449 1296 4513 Similiter
1312 4449 1344 4509 in
1358 4448 1494 4511 Ieremia
1509 4447 1661 4510 habetur:
1676 4447 1729 4509 Sa-
1750 4461 1798 4505 εν.
1809 4463 1859 4510 aa.

984 4554 1128 4617 cerdotes
1145 4569 1207 4613 non
1224 4550 1391 4611 dixerunt:
1408 4548 1467 4610 Ubi
1483 4556 1532 4609 cst
1552 4547 1727 4610 Dominust

983 4655 1115 4735 lnsupcr
1136 4651 1275 4712 secundo
1291 4647 1372 4710 libro
1388 4646 1636 4709 Macbabaeorum
1657 4665 1729 4708 nar-

985 4762 1082 4829 ratur,
1106 4748 1376 4834 quemadmodum
1400 4748 1495 4809 lason
1520 4746 1617 4807 frater
1642 4745 1729 4810 Oniae

985 4851 1161 4936 pontilicis,
1184 4846 1376 4932 pontificatu
1400 4846 1526 4928 adepto,
1551 4845 1640 4906 misit
1664 4853 1728 4907 tre·
1769 4862 1876 4906 trunca.

985 4960 1093 5016 centes
1113 4947 1314 5011 didrachmas
1333 4943 1455 5026 argenti
1478 4945 1511 5006 in
1533 4942 1727 5006 sacrificium
1745 4929 1816 4977 Μ’·

986 5049 1148 5124 Herculis;
1165 5056 1197 5111 et
1216 5065 1326 5108 rursus
1341 5045 1426 5127 quod
1444 5044 1558 5106 tasone
1578 5043 1731 5105 inducen-

987 5158 1028 5227 te,
1041 5149 1220 5211 sacerdotes
1234 5146 1300 5227 jam
1317 5163 1381 5207 non
1396 5143 1481 5206 circa
1496 5141 1604 5204 altaris
1620 5140 1732 5204 officia
1759 5158 1866 5201 uren.

987 5248 1085 5311 dediti
1102 5254 1203 5321 crant,
1221 5244 1275 5306 sed
1292 5248 1475 5322 contempto
1494 5239 1612 5320 templo
1632 5248 1663 5301 et
1684 5259 1730 5300 sa-

987 5346 1120 5411 crificiis
1146 5342 1309 5425 neglectis,
1337 5339 1532 5403 festinabant
1558 5338 1730 5420 participes
