4309 6259
444 466 504 527 562

806 483 978 529 annuento
1000 484 1030 529 ΙΝ
1051 484 1120 527 CAP.
1143 482 1164 527 Χ
1184 481 1418 526 usureuon‘utttt.
1441 500 1481 509 -
1501 482 1573 527 ΛΒΤ.
1596 482 1627 528 xl

444 654 614 736 prietatum
630 675 666 718 ac
683 654 913 738 perfectionum
930 655 1142 737 participant3
1158 666 1188 715 et
1203 650 1227 711 ll
1241 652 1336 714 etiam
1354 653 1434 715 Deus
1449 672 1544 716 causa
1560 652 1663 715 laudis
1683 662 1756 729 tuas,
1772 652 1849 733 quia
1863 651 1890 713 si
1905 650 1987 732 quid

442 756 601 813 Dominus
629 757 886 823 dominantium,
917 758 1001 815 Deus
1032 776 1182 831 maanus,

438 862 551 929 potens
574 862 604 913 et
630 855 796 923 terribilia,
823 870 917 933 quem
948 852 1052 933 polus,
1081 852 1186 928 telius

441 958 623 1032 pontusque
652 959 865 1027 contremunt,
892 958 924 1013 et
954 950 1023 1033 ipsa
1053 951 1187 1012 numina

442 1048 687 1130 perhorrescunt
707 1066 714 1109 ε
737 1050 809 1112 ideo
832 1048 1036 1113 serviendum
1058 1069 1095 1111 ac
1116 1049 1188 1112 obe

441 1146 594 1209 diendum
616 1156 663 1210 est
686 1147 716 1210 ei
735 1167 808 1211 cum
829 1147 917 1211 omni
934 1147 1083 1229 puritate,
1101 1166 1189 1210 reve·

337 1314 341 1325 ,
443 1244 555 1323 remia,
574 1265 611 1309 ac
627 1253 783 1324 tremore;
800 1250 858 1327 put
869 1266 1041 1324 personam
1057 1267 1123 1307 uon
1139 1267 1188 1307 αθ-

443 1347 533 1421 riptt,
550 1344 627 1425 quia
646 1344 819 1425 unicuique
842 1344 946 1407 reddit
967 1345 1056 1425 juxta
1076 1345 1190 1408 merita

446 1460 514 1517 sua,
532 1442 615 1504 sicut
635 1449 667 1506 et
689 1443 836 1524 princeps
852 1442 1075 1524 Apostolorum
1097 1452 1190 1506 testa-

312 1564 433 1613 remur,
447 1548 498 1601 tur
516 1557 523 1600 :
541 1540 574 1601 ln
591 1540 723 1603 veritate
737 1541 1047 1623 comperi,quoniam
1064 1549 1191 1604 nonest

301 1629 334 1669 ³⁵·
447 1656 655 1719 personarum
679 1647 826 1721 acceptor
850 1640 942 1716 Deus,
963 1641 1017 1703 sed
1043 1640 1076 1701 in
1102 1639 1190 1703 omni

446 1745 540 1817 geute
562 1736 617 1819 qui
642 1737 731 1800 timet
751 1739 860 1814 Deum,
878 1746 909 1800 et
930 1746 1081 1820 oporatur
1098 1738 1192 1820 justi-

1243 750 1450 813 rirtuositatis
1470 772 1505 814 ac
1526 751 1755 814 laudabilitatis
1773 752 1805 814 in
1823 759 1853 813 te
1867 758 1927 825 est,
1943 750 1986 811 ab

1242 848 1312 929 ipso
1327 850 1478 912 donatum
1494 858 1553 912 est.
1563 853 1604 911 In
1619 852 1790 910 animabus
1804 850 1987 925 septuapr‘n-
2014 874 2125 915 {naun

1243 958 1276 1007 tu
1289 950 1520 1009 descenderunt
1533 959 1639 1026 patres
1655 949 1715 1019 tui,
1725 947 1874 1011 videlicet
1889 945 1985 1008 Jacob
1999 938 2099 1038 ‘ml
2114 1002 2121 1032 r

1242 1053 1274 1107 et
1291 1043 1353 1107 tilii
1368 1047 1450 1127 ejuS,
1467 1050 1504 1107 iu
1520 1050 1701 1124 AEpyptum
1716 1068 1728 1105 .·
1742 1046 1828 1128 quod
1845 1044 1983 1126 qualiter
2102 1030 2128 1039 ..

1242 1143 1485 1225 intelligendum
1501 1143 1553 1221 sit,
1570 1145 1755 1207 dictumest
1771 1145 1805 1206 in
1821 1143 1934 1206 Genesi
1949 1151 1981 1205 et

1243 1243 1361 1305 Exodo.

1284 1343 1454 1418 Postremo,
1471 1341 1603 1405 moralia
1622 1342 1718 1423 hujus
1738 1341 1870 1424 capituli
1890 1342 1985 1404 docu·
2018 1356 2101 1427 sae·

1244 1449 1361 1516 menta,
1387 1440 1685 1522 exhortationesque
1709 1440 1847 1503 fervidas
1871 1460 1908 1503 ac
1931 1440 1986 1503 de
1999 1421 2096 1460 m⁴¹¹³

1245 1548 1333 1604 votas
1348 1539 1568 1620 unusquisque
1583 1548 1725 1603 nostrum
1745 1539 1839 1602 (lebet
1858 1539 1986 1601 sibimet

1245 1638 1986 1720 applicareetintrasedicerezttuidltomimu
2013 1656 2125 1699 nurus.

1245 1741 1330 1797 Deus
1340 1741 1423 1815 petit
1434 1760 1454 1799 α
1471 1748 1511 1807 tc,
1523 1740 1590 1797 nisi
1604 1748 1638 1798 ut
1652 1740 1763 1798 timeas
1778 1757 1864 1814 eum,
1875 1748 1905 1799 et
1920 1760 1987 1798 om·

446 1835 533 1911 tiam,
551 1844 700 1917 acceptus
720 1845 768 1899 θεῖ
787 1836 835 1899 illi
849 1860 856 1911 ;
879 1859 936 1898 uec
951 1858 1099 1909 θιαηενα,
1114 1837 1191 1919 quia
1208 1837 1332 1899 Bbutes
1347 1838 1382 1896 in
1397 1838 1460 1896 vtis
1474 1835 1643 1913 ejmtviae
1656 1835 1773 1898 etenim
1784 1835 1911 1898 llomini
1927 1836 1986 1897 via
1999 1854 2126 1896 emma

444 1934 551 1996 omnia
567 1942 640 1996 suut
651 1935 824 2017 ipsius,qui
840 1935 875 1996 in
890 1954 923 1997 se
940 1935 1009 2017 ipso
1026 1936 1115 1999 dives
1131 1944 1187 2013 ost,

442 2042 474 2095 et
490 2033 603 2114 plenus
613 2034 734 2097 divitiis
746 2034 884 2116 propriis
895 2043 926 2097 et
936 2034 1189 2116 immensis‚quia

441 2130 474 2193 in
495 2131 564 2213 ipso
585 2141 632 2195 θεῖ
652 2133 795 2196 omnium
816 2133 973 2195 bonorum
994 2142 1024 2196 θῖ
1040 2133 1188 2217 pulchro·

439 2248 510 2291 rum
526 2250 562 2293 ac
577 2230 837 2294 desiderabilium
849 2230 990 2313 perlecta
1005 2239 1037 2295 et
1053 2230 1185 2295 infinita

434 2327 609 2408 possessio.
633 2330 727 2390 Irlrctt
742 2330 914 2405 judicium
929 2331 1060 2406 pupttto
1084 2340 1115 2389 et
1141 2333 1187 2389 vi-

438 2429 525 2496 duae,
542 2437 630 2487 amat
646 2430 867 2504 perepriuum,
884 2437 914 2488 et
934 2430 991 2488 dut
1010 2431 1042 2487 ei
1061 2432 1183 2489 uictum

441 2526 646 2585 revestitum.
662 2524 811 2599 Quamvis
832 2525 918 2591 enim
941 2524 1065 2587 cunctis
1087 2526 1187 2589 bomi-

445 2622 539 2684 nibus
562 2621 659 2686 faciet
679 2624 799 2704 justum
818 2624 986 2704 judicium,
1004 2634 1035 2686 et
1056 2624 1189 2706 injuria·

443 2729 549 2784 torum
575 2720 709 2802 injurias
734 2721 914 2798 ulciscatur,
941 2723 1122 2804 specialiter
1145 2733 1189 2786 ta-

444 2838 517 2881 men
533 2836 653 2901 pronus
669 2826 716 2881 est
733 2819 970 2882 miserabilibus
986 2840 1022 2884 ao
1038 2822 1188 2885 desolatis

444 2917 589 2998 personis
611 2936 806 2993 succurrere,
831 2926 862 2980 et
881 2919 1025 2999 judicare
1048 2939 1106 3002 pro
1128 2920 1185 2997 eis,

1244 1934 1396 2016 pulchrae,
1413 1942 1444 1996 et
1465 1953 1576 1998 omnes
1596 1935 1717 1998 semita
1738 1936 1808 2016 ejus
1827 1933 1983 2017 pacifica.

1244 2037 1286 2094 Et
1297 2036 1420 2110 ditipas
1433 2054 1518 2104 eum,
1531 2055 1568 2095 αθ
1581 2036 1703 2095 mutas
1718 2033 1747 2096 ei
1763 2036 1800 2094 iu
1818 2044 1879 2094 toto
1893 2038 1987 2094 corde

1244 2142 1309 2203 tuo,
1326 2131 1358 2193 id
1372 2140 1421 2193 est
1435 2151 1508 2194 cum
1523 2132 1610 2194 omni
1626 2132 1793 2213 diligentia
1808 2132 1988 2195 intellectu-

1241 2228 1302 2291 alis
1317 2230 1580 2293 considerationis
1597 2238 1692 2312 atque
1706 2239 1890 2313 spontaneae
1903 2229 1986 2293 alle·

1242 2329 1373 2402 ctionts3
1383 2340 1414 2389 et
1431 2332 1466 2390 tu
1482 2340 1547 2390 toto
1561 2332 1677 2391 aalma
1694 2340 1763 2401 tua,
1774 2330 1834 2393 boc
1849 2340 1898 2391 est
1913 2349 1986 2391 cum

1242 2435 1418 2491 ceterarum
1442 2427 1558 2490 virium
1584 2437 1709 2490 tuarum
1732 2448 1803 2505 usu,
1825 2428 1982 2505 custodia,

1243 2526 1480 2589 relormatione.
1497 2525 1739 2590 Consideremus
1754 2546 1896 2609 quoque,
1913 2547 1989 2609 qua·

1244 2625 1316 2687 liter
1329 2625 1471 2708 patribus
1489 2626 1606 2688 uostris
1616 2627 1735 2689 sanctis
1745 2626 1991 2708 Apostoliscou·

1242 2722 1417 2803 glutinatus
1433 2732 1480 2786 θεῖ
1496 2723 1658 2800 Dominus,
1670 2725 1764 2787 etiam
1780 2724 1991 2788 excellentius

1243 2841 1340 2903 quam
1359 2821 1523 2905 Prophetis
1545 2842 1582 2887 ao
1602 2822 1803 2905 Patriarohis‚
1825 2834 1859 2888 et
1877 2844 1990 2889 semen

1243 2939 1362 2995 eorum,
1375 2920 1524 2983 videlicet
1533 2922 1684 3004 populum
1696 2922 1916 3000 christianum,
1928 2924 1993 2987 ele

443 3022 538 3096 atque
548 3015 683 3097 injurias
694 3015 740 3078 eis
751 3016 854 3079 illatas
866 3017 970 3080 acrius
982 3018 1133 3082 vindicat.
1147 3024 1187 3083 Et
1201 3014 1300 3098 ugit.
1318 3019 1389 3081 ldeo
1408 3018 1636 3081 circumcidere
1655 3019 1807 3082 debemus
1830 3022 1990 3103 propolis

443 3133 496 3173 uos
505 3134 578 3191 erpo
588 3124 694 3175 amate
706 3116 901 3192 pcrepriuoa,
911 3115 990 3198 ipsis
1006 3116 1187 3199 specialiter

435 3211 511 3292 pios
526 3219 559 3274 et
573 3211 755 3275 caritativos
771 3231 827 3275 vos
842 3214 1136 3298 exbibend0,atque
1152 3217 1186 3279 iu

441 3309 501 3371 boc
530 3310 652 3373 Patrem
682 3310 970 3375 misericordiarum
1001 3317 1183 3395 sequendo;

440 3409 521 3486 quia
534 3418 564 3468 et
580 3410 644 3485 ipsi
658 3408 770 3485 fuistis
785 3413 916 3473 adventa
933 3414 967 3471 tn
985 3423 1070 3473 terra
1085 3418 1187 3492 ,Ερμ-

436 3508 516 3584 pti:
532 3506 603 3569 ideo
623 3506 737 3569 melius
758 3507 857 3585 scitis,
875 3510 1011 3589 qualiter
1030 3511 1186 3594 disposita

441 3603 506 3665 sint
520 3605 614 3667 corda
630 3605 881 3687 peregrinorum,
900 3616 931 3669 et
946 3610 1030 3689 quod
1047 3610 1185 3675 faciliter

441 3702 668 3765 contristentur
683 3703 886 3786 desolataque
902 3704 994 3783 liant,
1008 3708 1034 3767 si
1049 3708 1089 3769 ab
1106 3708 1186 3771 indi-

441 3800 531 3881 genis
547 3801 625 3863 dure
641 3809 814 3864 tractentur
833 3820 839 3864 :
857 3812 887 3865 et
904 3804 1032 3886 propria
1048 3804 1185 3869 infirmi·

442 3906 489 3960 tas
511 3918 547 3961 ac
569 3899 675 3981 passio
694 3900 812 3963 debent
832 3901 993 3965 bominem
1011 3922 1185 3983 provocare

441 3996 479 4057 ad
500 3996 745 4073 condolendum,
763 3998 1081 4082 subveniendumque
1102 4002 1185 4066 indi-

440 4094 588 4174 gentibus
613 4114 649 4157 ac
679 4094 830 4157 inlirmis.
858 4101 929 4175 Ipse
953 4102 1113 4160 Dominus
1140 4113 1185 4163 est

1243 3117 1345 3180 cordis
1376 3117 1487 3193 nostri,
1521 3116 1586 3181 imo
1617 3136 1726 3181 omues
1757 3118 1841 3181 vires
1871 3120 1988 3183 animae

1243 3215 1448 3297 membraque
1472 3216 1625 3297 corporis,
1652 3225 1808 3297 quatenus
1833 3217 1917 3281 sieut
1940 3218 1988 3281 ait

1243 3314 1395 3390 Salvator,
1423 3313 1565 3376 membra
1591 3315 1834 3378 scandalizantia
1859 3316 1989 3379 abscin-
2023 3334 2127 3375 uariis.

1241 3414 1364 3490 damus,
1378 3413 1437 3475 boc
1452 3420 1646 3488 est,omnem
1661 3412 1793 3474 abusum
1808 3422 1842 3476 θῖ
1856 3433 1986 3477 omnem
2002 3399 2038 3439 ²⁹
2048 3402 2080 3439 ω’

1242 3520 1347 3573 actum
1378 3510 1524 3574 illicitum
1556 3510 1704 3573 tollamus
1732 3530 1750 3572 a
1774 3513 1928 3575 membris
1952 3501 1986 3577 et

1241 3609 1399 3684 sensibus,
1416 3608 1594 3689 ceterisque
1609 3608 1771 3689 potentiis,
1784 3618 1816 3671 el
1836 3610 1986 3675 exhibea-

1242 3727 1312 3769 mus
1334 3727 1370 3770 ea
1390 3726 1478 3770 arma
1494 3706 1626 3787 justitia
1646 3707 1718 3769 lleo.
1736 3707 1838 3771 llouet
1857 3710 1985 3773 demum
1999 3730 2127 3771 amma

1242 3826 1300 3869 nos
1325 3825 1437 3888 passus
1460 3806 1529 3881 iste,
1554 3814 1588 3866 ut
1610 3805 1718 3882 Deum,
1742 3807 1793 3869 cui
1819 3809 1984 3890 proprium

1240 3913 1289 3968 est
1304 3903 1448 3967 misereri
1463 3924 1500 3966 ae
1516 3922 1655 3985 parcere,
1673 3904 1707 3966 in
1722 3905 1874 3986 operibus
1893 3907 1986 3969 mise

1241 4002 1386 4065 ricordiae
1396 4000 1615 4083 spiritualibus
1629 4021 1666 4064 ac
1681 4004 1899 4084 corporalibus
1915 4006 1985 4066 imi-

1242 4110 1355 4176 temur,
1379 4099 1467 4163 omui
1491 4118 1556 4180 quo
1580 4119 1748 4181 possumus
1773 4103 1878 4178 modo,
1903 4123 1984 4185 pree

439 4197 511 4253 taur
538 4203 606 4263 tuo,
631 4193 691 4258 boc
716 4203 764 4257 est
787 4196 948 4275 objectum
978 4197 1082 4260 laudis
1109 4208 1182 4277 tuae,
1200 4192 1223 4251 D
1240 4200 1349 4262 sertim
1372 4198 1456 4261 circa
1476 4197 1634 4275 infirmas,
1649 4199 1818 4277 desolatas,
1838 4200 1979 4265 aillictas

438 4290 588 4372 quoniam
605 4293 701 4357 Deum
716 4294 834 4375 jugiter
855 4295 950 4359 dobes
971 4297 1110 4361 laudare.
1129 4299 1183 4362 Est

1240 4297 1500 4379 miserabilesque
1516 4316 1678 4378 personas.
