4309 6259
419 510 478 573 rto
832 524 1009 570 arruoaxrro
1030 525 1061 569 ut
1082 524 1332 570 rsnrxrrrucnmr.
1355 544 1395 553 -
1416 526 1487 570 aar.
1511 526 1542 570 vr

418 696 478 759 dei
494 716 531 757 ex
546 694 706 759 occisione
720 694 836 757 Christi
857 692 1032 775 culpabiles
1051 702 1083 755 et
1103 694 1161 755 im·
1175 693 1200 755 A
1215 694 1342 757 avolare
1362 694 1603 777 permittebatur
1624 694 1657 756 in
1679 714 1801 776 agrum,
1823 696 1901 777 quia
1916 696 1962 760 le-

418 792 651 857 mundicffecti
667 802 741 854 sunt
756 812 857 874 usquc
871 792 1022 855 adfinem
1038 792 1159 867 saeculi,
1216 811 1330 874 prosus
1355 793 1478 856 redibat
1502 794 1540 856 ad
1567 794 1739 875 pristinum
1766 803 1883 857 statum
1908 795 1962 857 die

418 892 546 974 quando
563 891 707 973 reliquie
721 891 815 953 lsrael
831 891 1162 954 convertenturCinis
1216 899 1338 968 octavo,
1358 892 1437 953 rasis
1456 891 1532 973 pilis
1552 900 1584 954 et
1605 892 1757 969 vestibus,
1774 912 1847 973 quaa
1868 892 1962 955 inlici

420 990 506 1053 enim
529 1009 631 1055 vaccae
653 989 825 1053 combusta
846 990 1009 1060 collectus,
1028 990 1164 1071 poneba·
1218 989 1321 1052 solent
1344 1008 1400 1071 per
1420 989 1559 1071 lepram;
1577 990 1779 1071 postmodum
1804 989 1965 1054 offereba-

290 1105 405 1155 rvummx.
421 1099 472 1151 tur
489 1089 521 1151 in
537 1108 630 1170 aqua,
643 1098 675 1150 et
689 1088 735 1150 sic
752 1106 807 1169 per
821 1089 1057 1169 adspersioncm
1073 1107 1164 1150 mun·
1220 1096 1270 1149 tur
1295 1086 1491 1150 sacrificium
1518 1106 1576 1169 pro
1602 1096 1746 1170 peccato,
1774 1108 1847 1150 narn
1875 1089 1964 1171 lepra

274 1170 294 1208 ⁹·
420 1187 620 1268 davit2qoia
639 1187 740 1248 virtus
761 1186 917 1267 passionis
932 1186 1049 1249 Christi
1071 1186 1163 1267 aquis
1220 1185 1402 1267 frequenter
1432 1193 1562 1267 propter
1588 1196 1751 1268 peccatum
1783 1187 1962 1249 inducitur.

420 1286 621 1367 Baptismatis
636 1285 700 1348 vim
716 1285 964 1364 regenerativam
981 1285 1121 1347 donavit.
1219 1284 1474 1364 Tingebaturque
1485 1294 1660 1348 extremum
1671 1285 1821 1348 auriculae
1829 1286 1898 1367 ejus
1909 1286 1965 1367 qui

282 1402 407 1450 muta.
462 1384 613 1446 Sacerdos
628 1402 704 1446 vero
719 1383 836 1445 obtulit
852 1383 955 1464 primo
971 1402 1028 1464 pro
1044 1402 1078 1446 se
1094 1384 1165 1465 ipso
1220 1380 1281 1443 fuit
1298 1383 1511 1459 mundandus,
1530 1401 1642 1445 manus
1657 1402 1785 1464 quoque
1800 1384 1918 1447 dextras
1933 1392 1967 1447 et

275 1468 375 1517 ΜΨ·
422 1480 558 1544 vitulum
583 1500 641 1564 pro
666 1490 810 1562 peccato,
835 1481 868 1543 in
892 1482 1165 1545 commemoratio-
1221 1479 1321 1562 pedis,
1334 1480 1409 1562 quia
1426 1480 1459 1542 in
1476 1480 1526 1543 his
1542 1481 1686 1563 partibus
1702 1482 1790 1564 lepra
1805 1482 1967 1564 primodi-

422 1599 495 1642 nem
520 1579 640 1661 peccati
663 1579 766 1643 Aaron
793 1580 825 1641 in
850 1579 1047 1643 conflatione
1072 1580 1165 1643 vituli
1219 1580 1965 1661 gnoseituratquesentitur.hddebanturetiam

421 1677 529 1752 aurei;
547 1677 677 1740 arietem
693 1696 822 1759 quoque
837 1678 871 1739 in
886 1678 1118 1753 holocaustum,
1133 1678 1165 1740 in
1220 1678 1296 1739 ritui
1313 1679 1389 1740 huie
1412 1686 1474 1741 tres
1497 1678 1648 1759 liquores,
1666 1678 1815 1743 videlicet
1836 1680 1967 1760 sanguis

422 1776 548 1855 signum
572 1775 770 1857 principatus
792 1777 840 1837 sui
863 1795 959 1857 super
979 1777 1134 1859 populum
1157 1794 1163 1839 :
1220 1785 1331 1839 contra
1347 1776 1511 1855 sanguinis
1532 1777 1779 1859 corruptionem,
1799 1778 1905 1841 oleum
1924 1779 1965 1841 ad

420 1873 505 1937 aries
528 1873 613 1936 enim
636 1882 684 1936 est
698 1874 806 1937 ovium
829 1876 951 1938 ductor.
968 1875 1089 1937 Deinde
1111 1874 1167 1937 im·
1182 1872 1204 1933 B
1221 1874 1452 1953 designandum
1471 1875 1540 1956 ejus
1565 1876 1774 1953 sanationem,
1792 1875 1904 1937 vinum
1925 1876 1966 1937 ad

423 1973 554 2035 molavit
566 1991 623 2054 pro
634 1972 754 2053 populo
769 1972 874 2037 hireos
885 1973 1096 2035 duos:l'num
1108 1993 1166 2055 pro
1221 1973 1458 2035 emundandum
1485 1973 1682 2055 spurcitiam.
1709 1972 1865 2055 figuralis
1889 1992 1967 2037 varo

422 2078 553 2153 peccato
568 2070 783 2132 multitudinis
801 2088 808 2131 :
824 2089 922 2151 quum
939 2070 1025 2133 enim
1046 2072 1087 2133 sit
1103 2071 1167 2133 hir·
1222 2070 1335 2132 horum
1351 2070 1431 2133 ratio
1447 2078 1494 2133 est
1512 2090 1518 2134 :
1536 2090 1610 2134 nam
1631 2090 1688 2154 per
1707 2072 1787 2134 duos
1809 2090 1964 2153 passeres,

423 2188 480 2233 cus
502 2168 567 2231 vile
583 2188 620 2232 ac
646 2168 792 2231 foetidum
816 2169 946 2244 animal,
964 2178 1166 2251 peecatorum
1221 2168 1335 2231 Christi
1360 2169 1512 2231 divinitas
1537 2170 1680 2249 signatur
1699 2179 1795 2251 atque
1819 2170 1968 2232 humani-

423 2268 549 2330 sordem
565 2275 598 2329 ει
612 2266 881 2329 abominationem
897 2267 1063 2348 expressit.
1080 2266 1167 2329 Alter
1223 2274 1281 2328 tas.
1298 2267 1383 2329 Unus
1408 2286 1483 2347 ergo
1509 2286 1617 2349 passer
1640 2287 1735 2351 super
1757 2287 1855 2349 aquas
1877 2268 1967 2332 vivas

422 2383 498 2429 vero
514 2365 622 2428 hircus
638 2365 813 2427 ducebatur
833 2366 866 2426 in
886 2366 1058 2441 desertum,
1075 2366 1166 2446 quasi
1222 2363 1369 2441 offertur,
1379 2364 1454 2445 quia
1468 2364 1584 2427 Christi
1601 2366 1781 2428 humanitas
1797 2384 1891 2447 passa
1906 2376 1966 2440 est,

424 2463 573 2528 deferens
588 2462 741 2526 ellectum
757 2462 908 2526 sacrificii
926 2463 1094 2538 immolati;
1111 2464 1168 2527 sci·
1222 2471 1252 2525 et
1273 2462 1385 2525 merito
1402 2480 1466 2525 suaa
1488 2462 1609 2539 mortis,
1624 2482 1714 2544 aqum
1736 2464 1888 2545 Baptismi
1904 2464 1968 2527 vir-

424 2562 499 2625 lioet
513 2570 642 2644 peccata
657 2561 779 2643 populi,
798 2580 855 2643 pro
870 2562 988 2643 quihus
1005 2563 1089 2645 prior
1105 2564 1168 2625 hir·
1222 2570 1322 2623 tutem
1346 2561 1520 2623 mundandi
1545 2560 1726 2624 distribuit.¹
1746 2562 1833 2624 Alter
1858 2570 1966 2624 autern

424 2680 481 2724 cus
503 2668 571 2722 erat
585 2659 722 2737 occisus,
743 2660 913 2740 designans
936 2661 1066 2724 dimissa
1085 2680 1092 2723 :
1110 2680 1168 2744 pro
1222 2679 1331 2742 passer
1348 2658 1530 2737 dimittitur,
1547 2659 1699 2740 quoniam
1715 2660 1830 2723 Christi
1852 2660 1967 2723 divini·

423 2758 540 2841 quibus
556 2758 624 2841 ipse
634 2760 725 2842 quasi
740 2777 867 2841 poenam
883 2760 1028 2838 exsolvit,
1041 2762 1117 2823 dum
1133 2761 1166 2823 in
1223 2768 1269 2821 tas
1284 2758 1424 2842 passioni
1441 2777 1504 2822 non
1521 2757 1725 2821 subdebatur.

422 2860 549 2921 deserto
564 2858 705 2935 relictus,
715 2858 926 2922 devorabatur
942 2880 960 2922 a
975 2859 1096 2922 bestiis.
1110 2860 1167 2943 lly-
1261 2859 1294 2919 ln
1311 2858 1512 2922 institutione
1522 2866 1673 2939 praeterea
1688 2857 1907 2921 ministrorum
1923 2858 1966 2921 al-

423 2959 504 3021 stica
527 2967 633 3021 autem
655 2958 769 3021 horum
786 2956 866 3021 ratio
882 2956 944 3020 fuit
962 2978 969 3021 ε
988 2978 1061 3021 nam
1082 2958 1168 3022 Chri·
1223 2956 1310 3033 laris,
1333 2956 1393 3018 tria
1419 2955 1549 3019 fiebant.
1576 2956 1680 3020 Primo
1704 2956 1789 3019 euim
1815 2956 1966 3038 purifica·
1992 2979 2118 3023 naa-..na

424 3066 492 3121 stus
514 3058 698 3141 designatur
721 3076 777 3139 per
791 3057 939 3134 vitulum,
958 3067 1087 3141 propter
1106 3057 1204 3121 vir-C
1222 3054 1349 3131 bantur,
1367 3056 1506 3117 secundo
1521 3054 1799 3131 consecrabantur,
1817 3062 1847 3117 et
1870 3055 1965 3117 tertio
1980 3045 2025 3085 ⁶²¹
2035 3054 2084 3095 ¹²⁹·

424 3165 523 3220 tutem
537 3182 544 3231 ς
558 3175 614 3239 per
629 3156 910 3237 arietem‚proptcr
925 3156 1139 3239 principatum
1159 3182 1166 3232 ;
1222 3153 1321 3217 cultui
1338 3152 1391 3214 [lei
1408 3151 1661 3233 applicabantur.
1679 3152 1897 3215 Communiter
1912 3172 1966 3215 au-

283 3275 409 3325 naauaa.
425 3274 482 3338 per
497 3256 633 3331 hircum,
645 3263 774 3336 propter
797 3254 1040 3317 similitudinem
1063 3256 1168 3318 carnis
1225 3260 1287 3314 tem
1305 3269 1415 3313 omnes
1431 3248 1685 3332 purificabantur
1699 3268 1756 3331 per
1771 3270 1862 3331 aquae
1876 3250 1967 3313 ablu-

290 3384 323 3427 10,
333 3386 401 3433 „ma
426 3354 559 3436 peccati.
576 3352 720 3415 Christus
735 3352 821 3415 enim
844 3353 1027 3415 immolatus
1042 3362 1091 3416 εει
1112 3373 1169 3435 pro
1224 3350 1341 3412 tionem
1357 3357 1388 3411 et
1410 3347 1568 3411 sacrificia
1590 3350 1755 3429 quaedam3
1773 3351 1826 3411 sed
1850 3348 1968 3412 Leritae

302 3450 380 3493 ¹⁹²¹*
389 3462 410 3499 ¹¹·
425 3452 569 3515 omnium
592 3451 695 3533 culpis
717 3451 873 3515 delendis.
891 3450 928 3513 Et
943 3452 1020 3533 quia
1035 3452 1068 3514 in
1091 3454 1169 3516 hora
1224 3447 1405 3529 specialiter
1419 3465 1529 3510 omnes
1544 3446 1687 3529 corporis
1707 3448 1755 3508 sui
1779 3447 1863 3528 pilos
1883 3450 1968 3511 rade-

278 3516 310 3557 „
426 3550 583 3633 passionis
599 3550 753 3612 divinitas
770 3549 1001 3612 humanitatem
1017 3552 1107 3631 quasi
1125 3570 1170 3614 re
1224 3545 1310 3610 bant.
1320 3546 1502 3608 Sacerdotes
1514 3562 1588 3607 vero
1604 3554 1698 3627 atque
1714 3544 1886 3627 pontifices
1897 3555 1969 3628 post

425 3649 530 3730 liquit,
548 3648 674 3711 solitam
692 3647 896 3710 influentiam
913 3648 1113 3726 subtrahens,
1128 3650 1169 3712 id-
1223 3644 1418 3709 ablutionem
1436 3643 1651 3706 induebantur
1667 3643 1860 3725 specialibus
1877 3646 1969 3708 vesti-

424 3747 510 3810 circo
521 3766 577 3828 per
587 3746 711 3808 hircum
724 3746 762 3808 ad
773 3747 897 3808 deserta
908 3748 1088 3811 tendentem
1101 3749 1170 3830 ipsa
1224 3744 1351 3819 mentis,
1364 3744 1404 3805 ad
1419 3762 1528 3807 eorum
1545 3742 1731 3823 dignitatem
1747 3742 1968 3805 demonstran·

424 3844 578 3925 signatur.
1225 3844 1295 3905 dam
1313 3842 1539 3923 spectantibus.
1553 3840 1611 3904 Sed
1628 3840 1772 3922 pontifex
1788 3840 1969 3922 specialiter

465 3942 607 4024 lienique
623 3941 702 4022 legis
723 3950 881 4025 praecepto
904 3943 1021 4023 leprosi
1040 3945 1171 4006 munda·
1225 3940 1294 4004 oleo
1312 3940 1471 4004 unctionis
1496 3940 1673 4019 ungebatur
1699 3940 1868 4021 incapite,
1893 3940 1969 4021 quia
1984 3961 2117 4006 ama.

425 4040 593 4117 bantur,id
608 4049 666 4118 est,
677 4039 822 4102 mundati
838 4040 1096 4103 ostendebantur.
1110 4041 1171 4102 l’ri-
1224 4039 1265 4101 ab
1288 4038 1357 4121 ipso
1380 4037 1582 4101 derivabatur
1598 4038 1804 4101 consecrandi
1827 4047 1968 4120 potestas
1983 4024 2004 4063 ⁷·

425 4159 478 4203 mo
498 4139 582 4202 enim
604 4141 748 4221 leprosus
768 4137 1000 4220 purificabatur
1020 4158 1076 4221 per
1097 4140 1168 4215 hoe,
1225 4137 1264 4199 ad
1280 4137 1370 4200 alios.
1388 4136 1503 4199 Levita
1517 4153 1645 4215 quoquc
1667 4135 1762 4197 aliam
1786 4153 1849 4200 non
1872 4136 1969 4199 habe

285 4264 412 4313 ranan,
427 4238 511 4317 quod
528 4238 693 4298 mundusa
708 4236 796 4316 lepra
805 4235 1170 4317 judicabatur.Secundo
1187 4238 1211 4299 D
1227 4234 1303 4297 hant
1327 4233 1607 4309 consecrationem,
1636 4233 1697 4294 nisi
1723 4233 1806 4314 quod
1832 4233 1968 4298 Domino

281 4327 356 4375 Μ·
367 4328 399 4367 ³⁷·
427 4343 532 4397 autem
548 4333 780 4415 purificabatur
794 4351 851 4415 per
866 4333 937 4409 hoc,
954 4335 1039 4415 quod
1060 4334 1170 4397 huma·
1226 4332 1444 4396 offerebantur
1459 4352 1476 4393 a
1491 4332 1611 4413 populo
1629 4350 1685 4413 per
1701 4350 1813 4393 manus
1836 4334 1968 4414 pontifi·
1998 4357 2116 4407 umam,

428 4451 469 4496 no
488 4432 659 4509 consortio,
676 4431 839 4511 cultuique
854 4432 965 4495 divino
986 4433 1170 4496 restitueba·
1226 4432 1282 4508 cis,
1300 4432 1391 4512 cujus
1408 4430 1468 4492 luit
1479 4448 1536 4511 pro
1552 4430 1598 4493 cis
1613 4428 1743 4493 offerre.
1761 4430 1965 4496 sacerdotum
1985 4423 2018 4461 ¹³·

427 4539 479 4593 tur
494 4539 566 4613 post
585 4530 652 4592 dies
673 4539 806 4612 septem.
823 4530 857 4591 ln
873 4530 976 4610 prima
993 4549 1068 4593 vero
1085 4533 1170 4612 puri·
1226 4539 1330 4593 autem
1348 4528 1506 4591 minorum
1523 4529 1597 4592 solae
1612 4548 1724 4591 manus
1739 4529 1969 4593 consecraban-

288 4652 412 4703 maanva
426 4630 578 4693 ficatione
588 4628 704 4692 obtulit
719 4628 862 4710 leprosus
877 4630 1080 4692 mundandus
1091 4630 1170 4695 duos
1228 4636 1287 4704 tur,
1303 4626 1380 4708 quia
1402 4634 1492 4688 erant
1509 4626 1618 4689 divino
1634 4626 1735 4690 cultui
1756 4627 1965 4709 applicandae.

279 4720 300 4758 ‘'
313 4727 359 4771 ⁰²⁹·
426 4747 570 4811 passeres
582 4728 800 4804 vivos,contra
816 4726 1093 4791 insensibilitatem
1106 4748 1170 4793 car·
1226 4728 1263 4788 Et
1280 4727 1318 4788 do
1334 4724 1488 4804 sanguine
1503 4723 1654 4787 sacrificii
1671 4726 1852 4806 tingebatur
1867 4736 1969 4791 extre·
1985 4748 2114 4794 eseam.

427 4828 476 4890 nis
493 4829 639 4908 leprosae3
650 4826 773 4907 lignum
790 4826 1085 4904 cedrinum‚contra
1100 4830 1169 4910 ejus
1226 4844 1312 4887 mum
1338 4824 1488 4886 auricula
1512 4824 1647 4885 dexterae
1671 4842 1792 4901 eorum,
1809 4834 1968 4905 quatenus
1984 4814 2018 4853 ’θ’

426 4926 626 5009 putredinem
642 4926 771 5005 (cedrus
786 4924 871 4988 enim
892 4934 941 4988 cst
962 4925 1170 5008 imputribilis
1225 4922 1331 4987 vorbis
1358 4922 1435 5001 legis
1460 4922 1587 4999 auditis,
1600 4922 1747 5004 protinus
1772 4920 1940 4986 obedirent
1959 4950 1966 5001 3

424 5023 551 5103 arhor);
579 5022 763 5103 hyssopum,
791 5040 862 5102 que
887 5022 1046 5085 odorifera
1071 5025 1169 5087 herba
1224 5021 1356 5104 pollices
1376 5040 1505 5102 qnoque
1530 5040 1641 5082 manus
1663 5040 1699 5083 ac
1722 5020 1811 5102 pedis
1834 5024 1967 5093 dexteri,

424 5130 482 5197 cst,
510 5128 621 5183 contra
642 5119 737 5200 leprae
765 5119 930 5195 foetorem;
958 5121 1167 5183 vermiculum
1224 5128 1380 5202 quatenus
1397 5120 1494 5198 agiles
1509 5128 1612 5181 essent
1631 5121 1830 5200 exsequendo
1846 5121 1966 5184 divina.

423 5238 562 5302 quoque,
579 5216 634 5299 qui
651 5227 699 5280 cst
714 5216 778 5280 vivi
794 5216 922 5293 coloris,
938 5227 1048 5281 contra
1065 5219 1169 5283 delor—
1224 5219 1315 5282 Ratio
1339 5228 1445 5281 autem
1465 5217 1610 5299 figuralis
1632 5218 1763 5280 istorum
1790 5226 1838 5281 est
1861 5239 1869 5282 :
1895 5238 1968 5281 nam

424 5338 507 5381 mem
533 5317 604 5397 ejus
627 5317 823 5397 adspectum.
847 5315 934 5379 Unus
958 5336 1034 5380 vero
1060 5337 1168 5399 passer
1224 5318 1278 5399 qui
1298 5318 1337 5380 ad
1357 5316 1474 5380 Christi
1496 5314 1709 5379 ministerium
1728 5326 1965 5387 consecrantur,
