4309 6259
433 481 472 547 90
829 498 1003 546 usnnanrro
1025 500 1055 545 m·
1077 500 1145 546 aar.
1168 499 1233 547 xxx
1253 499 1355 547 eraut.
1378 519 1419 529 —
1439 501 1510 545 aar.
1534 500 1583 546 ux

473 671 622 753 Sequitur
637 672 676 735 de
692 672 922 755 compositione
938 680 970 735 et
985 671 1104 735 ellectu
1115 673 1177 736 olci
1192 672 1403 754 A'guentarii,
1416 681 1526 755 utpote
1541 672 1682 737 artifices
1698 674 1731 737 in
1746 675 1975 758 compositione

432 772 606 835 unctionis
638 776 840 852 Locataspac
868 784 912 833 est
942 776 1101 833 Doneinas
1134 777 1179 833 ad

432 875 575 949 Moysen,
585 875 693 932 dicens
705 894 716 931 :
726 876 828 933 Stante
844 874 903 933 tibi
913 882 1058 933 aromata
1074 878 1178 934 elceta’

429 994 583 1051 satyrata,
600 974 662 1051 vel,
680 982 714 1036 ut
735 974 789 1036 alii
811 974 940 1049 babent,
958 975 1094 1055 myrrhae
1114 976 1179 1057 pri-

431 1092 491 1135 mae
512 1081 543 1135 ei
568 1073 686 1150 electas,
704 1076 893 1155 qztirraeatos
917 1078 1020 1146 siclos,
1046 1075 1178 1155 loquen-

430 1172 471 1236 do
496 1173 535 1235 dc
558 1171 637 1235 siclo
661 1173 717 1255 qui
739 1172 853 1253 viginti
876 1172 987 1236 obolos
1010 1174 1116 1251 babet,
1138 1176 1178 1237 dc

431 1290 494 1354 quo
511 1291 596 1335 nunc
612 1272 731 1335 dictum
747 1280 804 1335 est.
823 1272 912 1335 Circa
928 1274 987 1336 boc
1008 1274 1052 1336 ait
1068 1274 1150 1337 Beda
1167 1292 1174 1335 :

431 1372 565 1454 Smyrna
578 1371 813 1447 Graece,Latinc
830 1372 945 1434 dicitur
961 1373 1178 1454 myrrhaque

431 1477 479 1533 est
503 1470 597 1533 arbor
621 1470 655 1531 in
677 1469 792 1532 Arabia
817 1470 959 1552 quinquo
984 1470 1176 1548 cubitorum,

431 1569 523 1651 cujus
548 1569 686 1649 uirgulta
701 1568 819 1633 Arabes
841 1578 988 1647 exurunt,
1005 1579 1039 1632 ut
1062 1571 1178 1634 melius

431 1668 590 1751 pullulent
614 1676 709 1750 atque
739 1668 946 1732 fructificent.
973 1670 1017 1731 Ex
1041 1689 1176 1751 quorum

431 1769 528 1831 odore
558 1767 753 1831 incurabiles
783 1769 910 1831 morbos
940 1769 1174 1846 contraherent,

1232 782 1263 836 et
1279 773 1505 836 commixtione
1520 782 1753 854 unguentorum
1769 776 1876 857 periti,
1894 777 1976 839 lace

1232 894 1266 936 re
1282 873 1396 935 solent.
1406 876 1450 935 Et
1465 894 1564 950 unipes
1578 895 1619 935 ear
1633 896 1667 935 eo
1683 878 1926 937 tabernaculam
1939 887 1976 938 te·
2033 909 2035 913 ·

1231 975 1390 1046 alimonii,
1402 984 1431 1034 et
1447 995 1557 1035 aream
1575 977 1765 1045 testamenti,
1775 996 1977 1055 mensamque

1232 1096 1306 1134 cam
1323 1077 1408 1134 casis
1426 1076 1506 1144 saia,
1529 1076 1759 1134 eaatlelabram
1774 1085 1803 1135 ct
1823 1078 1976 1137 atartsilia

1231 1175 1312 1250 ejas,
1331 1174 1454 1233 altaria
1471 1173 1695 1248 thymiamatis
1719 1184 1749 1235 et
1769 1176 1945 1235 holocausti
1964 1196 1976 1235 .·

1231 1290 1367 1353 quorum
1383 1290 1483 1333 unum
1500 1270 1562 1333 luit
1576 1271 1677 1334 altare
1696 1272 1923 1355 thymiamatis,
1946 1282 1977 1336 et

1231 1371 1366 1433 alterum
1388 1370 1586 1444 holocausti;
1613 1381 1643 1431 et
1665 1373 1849 1432 artiecrsam
1874 1377 1977 1450 suprat-

1234 1471 1369 1531 tcctilcm
1391 1492 1463 1551 quar
1487 1474 1531 1531 act
1552 1475 1677 1531 culicem
1701 1491 1811 1532 eoram
1821 1474 1973 1548 pertinet.

1232 1570 1276 1632 lle
1290 1570 1441 1633 omnibus
1457 1570 1527 1633 istis
1542 1590 1560 1632 a
1575 1570 1715 1652 capitulo
1725 1569 1877 1633 vicesimo
1886 1571 1976 1652 quin·

1232 1677 1265 1731 to
1280 1678 1312 1732 et
1327 1669 1453 1748 deinde,
1474 1678 1522 1732 est
1537 1670 1669 1733 dictum.
1691 1673 1976 1751 Sanctificadisqae

1232 1772 1342 1829 omitia
1368 1770 1439 1845 ista,
1452 1769 1667 1832 consecrando
1683 1778 1714 1831 et
1729 1770 1867 1851 aptando
1882 1789 1921 1833 ea
1936 1772 1976 1834 ad

432 1867 495 1930 nisi
517 1866 605 1930 fumo
627 1867 758 1931 storacis
778 1876 992 1931 occurrerent.
1010 1868 1072 1930 Alii
1098 1888 1178 1950 quo·
1194 1874 1216 1935 B
1232 1867 1353 1930 cultum
1382 1868 1540 1932 divinum.
1563 1868 1602 1929 Et
1631 1867 1725 1931 facile
1753 1877 1802 1931 est
1830 1888 1974 1951 pensare,

430 1986 494 2048 que
519 1966 641 2043 dicunt,
667 1967 753 2048 quod
778 1967 905 2049 myrrha
931 1976 978 2030 est
1006 1969 1177 2032 aromatica

430 2067 536 2142 arbor,
547 2066 638 2145 cujus
652 2074 741 2145 gutta
757 2085 812 2128 scu
828 2066 959 2128 lacrima
974 2067 1092 2149 duplex
1107 2076 1174 2130 est:

431 2184 495 2226 una
511 2183 567 2246 per
583 2165 712 2227 modum
734 2164 911 2226 sudationis
927 2184 1089 2244 amanam,
1107 2187 1178 2248 quai

431 2263 619 2339 meliorest,
636 2270 667 2326 ct
682 2263 785 2344 prima
801 2264 929 2345 myrrha
945 2274 1075 2327 vocatur
1090 2290 1097 2341 ;
1115 2267 1178 2328 alia

432 2382 488 2446 per
504 2361 631 2426 corticis
648 2362 887 2439 incisionem,et
904 2364 1087 2427 nominatur
1097 2386 1179 2447 myr-

432 2464 489 2527 rha
512 2462 661 2525 secunda.
679 2466 722 2524 Et
743 2466 943 2524 cirmamami
967 2468 1120 2537 arcadiam,
1144 2470 1179 2526 id

431 2575 476 2623 est
499 2568 650 2624 (trecentos
674 2564 916 2642 qttinpaapinta
941 2567 1043 2625 siclos.
1068 2566 1179 2629 Cinna-

433 2662 766 2739 momum,sccundum
782 2661 989 2739 Glossam,cst
1005 2665 1178 2745 virgultum

433 2762 567 2822 duorum
590 2760 781 2837 cubitorum,
799 2762 833 2823 iu
850 2762 937 2824 ludia
953 2764 1002 2826 rel
1019 2764 1179 2846 :Ethiopia

434 2879 579 2935 nascenS,
597 2858 630 2919 iu
647 2860 776 2921 modum
792 2880 913 2938 cannen,
931 2862 1064 2924 subtiles
1080 2883 1115 2926 ac
1133 2883 1180 2925 rc-

433 2958 566 3041 plicatos
591 2958 729 3021 calamos
755 2958 886 3034 babcnS,
915 2962 998 3039 nigri
1020 2960 1179 3025 cinereirc

1231 1968 1317 2047 quod
1333 1986 1397 2029 uon
1423 1967 1626 2047 ungebantur
1649 1986 1706 2048 per
1729 1975 1825 2030 totam
1841 1968 1977 2051 superii-

1232 2066 1313 2130 eiem
1337 2085 1438 2144 suam,
1456 2067 1510 2129 sed
1531 2066 1631 2145 digito
1652 2066 1752 2129 tincto
1767 2067 1800 2128 in
1816 2068 1897 2144 olco,
1921 2067 1977 2131 lic-

1231 2166 1286 2229 bat
1301 2166 1334 2227 in
1350 2165 1445 2227 certis
1469 2165 1613 2247 partibus
1634 2166 1778 2248 quaedam
1802 2166 1916 2229 linitio.
1934 2171 1977 2229 Et

1232 2276 1326 2326 errati
1341 2276 1451 2325 saneta
1467 2276 1661 2333 sanctorum,
1680 2264 1776 2327 idest
1795 2266 1886 2329 valde
1906 2286 1978 2329 san-

1232 2373 1293 2441 cta,
1320 2363 1497 2445 praesertim
1519 2364 1757 2445 comparatione
1781 2384 1887 2427 rerum
1912 2384 1976 2429 uon

1231 2473 1498 2540 consecratarum,
1516 2482 1586 2545 quae
1605 2464 1637 2525 iu
1657 2482 1859 2527 communem
1880 2466 1978 2529 bomi-

1233 2583 1310 2625 num
1341 2564 1474 2626 ueniunt
1504 2583 1607 2627 usum.
1635 2564 1734 2626 Aliter
1758 2573 1864 2627 autem
1900 2565 1979 2629 inte

1233 2663 1298 2726 rior
1313 2682 1386 2745 pars
1404 2664 1598 2727 tabernaculi
1616 2665 1700 2725 dicta
1714 2672 1762 2727 cst
1777 2664 1890 2726 Sancta
1910 2684 1979 2727 san-

1232 2774 1369 2839 ctorum,
1394 2764 1473 2825 sicut
1496 2785 1535 2825 ex
1550 2763 1735 2846 praebabitis
1757 2771 1890 2826 constat.
1914 2768 1979 2834 Qui

1234 2865 1372 2939 tetr‘perit
1397 2885 1446 2930 ea,
1472 2866 1741 2941 sanctificabitur,
1768 2863 1800 2924 id
1831 2872 1889 2940 est,
1921 2864 1976 2945 qui

1234 2961 1367 3024 idoneus
1384 2961 1479 3024 luerit
1501 2962 1624 3043 aliquid
1645 2962 1761 3025 borum
1780 2962 1976 3044 contingere,

432 3056 558 3134 coloris,
576 3057 631 3139 qui
650 3056 752 3134 tracti,
775 3060 911 3121 reddunt
933 3060 1061 3122 visibile
1083 3061 1215 3143 spira-C
1233 3080 1270 3123 ex
1296 3062 1355 3125 boc
1384 3062 1552 3141 quamdam
1580 3061 1729 3124 sortietur
1755 3060 1979 3124 sanctificatio-

432 3165 587 3219 mcntum.
604 3156 707 3239 Atque
727 3166 760 3219 ut
782 3158 836 3221 alii
860 3158 978 3230 dicunt,
999 3161 1116 3241 duplex
1132 3170 1178 3222 cst

433 3257 671 3319 cinnamomum
691 3275 697 3318 :
716 3277 827 3335 unum,
845 3259 930 3339 quod
948 3260 1027 3321 nihil
1045 3269 1098 3321 aut
1116 3279 1180 3322 mo-

434 3355 541 3418 dicum
557 3355 653 3419 babet
669 3357 775 3420 odoris
789 3381 796 3431 ;
813 3357 899 3419 aliud
917 3358 1017 3437 magis
1033 3361 1180 3421 aromati-

433 3462 695 3536 cum‚cortexquc
711 3456 779 3536 ejus
792 3457 960 3537 pretiosior
972 3458 1073 3521 l'ertur
1085 3479 1178 3539 quam

434 3553 569 3634 lignum.
586 3554 674 3616 l'ude
694 3562 724 3617 ct
746 3563 916 3637 utrumque
933 3576 988 3637 per
1011 3576 1044 3619 sc
1062 3560 1181 3639 ponde-

433 3661 531 3713 ratur.
547 3657 674 3713 Calami
688 3656 747 3713 sim
754 3656 840 3714 iliter
855 3658 1005 3716 (literatos
1021 3660 1181 3738 qttt'nqaa-

430 3754 524 3827 piata
540 3754 642 3812 stelas
653 3752 797 3815 Calamus
813 3761 860 3814 est
875 3753 979 3830 arbor,
993 3756 1178 3836 virgultum,

435 3869 491 3912 scu
517 3850 638 3931 specics
663 3852 834 3913 aromatica
855 3853 943 3932 justa
964 3853 1131 3930 Libanum,
1150 3865 1181 3918 et

434 3949 554 4012 bonum
567 3950 670 4011 reddit
686 3951 822 4013 odorem.
836 3956 935 4013 Casia’
950 3976 1072 4032 pictique
1089 3959 1181 4034 piria·

317 4067 422 4122 quianon·
435 4050 594 4128 qaape'ata
607 4050 617 4072 '
632 4050 734 4108 statos.
752 4049 841 4111 Casia
857 4058 903 4112 est
920 4052 1014 4113 arbor
1036 4054 1182 4115 aromati-

289 4135 322 4173 toa

435 4167 471 4209 ca
496 4146 618 4209 robusti
644 4147 782 4223 codicia,
811 4151 978 4231 purpureis
1005 4150 1102 4224 loliis,
1130 4154 1182 4214 ba-

1235 3180 1307 3223 ncm
1337 3180 1393 3221 scu
1422 3158 1667 3235 ordinationem,
1692 3158 1978 3242 habitudinemque

1233 3260 1272 3321 ad
1296 3260 1404 3322 ileum.
1429 3258 1484 3320 l'el
1509 3277 1620 3319 sensus
1645 3265 1702 3333 est,
1730 3258 1813 3339 quod
1839 3258 1977 3321 ministri

1233 3360 1375 3421 volentos
1399 3365 1527 3438 tangere
1549 3377 1597 3432 ea,
1615 3358 1703 3440 prius
1729 3358 1930 3421 sanctificare
1945 3378 1979 3421 se

1233 3459 1380 3521 debeant.
1394 3458 1619 3520 l'crumtamen
1638 3476 1701 3520 non
1718 3458 1833 3521 licebat
1849 3458 1979 3540 quibus-

1234 3558 1309 3620 libct
1329 3567 1468 3638 tartgcre.
1486 3557 1551 3619 imo
1568 3577 1625 3619 nec
1641 3576 1771 3619 cornere
1786 3577 1901 3619 arcam.

1273 3662 1384 3719 Aaron
1405 3668 1434 3717 et
1453 3660 1540 3734 filios
1559 3659 1628 3733 ejas
1645 3676 1753 3731 circaea,
1771 3656 1918 3719 videlicet
1935 3657 1980 3739 ip

1235 3778 1304 3819 sum
1325 3758 1428 3819 Aaron
1453 3757 1485 3818 in
1509 3756 1613 3837 capito
1635 3775 1692 3817 suo
1710 3774 1746 3817 ac
1765 3754 1922 3832 manibuS,
1941 3758 1980 3818 ii-

1235 3857 1295 3918 lios
1310 3865 1414 3917 arttcm
1432 3856 1501 3934 ejus
1518 3854 1550 3915 in
1567 3854 1716 3915 manibus
1734 3861 1910 3928 tantum,ut
1925 3855 1981 3915 ali-

1235 3956 1289 4035 qui
1306 3955 1427 4017 dicunt.
1442 3953 1504 4016 Alii
1521 3973 1597 4016 vero
1613 3953 1796 4034 opinantur,
1814 3951 1900 4032 quod
1918 3950 1979 4012 lilii

1235 4056 1337 4117 Aaron
1355 4072 1419 4115 non
1436 4053 1636 4132 ungebantur
1652 4051 1711 4113 boc
1727 4051 1799 4113 olco
1814 4068 1905 4132 puro,
1924 4050 1980 4112 scd

1236 4156 1320 4235 qtrod
1341 4153 1613 4234 adspergebantur
1628 4152 1766 4233 quadam
1783 4150 1981 4214 commixtio-

436 4246 515 4307 bcus
540 4245 735 4307 cinnamomi
760 4247 926 4320 virtutem,
954 4250 1008 4311 scd
1035 4250 1180 4313 interiori
1197 4254 1223 4316 D
1239 4273 1276 4315 nc
1295 4253 1376 4314 lacta
1395 4253 1434 4314 dc
1450 4253 1520 4314 oleo
1537 4252 1597 4315 isto
1613 4260 1645 4313 ct
1661 4250 1817 4331 sanguiue
1832 4250 1980 4313 animalis

436 4344 537 4425 gradu
561 4344 720 4425 polcnliae.
753 4349 795 4404 Iit
820 4354 960 4423 pandera
984 4353 1179 4421 suatetaarii,

435 4460 500 4523 quc
523 4442 555 4502 in
582 4441 785 4504 tabernaculo
811 4451 841 4504 et
869 4448 986 4527 templo
1011 4448 1182 4511 utebantur

438 4539 589 4615 ministri,
617 4541 701 4620 quod
732 4542 911 4628 spondere
941 4545 1062 4625 uulgari
1087 4547 1182 4609 dilic-

439 4638 538 4700 rebal.
567 4642 608 4700 itt
632 4642 694 4699 olei
718 4644 756 4700 ilc
781 4643 917 4713 attactis,
943 4642 1090 4706 t'ltlelicol
1118 4647 1179 4709 olel

439 4737 607 4815 olivarum,
637 4756 699 4799 non
731 4759 859 4818 nucum,
887 4762 990 4823 neque
1019 4763 1178 4825 raparum,

441 4858 625 4898 mammam
645 4839 715 4910 ta'n,
734 4838 792 4900 hoc
815 4848 861 4902 cst
885 4842 1013 4903 sextarii
1031 4862 1039 4906 :
1057 4844 1097 4905 de
1119 4864 1182 4925 qua

324 4948 399 4992 aava.
440 4954 589 4998 mensura
608 4935 729 4997 dictum
750 4945 798 4999 cst
818 4940 1008 5019 praeccdcuti
1029 4941 1179 5023 capitulo.

289 5026 345 5065 xxix,
359 5015 393 5055 to.

475 5036 648 5115 Faciesqac
666 5037 827 5097 narrationis
847 5042 950 5099 oleran
972 5051 1132 5111 sctrictam,
1151 5042 1181 5103 id

436 5134 539 5198 estad
556 5133 664 5197 divina
679 5136 872 5213 ordinatum,
887 5150 1088 5215 recipiandam
1104 5162 1183 5200 conr-

435 5236 576 5312 positam
599 5255 689 5312 opero
715 5239 944 5312 ttriptccntam'i,
969 5238 1028 5301 boc
1054 5249 1101 5301 est
1127 5258 1183 5322 per

436 5333 580 5401 omnium
595 5334 709 5399 borum
726 5335 996 5414 commixtionem,
1014 5347 1105 5420 prout
1128 5359 1184 5401 uu·

1237 4351 1333 4414 oblati
1353 4370 1360 4413 ε
1383 4352 1467 4412 undo
1491 4352 1525 4413 in
1548 4350 1747 4432 expositione
1773 4350 1980 4431 praecedentis

1236 4451 1367 4533 capituli
1379 4450 1499 4511 dictum
1517 4458 1563 4511 cst
1585 4449 1722 4530 plenius
1740 4449 1982 4525 Sanetifieabis-

1236 4572 1295 4630 qtae
1311 4571 1370 4620 eos,
1388 4549 1420 4611 id
1444 4558 1502 4626 cst,
1522 4549 1625 4611 taliter
1647 4547 1858 4618 consecrabis,
1877 4556 1912 4606 ut
1931 4568 1982 4607 sa-

1237 4650 1375 4709 cerdotia
1391 4651 1577 4727 festinantur
1589 4648 1682 4707 milti.
1695 4645 1889 4726 Augustinus
1905 4664 1982 4707 vero

1236 4747 1361 4809 ridetur
1373 4746 1594 4826 sentire‚quod
1612 4744 1812 4825 ungebantur
1827 4744 1887 4806 boc
1897 4743 1979 4805 olco.

1236 4848 1312 4907 Nam
1337 4846 1378 4907 ait
1399 4863 1405 4906 :
1423 4845 1497 4907 tileo
1523 4844 1579 4907 illo
1601 4862 1666 4925 quo
1689 4850 1803 4906 cuncta
1828 4850 1983 4925 peruncta

1237 4953 1321 5022 sunt,
1344 4946 1439 5006 etiam
1456 4945 1635 5006 sacerdotes
1654 4944 1866 5024 ungebantur,
1883 4950 1919 5003 ut
1934 4962 1983 5003 sa-

1237 5045 1378 5107 ccrdotio
1396 5042 1614 5121 iungerentur.

1277 5145 1376 5204 Jr'itiis
1396 5162 1518 5220 qrtoqac
1538 5145 1642 5201 Iaracl
1661 5142 1747 5200 (lt‘res
1762 5162 1773 5199 .·
1791 5143 1858 5201 Hoc
1877 5144 1983 5202 oleam

1239 5242 1401 5301 strictionis
1416 5249 1563 5299 sctrictam
1579 5242 1641 5300 erit
1663 5241 1756 5310 milti,
1780 5238 1811 5300 id
1832 5247 1881 5302 esi.
1898 5238 1985 5300 ordi-

1240 5342 1378 5403 nandum
1391 5347 1420 5401 ct
1437 5340 1679 5420 expendendum
1698 5338 1730 5401 in
1747 5339 1840 5402 rebus
1850 5337 1982 5412 divinis,
