4309 6259
537 532 711 579 Enannnuo
733 534 764 578 IN
785 535 854 580 CAP.
877 534 909 579 xl
930 534 1164 581 DEUTERONOMH.
1188 556 1228 565 -
1248 538 1319 582 ΛΒΤ.
1343 536 1387 581 ΧΠ

1673 518 1733 581 565

186 700 289 771 mino,
311 721 350 760 oe
371 704 521 763 serviatis
535 706 601 764 diis
617 707 747 776 alienis,
770 708 935 785 iratusque
950 702 975 765 Α
991 724 1030 767 na
1046 725 1083 769 eo
1098 726 1251 788 prospera
1266 707 1480 789 promittendo
1497 706 1730 783 obedientibus,

183 799 347 859 Dominus
363 804 496 861 claudat
511 806 638 874 eoelum,
655 804 686 865 id
702 812 761 881 est,
776 804 934 867 influxum

185 894 260 957 eoefi
283 916 319 958 ac
342 898 426 959 aeris
449 902 623 982 suspendat
645 922 663 964 a
686 902 787 980 vobis,
811 921 934 985 exque

185 992 314 1057 influxu
345 995 464 1060 imbres
495 998 703 1063 descendunt.
729 1005 846 1064 Ponite
870 1006 936 1063 trac

186 1096 283 1154 cerba
299 1116 370 1155 inea
387 1098 424 1156 in
442 1100 592 1159 cordibus
606 1102 730 1171 uestris,
740 1109 800 1163 etc.
818 1100 934 1164 Sensus

187 1191 282 1253 istius
303 1213 416 1274 passus
437 1204 524 1276 patet
542 1216 580 1258 ex
600 1198 693 1260 dictis
716 1199 749 1260 in
766 1199 936 1280 expositio-

187 1310 228 1353 ne
247 1292 462 1374 superiorum,
476 1294 532 1356 ubi
549 1305 580 1358 et
594 1298 732 1377 quodam
753 1299 822 1361 loco
840 1298 934 1362 verba

84 1405 89 1415 ·
188 1389 248 1451 ista
269 1389 440 1453 habentur.
466 1396 503 1454 Ut
518 1398 780 1473 multiplicentur
796 1398 864 1456 dies
886 1399 936 1457 tui

186 1490 223 1549 in
243 1499 343 1561 uarro,
359 1510 458 1569 quarn
465 1493 599 1569 juravit
615 1496 774 1555 Dominus
786 1497 935 1573 patribus

187 1589 253 1647 tuis
269 1598 306 1647 ut
320 1592 414 1649 daret
428 1591 485 1661 eis,
504 1590 535 1651 id
556 1600 604 1653 est
619 1609 729 1655 eorum
745 1592 933 1674 posteritati,

186 1687 351 1765 quamdiu
375 1691 490 1748 emtum
513 1674 661 1751 imminet
688 1701 792 1761 terrem
818 1690 849 1753 id
874 1699 933 1768 est,

186 1802 291 1865 usque
321 1785 360 1846 ad
392 1783 491 1848 finem
517 1788 640 1865 mundi,
668 1789 701 1850 iu
727 1808 790 1872 quo
819 1790 935 1851 coefum

990 806 1123 867 adversa
1153 824 1229 869 vero
1259 815 1290 869 et
1318 805 1515 869 afflictiones
1546 805 1754 868 rebellibus..

991 906 1098 972 Quum
1123 926 1195 965 cero
1218 908 1436 966 introduxerit
1463 915 1490 966 tc
1514 906 1673 966 Dominus
1696 906 1733 964 in

991 1012 1111 1064 terram
1126 1003 1327 1085 promissam,
1345 1008 1389 1065 ad
1407 1025 1506 1083 quom
1524 1005 1632 1081 pergis
1647 1005 1735 1064 bubi-

992 1106 1138 1173 tandam,
1151 1123 1250 1180 pones
1265 1105 1515 1163 benedictionem
1534 1120 1629 1179 super
1648 1122 1736 1161 mon·

992 1210 1052 1261 torn
1071 1203 1221 1261 Gerizim
1240 1200 1299 1262 :id
1322 1209 1381 1276 est,
1405 1219 1459 1263 sex
1481 1198 1583 1262 tribus
1605 1199 1736 1261 stabunt

991 1318 1086 1380 super
1097 1307 1237 1362 montem
1248 1299 1340 1361 illum
1350 1300 1390 1361 ad
1401 1298 1641 1380 imprecandum
1651 1297 1737 1361 bona

991 1395 1214 1459 obedientibus
1244 1398 1332 1472 Deo3
1358 1398 1616 1457 maledictionem
1639 1415 1736 1474 super

991 1504 1129 1556 montem
1144 1498 1246 1556 Hebot
1261 1517 1272 1555 :
1288 1494 1320 1557 id
1336 1503 1394 1571 est,
1412 1512 1507 1576 super
1528 1501 1669 1557 montem
1689 1492 1735 1555 sie

990 1593 1123 1670 dietum,
1141 1594 1212 1656 alias
1227 1612 1282 1657 sex
1299 1594 1399 1656 tribus
1420 1592 1549 1656 stabunt
1563 1593 1603 1656 ad
1619 1592 1735 1674 impre

990 1689 1128 1755 candum
1139 1692 1222 1755 mafa
1232 1692 1519 1774 transgressoribus
1533 1691 1735 1773 legissaeer-
1775 1706 1840 1749 our.

991 1790 1080 1853 dotes
1098 1810 1173 1853 vero
1193 1799 1225 1853 et
1244 1791 1361 1855 Levitae
1379 1790 1483 1871 juncti
1503 1795 1594 1852 erant
1607 1788 1735 1869 utrique
1748 1782 1811 1886 '⁸¹2¹
1825 1771 1881 1811 ¹²¹¹

186 1882 326 1945 cessabit
350 1891 440 1946 terrae
463 1884 632 1949 imminere
655 1907 711 1969 per
731 1887 934 1951 influentiam
952 1889 974 1949 B
991 1889 1115 1952 senario
1126 1889 1276 1951 tribuum.
1286 1888 1425 1964 Qualiter
1438 1896 1545 1951 autem
1557 1887 1677 1950 factum
1693 1888 1735 1949 sit

186 1979 316 2042 virtutis
341 1999 379 2043 ae
404 1982 548 2061 luminis,
573 1984 654 2047 sicut
679 2005 765 2048 nuuc
790 1986 937 2049 imminet

186 2078 228 2140 ei.
256 2079 366 2160 ltaque
392 2080 478 2142 istud
507 2100 570 2144 non
601 2092 650 2145 est
678 2083 935 2166 intelligendum,

186 2177 280 2259 quasi
297 2197 463 2260 nunquam
480 2190 641 2244 cessatura
656 2183 698 2245 sit
713 2183 866 2246 hahitatio
883 2192 938 2245 aut

184 2276 351 2356 generatio
361 2277 528 2341 homiuum
539 2280 571 2341 iu
583 2281 660 2344 orbe
672 2290 936 2364 terrarumquum

186 2374 356 2456 utriusque
372 2376 565 2441 Testamenti
583 2380 753 2462 Scriptura
774 2382 938 2443 evidenter

187 2474 297 2537 dicant
312 2476 520 2538 contrarium.
538 2478 594 2541 Vel
609 2480 695 2559 quod
710 2480 766 2556 ait,
783 2478 937 2554 Quamdiu

186 2573 304 2637 eoefum
323 2573 470 2636 imminet
486 2583 587 2653 terra,
606 2584 653 2639 est
669 2598 726 2660 per
740 2577 937 2661 hyperbolen

187 2662 322 2734 dictum.
340 2672 460 2753 Estque
482 2673 726 2755 intelligendum
748 2676 807 2738 sub
830 2676 939 2739 eondi-

189 2770 288 2847 tioue,
313 2770 464 2834 videficet
487 2773 549 2834 nisi
573 2772 636 2835 filii
659 2775 753 2837 Israel
777 2776 939 2856 peccando

188 2877 348 2949 ponerent
363 2869 576 2933 obicemNam
587 2872 669 2934 Deus
685 2882 840 2955 quantum
856 2873 889 2934 in
906 2892 940 2935 se

188 2976 267 3044 erat,
290 2968 329 3029 ad
355 2967 416 3031 hoe
442 2969 578 3032 contulit
601 2970 750 3033 israelitis
776 2971 858 3034 hauc
882 2979 940 3034 ter-

992 1988 1088 2064 istud,
1101 1988 1186 2050 iufra
1202 1989 1296 2070 plene
1310 1986 1513 2052 describitur.

1030 2088 1121 2149 Juxta
1141 2087 1410 2169 spiritualitatem,
1428 2094 1533 2169 patres
1548 2093 1579 2148 et
1594 2084 1736 2148 seniores
1769 2098 1855 2173 itm.

992 2186 1084 2268 plura
1099 2203 1290 2265 cognoscere
1305 2185 1423 2248 debent
1437 2203 1532 2265 quam
1548 2182 1610 2245 filii
1626 2200 1734 2245 eorum
1750 2161 1876 2217 ΨΜ·

992 2304 1028 2347 ac
1044 2283 1176 2360 subditi,
1193 2283 1331 2366 qualiter
1353 2283 1475 2346 scilieet
1495 2282 1574 2344 Deus
1594 2281 1738 2362 omnipo-

993 2392 1063 2445 tens
1086 2401 1143 2464 per
1165 2381 1320 2463 gloriosos
1340 2380 1507 2464 Apostolos
1526 2379 1737 2460 gentilitatem

993 2480 1196 2564 expugnavit,
1214 2489 1247 2543 et
1262 2489 1480 2563 persecutores
1495 2478 1644 2541 Ecclesiae
1663 2478 1740 2540 feeit

993 2579 1144 2657 deficere,
1173 2598 1229 2661 per
1253 2579 1412 2658 magnalia
1436 2587 1468 2641 et
1492 2595 1623 2639 manum
1648 2577 1741 2639 robu-

994 2675 1741 2759 stam,brachiumqueextentumbeuiqucterra

993 2796 1089 2859 quam
1112 2795 1223 2838 sumus
1248 2776 1395 2857 ingressi,
1416 2774 1567 2837 videficet
1585 2772 1738 2848 Ecclesia,

993 2897 1058 2936 non
1069 2885 1114 2935 est
1124 2876 1207 2934 sicut
1224 2885 1310 2935 terra
1319 2874 1470 2951 AEgypti,
1481 2871 1513 2934 id
1529 2878 1588 2948 est,
1597 2871 1741 2933 eeclesiae

995 2972 1251 3054 malignantium,
1262 2970 1493 3035 conventiculis
1508 2968 1737 3043 hereticorum,

190 3085 269 3142 ram,
297 3073 333 3126 ut
358 3084 428 3128 eam
452 3067 570 3147 jugiter
596 3068 796 3150 possiderent
823 3089 830 3133 :
856 3077 887 3133 et
913 3069 939 3131 si
955 3072 977 3135 C
994 3072 1134 3153 huicque
1149 3070 1264 3133 saeculo
1279 3087 1417 3150 nequam
1433 3085 1497 3131 nou
1512 3066 1738 3129 assimilatur:

188 3164 353 3227 Christum
383 3166 600 3248 suscepissent
629 3187 665 3230 ac
691 3168 797 3231 debite
828 3167 941 3231 coluis-

190 3272 272 3341 sent,
291 3283 362 3327 eam
379 3282 443 3326 nou
459 3264 685 3347 perdidissent.

232 3364 345 3424 Omnis
361 3368 447 3424 locus
461 3358 556 3443 quern
571 3368 744 3427 calcaverit
756 3387 812 3444 pes
828 3376 938 3437 vester,

190 3464 381 3523 scelerarit.
399 3466 428 3523 A
444 3466 576 3535 deserte,
592 3465 679 3544 quod
695 3472 743 3527 est
758 3464 840 3527 inter
851 3465 942 3546 AEgy-

190 3570 282 3644 ptum
306 3569 338 3623 et
360 3560 508 3625 Chanaau
526 3572 663 3645 :estque
684 3564 843 3626 desertum
861 3562 940 3625 illud

191 3659 350 3723 terminus
372 3668 463 3723 terra
484 3661 706 3742 promissionis
722 3681 832 3725 versus
847 3662 942 3724 meri-

191 3760 278 3823 diem
292 3782 299 3833 ;
316 3768 346 3820 et
361 3780 382 3820 u
397 3760 534 3831 Libano,
547 3759 579 3821 id
595 3767 643 3822 est
658 3768 767 3823 monte
782 3760 827 3822 sic
842 3760 939 3837 dieto,

191 3857 248 3939 qui
281 3856 432 3919 terminat
463 3865 579 3920 terram
608 3858 799 3940 promissam
829 3877 941 3922 versus

193 3954 378 4037 aquilonem
393 3980 400 4029 ;
418 3966 447 4015 et
467 3978 487 4017 a
508 3960 645 4033 flumine
660 3978 777 4034 magno
792 3959 943 4034 Euphra·

195 4066 233 4125 te,
255 4054 344 4135 quod
366 4062 415 4116 est
435 4053 581 4134 ejusdem
608 4063 699 4118 terre
724 4054 878 4117 terminus
903 4055 942 4116 ad

193 4154 360 4228 orientem,
371 4172 470 4231 usque
481 4156 525 4213 ad
535 4174 623 4213 more
636 4156 848 4223 occidentale,
859 4153 942 4233 quod

995 3266 1214 3349 voluptatibus
1239 3265 1400 3347 irrigatur,
1425 3284 1483 3327 uec
1509 3262 1742 3345 temporalibus
1835 3316 1842 3328 .

996 3367 1098 3429 inhiat
1126 3363 1383 3445 congregandis;
1414 3367 1469 3424 sed
1494 3372 1660 3425 montuoso
1682 3371 1740 3433 est,

996 3484 1052 3549 por
1067 3462 1370 3545 contemplationem
1390 3461 1573 3526 divinorum
1594 3466 1625 3521 et
1644 3458 1744 3521 subli-

996 3564 1138 3626 mitatem
1155 3562 1322 3638 virtutum,
1336 3580 1394 3643 per
1409 3559 1641 3623 ecclesiasticas
1657 3565 1744 3639 pote

997 3670 1094 3725 states
1115 3668 1147 3723 et
1169 3660 1390 3739 religiosorum
1412 3677 1502 3721 saera
1522 3655 1690 3731 eoenobia;
1713 3666 1744 3716 et

996 3762 1195 3840 campestris,
1217 3776 1274 3840 per
1298 3756 1395 3821 vitam
1421 3756 1557 3820 activam
1581 3763 1613 3817 et
1637 3772 1744 3817 veram

997 3857 1212 3922 sinceritatem
1223 3880 1230 3931 ;
1242 3860 1282 3916 de
1297 3860 1372 3918 cato
1386 3864 1571 3931 eospeotans
1586 3852 1743 3935 pluviam,

997 3976 1068 4039 qua
1083 3976 1101 4018 a
1116 3956 1215 4018 Fonte
1231 3952 1327 4018 totius
1342 3953 1452 4034 gratia
1471 3970 1507 4014 ae
1527 3950 1681 4013 virtutum
1697 3949 1746 4030 ju-

998 4056 1080 4136 giter
1100 4053 1179 4136 petit
1201 4051 1377 4129 fecundari,
1393 4058 1488 4131 atque
1509 4047 1657 4130 superuis
1672 4047 1747 4110 cha-

999 4152 1182 4215 rismatibus
1194 4149 1364 4223 inundari3
1381 4168 1478 4230 quam
1488 4149 1570 4211 Deus
1582 4165 1745 4227 uunquam

194 4250 392 4332 Tyrrhenum
405 4269 441 4312 ac
452 4249 713 4315 Mediterraneum
729 4258 941 4332 nuncupetur,
961 4252 985 4313 D
1000 4250 1164 4332 relinquit,
1183 4249 1238 4312 sed
1254 4267 1380 4330 semper
1395 4246 1645 4311 misericorditer
1664 4244 1747 4306 iutu-

195 4358 226 4411 et
241 4356 291 4412 est
306 4348 462 4411 terminus
474 4356 565 4412 terrae
576 4349 672 4430 hujus
683 4350 722 4411 ad
733 4349 941 4412 occidentem.

196 4448 424 4510 Verumtamen
440 4447 622 4509 universam
644 4447 726 4510 hane
742 4456 857 4509 terram
880 4464 943 4509 uon

68 4565 180 4672 bii⁹⁸¹¹¹‘
196 4547 417 4623 obtinuerunt,
436 4545 498 4607 uisi
520 4554 661 4627 tempore
680 4545 778 4609 David
801 4566 838 4608 ac
859 4545 945 4609 Salo

119 4643 181 4683 epra,

61 4692 93 4735 u:
107 4706 132 4741 rx,
175 4724 180 4741 ,

61 4753 89 4801 ³⁰2
99 4756 129 4795 ³¹·
148 4696 171 4733 ¹⁸
196 4746 291 4805 bodie
307 4744 557 4803 benedictionem
572 4753 602 4803 et
617 4744 875 4803 maledictionem
886 4765 897 4802 :
912 4742 944 4804 iu

195 4645 313 4708 monis.
341 4648 394 4706 un
414 4664 558 4722 pruteno
584 4647 619 4704 in
650 4654 814 4721 conspeetu
845 4655 945 4705 oestro

197 4849 257 4917 ost,
284 4840 542 4904 benedictionem
568 4840 794 4922 promittendo,
817 4841 946 4904 allicere

198 4940 272 5004 volo
298 4957 355 5003 vos
379 4939 420 5002 ad
444 4937 526 5001 benc
551 4939 735 5016 vivendum,
760 4946 791 5001 et
816 4939 946 5001 maledi-

198 5040 339 5103 ctionem
369 5036 593 5101 eommiuaudo
623 5056 659 5099 ac
689 5037 943 5118 praenuntiando,

199 5137 294 5221 cupio
305 5155 362 5201 vos
378 5144 558 5213 temerans
574 5135 656 5197 malo
671 5136 779 5216 agatis.
792 5136 845 5198 fsti
862 5155 947 5197 uam-

199 5256 263 5320 quc
283 5244 359 5298 sunt
380 5236 443 5298 duo
465 5235 552 5297 modi
576 5234 720 5298 trahendi
741 5234 887 5298 homines
907 5236 946 5297 ad

201 5336 347 5411 virtutes,
365 5344 395 5397 et
412 5332 593 5395 retrahendi
610 5353 629 5395 a
649 5333 748 5410 vitiis,
766 5342 875 5414 utpote
894 5333 948 5396 bo-

1000 4358 1081 4412 etur.
1099 4345 1328 4411 obedientibus
1343 4363 1471 4427 quoque
1486 4343 1548 4406 sibi
1563 4343 1617 4406 dat
1632 4353 1748 4420 tempo-

999 4467 1134 4507 raucam
1146 4445 1308 4523 pluviam,
1327 4443 1358 4505 id
1378 4450 1427 4504 est
1448 4438 1693 4503 subventionem
1714 4444 1747 4499 et

1000 4543 1268 4606 illuminationem
1287 4540 1457 4622 gratiosam
1473 4539 1506 4600 in
1522 4545 1665 4619 tempore
1681 4544 1748 4598 ten·

999 4642 1141 4718 tationis,
1159 4649 1191 4704 et
1206 4641 1239 4702 in
1255 4640 1383 4703 exordio
1399 4634 1634 4709 conversionis;
1652 4642 1747 4715 atque

1000 4739 1227 4810 serotinam,id
1243 4746 1292 4801 est
1307 4734 1498 4819 proficiendi
1513 4732 1695 4796 efficaciam
1710 4751 1746 4795 ac

1001 4840 1102 4902 finem
1129 4837 1288 4900 salubrem
1314 4856 1369 4899 scu
1397 4833 1532 4915 gloriam
1562 4832 1597 4894 in
1623 4830 1744 4895 futuro.

1001 4938 1080 4999 Hinc
1096 4936 1134 4998 ad
1150 4935 1297 4998 Hebraeos
1312 4940 1421 4996 monet
1436 4930 1604 5013 Apostolus
1626 4946 1633 4991 :
1651 4928 1747 4992 hdea·
1759 4954 1894 5008 nempe,

1001 5055 1072 5098 mus
1088 5054 1160 5097 oum
1177 5033 1298 5096 fiducia
1312 5032 1351 5095 ad
1368 5032 1525 5115 thronum·
1536 5028 1645 5108 gratia
1664 5027 1743 5109 ejus,

1001 5144 1037 5197 ut
1052 5132 1302 5196 misericordiam
1318 5147 1552 5212 consequamur
1566 5135 1598 5190 et
1611 5125 1745 5210 gratiam

1002 5231 1203 5297 inveniamus
1215 5230 1248 5291 iu
1258 5228 1378 5291 auxilio
1388 5234 1578 5309 opportuno.
1592 5225 1634 5287 De
1649 5224 1746 5304 hujus

1002 5330 1121 5414 pluviae
1150 5328 1355 5391 concessione
1384 5326 1428 5387 ait
1452 5323 1618 5386 Psalmista
1644 5339 1651 5383 :
1677 5322 1887 5389 Plu-munao
