4309 6259
422 753 681 866 oumouu
713 693 1014 847 utsuouuu
1044 749 1315 847 uosmem
1347 749 1510 847 tuus

236 1023 812 1164 EPILOGATIO
861 1025 1296 1190 QUAEDAM
1339 1023 1694 1162 BREVIS

501 1343 583 1436 m
608 1341 954 1438 oouutusto
981 1341 1439 1439 Puu'rmuuum

678 1919 1004 2007 ARTICULUS
1044 1920 1263 2007 PRIMUS

320 2187 357 2232 DE
378 2186 585 2232 utstlrtct‘torttt
609 2186 698 2231 turus
720 2186 817 2231 tsutttt
839 2185 1002 2244 drusun,
1026 2185 1123 2230 tauutt
1145 2186 1339 2247 detonantes,
1364 2188 1461 2234 tudun
1483 2188 1623 2248 DiViNAH,

801 2287 837 2330 ΕΤ
859 2285 956 2331 tudun
979 2285 1143 2331 ttuususu.

267 2559 356 2620 Eds
369 2559 491 2618 creavit
506 2561 547 2618 de
562 2567 648 2618 terre
664 2559 839 2628 nominem,
852 2567 882 2618 et
901 2578 946 2618 se·
960 2555 985 2616 A
999 2556 1115 2619 iterum
1133 2575 1140 2620 :
1158 2556 1256 2630 Quem
1271 2557 1437 2620 constituit
1452 2557 1552 2621 alium
1575 2577 1671 2640 super
1687 2568 1747 2622 ter·
1773 2575 1892 2626 totum,

276 2660 421 2718 eundum
437 2657 614 2733 irneyinem
630 2677 724 2716 annm
739 2657 816 2734 feeit
836 2658 943 2717 illurn.
1001 2674 1067 2716 ram
1079 2658 1091 2716 l
1105 2663 1160 2718 aut
1173 2673 1268 2736 quem
1283 2655 1391 2737 posuit
1405 2676 1500 2739 super
1520 2656 1631 2721 orbem
1650 2677 1745 2739 quem
1762 2643 1795 2682 ¹³·

197 2759 382 2820 Numerum
396 2756 526 2816 dieram
541 2765 570 2814 et
588 2765 709 2832 temptas
723 2757 813 2816 dedit
829 2757 903 2826 itti,
917 2765 946 2814 et
1002 2752 1173 2816 fabricatus
1192 2756 1262 2815 esti
1281 2753 1345 2816 ileo
1365 2772 1440 2834 ergo
1460 2775 1536 2818 cura
1555 2765 1603 2819 cst
1624 2756 1663 2818 de
1680 2776 1748 2822 om·
1768 2777 1887 2832 sanna.

195 2858 286 2916 dedit
301 2857 356 2915 itti
367 2863 553 2932 potestatem
562 2873 674 2914 eornm
685 2864 947 2934 qnoesnntsttper
1002 2851 1107 2929 nibus,
1125 2850 1394 2932 quomadmodum
1412 2852 1566 2918 ieremias
1588 2865 1745 2920 testatur:
1763 2840 1893 2887 ¹¹²“‘'''⁷'

197 2964 328 3014 terrem.
349 2954 477 3012 creavit
492 2973 531 3011 en
547 2953 604 3011 itio
620 2953 678 3028 adj
682 2953 824 3012 atomum
839 2953 947 3012 simite
1001 2951 1195 3026 Fortissime,
1214 2968 1338 3030 magne,
1356 2959 1480 3032 potens,
1493 2953 1646 3018 Dominus
1661 2974 1748 3019 exer·
1774 2972 1894 3022 tersui,

195 3055 269 3114 sibi.
290 3052 469 3113 Consilium
488 3060 518 3110 et
540 3070 594 3110 eor
612 3051 701 3110 dedit
718 3051 786 3109 iltis
801 3053 845 3110 ed
858 3070 948 3110 enco-
1001 3049 1122 3112 situum
1139 3067 1255 3112 nomen
1273 3048 1342 3126 tibi,
1353 3049 1445 3130 cujus
1460 3051 1545 3114 oculi
1559 3055 1661 3136 aperti
1672 3064 1748 3118 sunt
1763 3037 1795 3085 ¹⁸⁸
1810 3038 1842 3078 '⁹‘

192 3153 383 3228 citandum,
400 3158 429 3210 et
449 3150 627 3226 disciplina
649 3151 828 3210 intellectus
848 3153 948 3226 repte—
1002 3168 1098 3232 super
1119 3166 1230 3212 omnes
1254 3147 1341 3211 iiiios
1362 3148 1474 3225 Adam,
1490 3158 1526 3212 ut
1548 3152 1661 3215 reddas
1677 3153 1748 3216 uni-

198 3252 246 3310 vit
268 3251 350 3310 illoc.
370 3249 498 3308 Creaoit
520 3248 589 3306 iilis
610 3249 780 3307 scientiam
799 3249 948 3324 spiritns,
1002 3249 1118 3329 cuique
1133 3248 1222 3328 juxta
1238 3265 1334 3328 opera
1349 3267 1416 3309 sua.

197 3345 948 3423 sensuimpleaiteordeitteramostenditittis
1049 3345 1137 3409 Siout
1166 3353 1272 3408 autem
1302 3346 1390 3409 omni
1420 3346 1565 3411 inferiori
1595 3359 1748 3415 creaturae

199 3449 332 3506 bonnet
355 3448 457 3513 mela,
473 3452 502 3502 et
525 3447 589 3520 tene
612 3444 686 3504 aitte
701 3445 894 3504 hereditavit
912 3446 949 3503 il·
1003 3443 1164 3526 impressit
1189 3443 1270 3506 Deus
1296 3445 1473 3507 naturalem
1505 3445 1746 3513 inclinationem

200 3545 436 3606 toslnstita'em
450 3551 481 3602 et
488 3543 624 3619 judicia
638 3562 698 3602 sne
714 3545 851 3602 ostendit
867 3543 946 3614 iltis,
1002 3544 1042 3605 ad
1065 3542 1228 3624 proprium
1250 3541 1361 3619 finem,
1385 3543 1626 3627 naturalemque
1647 3547 1749 3629 perle-

200 3654 231 3705 et
254 3643 343 3704 dimit
366 3643 412 3701 eis
432 3661 443 3700 .·
463 3642 629 3702 Attendite
653 3642 693 3700 ab
712 3642 802 3700 omni
821 3642 945 3718 iniquo.
1002 3639 1151 3716 ctionem,
1169 3639 1258 3719 juxte
1273 3640 1352 3703 iilud
1367 3641 1748 3720 Ecclesiastiei,Unusest
1772 3667 1894 3719 naerens.

201 3742 298 3805 Ecoli.
317 3757 391 3816 xvtt,
409 3739 423 3800 i
441 3745 473 3801 et
489 3757 555 3819 seq.
967 3737 1177 3803 Baltissimus
1192 3738 1319 3802 Creator
1334 3739 1490 3816 omnium,
1508 3741 1572 3804 Rex
1588 3751 1701 3824 potens
1717 3753 1749 3807 et
1764 3735 1796 3773 ¹⁰·

72 3849 185 3900 teeti-aut.
242 3837 435 3920 Deus,cujus
445 3855 525 3919 opus
542 3836 671 3917 pienum
688 3844 735 3898 cst
750 3835 851 3917 gloria
866 3836 946 3918 ejus,
1003 3837 1194 3900 metuendus
1210 3836 1317 3912 nimis,
1335 3837 1404 3919 ipse
1420 3837 1539 3901 eiiudit
1559 3841 1748 3923 sapientiam

64 3914 183 4025 imum·
201 3939 257 4021 qui
273 3936 382 4001 omnia
398 3936 431 3997 in
446 3934 604 4017 sapientia
622 3933 708 4010 iecit,
726 3941 821 4015 atque
838 3933 870 3995 in
893 3954 949 3996 nu·
1003 3955 1099 4018 super
1120 3935 1229 3998 omnia
1250 3953 1347 4016 opera
1369 3956 1437 4012 sua,
1455 3945 1487 3999 et
1506 3956 1602 4020 super
1620 3923 1748 4003 omnem

64 4039 184 4095 Ser-¹¹³¹·
202 4055 301 4114 mero,
318 4053 468 4098 mensura
492 4041 524 4095 et
546 4033 687 4115 pondere
709 4032 858 4095 universa
874 4052 949 4096 con·
1003 4054 1131 4098 carnem
1146 4033 1314 4115 (sapientis
1335 4053 1472 4116 namque
1492 4045 1541 4098 est
1558 4036 1747 4117 gubernare,

202 4135 316 4212 stituit,
354 4133 437 4197 sicut
476 4150 736 4213 unamquamque
772 4139 948 4194 ereaturam
1003 4141 1034 4194 et
1049 4132 1113 4195 sibi
1132 4132 1276 4213 subjecta
1291 4142 1502 4213 congruenter
1517 4134 1687 4217 dirigere);
1703 4136 1749 4199 sio

201 4242 332 4317 propter
354 4229 596 4295 convenientem
618 4249 655 4292 ao
678 4229 822 4292 debitum
848 4229 948 4292 finem
1003 4231 1272 4294 intellectualibus
1288 4231 1354 4293 suis
1369 4232 1524 4294 creaturis
1538 4233 1654 4296 indidit
1668 4236 1750 4298 Deus

202 4332 363 4416 produxit,
389 4329 434 4392 sic
465 4328 619 4408 singulari
643 4329 736 4391 modo
763 4329 948 4391 rationalem
1004 4329 1221 4394 excellentiori
1252 4330 1345 4393 modo
1376 4332 1548 4411 quamdam
1574 4332 1751 4396 inclinatio

202 4440 378 4496 creaturam
395 4435 526 4510 propter
546 4435 696 4489 aternam
719 4427 949 4490 beatitudinem
1005 4449 1089 4506 nem,
1107 4448 1171 4493 non
1186 4427 1289 4491 solum
1306 4429 1493 4506 naturalem,
1512 4431 1567 4493 sed
1584 4431 1752 4513 sapientia·

201 4529 356 4595 condidit.
374 4528 463 4590 Unde
488 4525 617 4591 divinus
637 4525 735 4588 David
754 4545 788 4588 se
808 4533 950 4589 cunctos·
1004 4529 1066 4592 lem
1091 4548 1128 4591 ac
1152 4525 1356 4607 cognitivum,
1384 4527 1424 4588 ad
1448 4547 1609 4590 summum
1630 4529 1750 4594 bonum

202 4648 266 4711 que
281 4626 428 4692 homines
445 4644 508 4688 non
525 4624 652 4700 frustra,
673 4624 727 4686 sed
746 4632 876 4706 propter
891 4643 950 4688 cce
1005 4647 1060 4690 seu
1077 4625 1227 4688 ultimum
1244 4622 1355 4687 iincm.
1367 4623 1497 4701 idcirco,
1508 4627 1684 4688 secundum
1694 4627 1752 4690 Au·

205 4727 315 4790 testem
333 4723 518 4787 felicitatem
533 4731 655 4785 creatos
671 4722 888 4799 considerans,
907 4723 951 4785 ita
1004 4725 1179 4806 gustiuum,
1204 4723 1309 4787 omnis
1332 4723 1427 4786 homo
1447 4723 1633 4787 naturaliter
1654 4726 1751 4789 beati-

113 4839 151 4884 re.
204 4833 352 4909 precatur
369 4843 376 4887 :
395 4823 565 4886 Memorare
581 4841 651 4902 quac
668 4840 739 4884 mea
760 4821 948 4884 substantia.
1007 4825 1151 4887 tudinem
1174 4821 1315 4905 appetit3
1341 4821 1395 4884 sod
1417 4823 1570 4903 quoniam
1590 4825 1750 4905 appetitus

67 4909 188 4956 mmm·
203 4923 364 5006 Numquid
380 4922 466 4986 enim
479 4939 559 4983 vane
576 4919 769 4982 constituisti
786 4939 896 4983 omnes
915 4919 986 4985 stc
1007 4923 1066 4985 istc
1081 4919 1289 4985 beatitudinis
1304 4929 1353 4982 est
1375 4919 1611 4997 intellectualis,
1628 4932 1752 5004 oporte-

204 5024 264 5087 lios
280 5021 470 5085 hominum?
489 5019 526 5080 Et
547 5028 676 5082 sanetus
694 5019 764 5096 lob,
778 5018 885 5082 omnia
907 5019 952 5081 di·
1007 5022 1061 5084 bat
1075 5019 1199 5084 homini
1223 5017 1414 5082 naturaliter
1435 5017 1540 5082 inesse
1564 5027 1659 5101 atquc
1680 5041 1753 5084 con·

76 5127 188 5180 letum.
204 5121 287 5184 vinae
303 5118 433 5182 subesse
449 5115 658 5199 providentiae
674 5115 840 5178 insinuans
859 5116 952 5178 :Um-
1008 5119 1083 5180 icrri
1095 5119 1265 5199 quamdam
1275 5116 1483 5179 beatitudinis
1491 5117 1588 5198 hujus
1599 5118 1752 5196 notitiam,

69 5189 124 5236 ω’
205 5238 382 5293 versorum,
394 5215 510 5298 inquit,
521 5214 620 5278 iinem
637 5215 704 5297 ipse
720 5214 909 5292 considerat,
920 5224 952 5278 et
1006 5217 1221 5296 cognitionem
1244 5234 1372 5296 quoque
1397 5233 1521 5294 eorum,
1545 5235 1602 5298 per
1621 5236 1693 5298 qum
1712 5219 1752 5280 ad

205 5317 409 5398 omniaque
433 5315 493 5377 sub
522 5314 603 5378 coelo
632 5321 716 5390 sunt,
745 5313 885 5395 respicit.
913 5315 952 5376 Et
1007 5315 1238 5400 beatitudinem
1253 5312 1449 5395 pervenitur.
1466 5313 1537 5376 Hac
1553 5333 1628 5413 vero
1644 5317 1753 5398 cogni-
