4309 6259
544 532 718 578 arenauno
740 531 771 577 ru
792 531 860 577 cae.
883 530 917 576 ιιι
938 528 1171 576 usmsnononn.
1193 550 1233 561 -
1253 532 1325 578 aar.
1349 532 1378 576 ιν
1668 509 1728 573 537

183 721 266 763 mur.
284 702 403 765 Tamen
418 704 467 783 (ut
493 702 591 767 refert
615 703 708 785 Lura)
722 701 823 765 llabbi
849 700 931 764 Salo·
945 696 971 758 A
986 699 1141 783 Expertus
1168 702 1287 764 etenim
1312 701 1431 783 lloyses
1455 709 1542 763 tanta
1569 697 1729 763 beneficia

181 819 258 863 mon
277 800 439 863 fabulatur
443 802 546 883 ,quod
563 802 648 866 solus
664 800 709 881 Og
719 809 882 884 supererat
892 799 931 862 de
986 800 1051 877 Dei,
1063 800 1294 864 confidentiam
1310 802 1447 883 sumpsit
1461 801 1501 863 ad
1515 798 1687 881 ampliora;
1697 804 1728 860 et

52 922 133 965 ιιιιιι
136 926 165 971 e
181 900 368 981 gigantibus
389 919 468 982 quos
485 900 757 965 Chodorlahomor
774 920 847 964 cum
865 899 930 961 suis
985 899 1132 980 quamvis
1147 920 1212 980 Jam
1221 909 1294 963 ante
1304 901 1343 963 ad
1354 919 1452 981 aquas
1462 897 1728 963 bontradrctronrs
1757 910 1859 953 Namu

181 998 359 1077 associatis,
373 999 406 1060 in
421 998 535 1063 Genesi
552 1000 666 1079 legitur
681 1000 836 1062 occidisse
839 1017 931 1079 ,quo
985 997 1124 1062 audisset
1146 1000 1322 1075 abomino,
1339 1000 1425 1082 quod
1440 1008 1555 1061 terram
1578 998 1665 1059 illam
1686 975 1776 1060 ob¹²‘

181 1116 252 1158 runr
270 1116 401 1159 manum
417 1098 496 1159 drer
483 1098 608 1160 tistum
619 1097 664 1179 Og
679 1117 828 1175 evasisse
841 1106 873 1160 et
884 1116 931 1159 us
985 1117 1076 1159 suum
1094 1107 1258 1180 peceatum
1276 1116 1339 1161 non
1351 1098 1507 1173 introiret
1520 1116 1606 1159 nune
1622 1104 1727 1158 tamen

178 1214 244 1275 que
260 1197 300 1257 ad
315 1196 429 1279 Moysis
445 1198 618 1260 adventum
636 1197 763 1260 vixisse.
781 1196 930 1277 Sicquea
984 1195 1081 1276 eoepit
1097 1194 1270 1272 confidere,
1288 1196 1373 1276 quod
1389 1194 1542 1258 Dominus
1557 1194 1617 1257 boc
1632 1193 1729 1256 dixis-

178 1301 324 1375 tempore
334 1295 468 1358 Abrabae
486 1304 560 1358 tunc
576 1314 688 1378 usque,
699 1294 831 1359 vixisset
845 1296 930 1377 plus·
984 1302 1030 1356 set
1053 1312 1117 1357 non
1135 1294 1285 1357 'absolute
1308 1292 1506 1369 deliniendo,
1523 1293 1577 1357 sed
1600 1292 1729 1356 commi-

177 1410 274 1472 quam
301 1411 404 1455 annos
430 1394 707 1474 quadringentos:
729 1394 814 1474 quod
839 1392 929 1455 labu-
984 1392 1153 1455 naudorlt
1168 1411 1243 1456 vero
1253 1411 1310 1474 per
1320 1399 1460 1455 montem
1475 1385 1729 1472 egregiumqui-

178 1489 283 1551 losum
301 1490 439 1554 videtur.
456 1495 499 1553 Ει
521 1502 721 1553 monstratur
738 1496 835 1552 tectus
859 1493 929 1569 ejus
983 1490 1056 1551 dam
1078 1490 1264 1572 intelligunt
1283 1498 1423 1553 montem
1439 1490 1608 1572 quemdam
1631 1488 1728 1551 situm

175 1590 305 1664 ferreras
320 1593 380 1670 qui
399 1601 444 1651 est
460 1594 497 1651 ιι
513 1594 660 1653 Reddam
679 1590 758 1653 urbe
781 1594 929 1669 filiorum
984 1588 1017 1650 in
1034 1589 1170 1651 termino
1187 1598 1278 1652 terras
1292 1588 1515 1671 promissionis
1534 1587 1685 1665 australi,
1695 1588 1727 1649 in

176 1690 331 1760 Ammon,
348 1710 462 1750 nocem
477 1691 599 1751 cubitos
621 1692 738 1750 babens
755 1692 929 1767 longitudi—
982 1704 1045 1768 quo
1062 1695 1110 1749 ost
1124 1706 1274 1749 ascensus
1289 1687 1482 1770 Scorpionis
1499 1687 1617 1767 dequo
1633 1687 1667 1748 in
1681 1686 1729 1749 ιιι
1741 1698 1873 1749 raucus.

177 1788 244 1855 nis,
260 1796 291 1847 et
306 1790 577 1866 quatuordecies
588 1790 776 1849 latitudinis
790 1791 834 1848 ad
844 1809 929 1847 men-
984 1804 1040 1847 sue
1059 1784 1185 1865 legitur.
1198 1786 1255 1847 Per
1270 1785 1425 1848 Libanum
1443 1804 1530 1861 vero,
1543 1784 1727 1865 intelligunt

174 1904 290 1945 suram
305 1888 409 1947 crediti
423 1888 533 1946 virilis
549 1908 677 1947 manus.
691 1886 853 1968 Scriptura
868 1886 928 1948 ista
946 1878 1122 1945 Bmontem
1134 1882 1180 1945 sic
1196 1882 1328 1959 dictum,
1342 1883 1373 1944 in
1391 1883 1527 1945 termino
1542 1882 1727 1963 septentrio

177 1989 242 2043 tam
254 1982 426 2064 diligenter
436 1984 589 2047 describit
600 1984 851 2065 magnitudinem
862 2003 928 2047 ccr—
983 1980 1048 2042 nali
1063 1982 1205 2061 ejusdem
1223 1990 1314 2044 terrae
1329 1982 1477 2043 locatum.
1490 1979 1551 2042 alii
1568 1999 1625 2062 per
1639 1999 1727 2043 mou-

175 2081 320 2161 poralem
347 2081 439 2143 istius
464 2082 520 2164 tlg,
544 2101 607 2145 uon
633 2083 718 2164 quod
744 2082 927 2164 hujusmodi
982 2088 1056 2157 tem,
1077 2080 1260 2159 intelligunt
1278 2088 1418 2143 montem
1436 2079 1468 2141 in
1488 2097 1553 2161 quo
1568 2079 1725 2142 Abrabam
1742 2092 1872 2142 ιιιιιιιι.

175 2196 330 2261 corporea
352 2180 453 2243 moles
478 2200 601 2262 magnae
625 2180 668 2243 sit
687 2181 927 2263 appretiaticnis
981 2177 1082 2240 voluit
1098 2177 1203 2259 ipsum
1218 2179 1302 2242 lsaac
1318 2178 1493 2241 immolare.

175 2293 283 2339 coram
300 2278 375 2355 Deo,
389 2279 443 2341 sed
459 2286 496 2341 ut
511 2278 644 2343 victoria
660 2278 803 2342 liliorum
819 2280 925 2356 lsrael,
1021 2276 1111 2338 Circa
1131 2278 1216 2339 hune
1241 2296 1370 2359 passum
1391 2277 1491 2340 Rabbi
1510 2277 1625 2340 Paulus
1650 2278 1726 2339 scri-

174 2394 238 2455 qua
254 2375 347 2437 illum
371 2395 444 2438 cum
470 2395 527 2439 suo
550 2385 791 2458 prostraverunt
812 2377 927 2439 exerci-
980 2374 1028 2437 bit
1044 2375 1121 2437 satis
1137 2375 1303 2452 catholice,
1317 2375 1427 2438 dicens
1441 2376 1527 2456 quod
1543 2375 1663 2457 Moyses
1677 2375 1727 2440 vir

176 2480 220 2549 tu,
238 2473 419 2537 mirabilior
443 2475 621 2538 innotescat
644 2477 683 2538 ad
705 2475 840 2557 gloriam
856 2475 927 2539 Οιιι-
981 2472 1226 2554 perlectus,non
1241 2472 1371 2555 optabat
1382 2481 1468 2536 tanto
1478 2472 1599 2536 aflectu
1610 2482 1727 2536 terram

175 2572 925 2654 nipotentis‚quicontuliteam.Cubitusautem
982 2570 1203 2655 promissionis
1233 2572 1453 2654 corporalibus
1478 2572 1580 2635 oculis
1610 2571 1725 2634 intueri

174 2670 319 2733 continet
340 2672 455 2753 pedem
472 2692 544 2735 enm
561 2674 678 2735 medio.
696 2673 803 2753 Aliqui
820 2682 925 2736 tamen
981 2678 1112 2753 propter
1128 2670 1325 2752 corporalem
1344 2671 1529 2752 adspectum
1551 2671 1724 2747 dumtaxat,

174 2770 285 2831 dieunt
300 2770 926 2853 quodduoscontineatpedes.Porrode
981 2778 1035 2831 ant
1060 2776 1190 2850 propter
1215 2775 1306 2831 terrac
1329 2768 1583 2850 dispositionem,
1608 2770 1663 2831 sed
1689 2788 1726 2831 ex

173 2866 398 2947 magnitudine
410 2876 441 2931 ct
457 2869 571 2933 robore
588 2869 684 2949 hujus
695 2869 751 2950 (lg,
763 2869 861 2932 Judaei
874 2869 927 2931 ali·
980 2866 1149 2931 devotione
1164 2885 1259 2948 quam
1275 2865 1411 2927 babebat
1426 2867 1465 2928 ad
1481 2886 1518 2928 ea
1534 2885 1604 2946 quae
1620 2867 1653 2928 in
1670 2874 1727 2929 ter-

173 2986 237 3047 qua
248 2965 339 3028 latua
350 2965 546 3043 fabulantur,
556 2986 627 3048 quae
640 2968 720 3050 Lyre
731 2967 829 3031 refert
839 2976 870 3030 et
881 2987 926 3030 re·
981 2984 1015 3026 ra
1034 2963 1090 3025 illa
1112 2972 1203 3026 erant
1228 2963 1323 3039 lacta,
1339 2971 1394 3025 aut
1414 2963 1522 3026 lienda
1540 2982 1546 3025 :
1565 2964 1640 3044 quia
1660 2963 1725 3045 jam

175 3063 305 3143 probat,
319 3064 376 3126 sed
392 3064 579 3129 recitatione
596 3065 728 3145 indigna
741 3074 922 3129 censentur.
939 3066 962 3129 C
980 3071 1064 3138 ente,
1088 3062 1257 3138 Abrabam,
1278 3063 1373 3138 lsaac,
1391 3070 1423 3125 et
1446 3061 1540 3125 Jacob
1556 3062 1727 3126 babitare

175 3162 296 3225 Deinde
317 3162 350 3223 in
373 3162 478 3225 littera
498 3172 673 3241 enarratur,
688 3165 826 3245 qualiter
843 3173 925 3228 terra
981 3168 1055 3221 runt
1071 3160 1201 3235 ibidem,
1218 3167 1250 3221 et
1266 3159 1424 3221 Abrabam
1447 3159 1550 3222 voluit
1565 3160 1598 3221 in
1618 3168 1726 3223 monte

47 3278 160 3331 ,ιἰιιιιιι
175 3261 312 3323 ιιιιοιιιιιι
332 3261 466 3323 istorum
486 3261 658 3325 distributa
675 3264 716 3325 sit
734 3262 856 3325 duabus
871 3264 925 3324 tri·
979 3257 1075 3321 lloria
1090 3258 1174 3319 lsaac
1189 3257 1366 3333 immolare,
1384 3266 1416 3319 ιι
1431 3256 1611 3321 habuerunt
1631 3257 1726 3321 visie

48 3344 74 3382 ³³·
175 3357 280 3421 bubus
290 3368 388 3441 atque
398 3358 650 3442 dimidiaezquod
664 3369 764 3424 totum
776 3362 809 3423 in
817 3362 925 3425 Nume-
980 3375 1037 3418 nes
1052 3355 1169 3418 multas
1185 3356 1218 3416 in
1236 3363 1318 3417 terra
1338 3355 1403 3417 illa.
1421 3356 1632 3438 Praeviditque
1647 3356 1726 3439 Moy-

175 3476 284 3521 rorum
302 3458 412 3522 codice
428 3458 583 3537 habitum,
602 3460 844 3542 expositumque
863 3469 921 3523 est.
979 3474 1029 3516 ses
1046 3454 1199 3535 templum
1211 3452 1438 3516 aedificandum
1452 3454 1483 3518 in
1496 3462 1604 3517 monte
1619 3453 1725 3518 illude

212 3559 435 3636 Precatasque
448 3579 521 3619 sum
537 3561 714 3621 Dominam
729 3562 766 3620 in
788 3569 924 3637 tempore
979 3551 1074 3632 lignis
1089 3551 1214 3629 Libani,
1226 3560 1356 3633 propter
1371 3552 1453 3633 quod
1469 3553 1664 3617 mentionem
1681 3551 1725 3616 le-

173 3656 242 3726 itto,
255 3654 380 3717 seilicet
395 3656 521 3719 duobus
537 3655 665 3737 regibus
681 3656 731 3719 bis
747 3658 920 3739 prostratis,
978 3650 1022 3713 cit
1036 3651 1076 3713 de
1091 3649 1222 3726 bibano,
1232 3657 1263 3712 ιι
1278 3650 1372 3712 scivit
1381 3650 1541 3713 Christum
1558 3651 1590 3714 in
1607 3652 1725 3734 templo

172 3754 303 3813 dicens:
311 3755 450 3814 nornine
465 3757 561 3826 Decus,
573 3764 607 3815 tu
622 3756 747 3834 eoepisti
762 3759 923 3817 estendere
978 3748 1034 3811 illo
1057 3749 1313 3830 presentandum
1335 3768 1372 3811 ac
1394 3749 1639 3830 praedicaturum
1661 3768 1668 3812 ι
1693 3759 1725 3813 ιι

172 3870 261 3911 servo
278 3860 346 3921 tuo,
356 3850 595 3915 mibividelicet
605 3852 713 3935 Moysi,
724 3856 923 3931 magnitude·
977 3846 1130 3929 quoniam
1146 3847 1240 3909 scivit
1250 3846 1409 3909 Christum
1425 3856 1591 3929 pertotam
1608 3856 1724 3912 terram

173 3970 259 4019 nem,
271 3948 304 4011 id
320 3958 369 4011 est
384 3950 595 4031 majestatem,
614 3962 715 4021 tuam,
727 3974 923 4033 mecumque
978 3945 1066 4008 illam
1082 3944 1330 4023 ambulaturum,
1345 3946 1602 4027 predicatorum,
1619 3955 1651 4010 et
1665 3948 1724 4011 mi-

171 4049 400 4123 sertissimem,
418 4048 451 4109 id
472 4056 520 4110 est
535 4048 753 4129 operationem
774 4050 922 4130 magnili-
978 4044 1086 4107 recula
1110 4052 1326 4127 operaturum,
1344 4044 1466 4127 optavit
1483 4054 1581 4109 totam
1607 4055 1724 4109 terram

172 4164 254 4221 cam,
273 4144 351 4226 quia
371 4164 428 4228 per
444 4154 508 4208 tam
531 4146 754 4210 miraculosam
775 4149 922 4229 dejectio·
978 4143 1065 4205 illam
1097 4142 1300 4225 conspicere,
1331 4144 1600 4224 quemadmodum
1630 4146 1724 4208 multi

172 4262 246 4306 nem
264 4250 427 4306 tantorum
445 4262 566 4323 regum,
584 4246 845 4328 exercituumque
870 4267 922 4311 eo·
938 4252 961 4312 t)
976 4240 1148 4304 Christiani
1174 4259 1259 4302 nuuc
1279 4240 1414 4323 cupiunt
1431 4250 1463 4304 et
1488 4242 1634 4305 laborant
1654 4263 1722 4307 eam

172 4360 256 4417 rum,
274 4359 312 4404 ιο
337 4342 423 4422 quod
446 4342 554 4403 nullus
573 4340 715 4405 tiliorum
740 4344 834 4406 lsrael
861 4344 922 4408 tuit
977 4338 1135 4420 inspicere
1159 4358 1198 4401 ex
1221 4339 1392 4403 devotione
1411 4358 1521 4402 eorum
1541 4360 1612 4421 que
1636 4350 1724 4423 gesta

171 4438 267 4501 laesus
284 4439 325 4501 ab
341 4438 418 4515 illis,
431 4440 621 4505 monstravit
634 4441 713 4503 [leus
724 4442 922 4525 omnipoten-
976 4444 1050 4498 sunt
1066 4436 1122 4497 ibi.

172 4536 250 4597 tiam
266 4555 368 4599 suarn.
390 4538 545 4598 Transibo
561 4539 666 4615 igitur
686 4548 715 4599 ιι
738 4541 849 4601 uidebo
864 4552 922 4601 ter-
1016 4539 1189 4615 Iratamque
1199 4545 1243 4596 est
1254 4536 1339 4595 milri
1348 4537 1508 4597 Dominus
1517 4548 1647 4615 propter
1656 4560 1721 4615 cos,

170 4656 244 4696 ram
255 4638 340 4695 hane
354 4636 523 4712 eptimam,
536 4635 568 4697 id
584 4644 632 4698 cst
646 4636 738 4698 valde
754 4637 920 4718 pulchram
976 4632 1036 4696 hoc
1052 4640 1101 4694 est
1115 4642 1246 4714 propter
1266 4642 1431 4713 peccatum
1448 4635 1532 4714 quod
1549 4636 1724 4699 'occasione

170 4741 201 4795 et
216 4732 360 4809 uberem,
379 4742 470 4793 trans
483 4735 658 4794 Iordanem
680 4743 710 4795 ct
728 4746 867 4796 montem
881 4740 922 4797 is·
976 4730 1072 4795 vestri
1088 4730 1210 4794 incurri
1225 4733 1274 4811 (ut
1299 4732 1491 4813 praecedenti
1516 4734 1650 4797 articulo
1671 4756 1723 4798 ex-

171 4834 421 4908 {tamegregium
436 4840 466 4890 et
482 4832 647 4891 Libanum
663 4832 718 4911 qui
739 4834 921 4896 continetur
975 4828 1115 4909 positum
1131 4830 1202 4909 est),
1213 4849 1271 4889 neo
1284 4830 1564 4893 eoeaudteitmein
1580 4832 1639 4895 hac
1654 4851 1723 4896 ora-
1762 4874 1765 4877 ·

170 4928 203 4990 in
221 4937 305 4991 terra
321 4928 387 4991 illa.
405 4927 492 4990 lstud
515 4928 577 4990 luit
597 4929 731 4992 verbum
753 4931 917 5012 cujusdam
976 4926 1072 5003 tione,
1090 4927 1165 5007 quia
1179 4926 1239 4988 etsi
1261 4927 1389 5008 culpam
1411 4926 1499 4991 illam
1516 4930 1595 4991 mibi
1618 4930 1722 4993 indul-

170 5025 417 5102 familiaritatis,
445 5033 476 5088 et
506 5026 682 5108 spiritualis
714 5026 857 5105 fiduciae,
888 5040 919 5093 et
974 5026 1026 5105 sit,
1055 5044 1119 5087 non
1150 5033 1256 5086 tamen
1282 5025 1364 5087 banc
1389 5045 1530 5107 plenam,
1554 5032 1609 5088 sed
1632 5033 1721 5090 ιιιίιι

169 5125 400 5207 aequivalenter
417 5122 478 5185 luit
493 5125 594 5187 oratio
612 5144 619 5186 :
637 5126 728 5206 quasi
745 5126 919 5204 dicat,Pre-
973 5126 1057 5185 mihi
1072 5144 1084 5182 .·
1099 5125 1226 5199 Sufficit
1244 5124 1313 5194 tibi,
1330 5123 1436 5201 idest,
1456 5125 1533 5187 satis
1548 5127 1644 5189 orasti
1663 5146 1720 5209 pro

168 5242 222 5287 eor
238 5231 273 5285 ut
289 5223 384 5285 liceat
400 5221 479 5283 mihi
496 5222 620 5303 ingredi
639 5230 753 5285 terram
771 5225 869 5303 illam,
887 5236 918 5289 et
972 5223 1031 5286 hec
1049 5240 1093 5297 re,
1110 5220 1266 5303 quianon
1283 5220 1471 5302 impetrabis
1487 5242 1568 5300 eam,
1581 5235 1612 5287 et
1628 5225 1719 5287 sulti·
1748 5250 1867 5303 namu,

168 5321 300 5385 omnino
310 5318 442 5383 conlido
458 5321 544 5401 quod
559 5320 708 5385 exaudies
725 5341 775 5385 me
792 5322 825 5384 in
842 5324 912 5387 boc.
972 5320 1016 5385 cit
1031 5317 1089 5381 tibi
1104 5318 1206 5399 gratia
1225 5337 1296 5382 mea
1316 5318 1349 5380 in
1365 5318 1438 5382 aliis
1453 5329 1549 5403 atque
1572 5323 1717 5389 remissio
1733 5320 1754 5360 ⁹·
