4309 6259
535 524 709 571 unaannrro
731 524 762 569 ut
783 524 852 570 esu.
875 521 972 569 xxxru
994 522 1190 570 nunanoauu.
1214 542 1253 553 -
1274 524 1345 569 nar.
1368 524 1397 569 ur
1676 506 1734 569 ltus

183 695 277 759 Moab
300 705 365 759 tarn
390 695 479 758 urbis
503 714 599 777 quam
622 694 796 777 provincie
819 711 935 756 nomen
950 692 975 753 Α
992 700 1043 754 tus
1065 700 1124 770 est,
1142 691 1264 757 scilicet
1284 693 1367 755 ultra
1387 693 1566 768 Jordanem.
1584 693 1630 756 bd
1652 694 1737 776 qnod

184 804 248 857 est.
277 799 367 857 Unde
389 799 517 874 epressi,
540 805 697 855 venerunt
719 797 756 855 ia
782 796 938 871 Daplrca‚·
992 792 1163 855 dicendum
1179 792 1316 871 videtur,
1326 793 1412 875 quod
1429 801 1511 855 terra
1525 792 1673 855 Chanaan
1689 812 1739 855 ca-

183 897 227 954 de
247 898 383 972 Daplrra
403 897 440 955 in
461 898 554 956 Aius.
577 894 645 955 Istae
666 892 847 955 mansiones
871 889 938 954 lue·
994 892 1081 973 pitur
1097 891 1149 956 hic
1164 901 1301 968 extense,
1314 910 1372 974 pro
1387 900 1453 955 tota
1468 891 1590 955 scilicet
1604 900 1689 955 terra
1704 891 1736 953 in

185 1001 265 1055 runt
289 992 324 1056 in
350 994 476 1057 deserto
498 993 565 1056 Sin.
588 993 621 1055 ln
644 992 811 1055 mansione
831 998 937 1054 autem
995 1008 1058 1071 qua
1073 992 1192 1073 posteri
1207 991 1356 1055 Chanaan
1376 990 1439 1054 lilii
1458 991 1555 1054 Cham
1576 990 1738 1055 habitave-

72 1113 86 1141 τ
126 1113 168 1151 ¹¹¹,
186 1092 245 1157 Sin
262 1093 368 1176 primo
387 1093 496 1155 datum
517 1099 565 1156 est
586 1110 713 1168 manna,
732 1100 767 1153 ut
782 1091 816 1165 in
831 1090 937 1153 Exodo
993 1098 1077 1153 runt.
1095 1091 1159 1154 Rex
1174 1098 1280 1154 autem
1295 1091 1378 1163 Arad
1394 1090 1457 1154 luit
1470 1092 1510 1154 de
1525 1091 1647 1154 semine
1661 1090 1738 1154 Cha·
1753 1110 1808 1154 aa.
1819 1124 1840 1162 ι,
1853 1113 1884 1154 a.

184 1193 319 1274 legitur.
334 1195 528 1273 Epressique
541 1196 581 1254 de
594 1194 689 1263 Alae,
707 1193 743 1252 in
758 1191 938 1268 Rephidim
993 1207 1087 1268 nean,
1105 1199 1141 1252 ut
1157 1189 1190 1252 in
1204 1190 1317 1253 Genesi
1333 1190 1526 1253 continetur.

184 1293 338 1365 munt
353 1290 492 1349 tentoria
507 1308 518 1347 :
533 1286 590 1369 qui
612 1286 701 1348 loeus
724 1293 772 1349 est
792 1284 888 1348 etiam
904 1284 937 1346 in
1034 1286 1179 1362 Profecti
1208 1289 1248 1346 de
1272 1296 1378 1347 monte
1408 1289 1488 1357 Hor,
1521 1288 1739 1347 castrametati

184 1388 316 1451 deserto
337 1385 404 1465 Sin,
428 1386 605 1450 secundum
625 1384 789 1460 Glossam3
811 1386 869 1445 ubi
883 1403 938 1463 po-
992 1392 1068 1444 sant
1084 1385 1121 1445 in
1137 1387 1318 1457 Salmona;
1331 1387 1409 1446 inde
1423 1393 1580 1445 venerunt
1599 1386 1636 1445 in
1652 1386 1740 1446 Pnu-

178 1490 266 1565 pulo
281 1506 370 1568 aqua
384 1487 494 1564 defuit
509 1488 553 1546 ad
568 1486 751 1556 decadam,
773 1490 804 1546 θῖ
821 1482 866 1545 ibi
881 1482 939 1546 llo
994 1502 1070 1544 non.
1083 1481 1152 1547 lstaa
1163 1482 1233 1545 dua
1243 1481 1437 1560 mansiones
1449 1483 1625 1546 secundum
1636 1482 1742 1547 Hiero-

81 1597 167 1645 mus
184 1586 299 1649 minus
321 1584 426 1669 primo
447 1582 556 1648 eduxit
577 1602 692 1664 aquam
717 1584 756 1646 de
781 1590 881 1664 petra,
904 1589 939 1644 ut
994 1600 1137 1663 nymum,
1156 1581 1189 1643 in
1204 1581 1317 1645 ordine
1330 1581 1472 1645 historia
1487 1599 1552 1645 non
1572 1581 1741 1660 habentur,

183 1684 341 1750 scribitur
357 1684 390 1747 in
405 1684 524 1747 Exodo.
541 1684 748 1762 Profectique
763 1684 802 1742 de
816 1682 939 1758 Raphi—
994 1682 1048 1743 sed
1065 1680 1219 1764 scriptum
1236 1689 1285 1743 θεῖ
1299 1699 1358 1763 pro
1372 1681 1430 1758 cis,
1440 1680 1565 1762 Egressi
1580 1682 1743 1745 demente

181 1788 271 1856 dim,
286 1785 506 1847 castrametati
526 1791 602 1843 sunt
625 1782 662 1842 in
683 1784 804 1841 deserto
825 1781 936 1852 Sinai,
993 1780 1066 1858 Hor,
1090 1799 1148 1863 per
1177 1780 1262 1845 viam
1291 1781 1388 1843 maris
1412 1779 1521 1857 Rubri,
1548 1780 1743 1856 circuierunt

182 1884 217 1946 id
242 1892 292 1947 θεῖ
312 1883 403 1965 juxta
422 1880 510 1945 Sinai
531 1888 670 1943 montem
695 1880 727 1941 in
750 1880 875 1942 deserto
897 1878 938 1940 si·
957 1886 1110 1952 Bterram
1129 1879 1229 1942 Edem
1251 1896 1257 1941 :
1277 1898 1315 1942 ex
1338 1898 1403 1961 quo
1427 1879 1616 1957 ostenditur,
1633 1898 1686 1942 eas
1706 1879 1740 1941 in

183 1992 270 2061 tum,
292 1982 351 2045 ubi
372 1982 549 2045 secundum
571 1980 797 2062 Hieronymum
823 1978 938 2041 duode
993 1978 1117 2042 linibus
1131 1987 1163 2042 et
1178 1980 1314 2043 circuitu
1327 1980 1427 2043 Edem
1442 1978 1741 2061 positasesse.Pre

183 2082 272 2145 eima
303 2081 427 2145 mansio
459 2079 530 2142 luit.
557 2083 623 2142 Sed
645 2090 675 2141 et
699 2082 738 2139 de
761 2080 939 2139 solitudine
992 2080 1131 2159 factique
1145 2082 1185 2139 de
1199 2083 1353 2150 Plunon,
1369 2081 1587 2140 castrametati
1605 2090 1682 2141 sant
1701 2082 1738 2141 in

182 2172 300 2252 Sinai,
307 2181 339 2243 id
350 2188 399 2243 θεῖ
413 2181 453 2243 de
467 2187 557 2261 parte
573 2178 628 2241 illa
643 2176 825 2241 solitudinis
836 2175 937 2239 monti
993 2181 1102 2251 Obori,
1120 2187 1156 2240 ut
1171 2178 1324 2260 scriptum
1341 2186 1389 2242 est
1404 2195 1511 2258 supra.
1527 2180 1571 2239 Et
1585 2181 1624 2238 de
1640 2180 1737 2241 oboth
1764 2203 1884 2255 Nm,

184 2280 308 2359 vicina,
320 2282 448 2359 epressi,
466 2288 623 2340 conmuni
640 2281 684 2339 ad
699 2280 845 2355 sepulcra
863 2278 938 2337 Con·
992 2289 1148 2339 uenerunt
1168 2280 1482 2359 audacioremque
1500 2287 1545 2339 est
1564 2279 1738 2354 infinibus
1753 2268 1830 2317 ¹⁰³¹·

182 2382 407 2459 cupiscentioe,
423 2378 456 2440 id
479 2386 527 2440 θεῖ
550 2378 589 2439 ad
611 2376 717 2439 locum
738 2374 784 2437 sic
803 2374 935 2450 dietum,
991 2378 1416 2442 Moabitarumfloeeodem
1427 2376 1567 2459 capitulo
1582 2373 1736 2457 scriptum

138 2506 167 2545 ιι,
182 2479 342 2561 qnoniam
363 2477 410 2540 ibi
430 2475 573 2559 percussi
595 2482 718 2537 suntet
734 2473 862 2554 sepulti,
880 2471 936 2553 qui
991 2476 1235 2559 expositumque
1257 2486 1316 2540 est.
1340 2467 1423 2539 Inde
1443 2486 1600 2538 aeneam
1621 2478 1657 2535 in
1679 2476 1738 2535 Di-

182 2598 277 2642 esnm
299 2577 446 2640 carnium
467 2574 737 2649 desideraverunt,
759 2580 794 2634 ut
815 2572 935 2634 dictum
991 2579 1130 2654 bonpad,
1148 2578 1226 2636 inde
1247 2579 1284 2638 in
1306 2576 1652 2639 Hetmondeetauatm.
1676 2574 1737 2636 lsta

182 2686 230 2742 esi
258 2696 365 2758 supra.
383 2676 590 2753 Profectique
611 2673 697 2750 inde,
718 2673 936 2733 castrametati
991 2676 1123 2739 nomina
1144 2694 1209 2738 non
1231 2685 1306 2738 sunt
1327 2684 1401 2739 ante
1422 2674 1592 2757 descripta.
1617 2671 1677 2737 Sed
1701 2680 1737 2734 ut

48 2784 143 2873 orutam,
152 2789 168 2838 ι,
181 2787 263 2839 sant
282 2779 321 2837 ia
338 2776 509 2845 Haserotlt,
527 2782 558 2835 et
583 2771 630 2834 ibi
655 2770 750 2833 Maria
775 2778 806 2833 et
831 2770 934 2832 Aaron
990 2774 1035 2837 ait
1049 2775 1268 2857 Hieronymus,
1286 2794 1344 2856 pro
1361 2774 1407 2837 eis
1428 2773 1544 2855 legitur
1563 2792 1670 2855 supra,
1689 2772 1736 2835 Fi-

49 2874 65 2890 ''
182 2874 329 2940 oblocuti
345 2881 420 2935 sunt
434 2871 543 2955 Moysi,
553 2878 588 2933 ut
602 2889 698 2952 supra
713 2868 859 2931 habitum
874 2876 932 2931 est.
989 2882 1103 2941 xerunt
1125 2872 1260 2937 tentoria
1282 2874 1315 2935 in
1336 2872 1504 2950 Jeabarim,
1522 2879 1554 2934 et
1575 2871 1650 2935 inde
1669 2890 1735 2936 mo-

183 2975 308 3037 Deinde
333 2972 367 3034 in
391 2980 477 3034 textu
499 2970 608 3033 multra
630 2967 812 3059 mansiones
832 2967 936 3049 expri—
990 2972 1323 3050 ventes‚veneruntad
1338 2971 1733 3053 torrentemZared‚quem
1746 2990 1880 3044 uranus.

183 3081 329 3150 muntur‚
347 3072 386 3135 de
405 3070 525 3153 quibus
546 3077 619 3131 ante
638 3068 706 3131 haeo
726 3066 759 3128 in
782 3074 868 3129 textu
888 3066 934 3128 nil
951 3067 973 3130 C
989 3071 1217 3154 relinquentes,
1235 3070 1448 3135 castrametati
1464 3078 1539 3132 sunt
1553 3076 1664 3133 contra
1679 3069 1733 3131 Ar-

182 3172 315 3255 legitur.
648 3238 652 3247 ,
989 3190 1065 3234 non.
1100 3175 1260 3233 Venerunt
1283 3174 1328 3232 ad
1351 3179 1471 3231 montes
1495 3170 1646 3240 Abarim,
1675 3168 1731 3231 ubi

225 3268 375 3347 Profecti
388 3269 428 3327 de
442 3265 652 3341 Asionpaber,
661 3272 818 3324 uenerunt
832 3263 869 3323 in
884 3264 935 3321 de
988 3274 1099 3348 postea
1115 3265 1284 3329 defunctus
1299 3273 1348 3328 est
1361 3264 1492 3346 Moyses,
1506 3273 1618 3325 contra
1632 3265 1732 3335 Nebo,

182 3378 309 3429 sertum
319 3365 464 3429 Siniste
475 3363 563 3426 locus
574 3370 622 3425 θεῖ
632 3362 744 3425 θΙίιιεθ
758 3360 935 3444 praehabito
990 3365 1021 3427 id
1036 3372 1084 3427 est
1099 3382 1138 3427 ex
1152 3364 1285 3427 adverso
1300 3363 1362 3427 loci
1378 3382 1434 3427 seu
1447 3362 1565 3425 montis
1581 3362 1627 3426 sic
1641 3362 1730 3426 dicti.

184 3468 257 3531 loco
269 3464 420 3545 Sin,quia
431 3462 556 3526 diversa
572 3461 641 3525 loca
656 3462 838 3543 frequenter
849 3460 933 3523 idem
989 3463 1064 3526 inde
1081 3465 1281 3524 transierunt
1302 3465 1346 3523 ad
1365 3463 1557 3540 campestria
1576 3465 1670 3525 Moab
1684 3483 1735 3523 su

184 3566 308 3629 habent
323 3560 536 3628 vocabulum:
556 3564 661 3623 lamen
678 3568 713 3622 ut
727 3560 772 3622 ait
787 3560 935 3640 Hierony·
987 3583 1052 3641 pra
1071 3565 1248 3623 Jordaaem
1271 3571 1383 3621 contra
1403 3563 1543 3633 Jericlw,
1566 3560 1597 3623 id
1623 3570 1672 3624 est
1697 3580 1735 3624 ex

185 3682 271 3738 mus,
283 3662 354 3725 loca
369 3660 431 3723 ista
445 3657 658 3723 diversimode
674 3657 936 3721 scribuntur.Un-
991 3660 1138 3742 opposito
1161 3659 1250 3722 urbis
1270 3658 1368 3736 illius,
1386 3658 1469 3721 inter
1484 3678 1581 3740 quam
1596 3666 1628 3722 et
1648 3658 1736 3723 lilios

186 3762 226 3825 de
243 3758 463 3841 subjungitur,
476 3761 544 3819 neec
557 3767 602 3818 est
619 3759 716 3818 Cadus
727 3778 738 3817 .·
754 3776 772 3819 a
787 3774 851 3838 quo
867 3756 935 3819 loco
990 3757 1085 3821 lsrael
1112 3757 1175 3820 luit
1198 3757 1355 3821 Iordanis.
1382 3759 1496 3837 Ibique
1518 3760 1737 3819 castrametati

186 3858 279 3923 missi
297 3858 430 3921 luerunt
449 3856 676 3939 exploratores,
694 3864 725 3917 θῖ
746 3854 790 3917 ibi
812 3862 937 3917 mortua
991 3867 1068 3919 sant
1087 3860 1128 3917 de
1147 3859 1346 3917 Bermimotu
1365 3876 1465 3936 usque
1489 3858 1679 3926 Abelsatim,
1704 3856 1737 3918 id

187 3968 235 4023 est
248 3955 534 4033 Maria‚utdictum
551 3964 597 4019 θεῖ
613 3954 753 4037 capitulo
765 3954 935 4025 vicesim03
992 3964 1041 4019 est
1061 3974 1119 4037 per
1140 3953 1278 4036 spatium
1301 3954 1385 4036 quod
1405 3953 1467 4016 luit
1487 3953 1570 4016 inter
1590 3954 1653 4016 duo
1669 3953 1738 4017 loca

187 4068 220 4121 et
235 4065 369 4120 vocatur
384 4055 480 4118 etiam
496 4055 656 4117 desertum
666 4055 799 4130 Pharan,
809 4059 939 4134 propter
993 4055 1039 4117 sie
1054 4061 1246 4135 nuncupata.
1264 4053 1331 4116 Non
1348 4061 1453 4116 umen
1468 4059 1593 4135 oportet
1612 4061 1735 4135 putare,

65 4170 86 4209 ι’
118 4185 174 4222 ,ιιι
188 4157 274 4239 qnod
300 4173 399 4237 supra
422 4154 576 4235 scriptum
602 4159 650 4215 est
677 4170 684 4213 :
707 4152 870 4215 Proiectus
892 4158 940 4214 θεῖ
993 4154 1079 4236 quod
1095 4151 1321 4234 occupaverint
1339 4160 1439 4215 totum
1461 4152 1520 4215 hoe
1540 4152 1690 4234 spatium,
1707 4159 1740 4215 et

67 4255 74 4262 ’
89 4264 94 4274 “
188 4254 331 4338 populus
346 4254 386 4316 de
401 4251 566 4328 Haseroth‚
584 4250 659 4313 linis
677 4250 821 4313 tentoriis
838 4250 871 4311 in
886 4250 940 4312 dc·
954 4258 979 4320 D
993 4252 1093 4334 aliqui
1110 4251 1325 4332 dicunt‚quod
1341 4250 1402 4313 tria
1416 4250 1567 4313 milliaria
1581 4250 1621 4313 de
1636 4250 1739 4331 spatio

189 4362 276 4418 serto
298 4354 434 4429 Pharan,
458 4351 515 4413 ubi
537 4351 661 4415 locutus
687 4358 736 4412 est
761 4350 938 4413 Dominus:
994 4357 1241 4434 occupaverunt.
1269 4349 1375 4412 Refert
1403 4358 1508 4412 tamen
1537 4350 1628 4431 Lyra,
1654 4348 1741 4430 quod

189 4453 278 4515 Mitte
300 4451 387 4515 viros
410 4450 466 4533 qui
487 4450 690 4513 considerent
715 4458 841 4512 terram.
859 4452 941 4510 Inda
994 4449 1078 4511 inter
1092 4448 1156 4511 duo
1171 4448 1238 4511 heac
1254 4447 1324 4510 loca
1338 4455 1428 4510 crant
1442 4446 1610 4510 duodecim
1627 4446 1741 4509 millia-

191 4562 351 4613 cendant
366 4553 404 4612 in
419 4561 560 4611 montem
574 4552 655 4621 Hor,
668 4549 700 4611 id
716 4556 764 4612 θεῖ
778 4550 818 4612 ad
834 4549 940 4611 locum
995 4548 1042 4610 ria
1055 4573 1062 4625 ;
1079 4548 1135 4610 sed
1156 4564 1220 4609 non
1240 4546 1336 4609 habet
1354 4545 1572 4628 apparentiam
1587 4546 1673 4627 quod
1688 4563 1741 4608 oc·

59 4657 174 4709 “neuw-
190 4652 220 4715 ei
245 4650 391 4715 vicinum
411 4668 417 4711 ι
438 4649 471 4712 iu
493 4666 558 4731 quo
580 4654 687 4710 monte
703 4646 873 4711 defunctus
894 4656 941 4709 θεῖ
994 4652 1249 4729 cupavcrnnttot
1259 4644 1417 4722 milliaria,
1428 4643 1490 4706 nisi
1502 4642 1637 4707 forsitan
1647 4643 1741 4707 valde

190 4752 297 4814 Aaron
322 4757 355 4812 et
379 4747 534 4830 sepultus,
559 4746 641 4809 sicut
666 4765 761 4828 supra
786 4747 939 4828 scriptum
994 4764 1104 4827 parve.

59 4857 176 4909 litimo-
191 4858 251 4913 est.
262 4850 466 4927 Audivitque
483 4849 694 4919 Chananeus,
711 4854 772 4909 etc.
789 4847 873 4909 Istud
890 4866 942 4908 su·
1041 4846 1112 4915 Uet,
1128 4841 1251 4906 scilicet
1275 4843 1309 4905 in
1330 4841 1560 4924 campestribus
1582 4841 1682 4919 Moab,
1700 4847 1742 4903 te

192 4968 250 5031 pra
281 4947 511 5029 scriptumest
539 4952 635 5027 atque
664 4945 854 5027 expositum.
882 4945 941 5009 Sed
995 4954 1089 5005 antus
1110 4954 1156 5004 est
1180 4946 1338 5005 Dominus
1362 4945 1406 5002 ad
1430 4945 1574 5020 Moysen,
1600 4941 1740 5005 dicens:

160 5096 165 5105 .
192 5046 295 5131 quaeri
311 5053 426 5128 potest,
444 5043 582 5126 qualiter
598 5043 793 5107 Chananeus
814 5044 873 5107 iste
890 5064 943 5107 rex
996 5045 1143 5119 Praene
1151 5044 1234 5119 filiis
1244 5044 1346 5102 Israel
1360 5051 1390 5102 et
1403 5044 1458 5101 dic
1472 5044 1517 5101 ad
1530 5045 1742 5111 eossouando

193 5148 278 5209 brad
295 5146 456 5208 habitasse
472 5143 597 5207 dicatur
606 5144 646 5205 ad
657 5143 823 5206 meridiem
839 5144 873 5205 in
885 5152 944 5206 tor·
999 5142 1197 5205 transieritis
1219 5143 1407 5212 Iordanem,
1436 5142 1595 5200 intrantes
1624 5150 1744 5201 terram

194 5265 230 5309 ra
250 5244 413 5319 Chanaan,
429 5262 529 5324 quum
552 5250 636 5305 terra
650 5242 797 5305 Chanaan
820 5242 944 5305 dicatur
1000 5242 1167 5310 Clanaan,
1198 5239 1386 5314 disperdite,
1416 5237 1448 5299 id
1478 5247 1527 5300 est
1557 5236 1741 5313 interficite,

196 5354 282 5407 terra
298 5340 534 5426 promissionis,
552 5349 640 5404 extra
655 5359 752 5423 quam
768 5340 829 5404 iste
844 5360 946 5405 mora·
998 5347 1126 5399 canctm
1150 5337 1343 5397 dubitatores
1368 5346 1461 5399 terra
1485 5338 1588 5397 illius.
1610 5335 1658 5398 Ab
1683 5335 1742 5398 hac

67 2494 128 2537 Num.

48 2559 75 2603 ii.
84 2559 114 2599 db.
