4309 6259
492 517 666 564 manuario
687 517 718 562 m
740 516 808 562 ote.
832 513 1173 562 xxxttnnttrttttottoltlt.
1196 533 1236 544 ·-
1258 515 1329 560 aar.
1351 513 1436 560 XXXV
1674 493 1736 557 665

187 711 315 771 quoque
328 693 525 768 defecerunt,
539 688 586 752 illi
604 687 753 754 videlicet
772 686 828 768 qui
847 693 938 749 eran-t
952 685 977 748 h
993 705 1079 748 nare.
1101 685 1190 748 Unde
1205 686 1238 747 in
1253 684 1389 749 Ieremia
1403 683 1555 748 Dominus
1573 683 1620 746 ait
1636 701 1643 745 :
1660 682 1735 757 Quis
1748 704 1882 755 resumo.

189 789 380 872 captivi,vol
395 791 452 872 qui
468 789 703 852 absconderunt
717 807 751 850 se
766 786 937 868 ipsos,imo
993 783 1107 846 similis
1123 785 1204 848 meit
1217 793 1248 847 et
1263 783 1336 866 quis
1352 783 1522 846 sustinebit
1537 785 1605 845 mei
1616 790 1647 845 et
1661 781 1735 864 quis

189 897 222 950 et
238 889 271 950 hi
287 889 343 970 qui
364 889 397 952 iu
417 887 560 951 turribus
576 896 608 951 et
628 886 791 950 fortalitiis
805 886 845 948 ad
860 883 938 947 resi·
993 892 1040 945 est
1056 883 1116 946 iste
1131 892 1239 965 pastor
1254 882 1308 965 qui
1323 883 1448 946 resistat
1461 882 1564 944 vultui
1579 884 1669 945 meet
1679 885 1737 943 Lc-

189 988 339 1050 siendum
360 987 506 1050 hostibus
527 1006 562 1050 se
583 986 784 1060 clauserunt3
801 985 937 1047 residui·
992 984 1070 1042 vobo
1086 985 1253 1042 adoratum
1269 1002 1404 1042 manum
1423 1002 1540 1051 meam,
1556 980 1588 1042 id
1604 989 1662 1057 est,
1679 999 1736 1062 per

187 1107 250 1164 que
269 1090 454 1165 consumpti
475 1097 561 1157 aunt,
580 1085 612 1148 id
637 1093 696 1161 est,
719 1085 816 1148 ceteri
836 1081 935 1145 ludaei
993 1081 1122 1142 modum
1146 1080 1283 1161 J'urantis
1303 1080 1428 1144 habebo
1449 1099 1510 1143 me.
1535 1079 1736 1142 Consuetudo

187 1183 266 1246 binc
287 1184 363 1248 inde
383 1183 532 1265 dispersi,
551 1182 686 1248 diversis
703 1182 846 1245 cladibus
868 1199 937 1263 per·
993 1177 1141 1259 equidem
1153 1178 1415 1260 estquibusdam,
1422 1180 1529 1260 jurare
1539 1197 1611 1240 cum
1622 1196 1736 1240 manus

188 1281 306 1344 ierunt.
993 1276 1171 1341 elevatione
1186 1276 1219 1339 in
1235 1278 1347 1340 altum.
1364 1276 1445 1340 llinc
1459 1277 1618 1340 Abraham
1634 1275 1680 1340 sic
1687 1275 1737 1357 ju-

228 1383 272 1441 Et
287 1383 396 1442 dicent
414 1381 458 1458 hi,
475 1380 593 1462 quibus
609 1381 690 1443 Deus
705 1379 828 1442 dederit
845 1377 937 1440 intel·
993 1375 1103 1452 rande,
1120 1376 1165 1438 ait
1181 1375 1247 1457 regi
1265 1376 1472 1440 Sodomorum
1486 1393 1493 1438 :
1506 1375 1591 1438 Leve
1605 1394 1735 1437 manum
1752 1390 1883 1440 cuniae

188 1478 290 1558 ligere
312 1479 383 1556 ista,
402 1479 470 1542 sive
486 1479 549 1541 sint
569 1477 752 1554 adversarii,
771 1477 838 1542 sive
859 1476 937 1558 justi
992 1493 1096 1536 meam
1111 1475 1151 1537 ad
1172 1493 1386 1557 possessorem
1403 1475 1476 1539 coeli
1491 1484 1522 1537 et
1537 1474 1737 1537 terrae.Unde

188 1585 221 1639 et
241 1578 337 1641 amici
353 1577 490 1640 iudaicae
510 1577 614 1661 plebis
632 1595 639 1639 :
662 1579 722 1640 Ubi
735 1587 811 1638 cunt
825 1577 877 1636 ciii
891 1596 938 1636 eo·
993 1571 1199 1653 Septuaginta
1216 1574 1448 1637 transtulerunt
1466 1592 1473 1636 :
1492 1573 1612 1636 Tollam
1628 1573 1662 1634 in
1677 1591 1738 1636 cte

188 1675 439 1749 cumvidelicet
457 1675 729 1740 idololatrantium
744 1675 934 1752 ludaeorum,
993 1670 1060 1732 lum
1080 1691 1209 1735 manum
1236 1692 1350 1749 meam,
1367 1681 1400 1736 et
1420 1673 1535 1753 jurabo
1556 1690 1613 1754 per
1634 1673 1739 1734 dexte

189 1777 356 1854 inquibus
372 1777 530 1836 habebant
544 1777 724 1853 fiduciam?
739 1777 786 1835 De
800 1794 938 1854 quorum
993 1787 1060 1831 ram
1092 1788 1206 1832 meam.
1233 1771 1290 1834 Por
1320 1771 1387 1833 haee
1412 1770 1508 1833 etiam
1533 1769 1631 1833 verba
1655 1769 1737 1833 Deus

189 1875 334 1935 uictimis
344 1877 548 1935 comedebant
559 1875 680 1952 adipes,
698 1873 730 1935 id
752 1881 810 1950 est,
827 1873 937 1954 adipes
954 1871 976 1932 B
993 1868 1133 1931 ostendit
1158 1868 1450 1951 superliberrimam
1473 1868 1737 1950 omnipotentiam

188 1971 379 2034 animalium
400 1973 470 2050 diis¹
484 1991 540 2036 seu
562 1973 656 2036 idolis
672 1972 851 2035 oblatorum
867 1971 938 2034 ede-
994 1987 1095 2043 suam,
1108 1986 1206 2048 quum
1224 1976 1330 2030 tamen
1347 1967 1416 2049 ipse
1430 1966 1577 2044 illocalis,
1595 1966 1738 2029 immate

188 2070 268 2133 bant
290 2071 390 2134 instar
412 2071 595 2151 gentilium,
611 2081 641 2131 et
657 2073 802 2132 bibebant
823 2071 938 2130 uinum
993 2064 1509 2148 rialis,incircumscriptibilisque
1524 2064 1685 2127 consistat.
1694 2067 1738 2126 lit

189 2171 401 2240 libaminum,
427 2170 461 2232 id
483 2178 531 2233 est
554 2170 631 2233 vina
656 2168 750 2233 idolis
777 2168 939 2231 immolata
992 2166 1101 2224 dicam
1116 2186 1128 2224 .·
1144 2166 1221 2225 Vivo
1235 2184 1290 2241 eqo
1305 2165 1342 2224 in
1356 2163 1562 2233 cernuum
1579 2171 1639 2239 esi,
1651 2171 1738 2226 ater-

189 2268 228 2330 ad
253 2267 321 2330 liba
344 2266 518 2346 fundenda,
541 2269 608 2332 sive
623 2269 663 2330 ad
678 2267 910 2349 degustandum
929 2285 935 2328 :
994 2261 1108 2324 naliter
1117 2281 1154 2324 ac
1169 2261 1352 2325 beatissime
1367 2261 1453 2338 vivo,
1469 2269 1502 2324 et
1517 2281 1584 2323 sum
1601 2261 1670 2342 ipsa
1686 2280 1738 2323 su-

190 2364 303 2448 sieque
319 2385 352 2430 se
368 2366 649 2430 conformaverunt
659 2365 831 2430 idololatris
842 2364 937 2428 etiam
983 2360 1224 2444 perpurissima
1239 2379 1296 2442 per
1316 2379 1350 2424 se
1365 2358 1542 2423 subsistens
1564 2359 1738 2422 incommu-

190 2463 224 2525 iu
246 2484 303 2527 esu
320 2473 352 2528 ot
367 2465 431 2526 ritu
448 2465 695 2548 idolothytorum
714 2464 819 2546 :quod
836 2463 869 2526 in
885 2463 939 2526 Le
995 2458 1102 2521 tabilis
1118 2459 1194 2521 vita.

191 2561 291 2626 vilico
310 2563 463 2626 Dominus
487 2563 668 2645 specialiter
692 2583 729 2626 ac
754 2562 941 2644 frequenter.
1033 2559 1073 2620 Si
1088 2568 1255 2619 acuerent
1270 2561 1551 2638 sulpurpiadium
1566 2578 1684 2631 mum,
1705 2557 1738 2620 id

190 2661 473 2743 prohibuitlussit
488 2661 575 2725 enim
590 2671 626 2724 ut
641 2661 937 2724 nullusludaeorum
993 2665 1051 2734 est,
1070 2658 1109 2719 ad
1121 2656 1347 2719 vindicandum
1366 2675 1417 2720 me
1434 2657 1739 2739 praeparaveram

112 2795 131 2824 u
154 2786 174 2824 τ·
190 2759 399 2823 manducaret
424 2761 551 2842 adipem
576 2769 631 2823 aut
656 2760 854 2840 sanguinem,
880 2779 938 2822 nee
993 2755 1102 2836 quitur
1123 2764 1230 2818 autem
1252 2756 1291 2818 de
1314 2775 1347 2817 se
1369 2773 1458 2818 more
1479 2755 1620 2818 humano
1643 2776 1650 2820 :
1673 2774 1738 2838 quo

190 2859 267 2922 vina
278 2867 402 2940 potaret
418 2857 783 2942 libaminum,quatenus
801 2858 937 2941 populus
992 2853 1064 2935 quis
1081 2853 1193 2917 volens
1214 2872 1359 2917 exercerc
1374 2853 1561 2928 vindictam,
1583 2855 1670 2916 acuit
1684 2873 1738 2918 en-

189 2957 253 3020 Dco
269 2975 345 3020 voro
361 2956 554 3033 deserviens,
572 2956 613 3020 ab
629 2957 804 3021 idololatris
825 2956 938 3018 distin·
993 2972 1071 3016 sem.
1090 2951 1205 3032 Sioque
1222 2950 1372 3014 scribitur
1387 2952 1426 3014 dc
1441 2953 1504 3015 Deo
1527 2952 1559 3013 in
1583 2951 1666 3015 libro
1685 2952 1737 3015 Sa·

187 3063 350 3134 gueretur.
367 3059 514 3134 Surpant
533 3066 563 3116 et
578 3058 779 3134 opitulentur
794 3057 891 3126 uobis,
907 3065 938 3116 et
954 3054 975 3118 C
992 3051 1121 3134 pientia
1138 3071 1145 3115 :
1167 3050 1311 3132 Accipiet
1324 3058 1516 3112 armaturam
1531 3050 1615 3130 zelus
1626 3049 1732 3127 illius,
1764 3073 1879 3127 sapen,

188 3155 225 3214 iu
248 3157 432 3215 necessitate
454 3173 508 3214 aas
526 3163 708 3232 ponpam.
729 3153 794 3216 Hoc
816 3151 937 3236 ironice
993 3150 1104 3213 induet
1119 3168 1177 3232 pro
1193 3149 1320 3212 thorace
1335 3149 1504 3231 justitiam,
1521 3156 1613 3211 acuet
1632 3149 1734 3210 diram
1751 3137 1828 3185 ¹⁹³¹·

187 3251 318 3327 dicitur,
334 3251 426 3332 quasi
442 3251 625 3316 dicattlam
641 3250 771 3315 cernitis
786 3251 937 3333 quodve
992 3250 1071 3311 iram
1092 3249 1126 3310 in
1146 3247 1301 3311 lanceam.
1322 3247 1415 3310 lsaias
1434 3264 1561 3328 quoque
1578 3267 1585 3311 :
1603 3247 1735 3309 indutus
1764 3261 1880 3312 rumai.

188 3350 238 3412 bis
250 3350 401 3431 prodesse
417 3368 481 3412 non
497 3357 627 3432 queant.
905 3387 907 3392 ,
991 3356 1049 3423 est,
1067 3347 1182 3429 inquit,
1191 3346 1315 3427 justitia
1330 3353 1365 3407 ut
1380 3345 1488 3408 lorica.
1499 3350 1540 3408 Et
1555 3348 1735 3423 arripuerit

239 3451 357 3519 Videte,
375 3447 482 3524 idest,
500 3466 556 3530 per
579 3446 676 3510 iidem
693 3455 725 3510 et
746 3445 936 3510 miraculosa
982 3447 1154 3523 judicium
1170 3466 1287 3506 manus
1298 3466 1378 3516 mcc,
1392 3444 1424 3505 id
1439 3452 1497 3520 est,
1510 3452 1650 3526 potestas
1665 3464 1736 3507 mea

188 3565 260 3608 mea
274 3564 372 3628 opera
386 3545 579 3627 cognoscite,
596 3549 681 3626 quod
695 3566 749 3623 epe
763 3567 836 3606 sum
850 3549 936 3605 sotus
990 3543 1123 3626 coeperit
1133 3562 1279 3606 exercere
1288 3543 1410 3623 justum
1419 3542 1735 3623 judiciumRectdcm

188 3663 284 3708 verus
301 3651 332 3706 et
347 3643 551 3726 omnipotens
574 3645 667 3721 DeUS,
685 3643 739 3726 qui
763 3643 883 3724 ubique
904 3651 936 3706 et
990 3645 1148 3705 ultionem
1158 3643 1299 3703 hostibus
1315 3643 1445 3711 meimet
1459 3644 1510 3702 tis
1525 3643 1584 3721 qui
1598 3645 1735 3704 aduam

187 3759 315 3822 semper
331 3741 463 3804 inomni
476 3741 663 3805 necessitate
679 3750 710 3805 et
726 3749 936 3823 causapotest
992 3761 1052 3812 uae,
1067 3743 1256 3802 retribuam.
1274 3739 1338 3803 Hoc
1358 3738 1487 3821 qnidam
1511 3747 1674 3821 exponunt
1695 3741 1735 3803 de

186 3841 320 3922 juvare;
345 3850 375 3901 et
394 3861 459 3900 non
474 3850 519 3902 est
534 3842 621 3900 atius
636 3844 720 3902 Deus
738 3850 857 3918 prater
872 3860 932 3899 me.
990 3838 1127 3922 Assyriis
1142 3847 1174 3902 et
1190 3837 1355 3915 chaldeis,
1372 3857 1408 3900 ac
1424 3837 1537 3901 ceteris
1555 3847 1736 3919 persecuto

188 3937 270 4002 Vera
284 3938 371 4000 enim
391 3938 495 4000 Deitas
518 3937 725 4020 multiplicari
746 3957 809 4002 non
829 3944 936 4019 potest
991 3938 1078 4000 ribus
1093 3938 1282 4012 ludaorum,
1303 3936 1359 4018 qui
1374 3937 1522 4018 quamvis
1544 3936 1577 3997 in
1593 3938 1736 3999 devasta-

189 4054 247 4098 nec
257 4035 371 4113 dividi,
389 4055 448 4098 uec
464 4035 600 4099 diversis
614 4036 845 4100 communicari
862 4053 869 4096 ε
887 4035 935 4096 ui·
991 4037 1077 4100 tione
1091 4035 1271 4098 Judaeorum
1282 4034 1414 4097 fuerunt
1428 4034 1641 4097 instrumenta
1656 4034 1735 4098 divi-

188 4133 256 4195 hilo
266 4133 374 4195 minus
388 4133 507 4196 aPatre
521 4134 754 4197 communicata
764 4144 811 4198 est
826 4132 936 4213 unige-
991 4155 1038 4198 naa
1052 4133 1195 4216 justitiae,
1212 4152 1275 4197 non
1292 4141 1397 4196 tamen
1414 4132 1559 4196 lecerunt
1574 4133 1634 4196 boc
1650 4141 1735 4196 recta

188 4231 257 4294 nito
267 4231 338 4312 ejus
348 4231 537 4313 Filio,atque
547 4251 565 4294 a
575 4231 663 4295 Patre
673 4240 706 4294 et
715 4231 794 4294 Filio
803 4231 934 4313 Spiritui
949 4239 974 4300 D
989 4233 1240 4310 intentione,sed
1256 4252 1294 4294 eu
1309 4231 1689 4314 crudelitate,cupiditate
1703 4241 1735 4294 et

188 4329 439 4406 Sanet0‚unitate
450 4338 482 4392 et
497 4329 701 4411 simplicitate
711 4329 856 4392 esseutiae
868 4349 935 4411 per·
990 4331 1177 4408 ambitione,
1194 4330 1463 4411 quemadmodum
1481 4331 1515 4392 in
1537 4330 1615 4394 lsala
1630 4331 1735 4394 Domi-

187 4435 349 4492 mauente.
367 4430 437 4506 Epo
451 4431 594 4490 occidam
611 4427 755 4506 rebelles,
773 4439 802 4489 ct
816 4449 872 4506 epo
889 4430 935 4487 ui·
990 4450 1050 4493 nus
1071 4430 1116 4493 ait
1139 4431 1179 4493 de
1204 4447 1278 4509 rege
1302 4429 1502 4512 Assyriorum
1521 4450 1528 4494 :
1546 4430 1600 4492 Va
1623 4431 1732 4505 Assur,
1750 4450 1882 4502 uacum.

187 4547 260 4586 vere
269 4527 405 4605 faciam,
413 4525 445 4588 id
457 4535 515 4602 est,
523 4525 556 4588 in
567 4527 633 4590 vita
648 4535 769 4589 naturas
779 4545 815 4588 ac
826 4527 935 4607 gratias
990 4529 1080 4611 virga
1100 4529 1217 4592 luroris
1239 4529 1302 4592 mei
1322 4536 1354 4592 et
1375 4528 1508 4591 baculus
1526 4528 1595 4611 ipse
1614 4537 1678 4603 est;
1694 4531 1734 4592 ad

187 4622 384 4688 conservabo
400 4624 600 4699 obedientem
606 4627 789 4703 percutiam
804 4642 935 4706 pecean-
989 4637 1115 4708 gentem
1133 4627 1280 4690 lallacern
1296 4627 1419 4689 mittam
1436 4646 1521 4690 eum.
1538 4628 1608 4709 lpse
1627 4637 1733 4691 autern

187 4730 284 4799 tes,et
298 4743 354 4799 epo
367 4725 486 4784 sanabo
498 4723 845 4804 poenitentes.llortuos
860 4741 936 4806 quo·
990 4741 1054 4786 uon
1075 4723 1121 4786 sic
1136 4722 1353 4800 arbitrabitur,
1372 4724 1427 4786 scd
1450 4723 1489 4786 ad
1505 4725 1733 4787 conterendum

187 4839 250 4901 que
265 4821 349 4882 Deus
365 4821 542 4898 resuscitat,
560 4821 625 4884 imo
642 4822 681 4883 ad
697 4820 879 4885 christianae
897 4821 935 4883 li·
989 4821 1116 4885 eritcor
1130 4823 1210 4904 ejus.
1221 4822 1340 4885 Idcirco
1356 4831 1387 4884 et
1403 4822 1455 4884 isti
1471 4832 1656 4885 meruerunt
1672 4823 1735 4905 pla-

187 4919 239 4982 dei
256 4917 422 4981 veritatem
433 4920 676 4983 monstrandam
696 4919 762 4999 jam
779 4919 934 5001 plurimos
989 4921 1056 5000 gari
1073 4940 1092 4982 a
1106 4921 1169 4983 Deo
1191 4929 1320 5002 propter
1335 4939 1481 4984 enormes
1502 4939 1613 4983 eorum
1629 4940 1735 4984 exces-

186 5016 279 5079 valdc
295 5016 505 5079 resuscitavit.
515 5021 556 5079 Et
571 5038 636 5078 non
651 5028 696 5078 est
711 5021 770 5098 qui
783 5022 823 5079 cic
834 5040 935 5079 rnanu
990 5039 1043 5080 sus
1060 5019 1093 5081 in
1110 5020 1197 5083 lilios
1208 5020 1312 5082 lsrael.
1323 5022 1490 5081 Inebriabo
1500 5023 1637 5098 sapiam
1649 5043 1734 5082 meas

187 5137 257 5176 mea
270 5117 372 5192 possit
386 5136 508 5186 mucre,
527 5116 559 5177 id
579 5124 638 5192 est,
657 5115 764 5177 nullus
783 5116 861 5178 mihi
880 5135 935 5197 pe
988 5120 1159 5194 sanquine,
1172 5118 1204 5179 id
1220 5127 1278 5193 est,
1297 5137 1353 5199 per
1369 5135 1479 5200 paenas
1494 5126 1602 5181 acutas
1619 5137 1675 5180 seu
1689 5120 1735 5199 ja-

187 5221 249 5275 test
273 5213 431 5290 resistere,
459 5232 517 5276 nec
543 5214 689 5296 pervim
715 5215 754 5277 de
779 5223 934 5296 potestate
989 5214 1061 5278 cula
1086 5215 1297 5297 penetrantia,
1325 5222 1448 5277 tantum
1473 5215 1645 5298 impiorum
1665 5235 1735 5278 sau·

187 5331 258 5375 mea
272 5312 407 5393 eripere,
420 5331 516 5393 quem
528 5313 600 5376 volo
615 5313 760 5376 occidere
775 5321 829 5375 aut
845 5313 931 5375 darn-
988 5313 1118 5394 guinem
1128 5312 1369 5390 elluudam,seu
1380 5314 1734 5395 tautosoccidam,quod
