4309 6259
501 514 675 561 nnannarro
696 516 727 562 ln
748 516 816 561 aaa.
840 516 903 563 xvn
923 516 1157 564 usursnonoun.
1180 536 1220 547 -
1241 518 1312 564 aar.
1335 518 1409 565 xvm
1664 500 1723 563 587

53 700 160 749 accam,
176 692 270 767 ptum
292 693 340 747 est
359 702 366 747 :
387 684 446 760 Qui
466 684 558 749 timet
572 685 754 764 Dominum,
772 686 853 749 nihil
874 707 928 751 ne·
941 686 967 750 A
981 691 1095 761 Israel,
1106 688 1138 751 id
1153 698 1379 772 est,quatenus
1394 692 1448 755 diu
1463 692 1633 755 salubriter
1647 710 1726 775 prae

44 768 69 806 ’θ’
176 785 283 866 gligit.
307 788 350 848 m
371 788 532 847 metodirc
557 788 653 849 cerba
674 798 704 850 et
725 790 927 850 caerimonias
982 788 1023 850 sit
1039 789 1158 873 populo
1179 790 1245 867 bei,
1261 799 1293 853 et
1312 792 1476 873 proprium
1501 791 1604 854 tilium
1627 793 1672 855 ita
1691 792 1725 854 in

176 888 262 963 ejus,
279 885 311 947 id
328 893 387 961 est,
405 884 516 948 divina
531 895 701 969 praecepta,
719 886 861 964 moralia,
878 888 929 968 ju·
981 888 1068 951 omni
1085 890 1202 953 virtute
1217 889 1372 967 instituat,
1390 892 1475 972 quod
1495 899 1526 954 et
1547 892 1616 973 ipse
1636 891 1726 953 lilius

176 985 318 1063 dicialia,
336 1005 373 1049 ac
388 986 615 1049 caerimonialia
630 986 816 1069 adimplere,
828 994 859 1048 et
873 1004 928 1066 gu·
981 996 1092 1069 postea
1117 988 1284 1071 praesideat
1308 988 1469 1053 fructuose
1489 990 1529 1052 ad
1554 990 1609 1051 bei
1628 990 1726 1053 hono

176 1083 314 1147 bernero
337 1104 371 1147 se
394 1085 498 1168 ipsum
521 1104 557 1148 ae
583 1085 728 1149 subditos
752 1086 926 1149 secundum
982 1104 1059 1163 rem,
1082 1095 1177 1169 atque
1198 1106 1401 1150 communem
1423 1088 1622 1151 subditorum
1644 1090 1727 1152 salu-

175 1184 289 1247 divina
305 1186 465 1248 mandata.
983 1197 1058 1251 tem.
1081 1186 1132 1250 Sic
1152 1207 1299 1270 pracesse,
1321 1196 1370 1250 est
1391 1188 1571 1252 benedictio
1592 1189 1726 1251 donum-

219 1284 294 1343 Non
310 1285 452 1341 elevetur
466 1302 521 1342 cor
534 1282 605 1359 ejus
620 1284 656 1342 in
671 1284 856 1359 superbiam
874 1302 927 1343 su·
981 1301 1044 1365 que
1059 1281 1226 1358 Creatoris,
1237 1288 1269 1344 et
1284 1301 1405 1345 merces
1417 1284 1562 1363 quaedam
1576 1282 1725 1347 virtuosae

173 1401 234 1459 per·
250 1382 372 1458 fratres
386 1401 470 1451 suos,
492 1380 524 1443 id
547 1389 606 1459 est,
629 1381 668 1443 de
690 1388 818 1463 accepta
840 1389 927 1464 pote·
980 1380 1232 1446 conversationis
1246 1399 1253 1442 :
1267 1381 1331 1444 imo
1346 1381 1387 1445 ob
1402 1400 1548 1462 magnam
1564 1382 1727 1464 regispcr-

175 1487 259 1542 state
284 1487 316 1542 et
340 1480 543 1563 praesidentia
566 1499 630 1544 non
656 1479 799 1557 iniletur,
823 1499 926 1562 neque
981 1480 1164 1557 lectionem,
1192 1500 1276 1563 saepe
1300 1481 1485 1545 conceditur
1505 1482 1640 1563 posteris
1655 1482 1725 1563 ejus

177 1578 317 1641 inaniter
338 1578 504 1659 glorietur,
530 1600 588 1643 nee
610 1579 754 1642 subditos
779 1598 927 1662 asperae
980 1599 1037 1662 per
1052 1581 1170 1643 multas
1183 1580 1403 1660 generationes
1419 1580 1452 1643 in
1468 1582 1649 1664 principatu
1660 1600 1726 1643 suc·

176 1685 240 1755 tur,
258 1679 313 1740 sed
332 1685 483 1760 tanquam
497 1678 674 1742 confratres
689 1697 743 1741 eos
758 1678 923 1761 adspiciat,
980 1679 1104 1754 cedere,
1132 1676 1214 1740 sicut
1242 1678 1283 1740 de
1306 1678 1405 1742 David
1436 1678 1467 1740 in
1499 1678 1581 1742 libro
1606 1678 1725 1760 liegum

175 1778 223 1839 sic
251 1786 369 1854 tamen,
394 1786 429 1839 ut
453 1778 640 1841 auctoritate
662 1798 729 1855 sua,
747 1780 823 1841 dum
846 1778 926 1841 ratio
981 1775 1165 1857 frequenter
1194 1775 1338 1852 habetur,
1362 1777 1447 1857 quod
1472 1777 1625 1841 Dominus
1654 1795 1727 1840 con·

175 1877 288 1958 exigit,
316 1884 444 1939 strenue
475 1884 594 1953 utatur,
622 1884 653 1938 et
682 1876 752 1958 jura
783 1874 1462 1957 exerceatssscrravitregnumliliisejus,
1480 1876 1726 1939 utdaroteilu-
1746 1898 1870 1954 trinea.

175 1975 377 2057 disciplinae3
396 1983 431 2037 ut
451 1983 539 2037 tanto
556 1975 742 2051 timoratior,
760 1976 926 2038 humilior·
981 1994 1109 2038 cernam
1133 1974 1166 2035 in
1189 1974 1374 2037 Jerusalem.
1398 1974 1477 2037 llinc
1500 1974 1532 2036 in
1555 1974 1638 2037 libro
1656 1975 1726 2037 Pro
1740 1964 1844 2013 Μ’*-

176 2096 242 2157 que
255 2076 423 2161 consistat,
441 2094 505 2157 quo
528 2076 657 2154 gravius
679 2093 760 2138 onus
782 2074 843 2138 sibi
866 2076 925 2137 im·
982 2072 1163 2136 verbiorum
1185 2072 1337 2154 scriptum
1358 2081 1406 2135 cst
1423 2090 1430 2135 :
1448 2074 1514 2140 lior
1530 2074 1585 2155 qui
1605 2074 1727 2155 judicat
1747 2096 1869 2146 emuna.

177 2174 320 2258 positum
346 2182 405 2251 est,
432 2183 465 2236 ot
489 2192 552 2255 quo
578 2174 611 2235 in
641 2175 757 2256 maiori
783 2184 927 2238 versatur
983 2172 1015 2234 in
1032 2172 1164 2235 veritato
1179 2172 1489 2254 pauperes,thronus
1504 2174 1574 2255 ejus
1590 2173 1622 2235 in
1637 2182 1726 2236 aeter-
1741 2160 1773 2202 ¹⁴·

177 2273 336 2356 periculo,
359 2273 575 2356 ampliorique
599 2275 701 2355 gratia
726 2284 807 2357 eget,
831 2284 927 2357 atque
984 2292 1058 2334 num
1077 2272 1271 2334 firmabitur.
1284 2272 1323 2333 lit
1338 2272 1371 2333 in
1386 2272 1608 2335 Ecclesiastico
1621 2290 1628 2335 :
1640 2273 1727 2335 Prin·
1740 2293 1871 2341 aetram.

176 2374 216 2437 ad
231 2380 390 2435 tantorum
402 2373 567 2436 hominum
579 2372 844 2453 gubernationem
855 2392 928 2437 con·
982 2372 1105 2454 cipatus
1121 2371 1239 2434 sensati
1255 2370 1379 2433 stabilis
1394 2371 1465 2434 erit.

177 2472 367 2551 dignam‚se
384 2472 595 2554 deprehendit
610 2472 712 2553 magis
728 2471 928 2535 insollicien-
1028 2470 1108 2533 Ecce
1133 2478 1263 2532 sanctus
1287 2469 1406 2553 lloyses
1432 2469 1666 2552 sapientissime
1695 2477 1728 2531 et

178 2580 255 2647 tem,
275 2571 337 2633 nisi
353 2571 584 2651 gratiosissime
600 2580 631 2635 et
647 2572 862 2635 indesinenter
877 2573 929 2635 ad·
983 2566 1303 2651 compendiosissime
1318 2568 1370 2630 hic
1385 2568 1547 2644 describit,
1560 2568 1664 2649 qualis
1679 2569 1729 2631 de

178 2671 312 2750 juvatur
328 2690 364 2733 ac
379 2670 535 2753 dirigatur
555 2691 573 2733 a
593 2672 656 2734 Deo
675 2689 681 2733 :
700 2673 929 2754 propterquod
984 2668 1056 2730 beat
1077 2686 1148 2729 esse
1169 2686 1223 2730 rex
1244 2674 1275 2729 ct
1295 2668 1490 2748 quicumque
1506 2667 1655 2749 princeps
1675 2676 1730 2730 aut

180 2770 277 2833 debet
293 2790 328 2833 se
342 2770 406 2833 Deo
422 2789 494 2833 eum
511 2771 599 2833 omni
615 2771 729 2834 timore
750 2780 781 2834 et
800 2771 930 2833 humili·
984 2765 1170 2847 presidens,
1189 2772 1223 2826 ut
1237 2764 1359 2827 scilicet
1375 2783 1524 2846 pompam
1542 2764 1731 2847 equitatura

181 2878 246 2932 tate
270 2870 442 2951 subjicere.
460 2869 539 2933 llinc
562 2870 594 2931 in
616 2870 839 2934 Ecclesiastico
856 2871 930 2933 scri·
986 2873 1016 2927 et
1031 2864 1166 2925 aliarum
1186 2863 1363 2925 vanitatum
1384 2862 1513 2938 devitet,
1532 2883 1590 2927 nec
1609 2863 1730 2926 alienas

132 2998 149 3040 ,χ
182 2978 343 3051 plumosa
367 2987 374 3031 :
398 2969 562 3032 Rectorem
589 2977 619 3032 te
644 2974 841 3051 posueruntt
863 2970 929 3033 noli
986 2962 1116 3024 invadat
1130 2961 1321 3044 provincias,
1340 2980 1398 3023 nec
1418 2971 1538 3042 quaerat
1557 2962 1679 3024 divitiis
1694 2981 1730 3025 ac

48 3072 105 3111 ¹³¹¹·
127 3064 314 3143 ·³·cxtolli;
332 3076 399 3131 esto
421 3067 453 3129 in
477 3067 543 3129 illis
562 3068 653 3149 quasi
675 3087 758 3131 unus
777 3087 815 3131 ex
839 3069 927 3151 ipsis.
947 3066 968 3130 C
986 3059 1142 3122 ministris
1173 3059 1369 3123 ⁰0¹'i0b01'8ii
1400 3060 1439 3122 ad
1470 3060 1666 3123 Saevitsstissm
1696 3061 1729 3122 in

180 3168 295 3231 Curam
313 3165 442 3229 illorum
463 3166 555 3243 habe,
573 3176 604 3229 et
620 3166 664 3230 ita
679 3167 855 3231 considera.
873 3168 930 3230 De-
986 3160 1143 3235 subditos,
1169 3178 1226 3222 nec
1249 3159 1379 3222 reducat
1403 3159 1557 3241 populum
1584 3159 1618 3221 in
1642 3160 1731 3241 AEgy-

180 3268 280 3347 nique
305 3264 476 3347 dignitates
501 3274 532 3327 et
556 3265 668 3328 officia
690 3266 928 3348 presidentium
986 3267 1089 3341 pium,
1102 3259 1134 3320 id
1150 3266 1208 3335 esi,
1227 3278 1284 3321 1¹⁰⁰
1299 3258 1407 3333 veihi),
1426 3277 1484 3321 ¹¹0⁰
1499 3258 1655 3340 θῐθΰψΙθ,
1672 3278 1731 3321 ¹1⁰0

179 3375 255 3428 sunt
271 3365 452 3441 servitutes,
470 3365 546 3447 quia
568 3366 606 3427 ad
628 3363 825 3428 subditorum
848 3367 929 3429 ordi.
985 3358 1205 3439 compulsione
1225 3366 1280 3419 aut
1301 3364 1455 3439 potestate
1471 3358 1609 3420 retrahat
1624 3356 1732 3420 subdi-

178 3473 298 3527 nantur
308 3465 476 3527 commoda
491 3482 527 3527 ac
542 3462 731 3546 proiectum.
742 3463 821 3526 Sunt
832 3465 927 3527 etiam
986 3463 1033 3519 ¹08
1049 3473 1124 3518 8⁰0⁵
1139 3456 1177 3518 ad
1194 3456 1301 3519 Sfflcilli
1318 3455 1502 3532 vaniorem,
1512 3456 1551 3517 ad
1563 3456 1730 3536 caliginem

177 3564 262 3627 dona
287 3561 397 3643 gratiae
422 3562 521 3641 gratis
546 3562 637 3639 date,
662 3562 755 3624 bonis
780 3572 811 3625 et
835 3563 927 3625 malis
985 3554 1198 3632 vitiorum,ad
1214 3555 1298 3618 bella
1314 3555 1684 3637 inJusta30arnalitatem
1700 3564 1732 3619 et

177 3656 374 3732 communia,
392 3674 464 3736 quae
486 3656 779 3738 incomparabiliter
795 3657 927 3721 minoris
983 3671 1111 3716 omnem
1128 3662 1230 3716 torum
1248 3654 1450 3733 illegitimum
1465 3654 1554 3729 vitot,
1565 3653 1730 3716 avaritiam

177 3764 253 3818 sunt
271 3755 436 3832 bonitatis,
454 3774 550 3837 quam
570 3756 653 3819 dona
672 3756 782 3835 gratiae
800 3764 926 3836 gratum
985 3753 1169 3828 detestetur,
1187 3771 1245 3815 nec
1266 3752 1404 3834 amplius
1425 3751 1616 3814 thesaurizet
1634 3771 1729 3833 quam

178 3854 339 3918 facientis.
353 3856 464 3934 Neque
478 3856 616 3915 dectinet
632 3857 667 3915 in
680 3866 808 3932 portem
822 3859 927 3915 dante·
983 3851 1111 3933 expedit
1125 3870 1183 3933 pro
1198 3850 1431 3913 detensionerei
1444 3849 1591 3933 publicae,
1601 3868 1660 3933 pro
1669 3870 1730 3913 am-

176 3976 249 4015 ram
267 3956 318 4013 oet
332 3955 514 4025 sinistram,
534 3953 565 4015 id
582 3961 640 4030 cst,
657 3973 715 4016 nec
732 3973 850 4031 amore,
869 3974 926 4017 nec
984 3950 1137 4033 pliatione
1162 3950 1264 4013 divini
1291 3950 1407 4025 cultus,
1435 3968 1493 4031 pro
1517 3950 1639 4031 nuptiis
1663 3970 1729 4013 suaa

176 4053 262 4129 odio,
281 4039 340 4115 nec
356 4051 465 4133 aliquo
481 4053 575 4116 modo
591 4072 608 4115 a
625 4053 814 4116 rectitudine
829 4054 927 4136 aequi-
983 4050 1093 4131 prolis,
1103 4069 1162 4132 pro
1177 4049 1321 4112 subsidio
1337 4067 1591 4131 pauperum‚pro
1607 4057 1728 4112 susten-

177 4151 250 4213 tatis
274 4158 330 4213 aut
352 4150 458 4213 medio
479 4150 612 4214 rationis
633 4153 767 4229 recedat,
786 4154 840 4215 sed
860 4160 927 4215 tan·
982 4147 1102 4212 tatione
1117 4148 1242 4211 decenti
1257 4167 1394 4211 suorum.
1404 4146 1450 4209 Sit
1467 4147 1597 4229 insuper
1612 4148 1728 4211 studio-

175 4264 272 4326 quam
286 4244 337 4307 lex
348 4244 421 4308 viva
432 4252 463 4307 et
472 4245 612 4307 animata
622 4246 756 4327 justitia,
768 4247 924 4310 immobili
941 4251 965 4313 D
982 4266 1046 4323 sus,
1063 4256 1096 4310 et
1111 4266 1238 4311 omnem
1256 4247 1450 4311 otiositatem
1470 4245 1670 4309 abominetur
1689 4267 1726 4311 ac

175 4343 331 4406 firmitate
347 4343 512 4426 sapientiae
534 4352 629 4426 atque
650 4344 832 4422 virtutibus,
850 4364 926 4427 prae-
981 4345 1073 4410 ludos
1089 4346 1281 4429 supcrlluos.
1291 4345 1407 4408 Contra
1422 4346 1489 4409 haic
1501 4344 1648 4409 Salomon
1658 4363 1726 4426 gra-
1769 4376 1846 4419 gap,

175 4443 286 4505 sertim
310 4442 454 4524 justitiae,
479 4442 589 4524 pietati
614 4450 710 4524 atque
736 4444 922 4525 prudentiae,
981 4444 1062 4507 viter
1084 4463 1231 4526 peccasse
1252 4451 1410 4517 censetur,
1430 4442 1486 4522 qui
1511 4442 1633 4505 femora
1657 4462 1727 4505 mu-
1740 4453 1801 4545 ffi
1812 4441 1844 4480 ²¹·

175 4560 303 4624 semper
324 4540 487 4603 inherent.
511 4540 574 4603 llex
594 4560 731 4622 namque
751 4548 798 4603 est
820 4542 924 4622 imago
981 4542 1113 4605 lieribus
1137 4541 1314 4625 inclinarit,
1340 4559 1419 4621 quas
1442 4541 1666 4605 ardentissimo
1689 4562 1727 4604 ac
1741 4567 1783 4607 r-a.
1801 4515 1872 4557 ω’

174 4640 230 4702 Dei
247 4640 282 4701 in
299 4646 394 4714 terra,
412 4649 443 4701 et
459 4640 542 4701 sicut
558 4640 604 4703 sol
621 4639 722 4702 stellis
743 4639 922 4721 praefulget,
980 4640 1189 4704 vitiosissimo
1218 4638 1330 4702 dilexit
1358 4657 1481 4716 amore,
1508 4639 1726 4721 gloriatusque

93 4762 99 4771 ·
175 4740 222 4803 sie
238 4757 294 4802 rex
310 4756 375 4821 praa
391 4737 528 4801 subditis
544 4738 639 4801 debet
655 4737 688 4800 in
704 4738 791 4803 omni
808 4738 925 4801 virtute
980 4748 1038 4817 est,
1055 4741 1139 4821 quod
1157 4740 1189 4802 in
1203 4738 1377 4802 Jerusalem
1399 4738 1529 4820 reliquit
1549 4746 1671 4800 tantum
1688 4740 1727 4803 do

173 4858 210 4901 ac
235 4836 395 4920 sapientia
419 4836 567 4913 emicare,
596 4846 627 4899 et
651 4837 760 4913 verbo,
785 4836 922 4912 incessu,
980 4848 1113 4919 argento
1136 4847 1167 4902 et
1188 4857 1277 4914 auro,
1301 4847 1456 4920 quantum
1480 4837 1598 4919 reperit
1619 4835 1664 4899 ibi
1687 4838 1726 4901 de

175 4938 270 5013 lama,
289 4945 321 5000 et
340 4956 437 5019 opere
453 4946 583 5000 cunctos
600 4936 771 4999 adificare.
784 4936 925 5018 Propter·
980 4956 1041 5000 aare
1057 4946 1089 5001 et
1106 4937 1201 5002 ierro.

174 5058 211 5099 ea
227 5037 323 5100 debet
339 5055 408 5097 esse
425 5036 474 5098 vir
490 5054 620 5117 prorsus
642 5035 788 5097 heroicus
803 5056 839 5097 ac
855 5055 925 5117 per·
1028 5037 1192 5108 Praeterea,
1219 5045 1254 5098 ut
1285 5036 1414 5099 inducta
1439 5036 1556 5099 clarius
1585 5045 1725 5120 pateant,

175 5120 292 5211 iectus,
309 5142 406 5216 prout
421 5134 461 5196 de
475 5133 536 5197 hoc
551 5134 584 5195 in
603 5133 686 5195 libro
705 5134 745 5196 de
760 5134 924 5213 Regimine
980 5135 1307 5215 advertendum,quid
1320 5135 1353 5196 in
1364 5136 1470 5217 prima
1485 5137 1729 5219 secundaque·

175 5234 359 5318 principum
376 5232 504 5314 plenius
516 5232 626 5295 scribit
640 5233 793 5313 AEgidius.
809 5236 847 5295 ot
859 5237 924 5293 ton·
980 5234 1085 5297 stione
1102 5232 1170 5308 105,
1183 5233 1319 5296 Thomas
1333 5233 1505 5296 disseruit:
1522 5235 1671 5316 Populus,
1681 5235 1727 5298 in-

171 5356 213 5411 ,qo
229 5345 368 5412 temporo
383 5340 492 5409 reynel
508 5334 573 5409 ipse
588 5342 618 5392 et
632 5333 723 5408 filius
737 5334 807 5409 ry'zts
827 5352 922 5409 super
979 5330 1105 5411 quiem,
1123 5330 1177 5393 ille
1200 5330 1259 5391 sub
1281 5330 1411 5412 speciali
1427 5331 1481 5394 bei
1502 5352 1578 5394 cura
1598 5333 1728 5412 regeba-
