4309 6259
566 520 739 573 adunando
761 520 792 567 ΙΝ
814 519 882 568 GAP.
907 521 939 568 xt
960 521 1097 568 tnt't'ttct.
1120 543 1160 554 -·
1181 524 1252 571 Aut.
1276 523 1337 572 XXV

1664 508 1719 574 ill

171 695 331 770 tropodes,
349 692 382 756 id
404 703 453 758 est
476 713 552 758 vasa
575 713 631 758 seu
657 695 728 758 ollae
753 702 806 756 aut
831 694 923 778 padi,
941 691 968 754 A
984 703 1047 772 tuo,
1059 698 1243 775 quidpiam,
1258 696 1287 758 id
1304 706 1352 759 ost
1364 696 1503 778 aliquam
1516 698 1585 780 ojus
1601 675 1722 779 partem

170 788 328 854 habentes
345 791 482 855 interius
502 795 599 876 podes
619 813 715 876 super
731 814 811 876 quos
827 803 922 871 stant,

168 892 382 951 destruentur
400 902 430 953 et
450 895 617 954 immundi
636 904 743 965 eruut,
761 893 788 954 si
804 912 842 955 cx
858 893 924 954 illis

169 987 351 1052 immundis
375 989 496 1053 luerint
516 992 592 1054 tacti
611 1010 618 1054 :
636 993 723 1073 quod
743 992 924 1072 intelligen-

168 1085 250 1148 dum
271 1088 399 1152 videtur
418 1091 459 1153 de
480 1091 567 1152 vasis
586 1100 619 1154 et
639 1091 744 1154 lornis
767 1091 923 1152 lictilibus

168 1185 296 1264 terreis,
306 1177 372 1252 non
388 1189 490 1252 saxeis
507 1199 560 1252 aut
575 1189 790 1272 aeneiaquum
802 1189 923 1251 dictum

168 1283 213 1346 sit
233 1286 319 1367 quod
341 1307 417 1352 rasa
439 1287 545 1369 lignea
566 1289 612 1352 sio
632 1297 777 1352 contacta
797 1288 862 1350 sint
882 1287 924 1349 la-

167 1386 287 1448 nanda.

210 1486 328 1546 Fontes
348 1506 422 1546 acro
444 1497 474 1549 et
495 1490 641 1550 cisleruoe
656 1497 687 1548 et
701 1490 807 1548 amuis
822 1507 923 1566 aquo-

166 1603 250 1643 rum
273 1589 490 1663 cmrqrequtio,
516 1595 552 1648 ut
578 1586 726 1662 domina,
753 1595 865 1666 stagna
891 1594 922 1647 ct

167 1681 284 1759 maria,
311 1689 435 1746 maudo
455 1696 563 1757 erum,
586 1683 735 1766 quamvis
758 1684 923 1746 immunda

166 1778 227 1842 illa
255 1780 288 1842 in
313 1801 351 1845 ea
374 1783 549 1846 ceciderint
575 1801 582 1845 :
610 1784 686 1866 qnia
714 1793 777 1844 tam
808 1800 922 1861 magna

981 794 1216 875 quantumlibet
1236 814 1376 876 partam,
1393 799 1457 856 sior
1471 800 1660 874 portaverit,
1678 801 1725 857 la-

980 896 1067 954 vabit
1086 896 1270 954 vestimento
1280 915 1351 963 stra,
1361 905 1390 954 et
1402 898 1592 956 irruuurulns
1602 899 1664 957 erit
1676 918 1725 956 us-

979 1013 1040 1071 que
1049 997 1094 1052 od
1105 1012 1277 1068 vesparum.
1286 992 1369 1055 Istud
1382 1013 1418 1055 cx
1429 993 1523 1056 dictis
1534 995 1721 1056 calciatum.

1022 1093 1119 1151 Orrrrrc
1144 1096 1229 1170 quod
1252 1102 1356 1168 raptat
1378 1113 1474 1169 super
1500 1103 1630 1164 terram,
1653 1113 1724 1175 quat

980 1188 1101 1251 scilicet
1117 1190 1213 1270 pedes
1229 1208 1293 1252 non
1311 1189 1440 1266 babent,
1458 1200 1489 1254 ct
1509 1211 1564 1255 ore
1584 1212 1639 1254 sen
1660 1191 1724 1254 alio

978 1288 1073 1351 modo
1103 1307 1218 1369 corpus
1249 1307 1341 1351 suum
1367 1289 1496 1351 trahunt
1520 1309 1556 1352 ac
1581 1297 1721 1367 movent,

978 1389 1193 1447 abominabile
1212 1391 1274 1448 crit
1290 1387 1392 1464 vobim
1409 1407 1466 1448 uec
1485 1399 1667 1450 assumetur
1687 1391 1722 1448 iu

977 1483 1190 1547 cibumTalia
1204 1485 1288 1548 onim
1308 1487 1339 1548 in
1357 1505 1390 1549 sc
1407 1487 1485 1567 ipsis
1502 1486 1625 1569 impura
1637 1496 1721 1564 sunt,

978 1583 1111 1665 usuique
1123 1584 1237 1666 inepta
1249 1588 1417 1664 Quidquid
1426 1597 1637 1664 supcrpoctus
1646 1607 1725 1666 qna-

977 1685 1096 1758 drupcs
1107 1686 1274 1759 proditur,
1287 1683 1331 1745 ita
1346 1685 1431 1765 quod
1447 1684 1594 1765 quamvis
1610 1684 1725 1748 habeat

978 1789 1113 1861 quatuor
1129 1782 1237 1863 pedes,
1262 1790 1365 1844 tamen
1386 1783 1427 1846 ob
1446 1802 1573 1845 crurum
1593 1784 1725 1865 pcdum-

166 1896 327 1959 aquarum
344 1881 456 1959 melea,
475 1900 540 1944 non
556 1888 661 1964 potest
681 1890 743 1943 tam
765 1880 860 1944 lacile
877 1881 959 1943 inb
978 1897 1040 1958 quc
1056 1878 1243 1942 brevitatem
1262 1881 1361 1962 tangit
1379 1890 1492 1944 terram
1508 1880 1542 1943 in
1554 1882 1724 1962 procedan-

166 1976 323 2057 qninari3
340 1989 372 2042 et
387 1988 517 2062 propter
535 1980 646 2042 talium
669 1999 825 2061 aquarum
848 1979 923 2041 rari·

167 2084 282 2154 tatem,
295 2078 473 2158 prasertim
490 2079 524 2140 in
540 2078 619 2142 locis
636 2087 727 2141 terra
742 2077 924 2160 promissio-

167 2175 234 2252 nis,
249 2177 500 2257 poteratJudaeis
510 2196 581 2240 esse
595 2195 702 2256 grave,
716 2177 743 2238 si
754 2196 845 2258 aqna
860 2176 924 2240 illa

168 2272 312 2337 luissent
335 2275 399 2338 tam
420 2275 559 2339 faciliter
577 2275 764 2358 inquinata,
787 2276 924 2357 usuique

166 2391 283 2434 eorum
300 2374 486 2456 probibita3
499 2383 530 2438 ct
545 2375 642 2438 etiam
658 2374 734 2457 quia
749 2373 924 2438 idololatra

167 2489 237 2534 non
261 2472 305 2534 ita
324 2459 535 2536 exercuerunt
549 2473 703 2555 quasdam
725 2472 925 2556 superstitio-

167 2589 228 2634 ncs
247 2590 322 2634 suas
337 2571 422 2634 circa
437 2591 536 2653 aquas
552 2572 635 2648 ilina,
652 2572 923 2654 quemadmodum

167 2670 261 2733 circa
275 2689 374 2752 aquas
389 2690 471 2752 quas
486 2670 646 2734 habebant
662 2671 748 2734 domi
767 2670 799 2732 in
816 2670 901 2732 vasis
914 2693 921 2745 3

166 2769 221 2831 vel
250 2769 327 2850 quia
352 2769 538 2851 hujusmodi
562 2789 653 2851 aqua
676 2787 799 2850 magna
823 2770 925 2832 conti-

167 2877 295 2932 nentur
312 2868 347 2930 in
368 2877 462 2945 terra,
486 2887 559 2949 qna
583 2887 621 2930 ex
640 2877 789 2931 contactu
811 2867 925 2950 pracla-

166 2975 201 3030 to
224 2983 292 3030 non
313 2967 503 3044 maculatur,
526 2967 645 3030 idcirco
671 2985 729 3029 ncc
753 2967 841 3050 ipsae.
860 2969 924 3036 diri

978 1978 1029 2053 do,
1039 1988 1069 2038 et
1087 1983 1203 2040 urullos
1218 1980 1309 2040 babet
1322 1985 1428 2059 pedes,
1439 1983 1506 2040 sire
1517 2001 1576 2058 par·
1586 1983 1723 2041 ditrutam

980 2076 1242 2148 trabitur,atiam
1258 2076 1313 2139 illa
1329 2099 1399 2161 qua
1410 2079 1528 2142 habent
1544 2079 1723 2161 plusquam

978 2184 1115 2257 quatuor
1131 2178 1239 2258 peden,
1256 2187 1288 2240 et
1308 2178 1438 2240 trahunt
1459 2199 1493 2242 se
1515 2199 1572 2262 por
1594 2188 1721 2256 terram,

979 2274 1029 2336 ccl
1041 2275 1151 2337 exalia
1163 2275 1194 2340 vi
1207 2295 1240 2339 se
1253 2277 1382 2339 trabunt
1394 2277 1425 2339 in
1438 2278 1648 2359 procedendo,
1660 2299 1722 2338 riou

978 2376 1158 2445 retardetis,
1185 2378 1264 2455 quia
1286 2378 1500 2437 abominabile
1523 2387 1578 2448 est,
1606 2376 1638 2438 id
1663 2385 1721 2453 cst,

980 2469 1145 2534 immunda
1165 2481 1239 2534 sunt
1261 2473 1351 2537 vobis
1373 2476 1412 2537 ad
1434 2494 1534 2538 esum.
1559 2476 1664 2552 Porro,
1690 2483 1725 2537 ut

979 2589 1074 2652 snper
1100 2573 1275 2634 secundum
1306 2572 1539 2636 Sententiarum
1563 2573 1722 2650 Albanus,

979 2669 1200 2732 bonaventura
1230 2679 1260 2732 et
1290 2671 1345 2733 alii
1376 2671 1529 2748 scribunt,
1557 2671 1725 2754 multiplex

979 2776 1027 2829 est
1048 2784 1150 2847 genus
1174 2769 1336 2849 reptilium
1359 2769 1498 2846 :Unum
1521 2770 1726 2853 quod'trabit

978 2885 1015 2929 ac
1038 2867 1122 2949 rapit
1145 2885 1178 2930 sc
1202 2867 1231 2930 vi
1254 2868 1329 2945 orb,
1348 2876 1383 2930 ut
1402 2869 1503 2950 aliqui
1518 2889 1662 2944 vcrmcs;
1680 2889 1726 2932 se

978 2966 1131 3042 cundum,
1149 2967 1234 3047 quod
1250 2966 1334 3049 rapit
1349 2985 1383 3030 se
1403 2966 1434 3028 vi
1455 2976 1625 3046 costarum,
1643 2969 1726 3031 siout

168 3069 387 3128 morticinum
401 3087 512 3127 earum
529 3067 679 3143 tetiqcrit,
693 3071 870 3144 polluctum.
885 3068 924 3126 Si
940 3064 961 3128 C
979 3072 1142 3146 serpentes
1156 3088 1164 3138 ;
1182 3064 1321 3141 tortium,
1332 3066 1416 3145 qnod
1434 3065 1530 3128 trahit
1545 3075 1576 3128 ct
1593 3067 1675 3149 rapit
1690 3086 1724 3128 so

167 3167 323 3226 (reciderit
337 3185 435 3242 super
448 3174 630 3236 seruantem,
648 3164 680 3226 td
695 3173 743 3226 cst
759 3182 854 3244 super
874 3183 923 3226 sc-

168 3283 248 3327 mon
265 3271 321 3325 aut
335 3282 470 3344 granum
487 3263 628 3341 nondum
645 3262 678 3324 in
695 3272 810 3325 terram
822 3263 924 3345 projc-

168 3372 275 3439 ctum,
300 3383 365 3423 aaa
387 3367 512 3442 polluet
536 3383 607 3422 eam
633 3381 683 3424 ros
713 3380 924 3444 quacumque

169 3459 312 3544 prael'ala
344 3461 520 3524 immunda.
552 3464 593 3523 Si
621 3471 729 3522 aulem
759 3463 924 3540 quispiam

168 3582 266 3640 aqua
278 3571 448 3622 sementem
458 3562 657 3640 perfuderit,
674 3569 704 3620 ct
715 3569 825 3637 posteo
842 3579 925 3618 mor·-

170 3660 289 3720 ticiuis
314 3669 399 3720 tacta
422 3660 537 3735 suerit,
566 3661 654 3718 illico
675 3662 853 3735 polluetur,
880 3657 924 3718 ita

169 3757 264 3840 quod
284 3774 349 3820 non
371 3757 433 3820 erit
454 3764 527 3839 apta
548 3757 587 3820 ad
609 3757 842 3833 seminandum,
861 3755 924 3817 nisi

171 3856 261 3920 loric
285 3864 449 3938 purgetur.
469 3856 657 3918 (iurantem
681 3855 835 3938 polluitur
856 3873 926 3935 gra·

172 3975 254 4018 num
267 3955 555 4044 criminandorum
565 3963 713 4018 contactu
725 3954 853 4035 quando
864 3973 926 4015 ma-

171 4053 340 4117 defactum
362 4061 411 4116 cst
430 4057 534 4134 aquat
553 4052 620 4115 Dici
641 4060 755 4134 potest,
772 4051 925 4133 quoniam

172 4152 247 4235 ipsa
273 4171 358 4233 aqua
382 4169 481 4231 grano
507 4151 686 4233 superfusa,
714 4170 752 4214 cx
778 4159 925 4214 contactu

979 3163 1011 3224 ri
1031 3162 1245 3244 pennularnm
1267 3183 1407 3240 suarum,
1430 3174 1465 3226 ut
1485 3164 1609 3246 pisccs;
1632 3184 1726 3247 quar-

979 3270 1057 3337 tum,
1076 3262 1160 3344 quod
1183 3262 1265 3344 rapit
1281 3281 1315 3326 se
1331 3263 1362 3325 vi
1378 3264 1582 3340 annulorum,
1602 3273 1636 3326 ut
1658 3264 1726 3326 ani·

978 3361 1075 3422 malia
1096 3361 1272 3436 annulosa;
1296 3362 1421 3442 quinto,
1444 3372 1572 3426 extenso
1594 3364 1726 3444 loquen-

979 3461 1030 3536 do,
1062 3478 1158 3522 omno
1187 3459 1305 3522 animal
1336 3460 1455 3523 dicitur
1485 3463 1608 3544 reptile,
1640 3463 1725 3544 quod

979 3559 1137 3621 movendo
1154 3578 1197 3636 sc,
1216 3577 1363 3639 magnam
1380 3569 1502 3641 partem
1518 3561 1659 3643 corporis
1676 3561 1724 3623 sni

979 3656 1119 3739 applicat
1136 3665 1236 3733 tarra,
1256 3666 1290 3719 ut
1305 3657 1410 3721 stellio
1426 3667 1457 3721 ot
1472 3658 1599 3721 lacerta.
1610 3660 1725 3722 'lentus

980 3773 1055 3820 vcro
1081 3775 1165 3818 nnnc
1195 3756 1336 3837 loquitur
1364 3758 1403 3819 dc
1428 3757 1596 3840 reptilibus
1622 3767 1723 3836 terra,

980 3872 1051 3935 qua
1081 3855 1235 3935 raptando
1267 3854 1502 3917 immunditiam
1533 3857 1726 3918 contrahunt

980 3953 1223 4016 conversatione
1252 3961 1283 4016 et
1309 3962 1406 4028 motu,
1434 3962 1465 4016 ct
1492 3955 1621 4017 aliundc
1651 3963 1727 4016 sunt

981 4049 1068 4127 vilia,
1096 4050 1327 4133 complexionis
1356 4071 1482 4133 quoquo
1509 4053 1726 4135 intemperata

981 4149 1020 4211 ad
1036 4149 1181 4212 alendam
1200 4149 1297 4212 vitam
1313 4150 1495 4213 humanam.

172 4250 235 4314 illo·
250 4251 419 4333 polluitur,
431 4259 464 4312 ct
478 4269 517 4313 ex
531 4249 739 4331 consequenti
755 4249 966 4322 sementis3D
1028 4250 1137 4311 Nolite
1173 4252 1395 4310 corrtamiuarc
1430 4252 1560 4314 artimus
1592 4261 1724 4324 vostras,

172 4348 228 4414 vel
251 4349 330 4431 quia
350 4348 503 4412 sementis
525 4347 719 4423 humefacta,
738 4347 927 4430 susceptibi-

172 4448 239 4511 lior
260 4455 310 4510 cst
330 4447 507 4530 peregrina
526 4446 768 4529 impressionis3
786 4446 836 4511 vel
852 4446 928 4528 quin

174 4546 358 4610 idololatra
372 4545 555 4628 oppositum
572 4545 669 4607 ritum
684 4544 855 4608 habebant.
873 4545 928 4606 Est

174 4655 287 4709 tamen
305 4645 449 4707 omnium
471 4645 585 4707 horum
606 4644 740 4726 mystica
760 4643 840 4706 ratio
859 4663 928 4725 par-

174 4743 237 4805 tim
262 4751 356 4819 tacta,
374 4752 407 4805 ct
426 4743 542 4824 partim
564 4743 732 4822 tangenda.

231 4844 276 4904 St
305 4852 470 4904 mortuum
499 4842 603 4918 fuerit
637 4843 766 4902 auinaul
799 4839 930 4921 propria

174 4949 292 5019 morte,
310 4943 396 5021 quod
419 4942 491 5000 licet
513 4941 599 4999 vobis
621 4942 790 5009 comedere,
808 4939 930 5002 scilicet

174 5039 350 5115 mundum,
368 5037 431 5100 nisi
446 5037 575 5100 aliunde
591 5037 783 5100 interveniat
799 5037 930 5120 impedi-

176 5147 344 5213 mentum3
364 5139 424 5218 qui
447 5141 586 5198 cadauer
604 5137 674 5214 ejus
700 5139 850 5213 tctr'qcrit,
871 5139 932 5196 im·

176 5241 327 5300 muudus
346 5238 411 5296 erit
433 5256 531 5316 usquc
550 5239 594 5296 ad
615 5254 787 5312 uesperum.
809 5237 852 5296 Et
874 5238 932 5315 qui

177 5337 356 5398 comederit
367 5356 408 5396 ea
417 5334 505 5406 eo,id
515 5343 563 5398 est
573 5334 726 5398 cadavere
739 5353 794 5416 per
806 5353 840 5396 sc
852 5353 933 5397 mor-

982 4347 1254 4430 parvipondondo‚
1271 4356 1325 4410 aut
1345 4367 1382 4410 ex
1402 4357 1587 4432 contemptu
1603 4369 1658 4412 seu
1676 4369 1727 4414 nc-

981 4446 1134 4526 gligentia
1149 4446 1301 4529 culpabili
1318 4447 1467 4511 violando
1484 4457 1632 4530 praetacta
1643 4469 1729 4512 man-

981 4547 1065 4607 data.
1083 4544 1232 4619 Quamvis
1248 4545 1334 4608 onim
1349 4566 1387 4609 ex
1402 4547 1558 4629 corporali
1577 4548 1633 4610 illo
1652 4568 1728 4612 oon-

982 4651 1068 4706 tactu
1092 4662 1154 4706 non
1177 4643 1453 4706 contaminabatur
1474 4644 1581 4706 anima
1602 4646 1727 4708 macula

982 4742 1085 4824 cnlpae
1100 4742 1219 4805 directe
1234 4750 1265 4804 ct
1282 4741 1474 4820 immediate,
1484 4752 1605 4824 poterat
1621 4753 1726 4808 tamen

983 4839 1109 4921 culpam
1128 4839 1289 4902 incurrere
1312 4859 1375 4903 non
1395 4841 1547 4918 curando,
1565 4851 1619 4904 aut
1634 4862 1672 4905 cx
1689 4843 1728 4904 ir-

984 4937 1169 5000 rationabili
1185 4958 1280 5001 oausa
1297 4937 1473 5002 omittendo
1493 4940 1727 5004 observantiam

985 5037 1176 5100 corumdem.
1187 5040 1253 5098 Nec
1264 5041 1405 5114 taoqotis
1415 5041 1594 5119 quidquam
1606 5061 1725 5112 eorum,

985 5135 1109 5198 scilicet
1134 5134 1383 5212 immundorum,
1409 5157 1447 5195 ue
1473 5139 1636 5198 iuouumti
1657 5141 1729 5198 silis

987 5233 1192 5295 immunditia
1207 5233 1364 5314 corporali
1382 5243 1437 5296 aut
1457 5235 1625 5316 spirituali,
1640 5236 1729 5316 juxta

988 5330 1219 5413 expositionem
1235 5330 1454 5415 prahabitam.
