4309 6259
438 463 500 547 aso

793 492 967 551 uuauunuo
987 505 1019 550 IN
1040 505 1108 550 CAP.
1133 505 1186 550 XIX
1208 489 1344 551 bettrici.
1358 515 1407 534 “-
1428 507 1499 552 aur.
1523 506 1629 554 XXXVII

439 677 604 755 ceptorum
626 673 771 738 'custodia
782 692 784 697 ·
795 690 889 738 neruo
909 683 1013 757 potest
1037 675 1185 738 sanctita·
1199 676 1224 738 Α
1238 678 1379 740 verus'ct
1393 677 1510 741 veritas
1526 687 1584 754 est,
1602 675 1733 742 iuduc'as
1753 679 1794 742 ad
1806 679 1982 743 'confirma-

1240 774 1358 838 tIonem
1389 776 1558 854 mendacii,
1591 778 1765 859 praesertIm
1795 780 1871 842 dum
1901 778 1981 840 illud

440 781 503 835 tom
519 772 665 854 adipisci,
683 792 756 836 mox
772 773 919 836 subditur
935 791 942 835 ε
963 777 1185 854 Unusquisque

434 864 563 949 putrem
579 894 675 932 suum
695 884 725 933 et
745 884 881 934 matrem
900 895 995 933 suam
1015 876 1126 934 timeat
1148 871 1184 934 li-

440 969 505 1032 liali
524 970 649 1048 timore,
663 971 707 1032 ita
722 982 757 1034 ut
772 980 920 1053 parentes
936 989 1021 1048 suna,
1035 971 1184 1053 spiritua-

439 1069 548 1151 lesquc
564 1079 669 1152 patres
686 1079 748 1132 tarn
765 1068 949 1134 cordialiter
964 1079 1059 1147 amet,
1072 1081 1104 1133 ει
1120 1079 1183 1132 tam

437 1178 545 1247 gratus
561 1169 603 1231 sit
617 1169 677 1247 eis,
690 1177 725 1231 ut
740 1188 850 1232 eorum
865 1168 1025 1232 ollensam
1037 1177 1184 1232 vereatur

437 1277 470 1329 et
484 1268 573 1345 vitet,
586 1266 741 1350 quantum
756 1269 989 1331 rationabiliter
1006 1277 1038 1331 et
1047 1269 1119 1330 siue
1129 1269 1182 1331 Ilei

437 1365 620 1430 offensione
646 1368 796 1450 potuerIt.
823 1370 963 1430 Sabbata
988 1389 1059 1428 meu
1083 1367 1184 1428 catato-

436 1468 515 1526 dite.
533 1468 576 1528 Ile
591 1466 686 1547 hujus
703 1467 867 1529 intellectu
887 1475 919 1528 ει
938 1466 1093 1548 qualitate
1108 1485 1184 1547 praa

308 1576 423 1629 Exclu.
437 1564 533 1645 ceptI,
552 1584 647 1646 super
666 1564 809 1626 Erodum
829 1563 949 1627 dictum
972 1573 1020 1626 est
1041 1563 1181 1645 copiose.

291 1642 353 1688 ⁸⁴¹³
368 1655 423 1691 '‘¹¹''
438 1666 507 1740 Epo
523 1667 682 1724 Dominus
696 1668 781 1724 Deus
796 1674 907 1724 cester.
918 1667 1026 1726 Nolite
1040 1666 1184 1724 concerti

292 1705 360 1745 Μ’
438 1765 483 1822 ad
497 1762 647 1833 idola,.id
663 1771 721 1838 est,
738 1761 1008 1824 ad'idololatriam
1025 1781 1116 1824 mens
1131 1780 1183 1824 ve-

1240 874 1301 936 seis
1325 873 1442 936 laisum
1468 895 1547 938 esse.
1572 876 1615 938 lle
1641 875 1690 937 his
1712 877 1787 957 quia
1808 877 1982 958 praehabita

1239 979 1323 1048 sunt,
1343 981 1478 1037 transeo.
1497 975 1558 1037 Sed
1579 994 1635 1036 cur
1655 995 1719 1038 non
1740 977 1910 1038 resumitur
1930 975 1982 1037 hic

1239 1081 1430 1154 praeeeptum
1443 1074 1482 1136 dc
1494 1071 1705 1136 fornicatione
1716 1093 1771 1136 seu
1781 1074 1984 1150 adulteratio

1239 1190 1279 1232 ne
1299 1171 1450 1234 vitandal
1472 1173 1700 1254 despondetur,
1724 1175 1808 1254 quod
1833 1173 1907 1236 inde
1939 1172 1983 1236 la-

1238 1277 1288 1331 cta
1303 1278 1351 1332 εει
1366 1271 1486 1333 mentio
1501 1271 1617 1353 partim
1639 1272 1671 1333 ln
1692 1273 1881 1353 precedenti
1896 1271 1983 1353 capi-

1238 1368 1316 1443 tulo,
1335 1369 1515 1451 partimque
1531 1368 1588 1431 liet
1604 1371 1636 1432 in
1655 1371 1810 1452 sequenti.

1281 1467 1370 1530 Circa
1400 1469 1466 1531 haec
1496 1469 1638 1550 loquitur
1662 1468 1854 1549 Augustinus
1880 1487 1886 1531 :
1915 1468 1981 1532 Non

1239 1566 1450 1644 mentiemini,
1479 1585 1536 1629 nec
1566 1567 1759 1630 calumniam
1785 1567 1920 1630 lacictls
1948 1568 1980 1629 In

1238 1663 1297 1726 boc
1314 1672 1472 1746 praecepto
1488 1665 1612 1728 ridetur
1627 1665 1794 1741 contineri,
1805 1666 1911 1746 Neque
1927 1665 1983 1728 lal-

1238 1781 1308 1823 sum
1334 1763 1551 1825 tasumonium
1579 1764 1693 1827 dices:
1721 1765 1796 1845 quia
1821 1764 1982 1826 calumnia

346 1865 349 1869 ’
438 1869 503 1922 stra
525 1879 589 1924 non
612 1861 795 1936 inclinetur,
821 1879 885 1923 nou
906 1861 1095 1936 consentiat,
1118 1878 1182 1921 non
1200 1862 1223 1923 B
1239 1859 1307 1922 sino
1324 1861 1489 1924 mendacio
1506 1860 1577 1924 lieri
1594 1881 1657 1925 non
1674 1864 1883 1943 potest,quod
1900 1863 1982 1925 laiso

438 1961 598 2041 procedat,
611 1979 652 2022 ua
667 1959 771 2022 cultus
786 1979 873 2035 vero,
887 1960 970 2034 viro,
983 1958 1183 2040 omnipoten-

438 2059 526 2139 tique
542 2058 668 2121 debitus
682 2059 757 2134 Deo,
775 2058 928 2120 creaturis
943 2066 998 2120 aut
1018 2057 1182 2138 figmentis

313 2170 356 2213 tot
366 2183 421 2220 xxc.
438 2150 660 2238 impendatur:
678 2176 748 2237 quas
763 2164 811 2219 est
827 2156 978 2237 imquitas
999 2157 1136 2218 maxima
1151 2164 1184 2218 et

438 2255 564 2336 negabo
580 2262 691 2318 contra
705 2256 803 2318 Deum
820 2254 1023 2317 altissImum.
1035 2257 1100 2315 Nec
1109 2259 1182 2314 deos

437 2356 614 2430 cottilatiles
642 2355 775 2434 sociatis
804 2355 901 2413 nobie
928 2353 997 2431 Epo
1022 2354 1183 2413 Dominus

438 2457 524 2512 Deus
540 2461 649 2512 uester.
661 2454 700 2512 Si
714 2453 961 2512 immolaveritis
976 2454 1114 2512 bostium
1126 2473 1183 2530 pa·

436 2554 604 2628 cificorum
621 2553 769 2621 Domine,
787 2559 823 2610 ut
837 2552 879 2610 sit
890 2552 1072 2626 placabilia,
1086 2550 1117 2611 id
1134 2560 1182 2612 ost

288 2663 422 2713 tautae.
437 2647 500 2710 Deo
520 2658 660 2730 accepta,
682 2669 716 2708 co
735 2651 790 2708 die
808 2669 871 2728 quo
889 2649 993 2725 licerit
1012 2650 1181 2708 immolata

428 2750 605 2808 'comedetis
619 2769 703 2815 eam,
718 2758 747 2808 et
762 2750 815 2807 die
835 2752 946 2809 altero.
964 2746 1049 2808 Istud
1067 2765 1181 2827 praece-

437 2853 527 2927 ptum
542 2865 639 2928 supra
654 2845 808 2927 scriptum
820 2854 973 2926 astatque
983 2845 1177 2926 expositum.

477 2949 583 3014 Qum
601 2948 767 3005 ›mssmuts
780 2955 894 3021 supetes
916 2955 1009 3005 terrae
1029 2953 1102 3014 tute,
1116 2964 1177 3004 noo

1238 1959 1421 2023 testimonio
1441 1960 1654 2024 concluditur.
1677 1961 1735 2024 Sed
1757 1961 1918 2042 quaeritur,
1940 1981 1980 2023 an

1237 2058 1344 2140 aliqua
1359 2058 1607 2140 dispensatione,
1617 2059 1649 2122 id
1665 2068 1712 2122 est
1728 2077 1785 2141 pro
1800 2060 1907 2141 ailqua
1922 2059 1982 2121 uti-

1238 2155 1337 2234 litate,
1354 2156 1500 2220 iacienda
1516 2158 1581 2219 sint
1596 2158 1667 2220 ista.
1686 2158 1736 2221 Sic
1757 2177 1839 2240 pene
1855 2159 1982 2220 videtur

1237 2255 1397 2331 omuibus,
1415 2256 1501 2337 quod
1517 2257 1735 2318 mentiendum
1750 2256 1792 2318 sit
1807 2275 1864 2337 pro
1880 2255 1981 2318 salute

1237 2354 1291 2415 ubi
1315 2373 1408 2418 nemo
1431 2355 1567 2418 laeditur.
1593 2356 1639 2418 An
1665 2355 1812 2417 similiter
1834 2373 1908 2436 ergo
1931 2354 1982 2416 lu-

1236 2452 1370 2514 randum
1387 2461 1434 2515 ast
1449 2452 1489 2530 ei,
1506 2453 1558 2516 cui
1575 2472 1631 2535 per
1651 2453 1770 2515 lurtum
1790 2454 1977 2528 consulitur,

1237 2551 1325 2612 velut
1346 2551 1372 2612 si
1394 2551 1467 2632 quis
1491 2551 1615 2614 iuretur
1638 2553 1780 2632 gladium
1805 2553 1923 2616 volenti
1944 2573 1981 2616 se

1236 2650 1405 2728 trucidare,
1422 2651 1689 2731 quemadmodum
1704 2651 1864 2714 calumnIa
1880 2651 1979 2714 licbat

1235 2748 1273 2808 ad
1297 2749 1399 2830 majus
1421 2749 1584 2830 gaudium,
1601 2769 1696 2831 quam
1711 2750 1827 2831 loseph
1849 2751 1889 2813 dc
1911 2770 1980 2832 scy—
2017 2777 2029 2818 ι
2061 2789 2120 2816 ιιι.
2143 2747 2144 2750 “

1235 2847 1299 2928 plro
1326 2847 1434 2909 intulit
1460 2847 1612 2910 tratribus
1638 2849 1713 2925 suis,
1741 2849 1856 2930 quibus
1881 2840 2009 2912 etiam²
2047 2843 2116 2879 ’Μ’
2143 2839 2144 2882 ³

1235 2946 1462 3028 explorationis
1489 2946 1604 3010 laisum
1630 2947 1750 3010 orImen
1776 2947 1980 3010 intenderat?

436 3045 577 3104 tondebis
587 3065 686 3124 usqm‘
696 3047 740 3104 ud
749 3047 853 3104 solum
862 3044 1065 3120 superficiem
1076 3052 1179 3114 terme,
1194 3045 1216 3108 C
1234 3044 1388 3107 Fortassis
1410 3045 1494 3108 enirn
1517 3046 1637 3108 lurtum
1660 3065 1723 3109 non
1744 3054 1802 3123 εει,
1821 3046 1882 3107 nisi
1900 3047 1979 3108 dum

436 3138 467 3202 id
484 3151 542 3218 est,
552 3141 646 3205 blada
661 3161 725 3204 non
741 3141 905 3204 desecabis
921 3141 965 3202 ita
983 3140 1133 3216 totaliter,
1146 3149 1180 3202 ut

435 3249 492 3321 pro
508 3241 701 3322 pauperibus
719 3240 798 3301 nibil
810 3248 979 3315 remaneat,
990 3241 1045 3302 sed
1060 3239 1176 3320 abque

435 3338 531 3420 spicae
555 3357 591 3402 ac
616 3347 800 3421 competens
825 3338 942 3420 stipula
967 3357 1024 3420 pro
1050 3337 1178 3400 illorum

425 3439 623 3500 'necessitate
643 3446 717 3500 sunl
737 3437 954 3520 relinquendae
970 3438 1003 3499 in
1018 3456 1105 3519 agro,
1123 3457 1180 3496 nco

434 3538 903 3615 remaneutcsspieuscoll-iqua·
914 3558 1014 3616 neque
1032 3538 1066 3595 in
1084 3538 1179 3596 vitica

436 3646 492 3696 lata
513 3656 654 3696 racemos
675 3645 705 3696 et
721 3655 830 3712 qratia
849 3637 1030 3695 decidentia
1052 3641 1179 3710 conpre-

430 3736 535 3811 qabis,
557 3738 612 3795 sed
632 3737 832 3813 pauperibus
853 3744 882 3794 et
895 3736 1086 3811 'perepriuis
1111 3753 1178 3793 cur·

430 3837 540 3909 peuda
565 3835 717 3894 dimittes.
740 3833 820 3895 Ecce
841 3831 1018 3895 exhortatio
1043 3839 1075 3893 et
1100 3850 1179 3912 prae-

434 3941 560 4014 ceptum
580 3933 620 3993 ad
641 3932 802 4013 pietatem,
822 3932 860 3992 ad
882 3930 1117 4006 liberalitatem,
1139 3929 1176 3991 ad

434 4030 597 4092 caritatem
628 4029 800 4092 Iraternam
831 4029 986 4091 inducens
1016 4048 1052 4091 ac
1082 4027 1179 4109 perti-

435 4147 526 4191 nens.
542 4127 608 4201 Ouo
624 4128 787 4209 probatur,
809 4129 907 4190 Deum
924 4127 1004 4208 legis
1024 4146 1087 4190 non
1109 4145 1178 4190 esse

1234 3143 1339 3207 a'lieno
1361 3143 1484 3206 occulte
1505 3144 1611 3206 ablato
1637 3145 1800 3226 proximus
1825 3145 1978 3207 laeditur:

1235 3242 1435 3305 mendacium
1457 3251 1562 3306 autern
1589 3262 1652 3305 non
1677 3261 1846 3324 possumus
1870 3243 1980 3306 dicere

1235 3347 1310 3403 tunc
1336 3343 1456 3402 tantum
1480 3360 1569 3414 esse3
1592 3361 1689 3422 quum
1711 3341 1797 3404 enim
1818 3361 1837 3403 a
1857 3341 1980 3405 sciente

1234 3438 1362 3514 dicitur,
1388 3439 1590 3502 mendacium
1621 3449 1680 3516 est,
1707 3440 1775 3502 sive
1800 3439 1883 3520 quia,
1910 3440 1980 3503 sive

1235 3555 1328 3599 nemo
1359 3536 1500 3600 laedatur.
1527 3537 1681 3600 Absolute
1710 3545 1817 3600 autern
1846 3537 1977 3612 dicitur,

1233 3635 1300 3696 Non
1326 3635 1536 3711 mentiemini,
1564 3634 1647 3698 sicut
1675 3636 1796 3698 dictum
1824 3644 1882 3712 est,
1910 3636 1979 3698 Non
2011 3663 2144 3706 um„

1233 3732 1378 3796 occides:
1396 3732 1472 3814 quia
1486 3753 1586 3814 quum
1601 3734 1696 3796 horno
1710 3734 1794 3815 juste
1810 3733 1979 3808 occiditur,
1997 3731 2033 3769 ¹³·

1235 3831 1284 3893 lex
1299 3831 1426 3908 occidit,
1445 3851 1509 3894 uon
1527 3840 1569 3894 tu.
1587 3832 1745 3913 Numquid
1760 3832 1909 3895 slmiliter
1925 3849 1981 3914 po-

1235 3938 1295 3994 test
1312 3930 1386 4006 dIci,
1404 3949 1503 4011 quum
1526 3930 1621 3993 bomo
1640 3931 1724 4011 justo
1746 3931 1909 4007 mentitur,
1928 3931 1979 3993 lex

1233 4027 1410 4090 mentiturt
1444 4029 1578 4092 Mentitus
1610 4037 1684 4090 suut
1713 4029 1917 4104 obstetrices,
1946 4039 1980 4092 et
1997 4050 2125 4093 rnatu.

1234 4127 1314 4189 Deus
1338 4127 1485 4190 retribuit
1507 4127 1571 4188 illis
1594 4128 1685 4190 bona.
1704 4127 1831 4190 Mentita
1853 4136 1900 4190 εει
1921 4129 1981 4190 Ra·
1996 4151 2120 4194 suaeuis

435 4226 620 4289 naturaliter
650 4226 784 4303 malum,
817 4245 875 4289 nec
903 4227 1025 4306 justum
1054 4226 1178 4287 dumta-
1193 4230 1218 4292 D
1234 4225 1307 4300 hab,
1324 4235 1356 4287 et
1377 4225 1509 4288 liberata
1531 4234 1590 4288 est.
1612 4226 1659 4288 tn
1681 4226 1831 4307 quonlam
1854 4227 1978 4289 dictum

433 4334 496 4402 xat,
515 4325 680 4388 sedetiam
702 4325 821 4387 bonurn
839 4325 976 4407 atpium
995 4343 1001 4386 :
1020 4324 1111 4405 cujus
1127 4343 1180 4406 op

433 4424 573 4505 positum
590 4423 738 4486 dixerunt
754 4423 937 4506 impiissimi
958 4423 1177 4486 haeresiarchas

433 4521 580 4600 Marcion,
591 4522 790 4598 Manichacus,
800 4522 938 4604 Apelles,
951 4530 1047 4602 atque
1062 4521 1178 4585 Monta-

434 4639 504 4682 nus
516 4623 755 4698 Eyo‘Domiuus
770 4626 855 4683 Deus
870 4630 982 4681 uester.
995 4623 1067 4683 Non
1080 4621 1178 4697 sacie-

434 4721 475 4780 tis
485 4722 629 4801 'furtum
647 4722 721 4783 Nou
736 4722 951 4790 nuntiemini,
968 4739 1025 4780 uec
1039 4721 1177 4797 decipiet

289 4833 417 4885 nactust.
433 4822 654 4898 uuusquisque
668 4821 860 4896 proximum
878 4839 985 4879 suum.
1004 4820 1078 4878 Nou
1094 4818 1177 4894 peir-

433 4919 520 4976 rabis
535 4919 571 4975 iu
587 4919 717 4977 nomine
732 4937 812 4985 aueo,
827 4917 859 4978 id
881 4925 940 4991 est,
963 4935 1014 4978 me
1037 4935 1101 4977 non
1124 4916 1177 4977 ad-

434 5014 560 5077 hibebis
576 5014 609 5075 in
627 5023 738 5077 testem
753 5014 792 5077 ad
808 5013 1065 5077 confirmandum
1088 5023 1175 5076 tuum

432 5112 656 5188 mendacium
682 5135 739 5175 uec
758 5119 883 5191 polleues
907 5135 1022 5174 nomen
1042 5116 1178 5175 Domini

432 5200 493 5274 Dei
509 5214 569 5284 tui,
586 5213 693 5290 idest,
710 5214 807 5275 Deum
824 5220 911 5274 tuum
929 5231 993 5277 non
1009 5213 1177 5276 inhonora-

417 5311 481 5373 'bis
504 5310 537 5373 in
557 5315 690 5388 tantuin,
708 5320 743 5372 ut
762 5312 867 5394 ipsum
887 5311 942 5392 qui
962 5311 1173 5374 essentialiter

1233 4325 1329 4387 estin
1346 4324 1426 4404 lege,
1442 4324 1508 4387 Non
1525 4325 1739 4400 mandamini,
1757 4343 1820 4387 non
1837 4325 1927 4387 licuit
1944 4325 1981 4386 in

1232 4422 1287 4484 tali
1303 4442 1379 4485 casu
1399 4433 1431 4486 ει
1451 4442 1545 4486 causa
1565 4422 1716 4486 mentirii
1733 4423 1793 4486 Sed
1808 4423 1910 4504 magis
1931 4423 1983 4485 di-

1232 4522 1380 4598 cendum,
1398 4522 1483 4602 quod
1498 4522 1574 4602 quia
1590 4521 1744 4602 injustum
1761 4530 1829 4584 erat
1846 4521 1982 4584 menda-

1232 4619 1456 4696 ciurn,idcirco
1473 4619 1667 4702 prohibitum
1684 4628 1732 4682 εει
1749 4637 1755 4680 :
1774 4628 1806 4682 ct
1822 4638 1886 4682 non
1900 4619 1981 4700 qnia

1232 4717 1441 4799 prohibitum,
1460 4718 1577 4780 ichrco
1602 4718 1757 4798 injustum
1781 4727 1839 4780 est.
1858 4717 1978 4780 Forsan

1231 4835 1306 4896 ergo
1329 4816 1412 4879 sicut
1441 4816 1626 4879 obstetrices
1651 4823 1861 4878 remunerata
1889 4825 1978 4894 sunt,

1231 4935 1295 4978 non
1315 4916 1391 4997 quia
1411 4915 1561 4990 mentitae,
1584 4915 1639 4977 sed
1659 4915 1734 4996 quia
1754 4909 1975 4976 liberaverunt

1232 5013 1370 5076 inientes
1389 5031 1395 5075 :
1414 5023 1445 5076 ει
1467 5023 1595 5096 propter
1615 5013 1697 5076 hanc
1719 5012 1971 5075 miserIcordiam

1231 5111 1355 5175 veniale
1371 5111 1432 5174 luit
1451 5112 1531 5174 illud
1552 5111 1763 5186 mendacium,
1782 5129 1845 5174 non
1867 5119 1979 5173 tarnen

1231 5210 1355 5272 nullum
1376 5219 1552 5292 peecatum.
1570 5209 1723 5273 Similiter
1743 5210 1782 5271 dc
1799 5205 1906 5271 Rabab
1929 5209 1981 5270 di-

1230 5310 1378 5372 cendum.
1395 5309 1457 5374 Sed
1479 5329 1519 5373 ne
1541 5317 1630 5391 putat
1649 5307 1784 5390 quisque
1805 5307 1838 5369 iu
1858 5307 1975 5370 ceteris
