4309 6259
431 455 469 519 te
817 473 990 521 manuario
1011 473 1043 519 au
1064 473 1133 519 car.
1155 472 1211 518 111
1230 471 1333 517 axona.
1355 490 1395 501 —
1415 472 1487 518 aar.
1510 471 1582 519 aaut

428 643 614 708 informavit
635 642 802 719 fossorem,
824 661 921 724 quem
941 642 1053 705 debuit
1076 659 1173 723 super
1187 638 1213 701 A
1227 638 1336 703 occisi.
1357 642 1397 702 Si
1416 650 1524 701 auem
1542 642 1661 701 sciebat
1680 640 1766 717 quod
1786 640 1837 699 boa
1857 656 1973 697 cornu-

429 743 488 805 hoc
498 743 683 806 admonere:
693 742 771 804 alias
779 741 939 805 videretur
950 741 1173 822 imputandum
1223 748 1299 816 peta
1313 749 1390 798 esset
1405 740 1446 798 ab
1460 741 1532 799 heri
1547 747 1577 798 et
1591 739 1841 807 nudiustertius,
1858 746 1887 795 et
1906 754 1972 795 non

430 839 556 904 fossori.
578 841 708 916 Rursus
727 839 970 925 intelligendum
988 839 1116 901 videtur
1134 838 1174 899 de
1227 839 1401 897 custodivit
1420 858 1494 897 eum
1513 839 1666 897 dominus
1684 856 1775 906 suus,
1796 837 1906 894 reddet
1925 836 1974 891 bo

429 938 567 1001 cisterna
586 939 619 1001 in
642 939 711 1003 loco
727 938 914 1020 pertransiri
932 938 1026 1002 solito
1044 937 1171 999 situata.
1228 954 1297 995 vem
1312 955 1374 1012 pro
1394 937 1478 1008 bove,
1499 935 1530 997 id
1551 943 1610 1012 est,
1632 933 1763 997 domiuo
1783 931 1875 995 bovis
1895 929 1974 995 oeci-

470 1041 510 1099 st
529 1040 580 1099 boc
599 1040 726 1099 alienus
746 1040 853 1098 bovem
872 1039 1007 1098 alterins
1023 1040 1174 1097 vulnen—
1229 1033 1256 1095 si
1281 1034 1427 1097 restituet
1452 1034 1566 1097 hovem
1592 1032 1671 1095 tanti
1694 1032 1823 1108 valoris,
1850 1039 1885 1093 ut
1910 1029 1973 1091 fuit

429 1138 524 1207 ecrit,
538 1147 567 1197 et
583 1139 651 1207 ille,
668 1136 789 1199 scilieet
804 1137 861 1199 hos
877 1135 1072 1213 vulneratus,
1092 1155 1174 1196 mor·
1228 1132 1286 1195 bos
1306 1133 1431 1196 occisus
1453 1134 1529 1195 dum
1550 1132 1640 1208 vixit,
1663 1130 1714 1194 vel
1734 1130 1872 1214 pretium
1893 1127 1973 1191 tanti

431 1244 505 1296 tuus
524 1238 628 1316 fcerit
647 1254 685 1298 ex
705 1234 926 1300 vulneratione
946 1236 1077 1309 eadem3
1100 1255 1174 1295 ven·
1228 1231 1356 1308 valoris,
1373 1242 1403 1293 et
1423 1236 1561 1293 cadaver
1580 1230 1673 1294 hovis
1693 1229 1790 1295 occisi
1809 1230 1974 1305 inteprcm

428 1336 504 1395 deut
519 1336 626 1395 bovem
642 1337 755 1395 vivum
775 1334 923 1396 dominus
944 1333 1036 1397 bovis
1056 1333 1123 1398 vivi
1142 1342 1174 1396 et
1227 1332 1372 1408 accipiet,
1381 1330 1420 1392 ad
1435 1331 1594 1412 agendum
1610 1348 1683 1393 cum
1698 1328 1755 1391 illo
1770 1327 1973 1391 commodum

429 1431 577 1495 domiuus
593 1431 684 1496 bovis
699 1431 807 1508 occisi,
824 1442 853 1493 ct
868 1434 1017 1493 divident
1030 1434 1174 1510 pretium
1228 1448 1333 1491 suurn.
1360 1430 1513 1492 Praeterea
1538 1429 1588 1491 lex
1616 1428 1677 1490 ista
1701 1426 1828 1489 videtur
1853 1424 1973 1487 intelli·

428 1531 499 1608 ejus
523 1533 609 1591 inter
631 1550 662 1591 se
692 1530 867 1612 equaliter.
897 1535 1040 1593 Gadawr
1060 1540 1172 1592 aarum
1228 1528 1332 1609 ganda
1355 1529 1395 1591 de
1419 1528 1523 1592 hobus
1547 1528 1693 1609 ejusdem
1718 1524 1836 1589 valoris
1864 1542 1871 1587 ε
1898 1523 1973 1587 alio

429 1629 661 1692 mortuibovis
682 1631 768 1691 iuter
791 1648 822 1689 se
846 1632 1046 1707 dispertient,
1068 1628 1101 1690 id
1124 1637 1174 1691 eat
1227 1626 1284 1708 qui
1305 1628 1454 1689 domiuus
1479 1626 1571 1690 bovis
1595 1625 1771 1689 occidentis
1796 1623 1973 1705 acquireret

428 1725 593 1806 equaliter
622 1726 777 1803 divident,
809 1735 843 1788 ut
872 1726 1095 1810 unusquisque
1124 1725 1173 1789 fa·
1229 1725 1352 1788 lucrum
1373 1744 1410 1789 ex
1430 1724 1563 1807 prefata
1583 1724 1752 1800 divisione,
1773 1730 1805 1787 et
1824 1722 1973 1785 dominus

428 1823 492 1885 ciat
512 1825 714 1888 commodum
737 1844 830 1888 suum
850 1845 924 1888 curn
946 1844 1002 1887 sua
1025 1826 1174 1889 medieta-
1191 1820 1214 1883 B
1228 1824 1318 1888 bovis
1333 1824 1431 1887 occisi
1447 1824 1623 1886 incurreret
1637 1823 1790 1885 damnum
1805 1821 1972 1903 injustum,

428 1930 467 1985 te.
493 1923 570 1986 Nam
594 1943 705 1987 carnes
730 1926 800 2007 ejus
825 1932 972 2007 poterant
996 1924 1171 2005 gentilibus
1227 1924 1355 2004 quando
1370 1922 1519 1986 videlieet
1533 1922 1591 1986 bos
1605 1920 1805 1985 interficiens
1819 1918 1913 1984 vilior
1927 1937 1974 1981 es

427 2022 576 2100 vendere,
593 2023 740 2104 quamvis
762 2041 826 2086 non
849 2031 980 2105 possent
1001 2023 1173 2105 personali·
1227 2027 1285 2085 set.
1302 2020 1390 2096 Quod
1404 2030 1511 2085 autem
1532 2022 1571 2083 de
1589 2020 1693 2084 bobus
1712 2018 1835 2082 dictum
1854 2026 1913 2095 est,
1930 2017 1970 2081 de

428 2126 475 2183 ter
495 2139 548 2185 eas
569 2121 743 2197 comedere,
763 2128 892 2204 propter
914 2128 1107 2204 praeceptum
1132 2122 1173 2185 le
1227 2121 1300 2182 aliis
1319 2139 1447 2202 quoque
1466 2120 1671 2195 animalibus,
1688 2137 1723 2181 se
1743 2116 1881 2181 invicem
1903 2116 1972 2179 vul-

298 2228 351 2273 tu.
363 2240 413 2283 xva.
427 2217 484 2297 gis,
500 2235 566 2300 quo
581 2218 832 2301 prohibebantur
846 2221 1038 2283 manducare
1059 2238 1171 2283 carnes
1228 2218 1424 2294 nerantihus,
1446 2220 1479 2281 in
1499 2238 1574 2281 casu
1594 2217 1756 2283 consimili
1778 2216 1904 2280 videtur
1925 2215 1972 2277 in-

282 2295 307 2335 ¹⁰
316 2298 392 2348 “⁸²‘'
427 2315 575 2379 animalis
599 2316 760 2395 suffocati,
787 2318 899 2379 autin
925 2318 1080 2397 sanguine
1114 2336 1171 2381 suo
1228 2318 1446 2398 telligendum.

944 2746 1269 2835 ARTIGULUS
1306 2748 1452 2833 XLIII

738 3025 778 3070 DE
803 3024 930 3071 uranico
958 3022 1092 3068 musaeu
1118 3020 1256 3067 caenum
1281 3022 1411 3068 tatastat
1436 3022 1520 3067 l‘llllll
1546 3022 1655 3068 SENSU.

486 3304 509 3365 1
523 3304 636 3365 emeris
654 3322 782 3363 servum
797 3304 980 3374 Hebraeum,
996 3322 1051 3363 sce
1073 3300 1208 3364 annisi}
1227 3302 1300 3365 vitae
1314 3302 1513 3379 lahorem‚ad
1529 3304 1783 3385 contemplativae
1798 3304 1872 3368 vitae
1886 3304 1972 3386 quie

491 3406 605 3465 serviet
616 3401 964 3476 tibi.0uemadmodum
979 3401 1078 3465 Judaei
1095 3420 1172 3484 praa
1227 3409 1288 3465 tem
1309 3422 1347 3465 ac
1367 3401 1545 3465 libertatem
1561 3403 1756 3484 perducitur.
1774 3404 1845 3467 Exit
1863 3412 1970 3467 autem

426 3502 628 3585 oipiebantur
648 3521 756 3566 servos
776 3510 807 3565 et
828 3502 962 3565 ancillas
984 3520 1049 3565 suae
1072 3501 1173 3563 natio-
1225 3520 1298 3563 eum
1313 3509 1401 3564 veste
1415 3503 1537 3578 eadem,
1554 3501 1707 3582 quoniam
1723 3502 1756 3564 in
1773 3510 1910 3583 utraque
1925 3503 1972 3566 vi-

428 3601 477 3663 nis
493 3620 558 3683 praa
573 3601 686 3665 ceteris
702 3601 754 3683 pie
772 3609 914 3678 tractare,
925 3609 956 3663 et
972 3600 1108 3682 septimo
1123 3617 1174 3661 an·
1227 3608 1257 3661 ta
1280 3601 1391 3663 eadem
1415 3601 1530 3663 caritas
1556 3620 1626 3681 quae
1650 3609 1699 3663 est
1720 3601 1818 3664 vestis
1844 3601 1971 3684 nuptia-

426 3717 468 3763 no
486 3699 585 3779 gratis
600 3699 791 3782 relinquere,
809 3718 846 3763 eo
862 3700 947 3781 quod
963 3699 1118 3762 Dominus
1133 3716 1171 3761 ex
1226 3698 1276 3775 lis,
1294 3701 1403 3761 eadem
1418 3717 1547 3781 quoque
1568 3700 1704 3763 intentio
1720 3708 1912 3782 perseverat.
1931 3702 1971 3762 Si

425 3798 557 3881 AEgypto
572 3798 682 3861 eduxit
696 3798 904 3861 Israeliticum
916 3797 1172 3880 populum‚eum·
1226 3800 1343 3858 habens
1359 3818 1502 3869 uxorata,
1519 3810 1548 3859 et
1566 3819 1647 3859 deor
1662 3801 1843 3875 epredc'etur
1857 3802 1967 3861 simul.

425 3914 488 3978 que
513 3916 577 3960 suae
601 3896 798 3978 mancipavit
823 3895 968 3959 servituti
991 3920 998 3971 ;
1023 3896 1068 3959 sic
1090 3895 1172 3958 chri·
1224 3896 1307 3959 Uxor
1326 3896 1419 3959 istius
1438 3897 1534 3974 servi,
1553 3905 1601 3959 est
1622 3897 1779 3980 sapientia
1800 3896 1967 3980 acquisita,

425 3995 521 4057 stiani
536 3995 670 4078 praelati,
680 3995 842 4078 principes
858 4014 894 4058 ae
911 3993 1169 4077 patresfamilias
1224 4013 1263 4057 ex
1277 4013 1341 4076 qua
1356 3995 1504 4077 producit
1518 3996 1643 4077 aliquos
1658 4004 1748 4058 actus
1764 3995 1865 4059 honos
1878 4013 1885 4058 :
1898 4014 1970 4077 quae

423 4093 587 4157 caritative
606 4114 644 4156 ac
658 4093 711 4176 ple
726 4093 844 4156 hahere
864 4112 897 4156 se
918 4092 1035 4156 dehent
1055 4093 1094 4154 ad
1115 4092 1172 4153 mi·
1224 4111 1332 4155 secum
1348 4092 1441 4157 debet
1456 4094 1552 4170 exire,
1569 4095 1646 4175 quia
1666 4094 1698 4156 in
1718 4094 1970 4177 contemplativa

427 4192 544 4255 nistros
566 4198 662 4273 atque
686 4191 820 4254 ancillas
842 4190 1083 4269 christifideles,
1107 4209 1171 4254 non
1225 4191 1290 4253 vita
1306 4210 1369 4255 non
1385 4201 1433 4255 est
1448 4192 1605 4275 sapientia
1621 4193 1776 4255 naturalis
1789 4201 1821 4255 et
1836 4192 1970 4273 acquisi-

427 4289 563 4372 superhe
584 4297 616 4352 et
638 4298 857 4372 aspernanter,
882 4289 1034 4372 quoniam
1057 4290 1173 4369 Unige-
1225 4297 1266 4351 ta.
1276 4289 1422 4372 Operatio
1436 4310 1565 4373 quoque
1576 4292 1650 4355 vitm
1662 4291 1775 4354 activae
1788 4309 1852 4354 nou
1868 4291 1971 4354 totali-

428 4388 514 4451 nitus
533 4389 573 4451 de
593 4388 652 4451 hoo
672 4388 787 4451 seculo
804 4407 953 4470 nequam,
970 4387 1010 4451 de
1031 4388 1172 4452 tenebris
1227 4395 1273 4450 ter
1284 4389 1469 4467 deserenda,
1477 4390 1555 4471 quia
1569 4398 1759 4472 cooperatur
1769 4390 1810 4452 ad
1826 4388 1971 4471 spiritua·

428 4486 590 4564 vitiorum,
598 4486 637 4549 de
653 4486 805 4550 servitute
820 4486 953 4569 peccati,
963 4488 1002 4549 de
1016 4487 1095 4568 jugo
1110 4486 1174 4549 dia·
1187 4486 1212 4548 ll
1227 4485 1289 4549 lem
1300 4486 1557 4569 profectum.Sin
1567 4498 1675 4550 autem
1684 4490 1836 4549 dominus
1845 4490 1971 4549 dederit

429 4584 494 4649 boli
517 4584 636 4668 eripuit
657 4603 722 4663 eOS,
746 4594 778 4648 et
803 4583 966 4646 transtulit
991 4602 1044 4648 eos
1070 4586 1103 4647 in
1126 4604 1174 4647 re-
1227 4586 1282 4645 illi
1292 4597 1473 4656 uxorema
1483 4589 1644 4665 pepererit
1653 4589 1778 4665 filioset
1792 4588 1893 4664 filias,
1902 4607 1972 4647 mu·

429 4702 528 4765 gnum
550 4701 615 4746 suaa
637 4682 805 4746 militantis
820 4682 981 4759 Ecclesia,
998 4691 1031 4745 et
1052 4683 1086 4745 in
1110 4704 1175 4765 my·
1229 4684 1290 4743 tter
1310 4694 1340 4744 et
1360 4686 1454 4744 tiberi
1472 4686 1543 4761 ejus
1561 4694 1657 4745 eunt
1676 4686 1804 4745 domini
1822 4686 1887 4746 sut.
1913 4684 1972 4747 llo-

431 4783 545 4847 sticum
562 4801 678 4864 corpus
698 4801 802 4859 suum,
821 4781 1101 4863 incorporavitque
1120 4802 1174 4847 eos
1229 4781 1335 4844 minus
1351 4783 1404 4845 dat
1421 4802 1514 4846 servo
1531 4801 1590 4845 suo
1607 4801 1748 4861 uxorem,
1766 4783 1843 4844 dum
1861 4802 1971 4864 super-

431 4880 504 4958 sibi,
520 4890 556 4943 ut
578 4880 643 4943 sint
664 4879 726 4942 filii
749 4880 798 4941 sui
820 4880 932 4957 Patris,
949 4888 980 4942 et
1002 4880 1173 4944 coheredes
1229 4880 1405 4944 naturalem
1420 4889 1452 4944 et
1468 4881 1608 4944 infusam
1625 4882 1906 4964 sapientiamque
1923 4891 1972 4944 est
1999 4902 2031 4945 ιι.
2044 4916 2072 4950 ιι,
2084 4904 2101 4943 a.

430 4979 519 5059 regni
530 4978 1013 5059 coelestis.Spiritualiterautem
1023 4978 1174 5043 Hehraeus
1230 4981 1348 5042 donum
1365 4980 1501 5062 Spiritus
1517 4980 1634 5059 Sancti,
1647 4981 1695 5043 illi
1712 4980 1867 5056 infundit,
1886 4979 1972 5043 infu-

430 5078 528 5141 servit
543 5096 598 5140 sex
612 5076 717 5153 annis,
730 5076 806 5138 dum
822 5076 1021 5139 Christianus
1038 5077 1071 5139 in
1088 5096 1174 5141 exer·
1229 5097 1338 5141 eamve
1361 5077 1500 5160 perficit,
1524 5099 1562 5143 en
1584 5099 1647 5160 qua
1668 5087 1862 5162 generantur
1883 5088 1972 5142 actus

429 5176 515 5245 eitiis
530 5175 604 5239 vitae
619 5175 731 5239 activae
747 5194 780 5237 se
796 5174 936 5258 perfecte
951 5184 1076 5239 exercet
1089 5200 1097 5251 3
1119 5178 1174 5240 sed
1229 5177 1347 5240 interni
1362 5186 1395 5240 et
1409 5177 1649 5259 contemplativi
1667 5178 1803 5240 intuitus
1821 5185 1973 5259 taliquam

430 5274 566 5356 septimo
582 5274 664 5337 liber
683 5273 855 5355 egreditur,
871 5275 947 5337 dum
970 5284 1043 5357 post
1062 5275 1174 5340 activae
1230 5275 1303 5353 lilii,
1321 5284 1437 5339 sanctae
1451 5294 1581 5358 quoque
1599 5275 1790 5365 affectiones
1812 5286 1848 5338 nt
1867 5275 1970 5340 filiae:
