4309 6259
502 511 677 559 comberto
697 510 729 561 IN
750 511 819 557 CAP·
842 506 926 553 XXXV
947 507 1144 554 nuncnonutt.
1168 527 1208 536 -
1228 508 1298 555 nur.
1322 510 1370 556 btv

1649 494 1705 557 tlt

157 684 210 748 vel
235 694 367 768 propter
390 685 601 749 reverentiam
624 684 700 748 nori
719 680 907 766 pontilicis;
924 680 949 741 Α
967 680 1042 743 tudo
1067 688 1115 743 est
1143 682 1183 743 de
1207 680 1454 743 circumstantiis
1484 682 1530 744 rei
1554 682 1708 763 erigenda

157 783 286 846 etitem
303 783 344 846 ob
360 784 526 865 mysticam
544 781 824 863 significationem,
835 779 911 862 quia

158 900 218 963 per
239 882 357 944 Christi
374 883 441 945 veri
464 891 495 945 ct
517 882 633 944 summi
656 880 809 943 antistitis
831 878 911 942 occi-

158 981 299 1059 sionem,
319 980 484 1044 inductum
500 989 549 1043 cst
564 1000 664 1063 genus
680 980 854 1041 humanum
871 976 911 1039 ad

158 1079 303 1142 coelestis
324 1081 459 1162 patriam
476 1080 625 1163 paradisi,
647 1098 710 1161 qua
728 1086 794 1141 erat
810 1077 913 1159 priva-

158 1187 230 1241 tum
248 1180 403 1243 demerito
419 1178 619 1261 Protoplasti.

199 1280 243 1341 Si
268 1280 468 1356 interfector,
492 1277 549 1359 qui
574 1293 591 1339 a
617 1296 692 1340 casu
716 1294 911 1357 quemquam

158 1376 293 1455 occidit,
304 1388 398 1438 caetra
413 1382 506 1455 fines,
518 1377 549 1439 id
566 1384 613 1439 est
630 1394 749 1453 murOS,
767 1377 910 1447 urbium,

159 1476 223 1537 nisi
243 1474 328 1539 lorte
343 1484 375 1539 et
396 1476 579 1538 suburbana
601 1474 846 1538 sacerdotalium
863 1492 913 1535 ur-

158 1574 252 1636 bium
269 1574 356 1637 inira
371 1594 480 1638 aarum
497 1574 580 1637 lines
595 1581 831 1656 computentur,
842 1593 913 1652 panc

157 1675 343 1742 exsulibus,
358 1672 390 1734 id
409 1681 457 1735 cst
473 1671 629 1752 fugitivis,
647 1682 723 1733 sent
737 1675 912 1749 deputatae,

156 1772 267 1847 [rectit
293 1774 456 1843 inventas,
482 1782 511 1832 et
532 1792 704 1849 percussus
731 1773 770 1830 ab
794 1790 828 1829 eo
854 1768 913 1848 qui

966 780 1141 842 secundum
1157 779 1343 862 qualitatem
1365 780 1515 843 materian
1534 782 1652 845 idcirco
1675 782 1707 845 in

967 876 1060 939 rebus
1076 878 1263 959 actibusque
1283 878 1443 956 humanis,
1462 880 1628 962 inquibus
1652 880 1709 943 ire

966 984 1101 1057 quenter
1120 995 1183 1039 non
1201 986 1304 1060 potest
1319 978 1475 1042 certitudo
1491 980 1636 1043 absoluta
1655 980 1711 1042 ba-

966 1074 1045 1153 beri,
1064 1075 1188 1138 suflicit
1202 1076 1358 1140 certitudo
1381 1077 1566 1158 probabilis.
1584 1079 1640 1141 Est
1658 1099 1710 1141 au-

968 1183 1029 1237 tem
1045 1175 1221 1258 probabile,
1234 1177 1319 1257 quod
1335 1170 1468 1240 assertio
1482 1178 1617 1241 duorum
1634 1199 1707 1242 cum

967 1275 1059 1337 tertio
1093 1276 1371 1352 concordantium,
1400 1277 1505 1339 verior
1535 1276 1578 1339 sit
1611 1297 1708 1358 quam

966 1374 1073 1437 unius.
1090 1374 1151 1438 Nec
1175 1395 1285 1438 omnes
1307 1375 1530 1439 indillerentcr
1550 1377 1590 1438 ad
1605 1376 1712 1459 perbi-

967 1472 1106 1535 bendum
1119 1473 1336 1538 testimonium
1351 1474 1574 1552 admittuntur,
1585 1475 1639 1537 sed
1655 1475 1711 1556 qui

968 1573 1143 1634 secundum
1157 1574 1230 1654 jura
1244 1582 1415 1635 censentur
1430 1574 1549 1636 idonei.

1008 1674 1082 1734 Nem
1104 1674 1268 1750 accipietis
1285 1676 1431 1750 pretium
1453 1675 1492 1734 ab
1506 1694 1541 1733 eo
1556 1676 1614 1753 qai
1636 1694 1711 1734 reus

967 1779 1012 1830 est
1031 1772 1214 1845 canonicis.
1236 1770 1300 1833 Hoc
1325 1770 1358 1832 in
1384 1770 1482 1833 veteri
1508 1770 1711 1834 Testamento

158 1875 310 1931 altercat
325 1870 509 1947 canabinis,
534 1868 566 1931 id
588 1877 635 1931 est
657 1869 698 1931 ab
720 1868 817 1932 occisi
842 1885 912 1949 pro·
929 1870 952 1932 B
970 1868 1031 1929 luit
1046 1867 1279 1931 rationabiliter
1294 1868 1487 1946 institutum,
1498 1870 1650 1951 quoniam
1664 1869 1713 1949 ju·

159 1968 357 2051 pinquo,cui
371 1969 443 2050 jure
454 1968 564 2030 divino
575 1967 727 2049 competit
738 1967 912 2029 secundum

157 2067 241 2147 legis
273 2075 417 2130 tenorem
444 2066 607 2129 vindicare
637 2066 830 2129 occisionem
862 2063 910 2126 sui

157 2167 307 2248 cognati;
330 2169 446 2247 absque
469 2186 555 2227 noea
576 2168 638 2227 erit
658 2168 717 2246 qai
736 2186 810 2227 eum
833 2165 913 2224 occi-

157 2269 262 2336 derit,
278 2266 311 2329 id
334 2274 383 2329 est
408 2284 471 2329 non
502 2264 713 2347 imputabitur
735 2264 763 2327 ei
785 2265 825 2327 'ad
851 2263 915 2326 cul-

158 2384 249 2448 pam,
266 2364 296 2427 si
312 2372 418 2428 tamen
434 2364 501 2428 zelo
518 2364 595 2443 legis
616 2372 647 2427 et
663 2381 726 2427 non
747 2383 785 2427 ex
801 2362 914 2425 vitiosa

159 2464 276 2527 lecerit
299 2464 331 2527 id
354 2464 470 2528 radice.
489 2464 566 2526 Nam
589 2464 649 2525 etsi
669 2462 805 2525 casualis
827 2461 911 2524 occi-

159 2583 214 2627 sor
230 2563 409 2627 oecidendo
421 2581 484 2626 non
501 2561 618 2625 meruit¹
634 2561 797 2637 trucidari,
807 2568 912 2623 tamen

160 2682 226 2725 non
246 2662 442 2725 remanendo
457 2662 491 2723 in
515 2660 594 2723 urbe
609 2658 753 2739 coniugii
767 2660 856 2741 juxta
872 2659 915 2721 le-

142 2761 212 2841 ,gis
243 2768 411 2837 statutum,
438 2768 578 2822 meretur
607 2758 720 2821 occidi.
748 2758 819 2821 ideo
845 2756 916 2820 sub-

160 2859 252 2922 ditur
281 2878 289 2921 :
316 2862 468 2920 debuerat
495 2860 584 2919 enirn
609 2859 781 2935 prosapies,
807 2864 916 2939 utpote

160 2958 354 3041 hujusmodi
384 2956 557 3031 homicida,
584 2976 683 3035 usqne
708 2958 752 3015 ad
777 2965 939 3017 mortem¹

968 1967 1054 2029 dices
1071 1967 1132 2050 ipsi
1148 1975 1239 2030 erant
1254 1966 1294 2029 ed
1308 1966 1475 2029 avaritiam
1490 1968 1596 2050 proni.
1613 1968 1712 2031 ludaei

967 2084 1096 2149 quoque
1115 2074 1206 2128 erant
1224 2065 1368 2129 crudeles
1387 2074 1419 2129 et
1441 2065 1479 2128 ad
1503 2066 1711 2129 homicidium

969 2164 1205 2229 inclinati.ldeo
1219 2165 1279 2228 boc
1295 2165 1399 2245 rigore
1414 2166 1554 2247 oportuit
1569 2164 1712 2246 judicum

968 2264 1172 2348 cupiditatem
1200 2272 1231 2327 et
1260 2263 1460 2328 subditorum
1490 2264 1714 2329 crudelitatem

968 2362 1139 2446 compesci.
1149 2363 1238 2425 Unde
1254 2364 1479 2444 subjungitur:
1495 2367 1607 2426 statim
1622 2375 1651 2425 et
1667 2367 1714 2442 ip

968 2462 1070 2544 sequi
1087 2480 1159 2524 reus
1175 2469 1222 2525 cst
1237 2462 1360 2537 mortis,
1377 2464 1545 2534 morietur,
1554 2464 1627 2526 data
1642 2481 1716 2526 con·

970 2568 1018 2623 tre
1033 2580 1106 2623 eum
1128 2560 1297 2635 sententia,
1313 2579 1384 2641 quae
1407 2580 1470 2623 non
1494 2561 1564 2624 sine
1581 2561 1716 2625 necessi-

971 2667 1034 2722 tate
1044 2668 1093 2722 cst
1107 2657 1298 2735 differenda,
1307 2678 1347 2721 ne
1357 2659 1486 2723 interim
1501 2660 1716 2743 aliquomodo

970 2758 1094 2822 eradat.
1112 2760 1248 2821 Errantes
1271 2768 1301 2819 et
1320 2759 1471 2836 profem,
1488 2770 1563 2821 ante
1578 2771 1712 2822 mortem

967 2859 1135 2936 pontificis
1156 2861 1246 2918 nuile
1271 2860 1363 2918 mocio
1387 2860 1424 2918 in
1446 2860 1538 2918 urbes
1559 2880 1635 2920 suas
1659 2878 1715 2921 seu

971 2955 1034 3018 alia
1055 2955 1237 3018 habitacula
1258 2974 1316 3017 sua
1339 2950 1458 3016 reverti
1475 2967 1638 3034 poterant.
1652 2958 1715 3021 Hoc

156 3059 333 3134 pontificis
359 3058 396 3115 in
417 3057 494 3116 arbe
516 3053 632 3135 relugii
659 3056 808 3115 residere.
827 3049 953 3115 Post-C
971 3055 1088 3117 dicitur
1109 3055 1149 3116 ad
1165 3046 1408 3133 designandum,
1424 3055 1509 3135 quod
1533 3074 1591 3119 nec
1613 3056 1716 3118 abeis

161 3176 268 3236 quem
283 3165 393 3215 aetem
409 3157 477 3223 itte,
496 3152 646 3216 videlicet
666 3151 820 3234 pontifex,
836 3153 917 3211 obie-

161 3258 220 3327 rit,
240 3255 408 3314 barnicicla
423 3262 600 3313 revertetur
615 3254 651 3312 in
673 3261 792 3312 terram
807 3272 913 3312 suant.

162 3353 252 3415 lstud
275 3359 309 3414 et
331 3352 364 3414 in
385 3350 567 3432 evangelica
590 3349 658 3431 lege
680 3350 916 3431 quodammodo

161 3452 531 3531 observatur,quantum
548 3449 586 3511 ad
603 3449 769 3530 hoc,quod
785 3448 831 3509 rei
843 3467 916 3510 cum

162 3568 252 3614 novo
268 3548 421 3631 episcopo
436 3555 491 3610 aut
511 3546 657 3629 principe
674 3546 806 3609 redeunt
829 3547 914 3609 unde

163 3648 296 3711 exsules
313 3654 414 3709 erant.

206 3747 387 3810 Homicida
401 3746 460 3804 sab
476 3746 604 3805 testibus
615 3745 786 3820 punietur,
810 3744 841 3805 id
858 3752 915 3819 ost,

163 3866 230 3911 non
257 3843 321 3905 nisi
343 3861 381 3905 ex
403 3839 580 3905 sufficienti
603 3840 788 3905 testimonio
808 3851 918 3906 contra

163 3964 241 4007 cum
267 3940 506 4024 adjudicabitur
531 3959 633 4022 poenae
657 3958 665 4002 ι
690 3949 828 4003 attamen
854 3941 919 4005 evi-

163 4043 278 4106 dentia
296 4040 372 4103 lacti
389 4058 446 4123 pro
469 4040 651 4103 testimonio
673 4048 846 4121 reputatur.
865 4045 918 4103 Ast

163 4146 270 4205 unicas
285 4141 505 4202 testimonium
520 4143 631 4200 rcellus
641 4142 917 4213 condemnabitur,

972 3153 1033 3215 luit
1054 3153 1192 3236 pretium
1213 3152 1436 3235 accipiendum
1459 3162 1494 3215 ut
1516 3163 1647 3236 possent
1669 3174 1717 3243 re-

971 3251 1049 3316 dire.
1067 3250 1216 3324 Quamvis
1232 3251 1318 3315 enim
1335 3252 1461 3315 luerent
1476 3273 1494 3316 a
1510 3253 1645 3317 crimine
1660 3254 1717 3317 bo-

971 3349 1093 3412 micidii
1115 3349 1312 3426 innocentes,
1337 3358 1443 3413 tamen
1464 3359 1594 3434 propter
1616 3352 1716 3414 multa

971 3449 1055 3511 mala
1079 3448 1220 3526 vitanda,
1244 3458 1276 3512 ct
1305 3458 1435 3533 propter
1463 3470 1632 3514 commune
1662 3451 1717 3515 bo

972 3568 1049 3610 num
1065 3548 1284 3630 patriae‚erant
1301 3549 1355 3611 tali
1371 3549 1483 3613 exsilio
1493 3549 1660 3631 puniendi.
1671 3551 1717 3612 Et-

972 3648 1057 3710 enim
1074 3646 1235 3710 interdum
1258 3666 1388 3710 necesse
1403 3655 1450 3711 est
1466 3649 1550 3712 bono
1573 3666 1717 3732 persone

972 3765 1028 3808 seu
1049 3746 1233 3827 particulari
1248 3746 1415 3808 commodo
1438 3744 1559 3826 aliquid
1583 3746 1717 3809 tolerare

972 3853 1103 3927 propter
1129 3845 1363 3927 procurandum
1388 3845 1438 3907 vel
1464 3847 1716 3908 conservandum

972 3943 1092 4006 bonum
1103 3962 1282 4021 commune,
1295 3944 1562 4025 quemadmodum
1574 3963 1720 4008 nonnun-

972 4062 1069 4124 quam
1084 4052 1213 4127 propter
1228 4044 1424 4107 curationem
1448 4044 1584 4107 membri
1601 4044 1718 4128 princi·

974 4140 1116 4223 palioris,
1125 4142 1262 4205 totiusve
1271 4142 1466 4224 corporis,in
1481 4142 1625 4207 membro
1640 4162 1718 4207 sano

162 4242 246 4324 quia
262 4238 465 4320 lacileatque
476 4237 639 4319 probabile
654 4247 702 4300 est
718 4257 817 4300 unum
833 4259 919 4302 men·
935 4237 959 4297 l)
976 4240 1014 4302 lit
1034 4242 1180 4323 quadam
1204 4240 1328 4318 incisio,
1345 4250 1377 4304 ct
1398 4242 1576 4304 membrum
1599 4262 1717 4325 aegrum

164 4342 220 4404 tiri
237 4348 296 4403 aut
312 4338 382 4401 lalli
398 4337 465 4401 sive
481 4337 622 4400 subverti
642 4356 649 4400 :
668 4338 739 4400 ideo
756 4339 794 4400 ed
811 4340 917 4402 minus

163 4441 232 4503 duo
257 4446 354 4502 testes
374 4437 555 4517 exiguntur,
571 4435 626 4517 qui
650 4455 801 4499 unacum
823 4457 914 4501 accu-

164 4550 275 4603 satore
298 4556 362 4599 non
382 4542 518 4617 possunt
537 4543 601 4597 tam
624 4533 719 4597 lacilc
735 4536 863 4599 deviare
887 4546 918 4601 et

163 4637 367 4703 concordare
396 4634 430 4696 in
460 4634 555 4711 malo,
583 4652 768 4715 quanquam
799 4644 830 4698 et
860 4636 919 4699 boc

164 4737 366 4819 quandoque
388 4734 572 4813 contingere
596 4732 715 4815 possit;
740 4734 794 4795 sed
817 4743 848 4796 et
870 4735 919 4798 lex

165 4834 304 4917 respicit
324 4833 364 4894 ad
388 4832 431 4909 id,
447 4832 533 4913 quod
557 4838 591 4892 ut
614 4830 647 4892 in
670 4831 817 4911 pluribus
839 4834 918 4897 acci-

163 4937 244 4997 dere
268 4932 361 4996 solet.
380 4931 486 4993 Testes
507 4948 635 5011 quoque
650 4930 821 5010 diligenter
843 4942 919 4995 sunt

163 5030 376 5097 examinandi
405 5036 436 5091 et
461 5047 604 5091 scorsum
635 5028 852 5111 interrogandi
881 5033 919 5094 de

162 5128 423 5195 circumstantiis
449 5128 493 5189 rei
517 5144 524 5189 :
548 5126 665 5208 quibus
690 5136 721 5190 et
746 5146 843 5208 greve
871 5130 920 5192 in-

163 5228 295 5295 cumbit
321 5226 510 5309 periculum,
535 5226 562 5288 si
590 5226 623 5288 in
646 5226 784 5289 falsitate
809 5229 920 5312 depre-

162 5328 365 5393 hendantur.
381 5326 416 5387 ln
436 5325 525 5389 omni
543 5334 648 5388 autem
670 5326 814 5405 materia,
831 5328 923 5390 certi·

974 4340 1105 4403 omnino
1121 4339 1329 4402 abscinditur.
1342 4340 1403 4403 Nee
1420 4341 1453 4402 in
1469 4342 1523 4403 tali
1539 4360 1614 4404 casu
1630 4344 1718 4406 dero

974 4442 1065 4517 gatur
1086 4454 1241 4519 personae,
1263 4435 1338 4517 quia
1358 4445 1390 4499 et
1412 4435 1442 4499 ei
1465 4436 1511 4499 sic
1531 4438 1669 4521 expedit,
1686 4447 1718 4501 et

975 4536 1043 4618 ipsa
1058 4544 1107 4598 est
1122 4553 1195 4618 pars
1210 4535 1499 4611 communitatis,et
1514 4536 1632 4599 bonum
1650 4537 1719 4599 uni-

974 4634 1096 4697 versale
1111 4634 1344 4717 praeferendum
1360 4641 1408 4695 est
1421 4633 1506 4696 bono
1521 4635 1716 4716 particulari.

1013 4735 1061 4795 Ne
1067 4735 1225 4811 policratis
1242 4743 1361 4793 terrani
1376 4734 1585 4794 habitationis
1596 4744 1718 4807 cestrae,

975 4831 1007 4894 id
1030 4840 1089 4909 est,
1106 4850 1203 4914 opera
1223 4830 1395 4894 criminosa
1418 4849 1481 4894 non
1504 4830 1640 4909 laciatis,
1658 4852 1717 4897 nee

975 4930 1048 4993 lieri
1063 4930 1255 5013 permittatis
1270 4930 1303 4993 in
1319 4950 1366 5007 ea,
1379 4949 1437 4993 uec
1453 4928 1536 4993 lacta
1550 4929 1718 4995 dimittatis

975 5029 1089 5093 inulta.
1107 5030 1227 5093 Dicitur
1241 5039 1347 5092 autem
1362 5038 1446 5092 terra
1460 5029 1572 5112 pollui,
1589 5030 1672 5094 sicut
1686 5040 1718 5095 et

975 5129 1166 5206 consecrari,
1183 5148 1247 5191 non
1268 5130 1355 5211 quod
1375 5129 1416 5191 sit
1431 5129 1502 5190 vitii
1521 5138 1577 5191 aut
1592 5132 1718 5195 virtutis

976 5228 1230 5309 subjectum,sed
1247 5228 1492 5290 instrumentum
1507 5237 1563 5290 ant
1578 5230 1718 5293 medium

975 5328 1146 5409 quoddam,
1163 5327 1213 5391 rel
1236 5326 1381 5391 ordinata
1402 5328 1441 5390 ad
1464 5347 1553 5391 sacra
1573 5337 1628 5391 aut
1653 5349 1718 5395 non
