4309 6259
562 525 737 574 manuario
758 527 789 572 tlt
810 527 878 572 GAP.
901 525 964 572 XXV
984 526 1122 572 navtrtct.
1144 545 1185 556 -·
1205 526 1275 573 Aur.
1298 524 1380 572 XLVII
1414 567 1417 573 s

1683 505 1742 568 299

195 697 316 759 militas
332 717 461 779 quoquo
477 697 554 760 iacit
569 706 707 760 mentem
724 714 893 778 repausare
909 695 941 757 in
957 695 1128 775 Aguratus
1149 695 1278 757 videtur
1297 713 1399 756 annus
1419 693 1567 774 jubilaeus
1587 691 1744 772 cvangeli-

193 795 332 858 Cltristo.
350 801 417 858 Sca
435 800 534 857 annis
552 818 634 856 seres
654 817 771 872 aprum
793 806 896 863 tumea,
913 805 943 855 et

192 917 249 954 sec
259 898 359 955 utteris
366 899 498 974 putabis
508 899 638 956 vineam
650 907 747 957 tunm.
754 895 811 957 Per
821 913 940 975 agrum,

194 991 332 1056 inferior
354 1014 428 1076 pars
452 994 587 1068 animam
605 1013 662 1075 per
683 994 821 1070 vineam,
839 992 943 1074 portio

194 1091 265 1173 ejus
282 1093 429 1174 superior
440 1093 873 1173 designatur.Per'senarium
889 1111 944 1154 au-

194 1200 257 1252 tem
275 1191 511 1272 annorum,qui
528 1199 575 1253 est
591 1211 742 1254 numerus
753 1190 941 1272 completus,

195 1297 297 1351 totum
318 1289 391 1352 vitm
410 1299 527 1352 nostrat
547 1299 671 1372 tempus
692 1291 725 1351 in
746 1291 806 1353 hoc
827 1288 943 1351 saeculo

194 1387 299 1470 accipi
331 1397 445 1470 potest.
474 1389 581 1471 ltaque
610 1387 829 1452 indesinenter
855 1388 942 1452 omni

195 1506 259 1569 quo
277 1487 418 1549 vivimus
433 1495 576 1569 tempore
596 1489 629 1550 in
650 1488 710 1551 lroc
730 1489 861 1564 mundo,
880 1506 944 1550 non

197 1577 361 1650 cessemus
388 1594 451 1649 tam
476 1585 661 1649 inferiorem
689 1586 844 1649 rationem
871 1606 944 1649 sen-

197 1686 396 1766 sitivumquc
411 1686 602 1766 appetitum,
619 1705 714 1767 quam
735 1685 800 1746 vim
823 1685 945 1748 intelle-

195 1786 315 1847 ctivam
333 1803 371 1846 ac
387 1784 583 1847 uoluntatem
604 1783 689 1846 circa
709 1783 889 1865 spiritualia
908 1803 945 1846 ac

998 813 1044 856 cae
1063 793 1154 874 legia,
1172 812 1235 873 quo
1252 793 1346 875 plena
1363 791 1527 854 confertur
1543 799 1741 873 peccatorum

999 892 1284 974 remissioscunctis
1301 890 1557 972 hominibus,qui
1570 909 1626 972 por
1638 908 1742 953 veram

998 992 1223 1055 contritionem
1251 999 1282 1053 ct
1307 988 1540 1054 consessionem
1561 989 1600 1051 ad
1623 997 1742 1050 tantam

997 1091 1131 1169 gratiam
1148 1109 1181 1153 se
1197 1090 1391 1172 disponunt:
1409 1107 1473 1170 quo
1488 1105 1572 1150 auno
1591 1089 1739 1163 instante,

999 1189 1137 1252 buccina
1159 1187 1391 1269 praedicationis
1415 1187 1557 1268 undique
1577 1186 1742 1248 intimatur
1758 1199 1788 1242 n.
1805 1203 1887 1252 mut.

998 1297 1085 1350 tanta
1103 1287 1282 1350 celebritas.
1300 1287 1418 1349 Rursus
1440 1306 1496 1369 per
1515 1285 1680 1367 jubilaeum
1702 1283 1744 1347 le

1000 1387 1059 1468 gis,
1077 1385 1269 1466 intelligitur
1284 1394 1409 1467 tempus
1423 1384 1532 1465 gratiae
1547 1383 1741 1466 Christiani

1000 1485 1184 1567 praedicavit
1206 1503 1325 1546 annum
1347 1483 1575 1566 acceptabilem
1597 1483 1741 1546 Domino.

1001 1583 1108 1646 Nihilo
1124 1583 1230 1644 minus
1246 1603 1303 1664 per
1319 1584 1464 1645 errmdem
1481 1580 1645 1663 jubilaeum
1663 1580 1745 1643 desi-

1000 1690 1116 1762 gnatur
1131 1681 1331 1763 qtrietissima
1352 1689 1382 1742 et
1402 1689 1518 1742 aeterna
1539 1679 1663 1741 duratio
1684 1678 1745 1742 ele

1000 1789 1123 1844 ciorum
1147 1779 1179 1842 in
1204 1780 1314 1862 patria.
1333 1780 1499 1860 Propterea
1514 1777 1623 1840 Glossa
1644 1777 1741 1839 dicit:

196 1884 310 1945 divina
327 1891 493 1945 uersantes
509 1882 679 1958 seminare,
697 1882 879 1958 fecundare,
894 1903 946 1944 ex·
963 1881 1231 1960 Blnterrogemus
1253 1879 1388 1954 iudaeos,
1410 1879 1436 1939 si
1463 1877 1633 1959 septimum
1658 1876 1742 1938 diem

195 1982 314 2054 colere,
342 1990 374 2044 et
403 1980 537 2062 implere
565 1980 687 2043 actibus
711 1980 873 2056 cirtensia,
900 1980 947 2042 al-

198 2080 395 2144 lectionibus
423 2079 553 2156 sanctis,
580 2078 890 2161 apprehensionibus
915 2087 946 2141 et

197 2178 513 2243 considerationibus
533 2197 607 2240 vere
627 2177 819 2254 salubribus,
838 2197 877 2240 ne
896 2197 947 2239 cx-

197 2279 345 2361 probrari
364 2277 467 2340 valeat
484 2277 576 2339 nobis
592 2275 672 2337 illud
687 2275 943 2338 Proverbiorum:

197 2378 255 2441 Per
266 2397 379 2459 agrum
391 2375 531 2438 hominis
542 2374 625 2456 pigri
638 2373 781 2450 transivi,
795 2382 826 2436 et
837 2394 893 2455 per
904 2375 947 2436 vi-

199 2495 292 2540 neam
310 2476 372 2536 viri
389 2475 532 2550 stulti,et
547 2492 620 2537 ecee
637 2479 736 2534 totum
753 2483 948 2554 operuerunt

198 2574 533 2655 urticae.llmputandae
543 2591 618 2652 ergo
628 2573 832 2634 suntavinea
842 2572 947 2635 cordis

198 2673 310 2737 urticae
326 2681 359 2734 et
373 2672 475 2753 spinea
491 2671 676 2753 passionum
692 2691 728 2734 ae
743 2671 905 2734 vitiorum.

227 2774 375 2849 Septimo
386 2781 494 2831 autem
504 2791 591 2831 anno
600 2773 766 2832 sabbatum
776 2773 838 2832 crit
850 2781 948 2832 tcmn’.

195 2872 261 2933 Per
277 2871 450 2952 septimum
471 2889 591 2931 annum
613 2869 802 2949 intelligitur
821 2878 947 2950 tempus

197 2972 301 3034 beata
328 2967 605 3042 remunerationis,
629 2968 697 3030 sive
723 2968 756 3029 in
782 2967 948 3049 particula-

1000 1980 1119 2061 Moyses
1146 1978 1324 2052 honoravit,
1343 1985 1374 2038 et
1397 1977 1437 2038 ab
1460 1977 1610 2059 operibus
1632 1993 1744 2037 vacare
1771 1995 1891 2045 amam,

1001 2077 1163 2159 praecepit,
1174 2095 1232 2138 cur
1246 2075 1545 2157 quinquagesimum
1561 2093 1680 2136 annum
1697 2093 1745 2136 cc·
1760 2063 1792 2103 ¹⁰·

1001 2175 1117 2239 lebrari
1133 2174 1305 2237 mandavit.
1316 2173 1382 2236 Non
1400 2174 1511 2255 utiquc
1528 2173 1587 2236 hoc
1603 2173 1745 2234 mandas-

1001 2283 1060 2351 set,
1079 2275 1141 2336 nisi
1162 2274 1346 2357 mysterium
1369 2272 1575 2354 designasset,
1594 2272 1679 2353 qttod
1693 2272 1746 2334 Ju-

1001 2375 1140 2435 daeorum
1174 2392 1236 2435 non
1267 2372 1352 2454 capit
1383 2371 1565 2433 infirmitas.
1593 2371 1649 2432 Per
1679 2370 1746 2433 hac

1002 2472 1120 2535 etenim
1143 2471 1260 2553 duplex
1285 2471 1428 2534 omnium
1454 2471 1685 2536 constunmatio
1707 2470 1746 2531 si-

1001 2570 1173 2651 gnificatur
1188 2590 1206 2631 a
1221 2572 1300 2633 lleo:
1315 2590 1377 2632 una
1393 2570 1547 2650 cujusque
1563 2568 1743 2648 singularia,

1001 2669 1099 2731 altera
1115 2669 1258 2731 omnium
1275 2668 1439 2747 generalia.
1450 2668 1552 2730 Prima
1563 2667 1746 2748 designatur

1002 2787 1059 2849 per
1085 2767 1311 2848 septenarium,
1334 2767 1473 2828 secunda
1498 2785 1555 2847 per
1579 2765 1745 2846 jubileum

1002 2885 1058 2927 scu
1071 2863 1384 2945 quinquagesimum.
1396 2863 1512 2944 Nempe
1530 2864 1561 2925 in
1578 2863 1747 2925 hebdoma-

1001 2965 1072 3026 dam
1092 2964 1227 3040 dicrum,
1246 2963 1369 3025 duratio
1388 2963 1461 3026 vitae
1484 2962 1630 3024 humanae
1652 2962 1746 3024 modo

197 3071 225 3133 ri
248 3068 507 3148 uniuscujusque
528 3066 660 3147 judicio,
678 3067 794 3129 sivein
811 3065 984 3129 resuere-C
1002 3063 1166 3124 dividitur.
1183 3061 1283 3135 Quum
1305 3079 1379 3140 ergo
1402 3061 1454 3123 hic
1476 3078 1626 3122 numerus
1650 3058 1747 3120 luerit

196 3170 306 3233 ctione
330 3166 434 3240 finali,
453 3166 486 3227 in
509 3165 627 3247 quibus
650 3184 713 3227 non
737 3166 797 3227 erit
822 3174 947 3246 tempus

197 3265 381 3330 seminandi
401 3284 438 3327 ac
458 3263 673 3346 promerendi,
691 3283 748 3325 seu
768 3283 825 3345 per
844 3262 948 3345 prole-

197 3377 286 3431 ctum
303 3363 495 3442 colligendi3
508 3362 563 3425 sed
580 3363 619 3424 dc
631 3381 668 3424 co
679 3363 765 3443 quod
781 3363 948 3424 seminari-

195 3487 271 3529 mus
286 3473 319 3526 et
332 3460 724 3545 proiecimus,beatilieam
742 3460 947 3524 relectionem

197 3560 398 3644 suscipiendi
420 3579 477 3641 pro
497 3559 640 3641 praemio,
658 3559 746 3638 juxta
766 3558 852 3640 quod
872 3559 949 3622 scri-

198 3673 293 3746 ptum
309 3669 358 3722 est
376 3677 383 3720 :
401 3658 538 3720 Labores
558 3676 711 3718 manuum
732 3665 857 3718 tuarum
872 3658 948 3738 quia

1002 3163 1035 3224 in
1052 3161 1223 3243 semetipso
1241 3160 1483 3242 multiplicatus,
1502 3168 1532 3222 et
1553 3155 1618 3222 tota
1638 3159 1745 3222 saeculi

1001 3270 1075 3324 atas
1092 3259 1260 3341 completa,
1279 3267 1310 3320 et
1327 3269 1450 3341 tempus
1467 3259 1522 3320 diu
1537 3258 1693 3333 volutum,
1706 3258 1746 3319 ad

1004 3360 1102 3421 linem
1119 3358 1311 3440 peruenerit,
1329 3358 1478 3439 jubilaeus
1494 3358 1652 3421 suecedet.
1666 3356 1746 3418 Ante

1001 3478 1097 3540 quem
1123 3457 1259 3519 buccina
1280 3457 1415 3535 clanget,
1434 3456 1509 3538 quia
1535 3456 1567 3517 in
1594 3456 1669 3518 tube
1690 3453 1744 3517 Dei
1768 3473 1892 3522 treas.

1001 3557 1144 3618 Christus
1157 3555 1328 3617 descendet
1340 3556 1379 3618 de
1392 3555 1472 3618 coelo
1484 3557 1523 3617 ad
1538 3555 1745 3635 judicandum
1762 3540 1794 3581 ¹⁵·

1004 3675 1062 3738 pro
1078 3655 1145 3715 suis
1162 3654 1283 3716 electis.
1302 3653 1389 3715 Tunc
1405 3663 1581 3714 revertetur
1596 3657 1687 3714 bomo
1703 3657 1747 3715 od
1826 3653 1828 3662 '

198 3756 423 3824 manducabis.
440 3756 479 3817 lit
496 3757 610 3818 iterum
626 3772 632 3816 :
650 3753 751 3836 Opera
771 3774 878 3817 eorum
900 3777 948 3819 se·
997 3755 1223 3832 possessionem
1239 3772 1344 3824 suam,
1360 3752 1399 3813 ad
1422 3751 1581 3814 coelestem
1598 3751 1747 3814 videlicet

197 3867 346 3942 quantur
369 3856 453 3917 illos.
477 3854 556 3916 llinc
580 3853 749 3915 subditur:
767 3857 832 3915 Sed
852 3865 947 3916 erum

198 3959 288 4019 vobis
303 3959 340 4015 in
356 3955 546 4022 eibum,tibi
560 3961 590 4012 ct
605 3973 693 4012 servo
707 3962 760 4012 tuo
775 3963 805 4013 et
820 3954 949 4013 anciliae

197 4069 264 4118 tuce
276 4052 450 4134 :quoniam
467 4051 500 4113 in
516 4050 748 4113 resurrectione
764 4049 855 4112 linali
872 4071 948 4132 prae

195 4154 387 4217 miabuntur
402 4149 495 4212 electi
518 4150 551 4210 in
571 4168 704 4230 corpore
725 4158 756 4210 et
776 4149 808 4210 iu
828 4150 944 4227 anima,

1002 3851 1183 3936 paradisum
1197 3875 1204 3923 3
1221 3860 1251 3911 et
1267 3854 1311 3912 ad
1326 3853 1493 3930 satelliam
1505 3852 1695 3928 ,pristinam
1714 3851 1745 3913 id

1002 3959 1050 4015 est
1064 3950 1103 4011 ad
1120 3948 1295 4028 angelicam
1311 3949 1504 4024 societatem,
1514 3968 1585 4010 cum
1598 3967 1660 4030 qua
1671 3967 1747 4030 prae-

1002 4049 1166 4113 ordinatus
1185 4056 1233 4110 est
1249 4048 1313 4111 Deo
1335 4047 1466 4110 servire.
1484 4047 1516 4108 ln
1540 4045 1606 4109 line
1628 4047 1745 4110 etenim

1001 4149 1145 4211 dicturus
1162 4147 1317 4209 estludcx
1327 4164 1334 4208 t
1344 4145 1465 4222 Venite,
1476 4146 1636 4209 benedicti
1647 4146 1746 4209 Patris
1762 4163 1892 4212 uatium.

196 4255 231 4316 in
253 4249 459 4314 intellectivis
474 4267 511 4309 ac
527 4247 688 4309 sensitivis
710 4246 871 4328 potentiis,
890 4267 946 4330 pro
962 4252 987 4314 D
1001 4247 1073 4323 mei,
1084 4243 1238 4328 percipite
1255 4265 1387 4327 regnum
1398 4246 1484 4326 quod
1495 4245 1586 4308 vobis
1602 4255 1745 4327 paratum
1761 4228 1794 4269 ³¹⁸·

195 4350 324 4414 meritis
340 4348 414 4410 vitae
429 4346 606 4428 presentis.
625 4350 702 4414 Qum
715 4357 825 4423 speum
834 4349 947 4424 ypati

194 4455 332 4519 humus,
348 4467 415 4507 non
440 4455 534 4506 metes
545 4466 557 4503 .·
572 4444 632 4506 lroc
657 4453 714 4520 est,
738 4445 777 4506 de
801 4444 851 4506 his
877 4466 947 4526 quta

195 4545 332 4631 propria
347 4543 454 4607 cilicis
467 4543 631 4606 voluntate
641 4551 696 4604 aut
711 4543 863 4605 naturalis
880 4544 948 4606 rati-

193 4647 271 4711 onis
286 4643 470 4717 dictamine,
483 4642 552 4704 sine
567 4641 706 4704 caritatis
717 4649 749 4703 et
758 4643 866 4721 gratia
877 4661 948 4705 con-

194 4747 356 4817 dimento,
375 4740 554 4803 mercedem
580 4740 689 4820 gloriae
715 4759 779 4802 non
801 4741 944 4815 babebis,

192 4862 300 4928 quium
311 4841 434 4920 absque
445 4839 575 4901 caritate
586 4839 668 4899 nihil
684 4839 725 4900 sit
736 4839 945 4902 meritorium.

238 4941 439 5004 attemerare
463 4958 588 5017 quoque
613 4939 672 4997 tibi
695 4948 813 5016 septem
836 4942 948 5000 hebdo-

193 5043 317 5102 madas
332 5058 508 5107 annorum,
525 5038 806 5116 sanctificabisque
821 5059 946 5099 anatim

193 5137 522 5221 quinquagesimum,
537 5144 567 5195 ct
587 5137 710 5195 vorabis
728 5137 946 5196 reattrt'ssioncm

192 5238 325 5299 curretis
352 5235 587 5294 habitatoribus
615 5243 717 5294 terrae.
745 5217 807 5295 Per'
827 5253 946 5295 atinum

193 5339 286 5399 hune
309 5331 612 5414 quinquagesimum
638 5330 817 5412 jubilaeum,
840 5330 947 5414 praeli-

1002 4354 1050 4409 est
1064 4345 1105 4407 ab
1121 4345 1244 4426 origine
1260 4345 1383 4406 mundi.

1044 4447 1178 4513 Quando
1199 4447 1313 4504 vendes
1333 4445 1505 4523 quidpiam
1526 4445 1592 4503 cini
1616 4453 1681 4514 tuo,
1696 4449 1747 4504 vel

1001 4565 1083 4604 erues
1106 4545 1146 4603 ab
1165 4562 1211 4613 eo,
1229 4563 1268 4601 ize
1290 4542 1456 4602 contristes
1478 4543 1616 4618 fratrem
1639 4553 1742 4604 toute.

1001 4641 1154 4704 Dominus
1177 4647 1208 4701 et
1231 4638 1372 4701 Salvator
1395 4638 1427 4699 in
1451 4638 1623 4718 Evangelio
1646 4638 1746 4719 loqui-

1003 4749 1080 4802 tur:
1106 4737 1316 4819 Negotiamini
1340 4738 1415 4798 dum
1438 4737 1543 4798 venio.
1562 4737 1616 4798 Est
1639 4737 1746 4819 itaque
1760 4757 1894 4806 rucuma.

1002 4837 1168 4920 spirituale
1179 4835 1336 4918 quoddam
1354 4835 1577 4898 commercium
1595 4855 1650 4898 seu
1667 4856 1746 4898 mer-

1002 4946 1118 5012 catum,
1137 4954 1201 5016 quo
1223 4934 1371 5016 praelatus
1397 4954 1452 4996 seu
1479 4935 1665 5016 praedicator
1691 4934 1746 4996 im-

1002 5037 1113 5118 pendit
1124 5029 1322 5097 auditoribus
1334 5034 1488 5096 talentum
1500 5034 1586 5096 verbi
1599 5033 1746 5109 coelestis,
1761 5051 1892 5098 uuum.

1002 5137 1121 5198 donum
1138 5133 1289 5195 doctrinan
1310 5141 1341 5193 et
1361 5133 1494 5211 gratiam
1516 5132 1577 5194 sibi
1599 5133 1744 5194 collatam
1762 5127 1794 5171 ¹⁴·
1807 5127 1839 5165 ¹⁵·

1002 5233 1066 5294 illis
1082 5231 1306 5305 communicat,
1324 5237 1481 5309 quatenus
1499 5229 1545 5290 illi
1562 5248 1619 5310 pro
1635 5229 1746 5308 hujus-

1001 5330 1087 5394 modi
1104 5329 1196 5393 bonis
1213 5327 1353 5392 referant
1366 5327 1515 5405 fructum,
1526 5328 1745 5410 spiritualiter-
