4309 6259
589 480 765 527 unianimo
786 480 816 526 m
838 480 907 526 oar.
930 478 1004 527 xxvi
1026 480 1129 527 axoni.
1152 499 1191 509 -
1212 481 1284 527 nur.
1307 481 1335 527 u
1696 460 1736 523 tt

231 650 383 733 Sequitur
408 651 447 715 de
472 650 672 733 operimento
697 651 847 715 secundo.
874 650 975 712 Fan
991 652 1224 729 operimentum
1242 657 1317 729 fiat,
1333 650 1365 713 id
1385 658 1443 728 est,
1460 668 1498 714 ex
1517 648 1667 713 omnibus
1692 668 1737 712 sa·

186 753 251 811 cies
281 762 311 813 et
340 771 420 830 sapa
449 753 584 813 cilicina
614 753 764 813 undecim
789 754 829 810 de
854 752 936 830 pitis
991 748 1039 831 gis
1051 748 1097 813 sic
1108 750 1275 833 copulatis,
1289 750 1421 813 resultet
1431 758 1462 813 et
1472 749 1625 813 habeatur
1635 768 1735 813 unum

188 870 378 928 caprarum,
395 855 441 912 ad
463 852 674 929 operiendum
700 860 814 911 motum
837 852 937 911 taber-
992 848 1090 913 totius
1106 848 1301 912 tabernaculi
1317 857 1443 931 tegmen
1459 848 1565 913 totale.

187 952 314 1012 macuti.
332 949 413 1032 Saga
428 950 515 1013 enim
535 948 737 1033 ponebantur
757 968 852 1032 super
870 966 936 1011 oor·
1032 950 1123 1018 Quod
1146 958 1254 1009 autem
1274 950 1474 1028 superfuerit
1493 950 1530 1007 in
1550 950 1648 1026 sapis,
1664 969 1736 1029 quae

188 1048 282 1109 tinas.
301 1048 419 1129 Sagum
439 1068 514 1113 vero
534 1056 666 1112 vocatur
684 1066 777 1130 asper
797 1066 934 1131 pannus,
987 1057 1154 1125 parantur
1171 1056 1258 1121 teoto,
1280 1047 1313 1110 id
1336 1056 1394 1124 est,
1412 1067 1482 1129 quae
1505 1046 1587 1110 iient
1601 1048 1640 1110 ad
1662 1066 1736 1129 ope

190 1165 245 1209 seu
261 1148 361 1210 vestis
378 1146 462 1211 lacta
478 1148 517 1211 de
532 1147 607 1230 pilis
623 1165 802 1229 caprarum,
815 1146 853 1211 de
867 1146 936 1229 qui·
992 1145 1139 1208 riendum
1155 1154 1274 1209 tectum
1291 1146 1498 1221 tabernaculi,
1513 1150 1607 1208 idest
1620 1166 1735 1224 sapum

185 1244 245 1307 bus
276 1253 308 1309 et
338 1246 444 1310 cilicia
474 1246 568 1309 liunt.
595 1246 674 1309 llinc
704 1266 778 1328 saga
807 1245 936 1309 cilicina
990 1264 1096 1305 unum
1111 1248 1197 1323 quod
1211 1244 1463 1323 amptiusest,id
1479 1243 1736 1307 estultradeua-

186 1354 355 1408 vocantur.
383 1345 506 1428 Piliquc
536 1346 584 1408 illi
614 1345 719 1429 primo
749 1344 934 1421 lilabantur,
991 1341 1074 1404 rium
1089 1344 1296 1421 cortinarum,
1313 1362 1385 1425 quaa
1399 1343 1509 1406 decem
1524 1341 1667 1405 luerunt.
1684 1341 1736 1405 Sa-

186 1444 303 1508 deindc
321 1446 520 1508 texebantur.
537 1448 722 1523 Lonpitudo
741 1447 813 1523 sapi
834 1447 935 1505 unius
990 1458 1029 1521 ga
1044 1450 1150 1505 autem
1165 1441 1315 1504 undecim
1336 1441 1477 1518 luerunt,
1496 1441 1606 1523 sicque
1625 1459 1735 1503 nume

185 1544 312 1603 babebit
339 1546 478 1621 triptota
501 1546 624 1605 cubitos
648 1565 659 1604 .·
684 1551 717 1607 et
742 1543 786 1605 ita
811 1542 934 1605 duobus
991 1559 1045 1601 rus
1056 1558 1203 1619 sagorum
1214 1539 1349 1603 excessit
1361 1559 1528 1603 numerum
1539 1539 1734 1603 cortinarum

184 1641 303 1705 cubitis
329 1642 457 1723 longius
485 1642 546 1705 luit
571 1660 683 1724 sagum
705 1642 846 1717 cortiua3
869 1659 933 1704 non
990 1640 1023 1702 in
1039 1659 1104 1703 uno
1119 1641 1179 1703 hoc
1195 1659 1281 1721 sago.
1291 1640 1398 1723 ltaque
1412 1640 1490 1722 quid
1505 1641 1545 1703 de
1560 1639 1615 1703 illo
1626 1639 1736 1703 debuit

185 1750 291 1805 tamen
309 1740 372 1804 luit
388 1742 484 1805 latius
499 1762 547 1806 ea.
565 1742 643 1805 Nam
659 1741 807 1804 subditur
825 1758 832 1803 :
849 1750 878 1801 et
890 1746 934 1801 ta-
990 1738 1073 1815 lieri,
1093 1739 1239 1801 subditur
1257 1756 1264 1801 :
1282 1761 1322 1799 en
1342 1742 1511 1801 medietate
1526 1740 1596 1817 ejus
1614 1740 1736 1818 operies

85 1898 88 1903 .
185 1844 290 1902 titudo
306 1852 459 1921 quatuor.
477 1844 589 1921 AEqua
603 1842 665 1902 erit
680 1861 832 1901 mensura
846 1860 934 1917 sapa
952 1836 975 1899 Β
984 1840 1164 1917 posteriora
1176 1841 1388 1908 tabernaculi,
1399 1837 1431 1900 id
1446 1846 1505 1915 est,
1519 1846 1602 1901 retro
1616 1846 1649 1901 et
1663 1846 1735 1919 post

182 1960 258 2000 rum
273 1942 425 2001 omnium
435 1960 447 1999 :
458 1938 502 2001 ita
517 1940 603 2022 quod
625 1937 775 2002 universa
790 1938 932 2020 ejusdcm
990 1937 1143 2019 parietem
1159 1937 1389 2001 occidentalem
1405 1936 1567 2019 pendebit,
1585 1946 1616 1999 et
1631 1943 1736 1999 enten-

182 2036 398 2116 longitudinis
413 2057 450 2101 ac
467 2036 645 2100 latitudinis
661 2045 775 2112 essent,
785 2035 935 2118 quemad·
989 2036 1042 2099 det
1057 2054 1092 2098 se
1104 2035 1189 2098 ultra
1203 2044 1384 2118 operturam
1400 2036 1596 2099 cortinarum
1611 2035 1735 2098 duobus

182 2136 314 2199 modum
337 2135 460 2199 dictum
483 2144 531 2199 est
552 2136 592 2199 de
611 2135 755 2199 cortinis.
776 2136 934 2216 Equitius
989 2134 1117 2198 circiter
1138 2134 1266 2197 cubitis.
1284 2139 1327 2198 Et
1350 2137 1477 2195 auditus
1496 2156 1537 2195 en
1556 2156 1624 2197 una
1639 2145 1735 2213 parte

180 2238 329 2317 quinque
343 2238 466 2313 junpes
479 2254 635 2305 seorsum,
651 2234 682 2296 id
698 2240 756 2311 est,
781 2252 819 2296 er
841 2233 934 2315 quin·
985 2235 1146 2312 pendebit,
1164 2233 1196 2295 id
1213 2242 1271 2310 est,
1281 2232 1407 2296 cubitus
1423 2233 1491 2314 sagi
1506 2232 1603 2296 totius
1618 2252 1656 2295 ex
1673 2253 1736 2296 una

180 2352 244 2417 que
269 2334 357 2415 sagis
383 2333 481 2397 iacies
506 2352 606 2395 unum
632 2351 742 2414 sagum
768 2352 931 2413 magnum,
989 2330 1185 2394 tabernaculi
1211 2340 1310 2414 parte,
1329 2332 1516 2394 extendetur
1540 2332 1624 2394 ultra
1644 2351 1735 2414 oper-

181 2433 265 2497 sicut
291 2434 331 2496 de
357 2432 501 2514 quinque
523 2431 658 2496 cortinis
683 2431 768 2494 lacta
792 2440 841 2493 est
870 2450 933 2493 una
990 2438 1092 2492 turam
1109 2431 1206 2493 totius
1222 2431 1354 2494 oortinae
1374 2449 1430 2512 per
1450 2430 1594 2493 cubitum
1615 2450 1732 2507 unum3

181 2550 315 2613 magua3
327 2542 357 2593 et
367 2554 423 2593 seeo
436 2533 498 2592 sibi
513 2541 626 2592 mutuo
637 2533 814 2609 copulabis,
823 2530 857 2593 id
872 2537 931 2607 est,
988 2538 1018 2589 et
1033 2533 1115 2590 alter
1130 2550 1170 2589 en
1184 2534 1299 2602 attera,
1311 2532 1370 2610 qui
1380 2534 1458 2607 plus
1473 2540 1517 2591 est
1532 2531 1569 2590 in
1583 2550 1734 2608 saporum

181 2650 218 2693 er
234 2650 291 2694 sex
306 2628 441 2712 reliquis
457 2628 541 2712 sagis
558 2629 707 2693 similiter
723 2629 821 2692 iacies
832 2647 932 2691 unum
990 2629 1205 2705 loupitudine,
1216 2627 1248 2690 id
1264 2636 1323 2703 est,
1336 2627 1418 2690 alius
1434 2628 1501 2709 sagi
1516 2628 1642 2691 cubitus
1658 2647 1735 2711 pen-

180 2729 314 2810 grande,
328 2730 427 2809 ea(ut
441 2728 563 2792 dictum
574 2730 635 2809 est)
647 2728 866 2791 connectendo
877 2746 932 2790 seu
987 2725 1076 2789 debit
1091 2744 1129 2788 er
1145 2726 1208 2789 alia
1223 2735 1313 2808 parta
1329 2726 1526 2790 tabernaculi
1538 2728 1733 2791 tantumdem

181 2827 369 2891 consuendo
380 2852 388 2901 ;
400 2830 448 2889 ita
461 2836 498 2888 ut
511 2838 638 2888 sentum
651 2846 766 2905 sapum
777 2830 814 2887 in
825 2828 933 2903 fronte
988 2833 1024 2886 ut
1038 2826 1161 2907 primus
1175 2843 1181 2886 :
1200 2825 1255 2908 qui
1272 2825 1398 2889 cubitus
1413 2826 1646 2907 longitudinem
1667 2845 1735 2890 cor-

182 2930 255 2988 teoti
267 2927 427 3006 duplices.
443 2925 542 2989 Media
556 2923 676 3008 quippe
693 2944 765 3007 pars
781 2924 861 3007 ejus,
872 2923 932 2988 hoc
988 2922 1128 2985 tinarnm
1144 2924 1269 2987 excedit
1284 2943 1322 2987 ex
1337 2933 1427 3006 parte
1442 2933 1577 3006 utraque
1596 2933 1731 3003 tantum,

180 3034 228 3087 est
244 3026 310 3088 duo
333 3023 436 3087 cubiti
462 3023 643 3087 latitudinis
667 3024 732 3103 sagi
752 3023 860 3099 unius,
879 3040 932 3104 pe
950 3020 972 3084 C
988 3030 1022 3084 ut
1037 3022 1157 3085 dictum
1174 3031 1233 3086 est.
1258 3027 1433 3103 Utrumque
1447 3028 1533 3084 ianas
1549 3027 1734 3085 tabernacu-

181 3123 319 3187 nebatur
335 3123 491 3205 replicata
514 3123 548 3185 in
564 3121 711 3186 orientali
734 3120 931 3185 tabernaculi
988 3124 1014 3181 ii
1034 3132 1208 3199 protepene
1226 3122 1290 3184 lloc
1316 3120 1518 3183 referendum
1542 3122 1669 3186 videtur
1692 3124 1731 3185 ad

180 3232 281 3305 parte,
299 3223 341 3285 ad
359 3222 570 3305 operiendum
587 3221 693 3304 capita
709 3221 929 3284 columnarum
987 3221 1029 3297 id,
1048 3219 1135 3294 Quod
1157 3228 1264 3284 autem
1286 3219 1481 3302 superfuerit
1502 3240 1540 3284 ex
1564 3221 1733 3285 medietate

181 3321 213 3384 in
229 3321 366 3385 introitu
382 3319 578 3383 tabernaculi
596 3320 872 3401 situatarum,quta
881 3339 931 3383 ca-
986 3320 1077 3400 ejus:
1096 3319 1172 3400 quia
1187 3320 1340 3383 medietas
1356 3320 1423 3397 illa,
1440 3319 1589 3383 videlicet
1602 3321 1666 3383 duo
1681 3340 1733 3384 cu·

181 3420 246 3503 pita
262 3420 410 3483 cubitum
427 3438 529 3481 unum
547 3419 709 3497 tenebant,
727 3419 837 3500 sicque
857 3436 931 3501 ope·
985 3418 1044 3479 biti
1061 3418 1137 3481 binc
1152 3427 1184 3482 et
1198 3418 1273 3482 hinc
1290 3419 1373 3481 ultra
1387 3418 1526 3482 cortinas
1542 3420 1732 3483 descenden-

180 3520 356 3582 rimentum
382 3517 461 3580 illud
487 3534 634 3598 sagorum
659 3536 698 3580 ex
722 3516 930 3599 replicatione
986 3526 1044 3593 tes,
1072 3516 1259 3598 operiebant
1287 3526 1393 3600 partes
1422 3536 1479 3580 seu
1504 3517 1603 3581 latera
1629 3519 1732 3582 taber-

181 3618 333 3699 praediota
349 3616 556 3679 tabernaculo
576 3616 719 3679 tenacius
741 3616 927 3679 adhereret.
986 3615 1104 3693 naculi,
1130 3634 1193 3679 uon
1222 3625 1332 3698 operta
1360 3617 1504 3680 cortinis.
1528 3618 1614 3679 Unus
1644 3618 1728 3681 enim

181 3716 242 3780 Alii
257 3735 335 3781 vero
358 3716 422 3780 duo
447 3715 628 3778 latitudinis
653 3714 754 3777 cubiti
779 3723 869 3778 erant
895 3714 928 3777 in
984 3713 1112 3777 cubitus
1132 3734 1171 3776 er
1191 3733 1255 3778 uno
1275 3715 1373 3779 latere
1397 3716 1525 3798 operuit
1548 3725 1670 3798 partem
1696 3716 1731 3779 il-

180 3815 328 3897 opposita
343 3814 540 3877 tabernaculi
557 3822 657 3897 parte.
985 3813 1060 3891 lam,
1078 3812 1159 3876 alter
1174 3833 1212 3876 ex
1228 3813 1302 3876 alio.

218 3916 333 3976 Facies
348 3924 378 3975 et
394 3916 639 3995 quinquapinta
655 3934 751 3974 ansas
766 3914 803 3974 in
817 3932 886 3985 ora,
897 3912 928 3975 id
1030 3911 1180 3993 Sequitur
1209 3913 1248 3976 de
1277 3912 1349 3975 aliis
1379 3913 1504 3976 duobus
1534 3913 1729 3977 tabernaculi

180 4020 227 4075 est
251 4012 362 4089 latere,
383 4013 458 4089 sapi
477 4014 590 4083 unius,
614 4021 651 4073 ut
674 4012 831 4089 conjunpa'
854 4031 929 4072 oum
984 4009 1202 4092 operimentis
1217 4014 1328 4073 Facies
1342 4022 1371 4073 et
1386 4014 1620 4090 operimentum
1635 4016 1731 4075 alieni

180 4116 278 4173 attero
299 4121 407 4193 queat.
425 4110 503 4174 Nam
527 4129 627 4171 unum
653 4109 767 4172 borum
793 4110 928 4173 duorum
986 4118 1061 4170 tecto
1083 4108 1278 4173 tabernaculi
1301 4116 1342 4171 de
1353 4114 1493 4190 pellibus
1512 4114 1653 4173 arietum
1674 4134 1730 4173 me

179 4227 369 4291 magnorum
385 4226 545 4289 sagorum,
562 4207 655 4271 alteri
671 4207 857 4271 nectebatur
871 4227 928 4289 per
944 4208 1140 4281 llbrieatis,·
1153 4218 1182 4268 et
1196 4229 1303 4287 super,
1322 4208 1354 4271 id
1373 4217 1421 4272 est
1440 4210 1534 4287 ultra,
1546 4214 1604 4272 hoe
1626 4214 1730 4288 operi-

179 4328 270 4372 ansas
288 4317 320 4371 et
336 4307 474 4371 circulos
490 4326 607 4384 teneoS,
624 4315 719 4390 prout
736 4307 776 4370 de
795 4306 928 4370 cortinis
984 4316 1129 4367 nuatum
1145 4306 1242 4369 iacies
1257 4329 1371 4368 rursus
1385 4310 1482 4369 atiud
1491 4312 1530 4369 de
1545 4312 1730 4387 hyacintini-

174 4408 239 4488 jam
255 4406 371 4490 patuit.
389 4406 460 4470 ldco
477 4406 643 4470 subditur:
662 4418 692 4467 et
707 4409 929 4487 quinquapin-
983 4406 1035 4465 nis
1046 4408 1186 4483 pellibus
1196 4407 1235 4468 ad
1252 4415 1371 4469 tectum
1382 4409 1600 4490 operiendum.
1614 4407 1728 4490 Sioquc

178 4516 209 4567 ta
225 4528 323 4568 ansas
339 4508 376 4567 in
391 4526 449 4567 ora
462 4508 536 4584 sapi
550 4508 697 4578 atnrtus,
710 4515 747 4566 ut
761 4526 834 4567 cnm
850 4509 927 4566 aite—
983 4502 1121 4581 videtur,
1137 4505 1224 4585 quod
1240 4505 1302 4569 duo
1324 4506 1384 4568 ista
1405 4507 1605 4589 operimenta
1624 4507 1728 4571 solum

176 4627 211 4667 ro
226 4609 406 4684 copuletur,
424 4604 457 4667 id
472 4613 521 4668 est
536 4624 608 4667 cum
624 4604 687 4668 alio
707 4622 823 4685 magno
839 4621 925 4685 sago.
983 4601 1168 4683 operuerint
1189 4601 1384 4666 tabernaculi
1401 4612 1539 4667 tectum:
1558 4605 1597 4668 dc
1616 4624 1680 4686 qua
1694 4624 1729 4668 ro

176 4706 289 4764 Facies
303 4712 334 4763 et
343 4704 588 4782 quinquaqinta
602 4704 722 4779 fibulas
735 4704 928 4781 teneasque
984 4698 1069 4761 iulra
1085 4699 1218 4764 dicetur.
1229 4701 1412 4764 Extremum
1428 4702 1536 4785 itaque
1550 4704 1729 4786 operimen-

176 4803 436 4880 masjnnpamur
455 4822 554 4873 ansa,
572 4800 603 4862 id
625 4808 673 4863 cst
693 4800 927 4881 quinquaginta
984 4807 1049 4860 tum
1080 4797 1144 4860 luit
1174 4800 1213 4862 de
1243 4800 1382 4882 pellibus
1412 4801 1641 4883 hyacinthinis,
1671 4804 1728 4883 qui

177 4908 306 4983 torques
322 4916 378 4963 seu
394 4899 532 4963 circulos
547 4918 656 4976 aercoS,
674 4918 731 4981 per
746 4917 827 4980 quos
842 4918 927 4961 anste
982 4897 1066 4959 aerei
1082 4906 1178 4979 atque
1197 4898 1335 4961 ooelestis
1355 4907 1480 4962 exstant
1496 4900 1623 4963 coloris.
1639 4899 1728 4963 Unde

176 5000 313 5063 duorum
325 5014 517 5080 magnorum
527 4996 927 5079 jungantursagorum‚ita
982 4996 1031 5075 (ut
1051 4995 1206 5077 losephus
1229 4996 1354 5077 scribit)
1375 5006 1486 5080 stupor
1509 4998 1627 5061 invasit
1648 4998 1730 5060 mul-

176 5098 261 5179 quod
277 5098 350 5160 duta
365 5115 452 5159 ause
468 5115 533 5161 uno
548 5096 669 5160 circulo
689 5115 777 5160 aeneo
797 5096 926 5177 colliga·
982 5101 1031 5157 tos
1048 5113 1067 5156 a
1086 5093 1180 5175 longe
1198 5094 1425 5177 adspicientes,
1441 5096 1516 5178 quia
1535 5096 1673 5160 colorem
1693 5096 1728 5157 il-

174 5195 304 5273 buntur,
322 5195 409 5259 sicut
428 5213 514 5259 ansae
534 5194 730 5259 cortinarum
751 5213 846 5258 aureo
862 5202 925 5258 tor·
982 5192 1099 5254 lumin
1118 5192 1207 5255 nullo
1224 5193 1379 5275 putabant
1398 5193 1532 5258 dillerre
1550 5214 1569 5258 a
1585 5195 1659 5259 coeli
1676 5213 1728 5257 co

174 5313 246 5377 que,
263 5302 299 5357 ut
313 5293 438 5357 dietum
458 5280 524 5369 est;
550 5304 586 5355 ut
602 5314 707 5355 unum
722 5316 763 5355 eu
777 5294 924 5360 omnibus
981 5291 1060 5354 lorc.
1088 5358 1090 5362 .
