4309 6259
559 511 733 563 anaanano
750 513 785 561 tn
807 512 875 559 cxc.
899 513 909 559 t
929 513 1163 565 namanonoxu.
1186 532 1226 543 -
1246 514 1316 560 aar.
1340 512 1350 558 t
1666 491 1726 558 ttae

182 693 253 763 test,
278 704 336 748 cur
359 682 392 747 in
416 683 487 747 loco
508 683 642 766 prefato
665 683 707 745 sit
729 684 865 747 multum
891 684 931 747 de
944 685 970 746 ll
984 692 1094 749 monte
1108 683 1222 762 Horeb,
1240 692 1398 749 venerunt
1412 682 1499 760 illuc,
1512 682 1661 747 videlicet
1675 701 1727 745 us-

180 802 270 848 auro.
984 802 1047 864 que
1073 783 1283 861 cadesbarne,
1301 784 1335 846 in
1360 782 1463 846 tribus
1485 781 1609 845 diebus.
1626 782 1665 843 Et
1680 801 1729 845 re

225 884 381 945 Undecim
410 884 523 943 diebus
551 884 590 941 de
620 884 725 944 Horeb
749 900 811 959 per
839 882 928 941 viam
984 884 1218 965 spondendum,
1235 884 1320 966 quod
1337 882 1458 947 dictum
1479 881 1539 948 hoc
1559 880 1659 944 Habbi
1675 880 1728 943 Sa-

180 985 298 1043 montis
325 984 400 1043 Seir
429 1001 528 1061 esque
558 983 602 1041 ad
633 983 842 1043 cadesbarne.
863 978 928 1043 Hoc
984 982 1122 1047 lomonis
1151 1001 1216 1047 non
1241 982 1367 1045 videtur
1391 980 1507 1045 salvari
1538 998 1642 1061 posse,
1668 998 1728 1043 nec

178 1081 310 1164 quidam
334 1088 499 1163 exponunt
523 1080 585 1156 sic,
612 1080 697 1161 quod
722 1079 841 1162 Moyses
871 1097 929 1161 per
983 1082 1083 1145 textui
1108 1099 1293 1144 consonare.
1319 1080 1476 1162 Scriptum
1501 1086 1549 1142 est
1576 1078 1662 1142 enim
1694 1077 1726 1141 in

177 1179 326 1243 undecim
344 1178 413 1242 dies
429 1179 575 1261 exposuit
590 1177 710 1261 populo
725 1178 838 1257 legem.
863 1177 928 1241 Sic·
982 1180 1234 1261 Numeris,quod
1250 1177 1385 1261 proiecti
1401 1186 1476 1240 sunt
1490 1178 1530 1239 de
1549 1185 1657 1239 monte
1671 1177 1728 1239 Do
1741 1198 1873 1247 alexas.

176 1298 239 1361 que
254 1278 340 1360 quod
362 1277 490 1355 dicitur,
508 1277 660 1340 Undecim
683 1276 807 1353 diebus,
830 1276 928 1339 refer·
982 1279 1072 1357 mini,
1096 1286 1205 1360 utpote
1229 1279 1269 1341 de
1292 1285 1400 1340 monte
1415 1277 1529 1354 Horeb,
1547 1294 1603 1339 seu
1628 1273 1726 1353 Sinai,

176 1387 229 1439 tur
243 1377 285 1440 ad
301 1375 400 1440 verba
415 1376 471 1438 illa
487 1375 671 1458 praehabita,
683 1375 755 1439 Haeo
771 1383 845 1437 sunt
861 1395 928 1439 ver·
983 1378 1066 1443 viam
1093 1377 1190 1440 trium
1214 1375 1349 1452 dierum,
1377 1374 1487 1457 sicque
1508 1382 1665 1437 venerunt
1688 1374 1728 1436 ad

177 1478 217 1539 ba
232 1495 305 1558 que
321 1476 447 1539 locutus
463 1484 511 1539 est
522 1475 652 1558 Moyses.
662 1474 719 1538 cui
735 1475 927 1558 expositioni
982 1478 1128 1560 sepulcra
1151 1474 1435 1560 concupiscentie,
1462 1474 1495 1536 in
1521 1492 1585 1555 quo
1604 1472 1728 1553 integro

176 1594 241 1639 non
258 1574 387 1638 videtur
402 1592 577 1639 consonare
598 1573 683 1656 quod
708 1573 866 1651 subditur,
884 1574 927 1637 lle
982 1595 1092 1640 mense
1106 1584 1161 1638 aut
1186 1575 1323 1652 circiter,
1340 1593 1452 1638 carues
1477 1574 1622 1650 ederunt,
1638 1580 1674 1634 ut
1694 1571 1873 1652 in1yrd„.‚20,

176 1674 279 1737 Horeb
296 1692 354 1757 per
377 1673 462 1736 viam
478 1674 597 1737 montis
618 1672 686 1737 Scir
702 1691 802 1754 usque
817 1674 927 1737 Gades·
981 1675 1127 1738 Numeris
1149 1673 1309 1738 scribitur.
1327 1674 1402 1737 lude
1425 1671 1555 1754 egressi,
1571 1679 1728 1741 venerunt
1759 1700 1861 1743 ppei,

175 1774 275 1837 barne
293 1773 387 1839 :nisi
409 1773 534 1836 dicatur
550 1773 637 1854 quod
657 1792 714 1855 per
733 1772 818 1834 viam
837 1771 925 1835 illam
983 1774 1016 1836 in
1046 1774 1210 1851 Haserotb,
1237 1772 1293 1836 ubi
1323 1781 1444 1856 septem
1469 1771 1582 1835 diebus
1606 1789 1872 1849 manse-1yar„,.,15,

175 1892 247 1956 que
264 1872 327 1935 tuit
343 1892 361 1936 a
377 1880 486 1936 monte
505 1871 608 1935 Horeb
628 1890 685 1953 per
702 1879 843 1934 montem
860 1871 927 1933 ldu·
945 1874 968 1942 B
983 1881 1068 1951 runt,
1082 1881 1177 1955 prout
1193 1872 1226 1935 in
1242 1870 1387 1934 Numeris
1403 1870 1533 1950 legitur;
1545 1878 1640 1951 atque
1656 1876 1728 1949 post

176 1990 343 2050 matorum,
360 1990 433 2054 que
448 1970 500 2033 via
522 1971 632 2033 decem
657 1970 757 2033 dietas
779 1969 925 2045 includit,
983 1971 1043 2034 boc
1063 1979 1221 2033 venerunt
1245 1970 1279 2032 in
1300 1969 1509 2046 cadesbarne,
1526 1967 1728 2051 quemadmo
1759 1997 1873 2048 1„·,y„„,

175 2071 297 2155 Moyses
313 2071 440 2133 locutus
456 2069 584 2132 sitista.
603 2068 691 2143 Quod
706 2068 802 2132 etiam
818 2068 927 2131 clossa
983 2070 1058 2132 dum
1075 2069 1109 2130 in
1122 2069 1267 2133 Numeris
1283 2086 1409 2131 rursum
1426 2068 1586 2131 recitatur.
1598 2066 1664 2129 Non
1681 2084 1728 2129 er·
1741 2065 1775 2105 ²⁷¹

176 2170 279 2251 tangit
294 2180 327 2234 et
350 2168 469 2233 sentire
492 2168 629 2245 videtur,
647 2166 783 2231 dicendo
802 2184 808 2229 :
826 2167 928 2229 Unde
983 2186 1024 2250 go
1049 2168 1082 2230 in
1108 2168 1211 2234 tribus
1236 2168 1350 2231 diebus
1375 2174 1534 2229 venerunt
1559 2165 1647 2229 illuc.
1669 2165 1727 2228 Ve

174 2269 238 2331 cim
261 2268 377 2332 diebus
402 2276 575 2347 antequam
598 2266 722 2330 veniret
746 2265 785 2327 ad
811 2264 926 2328 cades·
983 2275 1161 2331 rumtamen
1170 2266 1268 2329 Habbi
1281 2266 1428 2330 Salomon
1441 2264 1727 2348 protestatur‚quod

175 2368 287 2444 barne,
305 2368 426 2449 Moyses
448 2366 551 2447 legem
572 2364 640 2429 solo
659 2363 756 2428 verbo
773 2363 927 2445 recapitu-
984 2366 1122 2448 spatium
1139 2366 1222 2429 inter
1237 2366 1341 2429 Horeb
1356 2373 1388 2429 et
1403 2364 1602 2429 cadesbarne
1618 2362 1660 2426 sit
1676 2361 1728 2425 iti-

174 2466 264 2533 lavit.
282 2474 315 2529 et
339 2467 378 2529 do
394 2463 592 2528 Cadesbarne
614 2482 715 2543 usque
737 2462 927 2545 campestria
984 2464 1070 2529 neris
1086 2465 1236 2527 undecim
1252 2464 1386 2528 dierum.

173 2566 273 2628 Moab.
292 2566 411 2628 Verum
434 2562 509 2626 huic
534 2561 725 2644 expositioni
746 2582 765 2625 a
789 2562 926 2643 quodam
1023 2564 1155 2645 lnsuper
1171 2563 1234 2627 dici
1250 2572 1368 2646 posset,
1385 2565 1470 2645 quod
1486 2564 1583 2627 etiam
1597 2572 1669 2645 post
1684 2584 1729 2627 re

172 2664 346 2747 objicitur,
378 2661 530 2745 quoniam
563 2680 626 2725 non
660 2670 808 2743 apparet,
840 2661 926 2742 quod
981 2682 1142 2726 cossuma
1162 2672 1269 2726 monte
1291 2663 1405 2740 Horeb,
1423 2664 1520 2746 caepit
1543 2662 1662 2745 Moyses
1686 2662 1728 2726 le

172 2764 294 2846 Moyses
309 2762 506 2825 ambulando
523 2760 706 2843 exposuerit
721 2761 835 2841 legem,
851 2778 927 2843 quo
981 2778 1053 2840 gem
1064 2761 1246 2842 aliqualiter
1260 2761 1440 2844 explanare,
1450 2762 1556 2825 eundo
1571 2780 1627 2843 per
1642 2760 1727 2825 riam

175 2864 261 2925 niam
296 2860 478 2943 explanatio
512 2860 584 2923 talis
619 2859 752 2942 requirit
782 2858 926 2922 docentis
982 2879 1085 2942 usque
1109 2861 1148 2923 ad
1168 2861 1267 2924 cades
1284 2878 1291 2923 ε
1309 2859 1419 2942 sicque
1444 2879 1500 2942 per
1517 2859 1727 2925 solitudinem

173 2960 440 3042 audientiumque
455 2959 607 3041 quietem.
625 2958 699 3032 Qua
721 2958 859 3040 objectio
884 2956 927 3021 la·
980 2967 1191 3042 campestrem
1207 2959 1307 3041 possit
1322 2959 1459 3040 intelligi
1474 2978 1600 3023 eremus
1616 2958 1671 3021 illa
1682 2958 1728 3021 in·

173 3060 297 3123 cillimo
313 3058 568 3141 solvitur,quum
584 3058 768 3121 etcbristus
784 3058 817 3120 in
828 3056 963 3120 Euan-c
982 3067 1046 3121 star
1061 3058 1166 3140 campi
1183 3058 1296 3141 plana;
1309 3059 1364 3122 sed
1380 3067 1490 3140 postea
1506 3057 1591 3120 lixus
1607 3058 1640 3120 in
1658 3057 1727 3122 loco

118 3196 159 3232 ιω,
174 3158 259 3241 gelio
275 3158 400 3239 legatur
416 3156 610 3220 ambulando
625 3156 781 3240 populum
804 3156 927 3220 docuis-
981 3158 1087 3240 campi
1103 3157 1191 3221 Moab
1206 3156 1352 3240 prealato,
1368 3157 1467 3239 ooepit
1482 3157 1583 3238 legem
1600 3155 1726 3240 plenius

44 3244 71 3285 ²·
174 3278 219 3322 se.
232 3257 306 3320 Filii
322 3256 556 3339 quoquelsrael
572 3256 605 3319 in
623 3255 737 3319 itinere
748 3256 924 3333 constituti,
979 3256 1162 3339 explanare,
1180 3256 1262 3320 sicut
1276 3257 1491 3338 subjungitur.

174 3357 271 3421 certis
303 3356 391 3419 boris
421 3356 609 3438 pausabant.
642 3356 769 3435 Legitur
797 3374 926 3438 quoque
1029 3358 1280 3433 Quadrupesimo
1305 3376 1403 3427 aneto,
1430 3358 1599 3417 ecclecimo
1623 3377 1728 3417 menae

126 3492 157 3527 n.
174 3456 280 3539 primo
296 3455 545 3519 Macbabeorum
564 3454 646 3519 libro
661 3456 793 3520 delude
808 3455 926 3519 Maoba-
981 3453 1216 3535 quadragesimi
1232 3454 1320 3531 anni,
1334 3457 1446 3532 prima
1468 3456 1522 3515 die
1536 3458 1653 3516 mensis
1671 3474 1729 3517 un·

41 3538 68 3578 ⁵·
172 3555 242 3619 beo
260 3574 267 3617 :
286 3554 362 3617 Erat
376 3554 473 3618 ludas
488 3572 686 3636 congregans
708 3564 876 3633 extremos,
894 3563 925 3619 et
981 3552 1109 3616 decimi.
1137 3552 1289 3627 Quocirca
1321 3552 1419 3635 queri
1452 3562 1566 3636 potest,
1594 3554 1633 3617 de
1664 3573 1728 3636 quo

62 3664 133 3707 'rhu
173 3653 402 3717 exhortabatur
419 3652 575 3736 populum
588 3671 645 3735 per
656 3660 753 3717 totam
770 3656 922 3731 noctem',
981 3653 1226 3734 quadragesimo
1242 3670 1326 3715 anno
1343 3652 1427 3716 istud
1438 3654 1573 3717 dicatur.
1586 3654 1728 3736 Adquod

172 3755 275 3817 donec
292 3752 441 3815 venirent
457 3751 490 3814 in
508 3760 624 3815 terram
639 3752 727 3815 luda.
982 3752 1014 3813 in
1031 3751 1225 3817 Scholastica
1248 3752 1456 3835 respondetur
1478 3752 1611 3816 historia
1627 3772 1635 3817 ε
1652 3752 1730 3826 Qua-

212 3852 275 3916 Sed
292 3851 394 3931 magis
420 3869 471 3914 me
487 3859 603 3927 movet,
621 3853 706 3933 quod
733 3852 924 3916 dictumest
980 3851 1160 3933 dragesimo
1185 3869 1269 3914 anno
1291 3851 1440 3915 ab-exitu
1466 3851 1608 3916 liliorum
1634 3854 1729 3918 lsrael

171 3951 260 4033 quod
271 3950 392 4032 Moyses
408 3949 534 4013 locutus
549 3949 704 4013 estverba
719 3950 786 4012 baec
802 3949 835 4013 in
852 3951 924 4013 soli·
980 3951 1020 4014 de
1044 3951 1188 4032 dlgypto.
1206 3949 1344 4014 lsidorus
1369 3969 1498 4033 quoque
1515 3972 1522 4017 :
1539 3951 1730 4033 Quadragin-

172 4050 285 4112 tudine
302 4048 474 4130 campestri
491 4057 602 4112 contra
619 4067 706 4111 mare
722 4049 874 4127 Rubrum,
892 4058 923 4112 et
981 4057 1022 4125 ta,
1041 4048 1158 4130 inquit,
1175 4049 1269 4112 annis
1284 4049 1347 4112 lilii
1362 4050 1457 4114 lsrael
1472 4052 1512 4114 ad
1529 4060 1644 4115 terram
1660 4071 1730 4135 pro

171 4148 359 4231 paulopost
381 4147 413 4209 in
431 4146 492 4210 isto
515 4147 650 4210 babetur
670 4147 821 4230 capitulo,
838 4149 924 4229 quod
980 4146 1143 4211 missionis
1168 4158 1336 4226 venerunt,
1362 4170 1418 4212 seu
1444 4150 1649 4214 transierunt.
1668 4151 1728 4215 Sed

169 4246 270 4329 coepit
287 4246 389 4327 legem
406 4245 576 4328 explanare
597 4244 775 4309 interiectis
796 4247 923 4327 regibus
938 4251 962 4327 D
978 4246 1109 4310 obviare
1126 4247 1263 4324 videtur,
1281 4248 1366 4329 quod
1383 4250 1557 4313 secundum
1571 4249 1726 4329 clossam,

47 4380 155 4417 item,
170 4345 430 4408 Amorrheorum
446 4343 551 4408 Sebon
568 4353 600 4408 et
614 4344 669 4427 cg,
688 4346 744 4427 qui
763 4344 922 4409 interlecti
978 4346 1018 4407 ab
1039 4345 1125 4408 exitu
1141 4345 1234 4409 lsrael
1257 4348 1297 4409 de
1322 4346 1455 4430 AEgypto
1478 4367 1644 4430 usquequo
1660 4368 1727 4431 per-

36 4456 63 4475 ”
83 4434 100 4472 ⁵·
171 4444 303 4507 luerunt
322 4450 395 4525 post
421 4461 580 4506 recessum
601 4444 639 4507 de
659 4444 871 4521 cttdesbarne,
888 4452 923 4506 ut
978 4451 1138 4506 venerunt
1152 4445 1192 4506 ad
1207 4445 1398 4526 campestria
1408 4445 1497 4509 Moab
1507 4453 1608 4528 'supra
1622 4448 1726 4511 Jorda-

169 4542 203 4605 in
227 4541 377 4605 Numeris
397 4542 600 4605 describitur.
620 4542 700 4605 Hinc
721 4542 852 4623 quidam
873 4563 922 4605 ex·
978 4560 1062 4619 nem,
1082 4541 1246 4605 fluxerunt
1261 4544 1472 4625 quadraginta
1494 4546 1557 4609 duo
1575 4544 1664 4607 anni.
1686 4546 1725 4609 llt

168 4650 297 4725 ponunt
317 4640 363 4703 sic
382 4661 389 4705 :
407 4640 561 4705 Undecim
588 4641 711 4718 diebus,
730 4641 855 4725 supple,
872 4662 922 4705 ve
977 4640 1037 4704 boc
1054 4640 1179 4703 videtur
1194 4641 1371 4723 probabile,
1388 4643 1465 4723 quia
1479 4651 1514 4704 ut
1529 4643 1562 4704 in
1577 4644 1723 4708 Numeris

169 4748 288 4803 nerunt
309 4740 350 4802 de
371 4738 486 4815 Horeb,
506 4738 539 4801 id
559 4748 607 4802 est
630 4740 669 4802 de
691 4749 799 4803 monte
820 4740 917 4817 Sinai,
977 4738 1079 4802 lentur
1097 4756 1104 4801 :
1121 4738 1223 4813 Quum
1239 4741 1397 4804 redissent
1412 4742 1625 4824 exploratores
1648 4762 1724 4825 qua·
1750 4768 1811 4814 nra.
1828 4771 1869 4821 ιω

168 4840 263 4922 cujus
281 4856 338 4920 pes
356 4837 476 4900 dicitur
493 4837 607 4914 Horeb,
625 4838 781 4920 perviam
801 4839 919 4903 montis
976 4838 1156 4918 dragesimo
1171 4840 1233 4917 dio,
1249 4849 1281 4902 et
1296 4840 1450 4922 populum
1466 4861 1665 4906 murmurare
1680 4842 1723 4907 le
1737 4846 1777 4883 ¹''·
1789 4835 1822 4884 ³³·
1834 4835 1867 4876 ³⁴·

168 4936 249 5013 Scir,
267 4956 325 4999 seu
342 4936 442 4998 Edom
463 4954 564 5017 usque
581 4936 779 4999 Cadesbarne
797 4956 804 4999 :
822 4956 917 5019 quam
975 4936 1104 5015 cissent,
1129 4937 1253 5002 locutus
1278 4947 1326 5003 est
1350 4940 1513 5016 Dominus,
1538 4942 1624 5023 quod
1644 4962 1723 5024 qua·

168 5035 404 5119 expositionem
429 5033 540 5099 Glossa
565 5035 779 5099 interlinearis
805 5036 915 5117 tangit.
974 5036 1123 5117 draginta
1137 5037 1231 5100 annis
1243 5038 1315 5118 vagi
1330 5038 1518 5102 exsisterent
1535 5039 1568 5102 in
1583 5040 1720 5117 deserto,

168 5132 227 5197 Sed
253 5132 354 5215 objici
381 5140 486 5214 potest
504 5134 553 5212 (ut
574 5134 653 5215 Lyra
677 5133 792 5214 allegat
814 5143 845 5197 et
864 5154 918 5217 ap·
976 5135 1151 5197 secuudum
1169 5154 1337 5198 numerum
1353 5137 1478 5199 dierum
1494 5137 1722 5219 explorationis

166 5232 306 5313 probare
324 5230 465 5311 videtur)
486 5229 586 5294 Rabbi
612 5231 772 5309 Salomon,
794 5232 916 5310 dicem,
974 5242 1005 5296 ot
1021 5232 1153 5295 reditus.
1171 5233 1310 5296 Fuerunt
1324 5242 1430 5298 autem
1448 5235 1509 5299 lilii
1527 5237 1621 5300 lsrael
1647 5247 1722 5301 ante

167 5330 254 5411 quod
278 5330 350 5410 lege
369 5329 452 5405 data,
473 5327 533 5391 lilii
555 5330 648 5393 lsrael
672 5330 856 5394 recedentes
878 5334 917 5397 de
974 5331 1208 5414 exploratorum
1233 5332 1430 5413 missionem,
1448 5336 1573 5417 integro
1586 5355 1671 5401 anno
1687 5336 1721 5399 in
