4309 6259
440 494 499 556 552
781 514 953 559 manuario
975 514 1003 559 tt
1025 514 1095 559 GAP.
1118 514 1160 558 tll
1180 512 1414 559 DEUTERONOHH.
1436 532 1477 542 -
1497 514 1568 558 aar.
1592 513 1644 558 vtll

441 684 481 744 ad
506 682 691 764 temporalia
705 682 789 746 bona
805 704 840 746 ac
857 683 1025 766 privilegia
1039 658 1185 763 quaedam
1200 680 1226 742 Α
1240 680 1365 743 Etenim
1387 681 1489 744 multo
1508 690 1651 763 tempore
1670 700 1734 744 non
1753 682 1858 745 sinere
1875 701 1982 764 pecca
2002 700 2110 745 {tunna

442 790 532 843 crant
543 779 697 862 assumpti
709 801 773 863 prae
784 781 1186 864 ceteris,quemadmodum
1240 780 1364 843 toribus
1386 799 1423 842 ex
1445 780 1602 843 sententia
1623 799 1727 862 agere,
1745 781 1800 843 sed
1815 781 1922 843 statim
1936 782 1983 843 ul
1996 766 2058 805 ¹²¹⁵·

345 900 427 947 aaa.
445 880 518 941 Saul
535 880 568 942 in
585 879 666 942 libro
682 880 801 961 Regum
824 899 907 963 sepe
923 888 1053 944 vocatur
1068 880 1187 942 electus
1241 879 1343 942 tiones
1365 879 1527 955 adhibere,
1545 880 1652 958 magni
1672 879 1823 942 beneficii
1837 888 1887 942 est
1901 880 1982 942 indi-

443 976 621 1055 allomino‚
643 980 693 1040 vel
717 979 771 1041 llei
796 978 926 1041 electus.
948 978 986 1039 Et
1009 977 1042 1041 in
1064 979 1187 1040 Psalmo
1241 978 1338 1040 cium.
1356 978 1423 1041 Non
1443 978 1528 1041 enim
1550 977 1632 1041 sicut
1652 978 1686 1040 in
1704 979 1777 1040 aliis
1799 979 1982 1042 nationibus

326 1100 345 1129 ι.
369 1122 370 1125 ¹
442 1077 586 1153 babetur,
597 1077 721 1141 Eiectos
737 1077 830 1140 Israel
847 1077 1025 1159 impedivit.
1035 1076 1184 1156 Denique,
1241 1076 1393 1138 Dominus
1409 1078 1565 1159 patienter
1580 1086 1750 1159 exspectat,
1766 1086 1802 1139 ut
1815 1097 1869 1141 eas
1885 1099 1981 1160 quum

325 1180 330 1191 “
443 1176 526 1238 sicut
541 1175 676 1238 Thomas
699 1175 810 1239 scribit
827 1176 859 1237 in
876 1176 979 1257 prima
994 1183 1083 1257 parte
1099 1174 1188 1237 Sum·
1240 1175 1354 1257 judicii
1369 1175 1438 1237 dies
1453 1176 1627 1253 advenerit,
1645 1176 1678 1237 in
1694 1177 1895 1258 plenitudine
1914 1196 1983 1259 pcc-

443 1293 502 1336 maa
518 1293 594 1351 suaa,
611 1274 788 1356 quaestione
807 1274 845 1335 23
860 1292 866 1335 :
883 1274 1120 1336 Praedestinatio
1139 1281 1188 1336 est
1241 1282 1383 1336 catorum
1395 1274 1518 1356 puniat,
1528 1274 1572 1336 ita
1587 1282 1619 1337 et
1634 1273 1667 1337 in
1683 1274 1776 1337 nobis
1791 1274 1912 1348 statuit,
1922 1284 1980 1337 etc.

442 1391 516 1454 pars
528 1372 745 1454 providentiae,
756 1372 956 1453 providentia
966 1391 1041 1435 vero
1051 1380 1100 1435 est
1115 1391 1187 1454 pars
1241 1373 1357 1435 lerum
1374 1372 1530 1453 expositio
1546 1372 1605 1435 ista
1621 1391 1684 1436 non
1699 1382 1847 1436 censetur
1857 1373 1982 1436 idonea.

443 1471 631 1554 prudentie,
654 1472 823 1553 prudentia
845 1480 949 1534 autem
970 1479 1019 1533 est
1039 1472 1119 1535 ratio
1143 1472 1189 1533 in·
1241 1472 1361 1552 lloyses
1383 1472 1469 1533 enim
1491 1470 1543 1533 hic
1565 1472 1708 1553 loquitur
1727 1473 1767 1534 de
1789 1472 1935 1554 reprobis
1954 1480 1982 1533 et

444 1570 599 1645 tellectus,
618 1570 809 1651 praeceptiva
832 1570 1041 1633 ordinationis
1065 1570 1188 1652 aliquo
1242 1578 1360 1633 aeterna
1384 1570 1588 1632 damnatione
1612 1588 1732 1633 eorum.
1754 1570 1888 1634 Praelata
1909 1590 1984 1633 rem

444 1688 515 1730 rum
532 1668 563 1730 in
581 1667 693 1730 linem.
712 1668 822 1730 Nullus
845 1670 972 1731 demum
993 1669 1120 1731 ordinat
1134 1668 1188 1730 ali·
1242 1667 1414 1732 auctoritas
1430 1668 1505 1730 libri
1521 1668 1932 1750 blachabeorum,loquitur
1947 1670 1985 1732 de

442 1767 520 1848 quid
534 1766 566 1827 in
579 1766 690 1843 linem,
701 1766 764 1828 nisi
778 1767 1014 1848 praeexsistcnte
1025 1766 1188 1831 voluntate
1243 1767 1352 1829 electis
1368 1786 1447 1849 quos
1463 1767 1544 1829 Deus
1560 1767 1765 1849 paternaliter
1786 1768 1819 1829 in
1839 1768 1899 1831 bac
1921 1767 1985 1831 rita

442 1866 534 1941 linis,
548 1865 580 1926 id
596 1873 654 1941 ost,
666 1865 728 1926 nisi
745 1865 821 1927 velit
838 1884 902 1927 rem
920 1865 1007 1927 illam
1024 1866 1188 1947 acquirere
1206 1861 1386 1945 Bcastigat.
1403 1866 1465 1928 Nec
1487 1865 1632 1928 absolute
1654 1866 1686 1927 in
1709 1866 1857 1928 omnibus
1878 1867 1985 1930 verili-

445 1964 546 2027 linem
566 1963 761 2045 hujusmodi.
778 1964 1014 2026 Praedestinatio
1036 1983 1111 2044 ergo
1132 1964 1189 2026 ali·
1243 1972 1343 2041 catur,
1361 1964 1445 2045 quod
1471 1963 1533 2025 lilii
1559 1963 1651 2026 lsrael
1678 1972 1926 2044 transgressores
1950 1984 1985 2028 ac

443 2080 581 2144 quorum
607 2062 639 2123 in
665 2062 763 2125 vitam
787 2070 948 2137 aeternam,
970 2064 1190 2145 praesupponit
1244 2062 1363 2137 vitiosi,
1391 2062 1521 2124 luerunt
1548 2061 1655 2124 statim
1679 2082 1698 2125 a
1722 2063 1784 2125 Deo
1810 2063 1928 2143 puniti,
1952 2073 1986 2123 ut

443 2170 475 2223 et
501 2159 636 2223 includit
662 2161 746 2241 quod
769 2161 849 2223 Deus
873 2160 950 2223 velit
974 2180 1028 2223 eos
1053 2162 1187 2243 adipisci
1244 2160 1380 2223 maxime
1396 2168 1482 2242 patct
1496 2161 1535 2223 de
1551 2178 1624 2241 rege
1634 2160 1786 2231 bunasse,
1796 2168 1828 2223 et
1842 2160 1916 2222 aliis
1931 2161 1985 2241 qui
1999 2181 2110 2234 tanqu..

442 2258 578 2320 salutem
603 2266 753 2321 eternam
772 2276 779 2319 ε
801 2260 841 2320 ad
862 2260 947 2340 quod
972 2258 1134 2340 pertinent
1158 2270 1189 2322 et
1243 2259 1353 2321 multis
1369 2258 1462 2320 annis
1478 2257 1608 2321 luerunt
1627 2258 1812 2321 idololatrae.
1831 2259 1985 2339 Frequera

443 2364 639 2419 concurrunt
670 2356 784 2419 electio
815 2365 910 2439 atque
939 2356 1079 2420 dilectio.
1111 2358 1187 2419 Nam
1245 2366 1291 2420 ter
1315 2357 1410 2420 etiam
1436 2357 1580 2435 contigit,
1606 2358 1692 2437 quod
1721 2356 1822 2438 aliqui
1851 2357 1986 2437 gentiles

443 2456 528 2535 quod
546 2454 613 2517 vult
629 2454 675 2517 eis
690 2454 750 2517 boc
767 2455 897 2526 bonum,
916 2456 1058 2537 procedit
1080 2474 1118 2519 cx
1139 2475 1188 2518 ca·
1244 2455 1374 2518 luerunt
1389 2463 1519 2537 propter
1534 2474 1590 2517 sua
1606 2454 1748 2518 facinora
1763 2454 1871 2517 statim
1882 2455 1986 2537 plaga-

444 2554 553 2627 ritate3
566 2553 651 2633 quod
667 2558 774 2614 autem
789 2551 978 2634 quibusdam
996 2553 1056 2616 boc
1071 2554 1189 2628 vult‚et
1244 2554 1279 2629 ti,
1296 2561 1331 2614 ut
1347 2553 1386 2615 de
1405 2551 1515 2614 multis
1538 2561 1712 2633 martyrum
1732 2551 1986 2634 persecutoribus

445 2669 508 2714 non
532 2650 691 2728 omnibus,
709 2651 867 2731 loquendo
883 2653 923 2714 de
939 2652 1102 2715 voluntate
1117 2670 1189 2715 oon·
1244 2650 1357 2734 patuit.
1368 2651 1512 2713 Attamen
1528 2658 1671 2732 tempore
1682 2650 1798 2714 veteris
1808 2651 1987 2713 Testamen-

445 2757 599 2831 sequente
623 2758 655 2811 et
678 2750 834 2826 absoluta,
862 2751 900 2812 ad
927 2750 1116 2814 electionem
1141 2760 1190 2813 est
1243 2752 1279 2827 ti,
1291 2759 1326 2812 ut
1342 2757 1428 2831 patet
1442 2770 1480 2812 ex
1495 2748 1577 2813 libro
1591 2748 1896 2829 iudicum,aliisque
1910 2749 1988 2812 Scri·

445 2848 706 2931 pertinens.Hinc
718 2848 933 2929 predestinati
948 2849 1189 2929 eliguntur.Hoo
1245 2848 1359 2931 pluris,
1376 2847 1589 2911 communiter
1611 2848 1655 2910 ita
1678 2847 1751 2924 luit,
1768 2849 1854 2928 quod
1872 2846 1933 2909 lilii
1947 2848 1988 2909 ls-

445 2964 573 3027 quoque
587 2946 797 3027 pensandum,
816 2945 901 3025 quod
917 2945 949 3007 in
968 2945 1059 3007 nobis
1075 2945 1189 3009 electio
1245 2948 1309 3010 rael
1334 2947 1374 3009 ad
1399 2946 1610 3010 idololatriam
1637 2954 1830 3019 corruentes,
1858 2943 1988 3008 luerunt

445 3044 595 3127 praecedit
605 3042 981 3123 dilectionem.Eligimus
996 3044 1081 3107 enim
1093 3064 1189 3126 quem
1204 3046 1227 3109 C
1244 3046 1308 3110 cito
1324 3065 1343 3107 a
1357 3045 1419 3109 Dec
1435 3045 1572 3126 correpti
1591 3053 1623 3107 ct
1639 3043 1803 3124 flagellati.
1822 3043 1930 3125 ltaque
1945 3044 1988 3107 lo

444 3143 633 3222 diligamus3
647 3143 701 3205 sed
719 3142 751 3203 in
767 3143 830 3204 Deo
846 3150 894 3205 est
909 3160 1101 3206 econverso:
1115 3144 1191 3223 quia
1243 3164 1299 3208 cns
1316 3144 1375 3205 iste
1394 3144 1434 3205 de
1453 3142 1636 3206 odientibus
1653 3143 1752 3205 ὓοιιιιι
1773 3150 1877 3223 potest
1896 3161 1989 3223 expe

445 3241 594 3306 voluntas
612 3248 720 3303 nostra
735 3240 897 3322 diligendo
918 3259 981 3304 non
1004 3251 1113 3304 causat
1135 3243 1191 3305 bo
1244 3242 1289 3318 ni,
1308 3242 1375 3303 sire
1393 3240 1518 3303 lucrant
1539 3240 1672 3316 Hebraei,
1690 3240 1758 3301 sire
1780 3239 1928 3321 gentiles,
1946 3240 1988 3301 ita

446 3357 523 3401 num
539 3339 623 3420 quod
647 3346 732 3400 amat
754 3337 787 3399 in
810 3338 885 3415 alic,
903 3339 957 3401 sed
983 3358 1020 3401 ex
1045 3341 1190 3422 praeexsi-
1244 3341 1329 3421 quod
1340 3339 1440 3421 aliqui
1451 3339 1529 3401 tales
1543 3339 1575 3400 in
1589 3347 1723 3419 utroque
1733 3337 1851 3419 populo
1863 3336 1988 3401 luerunt

446 3437 542 3501 stenti
567 3436 652 3500 bono
677 3445 822 3500 movetur
847 3446 882 3498 ut
907 3438 1039 3517 diligat3
1058 3439 1112 3500 sed
1135 3438 1189 3501 Dei
1244 3440 1308 3503 cito
1330 3458 1365 3501 ac
1387 3438 1529 3517 rigorose
1544 3457 1562 3500 a
1577 3438 1640 3499 Deo
1662 3436 1766 3519 puniti
1786 3456 1822 3499 ac
1842 3437 1989 3499 condem·

446 3536 594 3599 voluntas
609 3536 772 3615 diligendo
788 3544 836 3598 est
851 3555 946 3598 causa
965 3536 1117 3599 bonitatis
1138 3556 1191 3600 eo-
1245 3537 1332 3615 nati;
1349 3536 1449 3618 aliqui
1466 3554 1540 3599 vero
1556 3536 1678 3598 diutius
1699 3535 1834 3612 tolerati,
1853 3553 1988 3616 quorum

446 3654 598 3717 rumque
614 3644 714 3697 amat:
727 3634 838 3716 sicque
854 3636 1026 3697 secundum
1044 3636 1190 3698 ordinem
1243 3635 1342 3717 aliqui
1368 3634 1494 3697 tandem
1518 3632 1747 3715 poenituerunt,
1764 3632 1818 3694 alii
1845 3651 1990 3714 perset'e

446 3733 590 3810 rationis,
608 3732 720 3796 electio
745 3732 964 3815 praesupponit
985 3733 1189 3798 dilectionem
1245 3741 1395 3796 raverunt
1411 3732 1443 3795 in
1458 3732 1556 3794 vitiis.
1576 3732 1678 3794 Potest
1697 3729 1794 3793 etiam
1810 3730 1886 3807 dici,
1903 3732 1988 3812 qnod

446 3834 477 3895 in
496 3834 569 3897 Deo,
1245 3851 1355 3896 omnes
1370 3832 1514 3894 odientes
1530 3830 1627 3893 Deum
1645 3849 1681 3892 ac
1697 3828 1823 3911 reprobi
1843 3829 1988 3911 protinus

487 3935 529 3993 Et
543 3934 620 3992 scies
635 3949 691 4013 per
708 3928 818 4006 iidem,
836 3930 900 3993 imo
916 3939 946 3993 et
962 3948 1018 4012 per
1034 3930 1191 3994 rationem
1245 3930 1420 4013 puniantur
1436 3950 1454 3992 a
1469 3930 1543 4007 Deo,
1560 3928 1711 4010 quoniam
1734 3937 1880 4010 respectu
1901 3938 1988 3991 eter-

448 4030 635 4107 naturalem,
645 4038 676 4092 ct
692 4049 748 4111 per
763 4028 991 4111 experientiam
1007 4029 1190 4092 divinorum
1246 4029 1353 4091 nitatis
1369 4047 1464 4091 omne
1479 4036 1605 4109 tempus
1620 4036 1668 4090 est
1684 4035 1834 4108 tanquam
1850 4044 1988 4090 momen·

339 4154 344 4159 ·
448 4128 905 4208 effectuumqutaoomtnos
919 4131 1005 4189 Dece
1029 4138 1103 4188 tuus
1125 4132 1191 4205 ipse
1246 4127 1426 4190 tum.Unde
1441 4127 1480 4189 de
1496 4126 1605 4209 impiis
1621 4126 1774 4208 scriptum
1791 4134 1859 4187 cst:
1877 4124 1987 4187 Subito
2018 4146 2107 4187 aad.

446 4236 491 4287 est
506 4231 591 4288 Deus
605 4228 713 4303 fortis,
728 4226 760 4288 id
776 4235 824 4289 est
838 4227 1052 4307 omnipotens,
1069 4236 1100 4286 et
1114 4231 1191 4305 ficte-
1205 4231 1230 4292 D
1245 4225 1443 4303 deiecerunt,
1461 4234 1491 4289 ot
1511 4224 1662 4306 gaudium
1685 4222 1858 4306 hypocrite
1880 4224 1920 4286 ad
1941 4224 1988 4285 in·
2002 4212 2097 4316 ’ἕω

447 4328 488 4386 tis
503 4325 537 4386 in
553 4324 728 4406 promissis,
742 4332 772 4387 et
789 4324 949 4387 neminem
965 4324 998 4387 in
1015 4344 1048 4388 se
1064 4344 1191 4407 speran·
1245 4333 1310 4387 star
1326 4324 1447 4407 puncti.
1465 4323 1595 4406 Propter
1609 4324 1694 4403 quod
1710 4323 1743 4384 in
1760 4322 1842 4384 libro
1859 4322 1987 4405 Sapien-

447 4434 510 4488 tem
532 4422 717 4505 decipiens3
733 4426 913 4484 custodiens
932 4434 1064 4501 partum
1085 4434 1115 4484 et
1131 4428 1190 4485 mr'-
1246 4423 1297 4485 tiaa
1313 4423 1472 4486 latentur:
1490 4420 1696 4484 Transierunt
1715 4421 1822 4484 omnia
1843 4420 1900 4482 illa
1922 4430 1988 4483 tan·
2012 4442 2100 4496 swa

445 4525 654 4584 acricordicm
683 4523 893 4599 diligentibus
922 4543 964 4595 se,
993 4532 1022 4582 ct
1053 4524 1104 4582 itis
1133 4525 1191 4602 qui
1244 4540 1341 4602 quam
1356 4519 1479 4581 umbra.

445 4624 631 4683 custodiunt
646 4631 807 4699 praerepta
821 4622 891 4697 ejus
906 4622 942 4681 in
959 4623 1048 4681 mille
1059 4643 1191 4699 pertera-
1281 4621 1412 4679 Custodi
1421 4639 1494 4695 arpo
1502 4628 1663 4696 precepta
1672 4628 1767 4697 atque
1773 4619 1910 4694 judicia
1919 4639 1988 4697 quar

372 4740 378 4749 ’
447 4724 569 4792 tioncs;
582 4732 612 4781 et
636 4724 771 4781 reddens
794 4722 975 4780 odientibus
996 4741 1027 4779 se
1050 4719 1190 4784 debitam
1244 4738 1299 4796 ego
1315 4722 1433 4778 marulo
1450 4719 1510 4778 tibi
1525 4718 1631 4785 bodie,
1648 4726 1685 4776 act
1699 4718 1803 4797 lacios
1817 4736 1866 4776 ea.
1886 4718 1926 4777 Si
1939 4738 1989 4777 cat-

446 4837 585 4902 poenam,
603 4822 649 4883 ita
665 4829 702 4879 ut
716 4821 883 4895 disperdat
900 4838 961 4888 ecs,
973 4818 1004 4879 td
1020 4818 1191 4895 est,diver-
1244 4819 1392 4878 storlieris
1415 4838 1465 4886 ec,
1485 4814 1635 4878 videlicet
1659 4814 1714 4877 [lei
1740 4822 1909 4897 praecepta,
1927 4836 1987 4876 non

445 4918 568 4981 simodo
595 4917 707 4998 perdat
731 4936 767 4979 ao
793 4917 931 4993 damnet,
958 4926 988 4977 er
1011 4922 1102 4977 ultra
1126 4938 1190 4979 non
1244 4918 1306 4977 erit
1321 4919 1411 4992 aprrd
1427 4925 1455 4974 te
1473 4916 1593 4974 sterilis
1612 4915 1781 4993 utriusque
1801 4934 1909 4984 sectus,
1926 4925 1988 4975 tum

443 5020 587 5095 differat,
600 5018 751 5093 protinus
765 5017 811 5074 eis
832 5017 1001 5075 restituens
1020 5019 1106 5095 quod
1127 5037 1189 5075 nrc-
1245 5016 1279 5074 ira
1305 5016 1488 5075 hominibus·
1513 5034 1612 5092 quarn
1634 5015 1670 5073 in
1690 5015 1841 5089 gregibus
1864 5016 1940 5082 tuis,
1958 5013 1988 5073 id

443 5126 567 5177 rentur.
584 5114 648 5177 lloc
664 5113 795 5193 quidam
812 5113 923 5175 dicunt
946 5113 1187 5195 intelligendum
1244 5122 1302 5188 est,
1314 5112 1413 5194 prolis
1425 5110 1653 5174 iocunditatem
1670 5111 1787 5173 tribuet
1803 5110 1861 5172 tibi
1877 5130 1915 5173 ac
1929 5112 1988 5173 tuis

442 5216 482 5277 de
511 5211 661 5275 israelitis
690 5212 873 5274 odientibus
905 5212 1013 5289 ileum,
1040 5231 1077 5274 eo
1102 5214 1187 5293 quod
1243 5211 1423 5293 pecoribus.
1441 5210 1526 5272 istud
1543 5217 1648 5272 tamen
1666 5226 1729 5271 uon
1747 5207 1807 5270 luit
1823 5209 1987 5290 praemium

445 5314 599 5393 scriptum
614 5320 662 5375 est
676 5311 1072 5376 secundollachabaeorum
1085 5311 1184 5374 libro:
1242 5308 1431 5392 principale,
1449 5307 1567 5371 idcirco
1590 5326 1648 5371 nec
1669 5307 1820 5372 omnibns
1839 5306 1936 5387 justis
1956 5308 1987 5369 in
