4309 6259
477 528 651 574 eumerio
673 529 703 574 IN
724 528 792 573 chr.
815 525 914 574 XXXIII
934 523 1168 571 beuaxnouoint.
1190 541 1231 552 -·-
1252 522 1322 568 xer.
1345 520 1464 568 XXXVIII
1679 499 1737 564 Ilssl

194 711 284 760 tetra
299 701 462 777 frumenti
471 710 501 760 et
516 701 601 768 cini,
614 698 645 760 id
657 705 715 775 est,
728 697 865 780 populus
882 695 941 758 iste
956 693 982 756 h
995 702 1107 774 gentes
1124 710 1259 779 quarum
1283 699 1398 753 terram
1420 691 1485 772 jam
1505 689 1677 767 obtinebis,
1696 707 1742 752 re·

193 818 233 860 ex
248 797 345 860 Jacob
368 805 472 874 natuS,
491 797 613 860 videbit
628 804 659 858 ct
684 795 858 878 possidebit
883 803 942 857 ter·
996 793 1110 855 sistent
1141 790 1217 867 tihi,
1245 799 1396 871 tanquam
1426 790 1533 871 impiae
1563 789 1685 852 nationi
1709 796 1742 851 et

193 915 263 958 ram
281 895 442 958 frumento
457 905 489 958 ct
504 895 579 959 vino
603 894 793 968 fecundam3
810 895 942 973 emtique
996 893 1102 954 aliena
1118 890 1332 967 invadenti‚et
1341 889 1458 966 dicent,
1470 889 1527 951 tibi
1539 906 1740 970 nequaquam

191 998 384 1072 reticebunt
399 1015 481 1066 rore,
499 995 603 1070 idest,
622 993 738 1056 coelum
755 1011 882 1055 aereum
898 993 942 1054 ita
996 999 1112 1054 terram
1129 991 1271 1072 ipsorum
1296 990 1426 1063 deberi;
1447 1000 1477 1050 et
1496 1000 1530 1049 tu
1544 1009 1655 1049 eorum
1679 991 1741 1046 eot-

192 1092 383 1175 implebitur
398 1112 470 1156 rore
485 1112 542 1176 pro
554 1101 645 1156 terrea
662 1091 896 1167 secundatione,
907 1098 941 1152 ut
996 1095 1028 1151 tn
1049 1092 1199 1160 cetratis,
1217 1089 1322 1165 idest,
1340 1107 1394 1151 eos
1412 1088 1540 1169 penitus
1560 1085 1738 1168 superabis.

191 1191 362 1254 hominum
387 1191 584 1254 tenebrescat
598 1191 777 1273 adspectus
795 1199 826 1252 ct
847 1188 940 1252 orbes
994 1189 1059 1250 hnc
1075 1188 1109 1250 in
1124 1188 1217 1253 losue
1240 1187 1322 1251 libro
1338 1187 1483 1262 habetur,
1500 1184 1637 1267 qualiter
1652 1183 1741 1266 prin-

191 1290 339 1353 coelestes
355 1290 457 1355 videri
481 1309 544 1353 non
560 1298 678 1372 queant
699 1290 731 1351 in
754 1309 810 1351 sua
826 1288 941 1351 sereni·
995 1287 1083 1369 cipes
1108 1287 1201 1350 lsrael
1230 1293 1404 1368 posuerunt
1425 1285 1520 1367 pedes
1544 1301 1619 1347 suos
1644 1301 1739 1364 super
1753 1298 1883 1350 amnas.

193 1397 270 1451 tate.
289 1393 410 1450 Beatus
424 1411 456 1449 es
472 1399 518 1460 tu,
538 1393 651 1458 Israel,
668 1387 743 1469 quia
759 1388 804 1451 sic
821 1387 939 1450 electus
995 1385 1077 1448 oolla
1092 1404 1202 1466 regum
1217 1385 1478 1448 chananeorum.
1496 1382 1614 1445 Asserit
1632 1390 1738 1444 autem

191 1494 224 1547 et
242 1487 428 1550 benedictus
444 1507 463 1550 a
478 1488 551 1550 beo.
570 1490 648 1557 Quas
669 1489 788 1548 sinaitis
806 1489 868 1556 tut,
884 1507 941 1564 po-
994 1485 1074 1566 Lyra
1100 1484 1132 1546 in
1158 1485 1287 1547 Hebraeo
1313 1482 1435 1558 haberi,
1463 1481 1652 1545 hfcutientur
1677 1479 1737 1542 tibi

190 1590 283 1662 pute,
294 1589 354 1666 qut
367 1589 507 1647 salvaris
523 1589 559 1646 in
575 1588 739 1647 minine?
755 1585 786 1647 id
802 1593 859 1662 cst,
877 1585 939 1648 lieo
994 1583 1119 1645 inimici
1135 1584 1181 1645 tui
1196 1583 1302 1664 :quod
1319 1579 1614 1664 exponuntHebraei
1630 1578 1738 1642 defla-

191 1684 369 1747 auxiliaute
385 1685 538 1768 praevalcs
553 1683 699 1748 hostibus
715 1691 746 1746 et
764 1684 871 1746 evadis
887 1703 940 1765 pe·
993 1681 1143 1758 baonitis,
1170 1681 1226 1763 qui
1258 1680 1432 1743 mendaciis
1458 1679 1738 1743 circumvenerunt
1762 1699 1823 1743 rata.
1836 1705 1886 1752 ma

192 1782 306 1858 ricula,
320 1802 492 1865 veramque
503 1782 693 1865 promereris
709 1783 854 1845 salutem.
865 1783 940 1857 Qua·
995 1780 1081 1843 filios
1097 1780 1202 1857 lsrael,
1219 1788 1255 1842 ut
1270 1779 1386 1860 legitur
1407 1778 1440 1840 in
1455 1779 1548 1842 losue
1564 1777 1664 1854 libro;
1682 1778 1738 1839 sed
1751 1767 1772 1804 θ’
1786 1774 1832 1817 '‘l·

192 1881 322 1944 sidicat
340 1881 483 1945 :Ceteris
504 1882 654 1962 gentibus
672 1880 936 1945 excellentiores.
954 1879 976 1940 B
994 1879 1100 1944 verius
1125 1886 1213 1961 puto,
1230 1878 1364 1941 verbum
1387 1877 1466 1939 illud
1487 1877 1676 1939 Hebraicum
1697 1876 1738 1937 si·

48 1993 174 2047 ternans.
190 1979 282 2044 Unde
297 1980 416 2042 dictum
433 1989 481 2042 est
496 1998 611 2063 supra:
629 1980 696 2042 Non
712 1988 760 2042 est
776 1979 837 2042 alia
853 1980 939 2043 natio
992 1977 1382 2058 gnificareutrumque.Et
1393 1975 1518 2039 videtur
1528 1975 1737 2057 Hieronymus

192 2087 256 2140 tarn
267 2079 409 2159 grandis.
422 2082 559 2141 Scotum
570 2081 695 2140 aemilii
706 2081 756 2139 tui
770 2082 940 2155 etpiadius
993 2077 1098 2160 aptius
1123 2076 1333 2152 transtulisse,
1350 2075 1515 2156 Negabuut
1537 2082 1580 2149 te,
1597 2082 1657 2137 ete.
1674 2074 1737 2137 Nec

185 2180 304 2254 plorare
330 2189 405 2248 tuce,
422 2177 453 2239 id
478 2185 537 2252 est,
555 2178 637 2240 Deus
662 2177 865 2259 omnipotens
891 2186 939 2240 est
993 2175 1079 2238 euim
1098 2174 1160 2237 filii
1176 2175 1270 2237 lsrael
1286 2172 1737 2238 collaGabaonitarumcalea·

189 2275 248 2337 tibi
266 2295 324 2357 pro
340 2283 441 2352 scuto,
454 2275 532 2357 quia
546 2282 577 2338 te
593 2273 742 2357 protegit,
756 2284 787 2338 et
803 2295 860 2357 pro
875 2277 938 2356 gia·
993 2282 1118 2350 verunt,
1136 2275 1191 2336 sed
1207 2273 1406 2349 dimiserunt,
1420 2271 1536 2334 deinde
1550 2270 1737 2352 eripuerunt

186 2373 241 2436 dio
264 2373 446 2450 victorioso,
464 2374 616 2455 quoniam
633 2373 702 2454 ejus
723 2372 840 2436 virtute
860 2374 938 2455 deji-
991 2392 1044 2437 cos
1060 2375 1099 2436 dc
1123 2374 1371 2437 chananeorum
1396 2371 1574 2448 obsidione,
1592 2379 1627 2433 ut
1641 2370 1736 2434 losue
1766 2386 1886 2439 rcrr.1‚a

185 2473 234 2536 cis
251 2473 370 2536 hostes?
383 2475 553 2551 Nepebunt
565 2484 593 2534 te
610 2473 740 2534 inimici
755 2476 817 2544 tut,
828 2472 859 2535 id
875 2481 933 2550 ost,
991 2471 1114 2536 recitat.
1208 2492 1211 2497 ’
1751 2455 1829 2506 ‘¹¹⁶⁹'

695 2901 986 2989 ARTICULUS
1024 2902 1230 2986 XXXVIII

597 3175 752 3221 utsrtox
779 3175 968 3222 excosttto
994 3175 1104 3221 flotus
1130 3174 1317 3220 christini.

248 3455 344 3518 lCUT
361 3455 411 3517 lex
425 3454 539 3538 hloysis
559 3453 619 3516 fuit
640 3463 733 3537 typus
754 3462 785 3517 et
803 3452 934 3517 nuntius
952 3453 974 3516 C
989 3460 1073 3516 totus
1095 3454 1162 3530 Del,
1180 3455 1214 3516 iu
1238 3472 1303 3536 quo
1328 3453 1478 3536 princeps
1500 3453 1597 3534 hujus
1622 3454 1733 3516 mundi
1756 3467 1830 3511 roam
1832 3481 1882 3518 .....

252 3553 445 3634 evangeliea
461 3554 551 3636 legis,
569 3561 600 3616 et
615 3552 839 3636 mysterialiter
863 3569 935 3616 eon·
990 3571 1053 3615 non
1070 3553 1181 3615 habuit
1203 3552 1390 3634 quidquam,
1406 3555 1489 3631 filiis
1506 3557 1622 3622 Israel,
1638 3553 1734 3616 idest
1750 3540 1783 3579 ³⁰·

187 3653 294 3715 ticens
313 3671 394 3730 eam,
415 3654 591 3716 secundum
616 3652 701 3733 quod
719 3650 862 3714 Ezechiel
888 3651 934 3713 vi·
988 3651 1148 3733 Apostolis
1173 3651 1351 3733 ceterisque
1366 3650 1544 3733 discipulis,
1561 3653 1617 3734 qui
1643 3661 1734 3715 erant

64 3759 170 3830 lueet„
185 3750 233 3813 dit
249 3759 350 3814 rotam
374 3750 407 3812 in
433 3751 538 3814 medlo
564 3759 650 3826 rotro,
667 3749 713 3812 sic
733 3750 852 3831 Moyses
873 3748 934 3810 fuit
989 3750 1137 3812 Israelita
1152 3751 1323 3813 verissimi.
1341 3752 1500 3812 Dominus
1514 3755 1554 3810 de
1569 3754 1669 3814 Sinai
1687 3774 1735 3811 ve-

49 3824 138 3870 ¹⁰³⁸'¹⁰'
185 3849 427 3913 evidentissima
447 3849 563 3913 Christi
590 3849 705 3928 figura.
722 3848 811 3922 Quod
827 3848 933 3928 itaque
988 3851 1050 3918 nit,
1069 3849 1100 3911 id
1125 3857 1183 3926 est,
1207 3869 1225 3911 a
1250 3849 1320 3930 lege
1345 3849 1379 3911 In
1404 3858 1512 3912 monte
1534 3849 1621 3912 Siuai
1647 3851 1731 3928 data,

184 3948 304 4029 hloyses
329 3948 423 4011 morti
450 3957 513 4010 tam
540 3948 716 4030 proximus,
734 3946 813 4008 filiis
838 3948 932 4010 lsrael
989 3947 1144 4029 processit
1158 3949 1196 4011 ad
1220 3949 1359 4012 dandum
1380 3949 1595 4031 evangelicam
1618 3951 1733 4031 legem,

184 4045 359 4124 benedixit,
370 4047 430 4109 hoe
446 4046 677 4128 praefiguravit,
688 4047 772 4127 quod
789 4046 932 4109 Christus
988 4045 1086 4127 priori
1109 4047 1170 4127 legi
1194 4047 1293 4110 finem
1310 4047 1492 4130 imponens,
1510 4056 1541 4111 et
1563 4049 1633 4130 ejus
1656 4048 1735 4111 rati·

184 4143 217 4206 in
234 4144 331 4207 Coena
354 4145 540 4223 novissima,
557 4152 588 4207 ct
601 4145 715 4207 deinde
731 4145 764 4206 iu
786 4164 933 4208 sermone
987 4143 1072 4206 cinia
1093 4153 1190 4227 atque
1214 4146 1374 4229 mysteria,
1402 4147 1467 4210 imo
1491 4156 1523 4210 et
1543 4148 1734 4231 principalia

183 4261 242 4305 suo
257 4252 353 4324 atquc
368 4243 511 4306 oratione
527 4243 660 4326 prolixa,
678 4244 870 4325 imprecatus
885 4252 932 4305 est
987 4243 1055 4324 ejus
1072 4254 1230 4327 praecepta
1245 4245 1279 4306 in
1294 4246 1466 4327 Evangelio
1481 4247 1656 4329 complens.
1669 4247 1733 4310 lloe

184 4342 268 4404 bona
283 4341 350 4404 suis
367 4341 541 4423 discipulis,
555 4342 764 4424 praedixitque
776 4341 821 4405 eis
836 4361 932 4424 quan·
987 4344 1133 4424 estquod
1151 4363 1208 4426 per
1221 4344 1389 4408 Ieremiam
1410 4346 1562 4408 Dominus
1578 4354 1733 4409 contesta-

183 4448 214 4502 ta
235 4426 341 4502 essent
366 4440 557 4503 charismata
575 4440 680 4503 Sancti
702 4440 839 4522 Spiritus
860 4441 932 4503 ade·
987 4449 1037 4502 tur
1055 4461 1062 4504 :
1081 4442 1160 4505 Ecce
1184 4442 1252 4506 dics
1275 4443 1469 4521 veniunt,'et
1490 4443 1601 4507 feriam
1623 4444 1732 4508 domui
1763 4466 1809 4510 nr.
1823 4481 1880 4520 mi,

183 4539 282 4620 pturi,
299 4546 331 4600 et
351 4538 489 4620 qualiter
505 4540 659 4601 mundum
685 4547 928 4616 converterent;
986 4541 1080 4603 lsrael
1097 4549 1128 4603 et
1143 4541 1253 4604 domui
1268 4542 1347 4604 Iuda
1368 4550 1494 4624 pactum
1520 4561 1649 4620 novum,
1668 4561 1732 4607 non
1748 4536 1771 4576 ³¹
1783 4539 1860 4589 Μ·

182 4636 387 4718 deindepost
411 4635 592 4718 passionem
615 4646 645 4700 et
666 4637 929 4700 resurrectionem
945 4635 970 4696 D
987 4639 1048 4702 tale
1070 4640 1165 4720 quale
1189 4641 1261 4702 dedi
1288 4641 1432 4723 patribus
1458 4661 1579 4719 eorum,
1605 4651 1665 4704 ete.
1690 4646 1733 4704 Et

49 4748 167 4818 pinnen,
183 4734 367 4798 insufflavit
380 4735 414 4796 in
430 4753 495 4811 eos,
513 4734 665 4817 Accipite,
683 4735 843 4817 iuquiens,
861 4735 931 4818 Spi-
985 4740 1024 4796 rte
1048 4741 1123 4800 Seir
1147 4750 1237 4800 ortus
1259 4748 1304 4799 est
1329 4743 1435 4802 nobis.
1461 4739 1610 4814 Quamvis
1634 4739 1732 4802 Judaei

48 4815 74 4855 ³³·
184 4833 282 4895 ritum
294 4833 442 4896 Sanctum
455 4857 462 4910 ;
475 4834 507 4896 in
524 4834 577 4897 die
591 4852 718 4916 quoque
734 4833 930 4898 ascensionis
985 4836 1217 4900 descenderunt
1239 4838 1278 4900 de
1294 4838 1377 4900 lsaae
1392 4859 1449 4921 per
1470 4838 1578 4916 Jacob,
1596 4857 1660 4901 non
1676 4859 1733 4921 per

57 4937 166 4994 meme
183 4931 315 4995 elevatis
340 4932 489 4994 manibus
510 4931 677 4996 benedixit
700 4931 761 5010 eis,
789 4941 821 4996 et
851 4933 928 5016 ipsis
985 4933 1077 5011 Esau,
1096 4935 1198 4997 nihilo
1220 4936 1326 4998 miuus
1349 4944 1478 5019 propter
1501 4956 1590 4999 suam
1614 4937 1733 5000 rudita—

47 5001 153 5122 Ἕω,
182 5030 389 5092 cernentibus
408 5029 566 5093 ferebatur
583 5030 614 5093 in
632 5031 759 5094 coelum.
985 5043 1059 5111 tem,
1077 5034 1307 5109 carnalitatem,
1331 5034 1552 5099 infidelitatem
1578 5045 1609 5098 et
1625 5055 1732 5118 repro

133 5195 136 5200 ,
230 5129 488 5208 ltaque,Hceeeet
505 5131 753 5208 benedictioque
765 5133 928 5192 benediett
985 5133 1145 5197 betfonem
1169 5143 1253 5196 reete
1268 5134 1475 5213 designantur
1491 5154 1547 5216 per
1570 5135 1651 5198 Esau
1675 5155 1731 5197 scu

182 5229 309 5304 Moyses
321 5230 413 5287 bomo
429 5229 503 5296 bet,
514 5227 547 5289 id
562 5227 762 5291 estChristus
779 5247 835 5310 per
851 5229 928 5310 ldoy·
984 5230 1062 5306 Scir,
1081 5232 1348 5311 quemadmodum
1372 5231 1543 5295 Christiani
1567 5252 1623 5315 per
1639 5252 1731 5296 veros

180 5343 238 5388 sen
263 5323 430 5405 figuratus,
455 5325 675 5388 sanctissimus
700 5326 878 5404 hominum,
897 5336 928 5390 ct
982 5336 1013 5390 ct
1038 5327 1220 5410 spirituales
1247 5330 1362 5392 veteris
1378 5330 1570 5393 Testamenti
1593 5330 1729 5395 ludaeos.
