4309 6259
517 522 690 569 manuario
712 522 742 567 ΙΝ
764 521 831 568 GAP.
856 520 898 567 XX
919 520 1115 568 Nuuunonun.
1138 540 1179 551 -·
1198 524 1269 569 ΛΚΤ.
1293 524 1388 571 1¹le
1660 510 1720 575 Μ

174 696 338 755 ecclesiam
358 697 503 767 Domini,
521 694 553 757 id
576 701 625 756 est
647 694 801 775 populum
823 693 920 755 istum
935 690 960 751 Α
976 689 1153 755 formaliter
1168 712 1293 775 aquam,
1313 695 1467 758 tamenin
1484 698 1719 763 suiselamoro-

177 792 305 855 lidelem
325 811 332 854 :
351 793 460 874 sicque
480 791 614 857 ccclesia
633 792 684 854 bic
706 793 843 854 sumitur
863 809 920 873 pro
976 789 1019 851 sis
1035 790 1259 873 seditiosisque
1275 793 1380 856 verbis
1396 794 1472 856 satis
1488 798 1669 877 pandebant
1685 818 1719 863 se

175 908 344 972 synagoga,
363 911 381 953 a
398 910 461 973 qua
479 901 584 954 tamen
601 892 682 953 solet
696 890 865 971 distingui3
885 892 919 950 ιἰι
974 887 1082 969 aliqua
1101 899 1261 971 appetere,
1278 900 1309 953 et
1333 892 1487 974 appetitio
1508 893 1563 957 illa
1583 896 1719 960 rationa-

173 992 395 1063 solitudiocm,
414 1001 450 1052 et
471 1002 501 1053 et
521 1012 577 1051 rios
597 1001 626 1051 ct
639 992 793 1067 jutnento
811 1000 920 1050 nostro
975 986 1049 1049 bilis
1074 987 1137 1051 luit
1161 989 1195 1050 in
1219 1009 1264 1067 sc,
1287 991 1433 1072 quamvis
1459 991 1720 1059 irrationabiliter

173 1091 381 1150 moriamur?
410 1088 558 1152 Carnales
589 1088 642 1151 isti
673 1106 920 1152 connumerave
973 1088 1211 1168 proponebatur
1231 1108 1249 1151 a
1271 1090 1401 1172 populo.
1419 1091 1533 1172 Sicque
1551 1093 1671 1176 Moyses
1688 1103 1720 1159 ct

173 1198 247 1250 runt
268 1207 303 1251 sc
322 1187 389 1250 suis
408 1188 574 1269 Jumentis,
593 1188 709 1268 quibus
728 1196 760 1249 et
780 1205 836 1269 per
853 1206 920 1269 pas·
974 1183 1078 1249 Aaron
1103 1196 1285 1265 oraverunt,
1302 1197 1336 1250 ut
1362 1209 1425 1253 noir
1449 1191 1594 1255 obstante
1616 1194 1719 1275 plebis

173 1288 279 1350 siones
297 1306 370 1351 suas
388 1294 451 1349 tam
471 1286 686 1362 irrelrenatas,
704 1285 836 1363 similes,
855 1285 920 1349 imo
976 1285 1183 1365 perversitate
1198 1286 1280 1349 Deus
1295 1298 1503 1352 succurreret.
1513 1295 1554 1353 Mt
1568 1293 1661 1369 apert
1673 1295 1720 1353 eia

173 1392 204 1448 ct
220 1384 516 1467 incomparabiliter
528 1386 654 1467 pejores
667 1384 811 1459 lueruut;
825 1392 921 1466 atque
977 1384 1163 1445 thesaurum
1186 1395 1291 1455 tactim,
1316 1385 1346 1448 id
1369 1395 1417 1449 cst
1440 1388 1637 1469 opulentiam
1658 1400 1720 1454 tue

175 1486 207 1546 in
224 1484 280 1547 tali
297 1484 431 1548 articulo
447 1484 486 1545 de
500 1484 717 1564 jumentorum
729 1501 859 1546 suorum
871 1484 922 1546 do
976 1482 1265 1563 potentiae,seilicet
1279 1484 1507 1548 abundantiam
1523 1489 1720 1569 aquannde

175 1583 303 1645 luerunt
333 1582 488 1664 pericu10,
514 1582 642 1663 quando
672 1584 712 1644 de
742 1582 920 1644 animarum
976 1580 1183 1662 subjungitur
1200 1599 1208 1642 ε
1224 1586 1345 1662 fontem
1360 1605 1453 1663 aqum
1468 1588 1561 1657 eiooe,
1578 1606 1648 1667 quae
1673 1588 1720 1649 in-

174 1701 304 1743 suarum
326 1680 504 1744 salvatione
529 1688 652 1743 tantum
678 1680 843 1743 sollicitari
869 1681 923 1742 de-
976 1688 1041 1742 star
1056 1680 1234 1742 viventium
1252 1680 1331 1743 lluat
1346 1692 1378 1744 et
1393 1693 1518 1759 currat3
1544 1690 1720 1759 alsatiae,

174 1782 321 1855 buerant,
347 1799 532 1861 quanquam
563 1780 659 1843 ctiam
690 1780 779 1861 pium
809 1780 850 1841 sit
874 1780 922 1861 ju·
976 1788 1069 1853 cesset
1094 1782 1313 1840 rnermnrotio
1337 1802 1459 1853 corum,
1486 1792 1643 1864 quatenus
1673 1787 1720 1849 eis

174 1879 291 1942 mentis
307 1878 480 1960 aliquando
495 1878 676 1941 condolere.
696 1883 803 1948 Quare
817 1900 922 1939 ascen-
938 1876 961 1939 B
977 1876 1179 1940 sullicienter
1190 1876 1317 1941 relectis
1328 1880 1443 1961 poculo
1453 1900 1554 1963 aquae,
1564 1884 1719 1949 desistant

172 1984 246 2039 dere
266 1999 324 2039 nos
345 1979 466 2058 fecistis
486 1981 527 2037 cte
542 1978 805 2055 AE'pyptotllcce
824 1996 919 2059 quam
976 1995 1118 2059 peceare,
1142 1984 1177 2038 ut
1202 1995 1260 2039 uec
1286 1986 1316 2040 tc
1340 1977 1519 2057 offendant,
1542 2000 1601 2045 neo
1627 1984 1719 2047 nobis

174 2086 330 2141 excaecata
352 2076 555 2158 perversitas,
572 2076 663 2158 quasi
688 2095 752 2140 non
769 2076 850 2139 Deus
866 2093 921 2139 eos
977 2075 1103 2137 molesti
1127 2074 1202 2136 sint.

173 2178 212 2239 de
228 2177 363 2259 AEgypte
379 2175 534 2237 eduxerit.
552 2177 595 2237 Et
616 2177 801 2259 adciueistis
821 2177 858 2237 ia
881 2180 922 2235 io·
1017 2178 1059 2237 et
1074 2176 1230 2252 apparuit
1240 2177 1349 2252 picria
1362 2180 1495 2239 Domini
1507 2201 1604 2258 super
1618 2202 1678 2255 eos,
1688 2183 1720 2246 id

173 2298 246 2338 crim
271 2278 371 2337 istem
393 2276 602 2352 pessimum?
625 2282 775 2355 tanquam
801 2274 919 2350 dicant,
977 2280 1035 2350 est,
1048 2274 1129 2335 Deus
1145 2292 1201 2354 por
1218 2272 1334 2336 nubem
1349 2274 1487 2354 gloriose
1502 2278 1666 2342 descendit
1681 2283 1720 2345 ad

175 2374 276 2449 Quare
287 2391 352 2437 non
364 2372 499 2436 duxistis
510 2391 568 2435 nos
582 2391 638 2454 per
649 2372 734 2437 viam
751 2379 923 2449 rectam,et
976 2371 1113 2454 Moysen,
1135 2371 1248 2435 ceteris
1269 2373 1386 2436 nubem
1406 2377 1629 2453 cernentibus;
1651 2382 1715 2458 vel,

177 2472 367 2537 habitabilia
387 2471 477 2535 locat
493 2472 590 2554 Cujus
614 2480 720 2535 tamen
746 2470 824 2534 ratio
846 2470 924 2535 scri·
977 2470 1134 2553 Apparuit
1154 2470 1255 2549 gloria
1273 2471 1410 2549 Domini,
1428 2472 1461 2535 id
1481 2484 1529 2537 est
1550 2479 1720 2557 praelarus

62 2650 70 2661 .
120 2601 165 2637 m..
180 2582 232 2656 pta
247 2581 297 2636 est
312 2570 345 2633 in
363 2570 480 2633 Exodo.
978 2568 1032 2631 Dei
1053 2567 1199 2646 effectus,
1216 2570 1272 2651 qui
1286 2588 1349 2652 per
1365 2572 1513 2652 angelum
1532 2575 1722 2657 loquebatur

219 2672 424 2748 Inpressiqee
449 2672 574 2745 Moyses
597 2679 626 2730 et
648 2672 758 2730 Aaron
777 2690 789 2729 .·
808 2668 864 2750 qui
890 2669 923 2731 in
979 2668 1017 2729 ed
1042 2667 1179 2748 Moysen.
1205 2672 1406 2749 coenamque
1426 2682 1471 2732 cet
1496 2677 1655 2737 Dominus
1678 2682 1723 2739 ed

179 2772 238 2833 hoe
254 2788 342 2845 casu,
360 2768 443 2831 sieut
458 2775 490 2830 et
505 2776 579 2830 ante
594 2766 789 2849 frequenter,
807 2768 925 2831 habue-
979 2768 1122 2843 Moysen,
1138 2768 1248 2827 dicens
1264 2788 1275 2826 .·
1294 2772 1379 2828 Tolle
1398 2772 1537 2848 virpam,
1556 2784 1591 2835 tn
1609 2786 1638 2836 ct
1656 2780 1722 2838 Aa·

179 2876 254 2929 ruiti
275 2884 310 2928 se
333 2865 469 2927 mullum
493 2862 651 2946 patienter
672 2864 711 2926 ad
732 2864 857 2946 plebem
880 2865 924 2929 ita
978 2875 1088 2933 romei
1102 2866 1277 2943 loquimini
1291 2868 1335 2925 od
1345 2877 1473 2943 petram
1488 2890 1594 2932 coram
1611 2876 1721 2939 erebo

179 2983 373 3049 perversam,
401 2962 672 3044 reddideruntque
696 2963 726 3026 ei
751 2963 835 3027 bona
865 2983 923 3046 pro
979 2981 1042 3043 qua
1053 2962 1143 3043 virga
1155 2961 1240 3023 istud
1255 2962 1297 3024 sit
1312 2963 1442 3041 dictum,
1453 2977 1560 3047 posset
1576 2990 1646 3034 esse
1660 2992 1724 3035 am-

177 3064 290 3139 malis;
307 3065 446 3125 dimissa
470 3063 693 3134 multitudine,
713 3065 749 3123 in
775 3065 922 3124 taberna-
938 3061 960 3124 G
979 3061 1124 3143 biguum,
1141 3060 1203 3123 nisi
1221 3062 1316 3143 paulo
1333 3071 1404 3144 post
1419 3064 1619 3146 subderetur,
1635 3070 1722 3135 Tulit

174 3168 286 3223 cetum
311 3162 454 3239 secteris,
481 3167 516 3222 ut
541 3159 573 3221 in
599 3160 669 3224 loco
695 3169 803 3224 sancto
827 3161 922 3225 eitius
978 3159 1074 3240 igitur
1089 3160 1208 3242 Moyses
1224 3159 1344 3240 virgam
1360 3180 1432 3243 que
1447 3173 1515 3226 erat
1537 3164 1571 3227 in
1587 3186 1721 3252 conspe·

174 3261 412 3325 exaudirentur.
438 3258 527 3321 Unde
552 3266 687 3336 constat,
705 3260 789 3341 quod
815 3279 923 3324 conse-
977 3266 1030 3320 otu
1051 3258 1176 3321 Domini
1194 3278 1201 3323 ι
1219 3260 1304 3340 quod
1327 3258 1570 3343 intelligendum
1595 3266 1721 3332 videtur

172 3360 272 3424 oratio
297 3367 330 3421 ct
360 3358 511 3420 sauctitas
536 3357 597 3419 loci
620 3360 661 3420 ad
686 3359 922 3422 exauditionem
977 3359 1016 3421 de
1038 3358 1128 3438 virga
1149 3357 1264 3434 Aaron,
1281 3377 1352 3440 quas
1378 3358 1575 3442 fronduerat,
1593 3376 1625 3429 et
1649 3378 1722 3451 post

172 3458 329 3523 orationis
346 3453 528 3533 conferunt,
547 3455 611 3518 imo
627 3456 847 3539 omniaopera
866 3458 922 3522 bo-
978 3476 1066 3519 suam
1097 3456 1319 3519 miraculosam
1350 3455 1557 3540 floritionem,
1584 3466 1647 3530 Deo
1674 3469 1723 3551 ju-

173 3577 212 3620 na
228 3557 369 3621 reddunt
383 3553 639 3636 aeccptabiliora.
650 3553 921 3627 Quemadmodum
977 3555 1084 3632 bento,
1100 3554 1205 3637 posita
1224 3554 1285 3616 luit
1305 3556 1388 3619 intra
1404 3557 1517 3622 Sancta
1538 3574 1720 3630 sanctorum
1744 3587 1866 3638 name-1..

173 3656 260 3719 enim
286 3654 417 3735 gravius
443 3660 492 3715 est
516 3652 550 3713 in
575 3652 621 3715 eis
647 3672 789 3735 peccare,
817 3654 861 3717 ita
890 3664 922 3718 et
978 3655 1010 3716 in
1036 3674 1121 3729 area,
1138 3663 1173 3716 ut
1193 3673 1289 3737 supra
1311 3655 1464 3738 seriptum
1489 3669 1548 3722 est.
1566 3662 1624 3726 Sed
1647 3668 1722 3747 quia
1738 3654 1770 3693 ¹⁰·

176 3755 291 3817 melius
307 3761 356 3816 est
372 3751 417 3815 iol
435 3752 517 3814 bene
531 3770 634 3832 agere.
655 3752 831 3815 Draverunt
846 3772 924 3835 quo-
977 3754 1017 3815 de
1033 3753 1122 3834 virga
1132 3752 1255 3834 Moysis,
1266 3772 1322 3834 per
1336 3772 1432 3835 quam
1450 3754 1526 3820 lecit
1541 3759 1574 3821 in
1590 3762 1723 3847 AEgyptn

175 3873 237 3935 que
259 3850 394 3914 dimissa
416 3849 634 3925 multitudine,
655 3850 807 3931 quoniam
831 3853 924 3933 quies
980 3851 1135 3934 prodigia,
1159 3851 1255 3913 etiam
1280 3851 1453 3932 aliquando
1476 3854 1624 3935 leguntur
1642 3862 1721 3943 haee,

176 3950 379 4031 solitudoque
396 3946 458 4010 loci
478 3956 690 4029 cooperantur
709 3950 747 4011 ad
768 3952 922 4014 orandum
979 3957 1055 4031 puta
1076 3949 1163 4029 quod
1185 3956 1252 4011 erat
1274 3949 1308 4010 iu
1329 3960 1503 4033 conspectu
1519 3954 1657 4037 Domini,
1672 3964 1722 4027 vel

175 4049 333 4113 devotius.
354 4050 553 4107 Corrnerunt
566 4049 664 4123 proni
680 4050 715 4109 in
732 4058 862 4131 cepam.
880 4051 923 4112 Ex
978 4047 1062 4128 quod
1078 4056 1146 4110 erat
1159 4046 1249 4128 virga
1268 4047 1334 4124 Dei,
1352 4049 1427 4130 quia
1441 4058 1472 4113 et
1495 4052 1565 4135 ipsa
1581 4054 1643 4120 luit
1659 4060 1722 4126 Deo

175 4166 237 4229 quo
254 4146 394 4221 elicitur,
411 4145 495 4226 quod
512 4152 544 4207 et
559 4144 638 4206 situs
654 4147 796 4227 corporis
816 4156 847 4210 et
867 4149 925 4210 hu·
961 4172 962 4175 ¹
978 4146 1159 4226 specialiter
1178 4144 1389 4224 sanctificata,
1408 4167 1465 4229 per
1483 4170 1579 4232 quam
1601 4154 1725 4223 fiebant
1787 4144 1790 4149 ’

175 4246 313 4308 miliatio
338 4244 409 4326 ejus
434 4242 574 4307 excitant
599 4251 631 4305 et
656 4253 790 4325 prosunt
811 4247 850 4308 ad
872 4247 962 4311 deD
978 4244 1015 4305 ud
1028 4244 1082 4307 Dei
1099 4244 1252 4307 honorem
1268 4252 1354 4308 totet
1371 4254 1458 4311 tanta
1472 4251 1643 4319 miracula:
1654 4278 1724 4341 pos-

174 4344 370 4425 precandum
402 4341 592 4424 perlectiuS‚
620 4349 652 4404 et
682 4344 858 4424 praesertim
888 4346 921 4407 in
977 4351 1025 4405 set
1039 4342 1113 4423 quis
1129 4343 1266 4425 opinari,
1283 4345 1369 4425 quod
1385 4345 1469 4409 istud
1484 4350 1526 4411 sit
1542 4351 1722 4437 intelligen-

172 4452 290 4505 trrram
308 4440 490 4523 prostratio,
508 4440 541 4501 in
557 4449 684 4521 quaest
700 4451 839 4505 extrema
854 4462 923 4506 cor·
976 4442 1052 4503 dum
1075 4443 1115 4504 de
1129 4442 1242 4523 Moysis
1258 4441 1366 4522 virga3
1391 4446 1447 4507 sed
1468 4449 1544 4527 quia
1564 4451 1597 4513 in
1613 4454 1720 4524 Exodo
1747 4489 1867 4540 hm,

172 4542 261 4624 poris
282 4537 477 4601 humiliatio.
497 4542 787 4620 (lomooerentqee
802 4545 846 4601 nd
860 4546 922 4603 De
976 4541 1065 4621 virga
1079 4540 1193 4622 Moysis
1209 4539 1393 4623 frequenter
1408 4554 1539 4607 vocatur
1554 4549 1656 4631 ipsius
1666 4555 1722 4617 Aa·
1735 4566 1776 4596 '¹¹¹-

172 4642 315 4709 minem,
334 4655 398 4700 non
416 4644 479 4698 tam
495 4637 558 4721 alta
574 4655 768 4719 voce‚quam
785 4639 921 4703 ferventi
976 4658 1033 4702 ron
1060 4640 1159 4720 virga,
1187 4649 1294 4722 posset
1319 4660 1427 4703 rursus
1451 4644 1524 4725 quis
1550 4649 1718 4732 suspicari,

173 4737 361 4812 allectione,
379 4746 474 4815 atqtte
489 4738 810 4799 dr'oeerent:Domine
824 4742 919 4811 Deus,
976 4737 1062 4819 quod
1083 4738 1138 4800 illa
1160 4746 1192 4801 et
1213 4738 1274 4801 ista
1295 4738 1426 4802 luerunt
1449 4761 1511 4805 uua
1525 4745 1722 4827 virgatam.

173 4840 257 4897 occdi
272 4840 446 4896 clamorem
459 4836 577 4911 populi
591 4836 701 4911 tejas.
714 4836 851 4917 Populus
868 4838 922 4900 ille
978 4845 1062 4899 terea
1076 4837 1241 4919 quaeritur,
1259 4856 1316 4901 cur
1335 4839 1488 4902 Dominus
1509 4843 1605 4923 jussit
1624 4848 1720 4932 Moysi

175 4954 239 4998 nou
257 4934 375 5014 legitur
389 4933 543 4995 clamasse
559 4933 598 4995 ad
618 4933 786 4997 Dominum
802 4938 923 5001 orando
978 4934 1066 5016 loqui
1082 4936 1120 4997 ad
1137 4945 1377 5018 petram,quum
1395 4936 1450 4999 illa
1467 4958 1523 5003 nec
1539 4945 1649 5009 audire
1665 4968 1723 5013 nec

176 5052 233 5115 pro
248 5050 345 5113 aqua.
363 5030 435 5093 ldco
450 5047 563 5093 sensus
574 5039 622 5093 est
635 5048 641 5092 :
655 5031 735 5093 Audi
751 5032 922 5097 clamorem
978 5033 1156 5114 intelligere
1171 5034 1286 5116 quivit.
1299 5036 1625 5123 Respondetur,quod
1641 5046 1724 5112 sicut

174 5130 288 5214 populi
304 5129 415 5210 hujus,
434 5127 465 5189 id
480 5136 529 5191 est
544 5129 720 5192 orationem
736 5150 830 5212 quam
853 5132 924 5195 lun·
979 5151 1036 5195 nos
1048 5133 1081 5193 in
1098 5133 1246 5195 laudibus
1256 5133 1310 5195 Dei
1328 5132 1513 5217 frequenter
1528 5138 1725 5211 irrationalia

174 5230 282 5292 dimus
313 5245 371 5310 pro
401 5226 520 5309 populo
551 5226 623 5289 isto.
650 5228 719 5305 Vel,
746 5230 922 5295 Clamorem
978 5239 1010 5295 et
1024 5231 1198 5294 inanimata
1219 5232 1424 5314 alloquimur,
1442 5254 1506 5300 non
1527 5247 1562 5300 ut
1583 5242 1723 5325 ipsaau-

175 5327 287 5409 populi
302 5325 401 5406 hujus
416 5323 490 5387 audi
501 5341 508 5386 ε
518 5324 595 5406 quia
605 5325 664 5387 etsi
681 5344 745 5389 non
761 5326 922 5409 petierunt
978 5330 1068 5393 diant
1082 5330 1150 5394 sive
1165 5330 1357 5411 intelligant,
1375 5334 1430 5395 sed
1453 5343 1489 5396 ut
1503 5356 1542 5399 ex
1560 5340 1722 5409 allocutio
