4309 6259
423 459 482 523 398

764 476 937 522 unaunarto
959 477 988 520 ΙΝ
1011 477 1078 522 GAP.
1103 476 1155 522 xlv
1176 475 1373 522 mandauit.
1396 495 1435 506 —
1456 476 1528 522 aar.
1551 476 1624 523 xxiv

417 659 547 726 peccata
569 660 705 727 patrum
735 651 771 710 in
801 652 887 728 filios
916 652 952 709 in
983 650 1111 710 tertiam
1135 656 1165 706 et
1180 645 1205 707 A
1220 647 1348 725 quaudo
1371 665 1435 709 non
1457 647 1685 729 acquieverunt
1707 645 1813 710 verbis
1827 645 1883 707 Dei
1908 664 1966 726 per

420 750 828 826 quartampenerationem.
840 747 981 821 Qualiter
994 746 1078 808 istud
1095 764 1166 808 cou-

274 861 408 932 ueornxs.
423 846 530 908 veniat
552 846 668 908 divina
688 846 831 928 justitias,
853 865 948 927 super
970 845 1111 907 Exodum
1134 853 1165 906 et

278 923 407 1028 Tffljl
423 963 518 1026 super
531 945 699 1007 ieremiam
720 952 751 1007 et
770 943 965 1007 Ezechielem
986 943 1164 1024 expositum

275 1063 331 1092 nu.
422 1042 568 1105 estruit
595 1043 713 1125 quippe
737 1052 769 1104 et
794 1042 925 1124 posteri,
949 1042 983 1103 in
1008 1050 1164 1124 quantum

422 1149 495 1203 sunt
515 1141 637 1223 aliquid
659 1151 827 1224 parentum
849 1159 990 1217 suorum,
1008 1149 1164 1221 quantum

419 1241 458 1301 ad
474 1259 600 1322 corpuS,
614 1241 806 1322 quandoque
821 1258 879 1322 pro
894 1240 1033 1321 peccatis
1050 1257 1165 1320 paren-

418 1345 485 1399 tum
502 1339 769 1421 incorporalibus
786 1338 976 1421 puniuntur,
986 1337 1162 1418 praesertim

415 1436 441 1496 si
463 1445 592 1518 peccata
614 1445 781 1518 parentum
803 1444 1001 1518 sequantur:
1025 1443 1056 1497 et
1083 1435 1109 1496 si
1126 1453 1162 1497 ea

414 1551 477 1596 non
508 1543 694 1616 sequuntur,
724 1542 798 1596 tune
829 1535 909 1596 Deus
939 1552 1051 1616 poenas
1082 1532 1160 1596 tales

411 1633 537 1694 ordinat
551 1632 686 1714 posteris
702 1632 734 1694 in
752 1632 878 1709 melius,
892 1633 935 1693 ita
951 1632 1035 1714 quod
1051 1631 1159 1712 potius

411 1731 530 1793 habent
555 1729 709 1794 rationem
735 1729 914 1806 medicinae,
934 1750 1029 1813 quam
1055 1748 1158 1812 poenae

1219 743 1344 825 lloysen
1369 745 1501 827 prolatis
1525 746 1565 807 ad
1590 763 1656 808 eos.
1682 744 1770 807 Unde
1794 745 1829 805 in
1855 744 1964 806 Exodo

1219 843 1338 924 Moyses
1354 844 1398 906 ait
1413 844 1451 906 ad
1469 845 1637 907 Dominum
1658 861 1665 904 :
1688 844 1768 906 Ecce
1789 842 1853 903 lilii
1869 842 1963 904 lsrael
2002 857 2115 901 semu

1221 960 1285 1004 non
1310 961 1362 1004 me
1385 943 1530 1005 audiunt.
1556 942 1712 1018 Secunda
1739 943 1868 1023 quando
1893 949 1965 1022 post
1982 923 2015 960 '⁴‘

1219 1057 1382 1118 egressum
1398 1041 1438 1102 de
1448 1041 1592 1122 AEgypto,
1605 1059 1643 1103 ex
1658 1038 1845 1101 diffidentia
1861 1038 1963 1100 divini

1219 1137 1329 1198 auxilii
1356 1138 1452 1200 locuti
1478 1147 1553 1201 sunt
1578 1139 1672 1220 lloysi
1696 1159 1703 1202 ε
1727 1138 1872 1200 Forsitan
1900 1155 1964 1200 noo
2003 1161 2115 1202 ruam

1219 1245 1309 1298 erant
1326 1237 1471 1318 sepulcra
1487 1237 1521 1298 iu
1537 1238 1682 1319 AEgypto‚
1695 1237 1766 1299 ideo
1787 1237 1888 1298 tulisti
1905 1255 1964 1298 nos
1981 1227 2014 1266 ¹¹·

1220 1341 1254 1395 ut
1273 1334 1447 1398 moriamur
1468 1336 1501 1397 in
1522 1336 1706 1398 solitudine.
1723 1334 1840 1410 Tertio,
1863 1354 1966 1416 quau-

1218 1433 1259 1495 do
1274 1442 1404 1514 propter
1419 1435 1663 1496 amaritudinem
1679 1453 1770 1514 aquia
1785 1451 1964 1495 murmura:

1218 1539 1334 1592 verunt
1354 1531 1387 1592 in
1408 1531 1501 1608 Mara,
1526 1541 1558 1594 et
1581 1530 1763 1594 diflidendo
1784 1532 1959 1594 dixerunt:

1216 1627 1297 1701 Ouid
1312 1629 1483 1692 bibemust
1498 1630 1625 1707 Quarto,
1643 1631 1770 1712 qnando
1785 1649 1963 1693 murmura·
1977 1651 2118 1693 terame.

1217 1737 1292 1790 runt
1306 1728 1464 1792 desiderio
1479 1728 1769 1803 earniumouinto,
1779 1731 1908 1810 quando
1924 1749 1961 1792 ex
1986 1752 2122 1794 numa.

413 1829 446 1891 in
462 1829 597 1911 posteris
615 1829 690 1891 illis.
708 1829 823 1910 Sicque
845 1829 939 1910 punit
960 1837 1109 1910 parentes
1124 1828 1158 1889 in
1175 1829 1198 1890 B
1215 1825 1399 1890 diffidentia
1415 1836 1621 1891 servaverunt
1640 1846 1758 1889 manna
1772 1846 1875 1908 usque
1895 1847 1962 1889 ma·
1998 1851 2058 1892 mn.
2069 1855 2106 1892 aa.

412 1927 501 2009 prole
516 1946 636 2002 eorum,
655 1927 737 1989 sieut
761 1927 945 2009 frequenter
969 1927 1063 2008 punit
1079 1927 1159 1988 vitia

415 2025 617 2088 dominorum
644 2025 676 2086 in
702 2025 902 2106 possessione
928 2025 1083 2106 ipsorum.
1106 2027 1161 2085 Dt-

417 2127 518 2195 mitte,
543 2127 675 2196 odseero,
700 2133 866 2202 peccatum
887 2125 1004 2202 populi
1029 2127 1078 2184 tui
1102 2127 1162 2185 ltu-

411 2223 484 2300 jus‚
499 2222 532 2284 id
552 2230 600 2285 est
619 2222 800 2302 congeriem
816 2221 965 2284 vitiorum
983 2241 1052 2302 quea
1076 2241 1161 2284 nunc

293 2345 303 2364 ·
320 2343 404 2398 maant—
418 2320 657 2396 commiserunt,
683 2323 861 2380 seeundum
885 2321 1133 2381 multitudinem
1149 2322 1161 2345 ¹

272 2407 368 2450 tudinem
418 2421 647 2480 misericordie
672 2429 747 2490 tuce,
771 2421 855 2478 sieut
875 2421 1040 2496 propitius
1064 2420 1163 2498 suisti

417 2520 653 2594 egredientibus
667 2521 706 2577 de
721 2520 862 2594 AEpypto
883 2538 982 2597 usque
998 2521 1041 2578 ad
1058 2521 1162 2576 locum

418 2617 516 2676 istum
532 2637 543 2675 .·
555 2614 588 2676 in
604 2634 667 2697 quo
685 2624 788 2678 umen
805 2615 908 2698 spatio
924 2615 1016 2678 multi
1033 2623 1163 2697 propter

419 2733 492 2779 suos
516 2733 662 2777 excessus
693 2713 824 2777 luerunt
848 2714 956 2791 occisi,
984 2715 1161 2796 praesertim

298 2845 371 2888 Em,
419 2821 548 2895 propter
562 2813 655 2875 vituli
671 2812 899 2876 adorationem.

270 2913 377 2960 ΠΜ·
458 2913 613 2992 Dixitque
632 2914 817 2972 Dominus:
833 2913 954 2972 Dimisi
967 2912 1071 2989 juuta
1094 2933 1162 2972 ver-

1216 1943 1266 1988 ne.
1280 1925 1384 2002 Sexto‚
1396 1926 1524 2007 quando
1541 1934 1671 2007 propter
1690 1925 1852 1988 delectum
1868 1946 1959 2007 aqua

1215 2033 1515 2087 murmuraverunt:
1533 2033 1663 2106 propter
1678 2025 1763 2106 quod
1779 2024 1900 2104 Moyses
1915 2025 1963 2086 di·
1977 2051 2122 2093 lisiduna.

1216 2121 1262 2184 xit
1282 2123 1339 2199 eis,
1357 2122 1419 2185 Cur
1437 2124 1567 2184 tentatis
1589 2122 1781 2184 Dominuml
1804 2122 1959 2204 Septimo,

1217 2219 1250 2282 in
1275 2221 1460 2284 adoratione
1485 2220 1590 2283 vituli.
1612 2220 1739 2297 Octavo,
1768 2223 1896 2301 quando
1922 2241 1961 2284 ex
1986 2240 2121 2285 nasama

1217 2319 1326 2382 dolore
1345 2319 1464 2382 laboris
1487 2328 1736 2395 murmurarunt,
1759 2329 1793 2381 ut
1813 2321 1962 2401 superius
1974 2307 2121 2402 lgm,

1217 2418 1330 2500 patuit.
1342 2418 1442 2495 Nono,
1453 2419 1582 2499 quando
1596 2420 1646 2498 (ut
1661 2418 1694 2480 in
1710 2419 1769 2480 boc
1785 2419 1895 2481 eodem
1911 2439 1964 2483 ca·
1977 2422 1999 2461 ¹·

1217 2516 1320 2598 pitulo
1330 2516 1484 2599 seriptum
1492 2520 1551 2597 est)
1558 2516 1715 2580 desiderio
1723 2517 1961 2580 delectabilium

1217 2615 1408 2678 cibariorum
1425 2616 1654 2678 murmurando
1668 2615 1962 2678 dixerunt‘2Anima
1990 2644 2057 2688 nu,
2073 2650 2097 2686 a.

1218 2725 1325 2779 nostra
1349 2716 1437 2779 arida
1461 2725 1519 2792 est,
1533 2725 1592 2778 ete.
1610 2717 1748 2792 Decimo,
1765 2717 1848 2778 sicut
1873 2735 1961 2779 nune

1217 2814 1279 2877 isto
1300 2823 1386 2897 patet
1409 2814 1560 2896 capitulo.
1578 2814 1800 2877 Verumtamen
1827 2815 1963 2878 tentatio

1216 2913 1271 2974 Dei
1287 2913 1320 2974 in
1335 2912 1386 2975 his
1402 2912 1562 2974 interdum
1577 2919 1706 2974 extense
1720 2911 1887 2993 accipitur.

417 3013 492 3070 bum
508 3020 612 3071 tuum.
630 3009 697 3072 Nou
713 3017 761 3071 est
776 3008 964 3090 putandum,
977 3010 1064 3090 quod
1079 3009 1201 3077 DeusG
1256 3011 1292 3073 lli
1308 3029 1383 3091 orgo
1397 3033 1462 3072 non
1486 3012 1639 3072 videbunt
1655 3021 1787 3080 terram,
1805 3031 1866 3088 pro
1890 3033 1959 3092 qua

415 3108 538 3170 dimisit
553 3107 617 3170 illis
633 3115 803 3188 antequam
821 3107 1048 3188 poenituerunt,
1066 3106 1093 3169 si
1109 3127 1162 3170 ve-
1207 3112 1328 3187 juravi
1353 3112 1504 3188 patribus
1527 3129 1651 3179 eorum,
1675 3109 1735 3171 boe
1764 3117 1813 3170 est
1841 3117 1958 3171 terram

416 3225 450 3269 re
465 3205 696 3288 poenitentibus
711 3205 932 3269 remissionem
949 3206 1115 3287 promisit:
1129 3214 1161 3269 et

415 3311 570 3385 quantum
585 3304 623 3366 ad
640 3304 711 3379 boc,
728 3303 851 3367 cunctis
867 3303 989 3366 dimisit
1004 3314 1160 3385 quantum

415 3402 455 3463 ad
481 3401 620 3464 debitam
646 3419 784 3484 poenam,
803 3403 887 3483 quod
914 3420 977 3466 non
1003 3403 1160 3484 percussit

415 3518 469 3563 eos
485 3500 668 3581 pestilentia
683 3499 788 3564 subito
800 3499 948 3577 simul‚ut
965 3499 1067 3564 luerat
1077 3520 1160 3565 com·

414 3596 565 3659 minatus.
581 3600 656 3658 Vico
671 3618 737 3674 epo,
755 3597 787 3659 id
802 3606 860 3675 est,
874 3617 1094 3680 quamverum
1111 3607 1160 3662 est

414 3697 499 3777 quod
515 3714 572 3776 ego
584 3716 653 3759 sum
670 3696 792 3773 vivens,
810 3705 873 3758 tam
888 3715 962 3760 vere
978 3697 1158 3778 subjungo:

413 3805 443 3854 et
460 3797 647 3872 implebitur
658 3797 766 3874 gloria
781 3798 917 3857 Domini
930 3799 1085 3856 universe
1102 3807 1159 3856 ter·

415 3914 464 3965 m,
492 3893 524 3955 id
549 3902 607 3970 est,
636 3901 680 3955 tot
705 3902 736 3955 et
762 3902 849 3956 tanta
873 3893 1033 3956 mirabilia
1056 3895 1160 3956 adhuc

414 4010 505 4072 agam
521 3992 555 4053 in
578 3991 697 4073 populo
720 3991 792 4067 isto,
810 4010 961 4054 eorumve
977 3993 1114 4073 posteris
1129 4001 1161 4055 et

414 4099 525 4152 contra
541 4089 688 4152 inimicos
702 4109 823 4167 eorum,
834 4091 918 4170 quod
934 4089 1041 4153 cuncti
1057 4091 1160 4155 homi-

1215 3207 1448 3290 promissioui8‚
1474 3227 1532 3267 nec
1554 3209 1727 3287 quisquam
1746 3228 1788 3266 en
1811 3208 1962 3288 illisqui

1213 3309 1358 3367 detraxit
1382 3307 1477 3376 mibi,
1504 3308 1685 3366 intuebitur
1707 3326 1788 3367 eam.
1816 3309 1958 3367 Seruum

1215 3426 1322 3466 meum
1339 3406 1429 3465 Caleb
1451 3406 1510 3484 qui
1526 3408 1643 3481 plenus
1664 3405 1732 3465 alio
1750 3406 1880 3482 spiritu,
1897 3403 1961 3467 hoc

1214 3511 1263 3567 est
1278 3502 1393 3584 spiritu
1408 3501 1554 3583 meo,qui
1569 3501 1651 3563 alius
1667 3509 1715 3563 est
1730 3521 1748 3564 a
1763 3501 1877 3583 spiritu
1891 3521 1959 3583 quo

1215 3600 1338 3682 impleti
1364 3609 1438 3663 sunt
1467 3599 1520 3661 isti
1546 3608 1805 3677 murmuratores,
1831 3612 1959 3661 mcutus

1214 3710 1332 3770 estme,
1349 3698 1456 3774 idest,
1473 3697 1554 3759 mihi
1574 3697 1707 3760 adbaesit
1729 3716 1785 3779 per
1807 3696 1904 3761 iidem
1925 3707 1960 3761 et

1215 3816 1304 3879 spem
1319 3805 1503 3877 ceterasque
1518 3795 1662 3872 virtutes,
1674 3798 1829 3857 inducam
1844 3799 1880 3856 in
1895 3806 1960 3858 ter-

1214 3917 1286 3957 rum
1302 3899 1398 3964 bunc,
1413 3915 1512 3974 quam
1526 3895 1703 3965 circuivit,·
1720 3905 1750 3954 et
1769 3915 1872 3955 semen
1885 3897 1960 3970 ejus

1211 3996 1383 4071 possidebit
1403 4015 1485 4054 eam.
1502 3991 1603 4065 Quare
1625 4010 1689 4056 non
1711 3991 1788 4054 lacit
1801 3992 1957 4055 Dominus

1215 4092 1409 4155 mentionem
1426 4092 1464 4153 de
1478 4090 1593 4153 losuel
1608 4090 1726 4152 Forsan
1742 4091 1891 4170 quoniam
1906 4091 1961 4153 in-

415 4206 471 4249 ues
487 4187 552 4250 baec
568 4196 770 4268 cognoscent,
788 4196 819 4250 et
834 4186 993 4250 universis
1010 4190 1159 4269 majestas
1176 4193 1199 4253 t)
1215 4188 1263 4252 ira
1279 4189 1355 4251 satis
1371 4189 1454 4251 idem
1471 4190 1664 4250 narrandum
1681 4186 1742 4249 luit
1757 4189 1795 4250 dc
1810 4206 1847 4251 eo
1860 4207 1867 4249 :
1880 4208 1958 4251 uam

414 4305 485 4348 mea
510 4286 697 4349 innotescet.
715 4289 864 4347 Attamen
887 4307 993 4346 omnes
1015 4289 1158 4348 domines

413 4386 472 4464 qui
482 4386 634 4444 uiderunt
645 4384 843 4461 majestatem
855 4405 969 4455 ineam,
977 4383 1010 4446 id
1020 4393 1078 4462 est,
1088 4404 1158 4447 eam

413 4500 470 4563 per
493 4500 566 4544 suos
587 4479 725 4544 allectus
749 4490 916 4558 noverunt,
933 4492 963 4542 et
976 4484 1070 4559 sinna
1087 4505 1158 4562 qne

413 4582 476 4659 feei
492 4583 528 4641 in
542 4582 731 4652 solitudine,
751 4589 811 4643 elo.
828 4583 903 4642 Jctm
914 4583 1096 4658 perdecem
1113 4583 1158 4641 vi-

412 4701 471 4752 ces,
489 4679 520 4741 id
546 4688 594 4741 est
619 4679 793 4756 multotieS,
818 4687 853 4741 ut
877 4678 987 4741 Glossa
1013 4679 1155 4760 exponit.

412 4777 526 4859 Sicque
542 4779 672 4860 ponitur
688 4797 839 4841 numerus
851 4778 1081 4841 determinatus
1099 4797 1157 4860 pro

412 4877 668 4939 indeterminato.
686 4877 724 4938 ut
746 4876 817 4940 ideo
832 4876 886 4952 ait,
904 4876 961 4937 Per
985 4877 1095 4939 decom
1113 4876 1157 4939 vi·

412 4994 475 5051 ces,
493 4975 644 5055 quoniam
665 4975 773 5038 decem
788 4973 979 5057 principalia
995 4984 1155 5056 precepta

413 5073 622 5136 violaverunt.
640 5073 747 5154 Aliqui
765 5081 869 5136 tamen
885 5072 1095 5136 determinate
1110 5093 1158 5135 as-

412 5171 540 5252 signant
554 5171 611 5234 has
626 5170 763 5248 vices,nt
777 5172 882 5253 primo
897 5170 1045 5233 dieantur
1056 5172 1154 5235 Deum

412 5278 551 5333 tentasse
570 5277 643 5332 ante
663 5285 824 5348 egressum
840 5288 932 5332 suurn
953 5270 993 5332 de
1009 5269 1152 5352 AEgypto,

1213 4298 1245 4351 et
1260 4287 1355 4369 paulo
1370 4296 1443 4369 post
1459 4287 1498 4348 lit
1512 4287 1573 4349 hoc
1590 4286 1623 4348 iu
1639 4285 1700 4349 isto
1715 4287 1865 4369 capitulo.
1885 4290 1960 4348 Om-

1213 4408 1267 4447 nes
1282 4388 1340 4466 qui
1362 4388 1527 4447 numerati
1541 4387 1616 4445 estis
1637 4406 1658 4445 a
1673 4388 1793 4462 uiginti
1814 4387 1912 4446 atratis
1927 4398 1960 4446 et

1211 4506 1322 4562 supra,
1339 4495 1368 4544 et
1386 4485 1613 4544 murmurastis
1627 4494 1738 4543 contra-
1754 4504 1813 4554 me,
1825 4504 1888 4543 amn
1904 4486 1960 4544 iu-

1213 4585 1340 4644 trabitis
1356 4593 1486 4653 terram,
1503 4590 1563 4645 eto.
1581 4582 1671 4645 Circa
1692 4582 1753 4645 hoe
1774 4583 1872 4663 quaerl
1899 4602 1960 4664 po-

1211 4689 1283 4757 test,
1300 4699 1384 4742 anne
1398 4681 1498 4762 aliqui
1514 4699 1552 4742 ex
1567 4677 1646 4741 liliis
1666 4680 1794 4743 illorum
1814 4699 1959 4743 murmu-

1211 4788 1350 4841 ratorum
1367 4778 1520 4856 adulti,et
1535 4779 1614 4840 citra
1630 4778 1816 4841 vicesimum
1832 4797 1956 4840 annum

1211 4876 1409 4953 exsistentes,
1426 4885 1703 4939 murmuraverunt
1718 4896 1789 4938 cum
1805 4876 1955 4959 patribus

1211 4975 1288 5051 suis,
1298 4982 1354 5037 aut
1368 4974 1641 5038 murmurantibus
1656 4976 1959 5038 consenseruntlti·

1211 5073 1241 5136 ei
1263 5080 1377 5154 potest,
1401 5073 1486 5153 quod
1509 5073 1589 5134 Deus
1615 5073 1817 5154 preservavit
1838 5091 1892 5136 eos
1912 5075 1958 5138 ab

1213 5170 1267 5234 illo
1283 5179 1423 5252 peccato.
1436 5170 1504 5246 Vel,
1521 5170 1548 5231 si
1570 5171 1678 5252 aliquo
1698 5171 1791 5233 modo
1811 5190 1959 5236 excesse-

1212 5278 1286 5331 runt
1301 5267 1335 5330 in
1349 5269 1422 5345 boc,
1437 5270 1519 5330 Dens
1533 5268 1645 5332 babuit
1660 5287 1714 5332 eos
1729 5268 1844 5351 partim
1859 5287 1961 5333 exau-
