4309 6259
524 502 698 553 autumno
719 503 750 549 m
771 502 839 549 cnr.
863 501 958 549 xxxvi
979 502 1175 549 nuncnonuu.
1198 522 1238 533 —
1258 504 1329 550 aar.
1353 503 1389 548 cv
1665 487 1725 551 513

177 670 394 753 perimuntur.
418 672 569 755 Lapidem
593 673 721 755 projicit
745 682 777 737 et
799 672 927 749 occidit,
942 672 968 734 Α
982 690 1020 735 ex
1035 671 1210 755 cupiditate
1224 657 1279 736 aut
1293 692 1366 736 cum
1384 674 1571 738 remissione
1587 674 1725 757 pretium

175 770 234 851 qui
262 790 334 835 cum
357 770 566 834 immoderata
588 771 759 854 asperitate
781 771 926 855 increpat

175 878 233 930 aut
244 869 404 951 obiurgat,
412 878 467 931 aut
482 870 650 951 pungitiva
665 870 852 952 pronuntiat
863 890 930 933 ver-

175 968 229 1030 ba.
247 968 348 1047 Ligno
370 977 476 1031 autem
498 968 622 1046 occidit,
639 969 694 1050 qui
717 969 839 1049 virgam
862 987 929 1031 cor-

175 1067 332 1130 rectionis
363 1067 447 1131 ultra
476 1086 658 1131 mensuram
689 1068 840 1145 extendit,
871 1086 929 1129 nec

173 1166 268 1247 juxta
278 1166 408 1229 modum
419 1166 522 1249 culpae
532 1166 664 1249 apponit
676 1165 849 1229 remedium
866 1183 931 1247 poe·

175 1282 238 1327 uae.
257 1263 315 1327 Per
336 1264 396 1328 hoc
412 1265 540 1328 demum
563 1266 647 1346 quod
664 1272 816 1345 cognatus
832 1262 928 1328 occisi

175 1371 304 1443 poterat
324 1363 518 1427 homicidam
534 1364 726 1446 opprimere,
747 1362 929 1443 significata

173 1462 306 1524 videtur
331 1462 508 1545 spiritualis
530 1480 664 1526 censura
687 1462 847 1539 Ecclesia,
865 1480 929 1542 qua

175 1579 235 1643 per
266 1560 641 1638 excommunicationem,
668 1560 926 1643 suspensionem,

174 1656 738 1740 interdictum,degradationem,aut
749 1658 847 1721 simili
864 1677 929 1722 mo·

174 1759 218 1821 do
244 1757 348 1839 aliqui
378 1758 568 1840 puniuntur.
595 1756 652 1821 Per
677 1757 825 1819 exsilium
853 1775 928 1820 vero

983 780 1114 834 sumunt
1131 792 1150 834 a
1166 770 1355 835 facinorosis
1373 772 1407 833 in
1424 773 1661 853 derogationem
1680 773 1727 854 ju-

984 869 1079 933 stitia
1101 879 1133 933 θῖ
1151 871 1306 953 jacturam
1330 870 1524 953 reipublice,
1547 880 1602 933 aut
1621 872 1728 933 crimi-

984 988 1025 1030 na
1041 968 1113 1031 fieri
1133 969 1243 1031 sinunt
1261 989 1333 1051 quae
1355 978 1485 1051 possent
1504 969 1613 1051 aliquo
1632 972 1728 1034 modo

984 1067 1150 1150 impedire,
1169 1076 1204 1129 ut
1221 1087 1259 1131 ex
1277 1068 1412 1132 aliorum
1437 1068 1610 1131 sceleribus
1632 1077 1728 1151 atque

984 1166 1113 1247 injuriis
1133 1167 1320 1248 temporalia
1340 1168 1507 1230 commoda
1528 1168 1725 1231 sortiantur:

984 1265 1039 1347 qui
1064 1265 1175 1347 utique
1197 1264 1408 1328 ineffabiliter
1431 1266 1631 1330 vitiosissimi
1654 1276 1729 1329 sunt

983 1364 1148 1441 censendi,
1166 1365 1222 1445 qui
1240 1363 1392 1447 pecunias
1410 1364 1455 1427 sic
1474 1364 1649 1447 praelerunt
1664 1366 1727 1429 Deo

983 1473 1015 1525 et
1030 1463 1249 1545 proximorum
1264 1463 1359 1525 saluti
1375 1472 1471 1545 atque
1487 1463 1670 1528 virtutibus.

1022 1561 1195 1637 Postremo,
1213 1561 1241 1623 si
1267 1561 1491 1625 terramillam
1516 1562 1727 1625 lsraelitarum

983 1668 1015 1723 et
1032 1660 1270 1723 tabernaculum
1280 1659 1407 1723 Domini
1423 1660 1564 1742 oportuit
1578 1680 1648 1724 esse
1663 1670 1726 1725 tam

984 1760 1114 1835 munda,
1138 1759 1214 1840 quia
1239 1758 1357 1821 ibidem
1383 1759 1535 1822 Dominus
1560 1760 1726 1838 habitavit,

175 1855 310 1938 fugitivi
327 1864 464 1933 notatur,
481 1856 567 1939 quod
582 1854 678 1920 homo
694 1856 814 1919 tamdiu
829 1875 848 1918 a
862 1874 929 1938 my·
947 1860 969 1923 Β
983 1865 1104 1940 quanto
1119 1857 1220 1937 magis
1235 1865 1363 1934 terram,
1382 1857 1450 1920 loca
1469 1866 1501 1920 ct
1520 1874 1627 1937 regna,
1643 1859 1730 1921 clau·

174 1954 258 2018 stico
284 1972 418 2037 corpore
440 1954 589 2019 Ecclesia
614 1962 778 2037 permanet
803 1972 928 2037 separa-

174 2062 240 2129 tus,
250 2072 421 2135 quousque
437 2072 493 2135 per
508 2052 731 2135 poenitentiam
747 2054 809 2115 Deo
822 2071 930 2117 recon-

173 2151 308 2215 cilietur
327 2152 361 2214 in
381 2160 484 2215 morte
503 2150 680 2235 pontilicis,
697 2152 731 2214 ld
747 2159 796 2215 est
810 2150 929 2216 virtute

173 2259 206 2314 et
232 2250 352 2314 merito
381 2250 551 2314 dominicae
581 2250 750 2333 passionis.
780 2250 837 2313 Per
867 2250 929 2313 hoc

173 2351 274 2414 etiam
289 2350 377 2432 quod
385 2350 539 2413 Dominus
551 2348 716 2432 prohibuit
732 2350 868 2432 pretium
880 2366 929 2412 ac·

173 2450 241 2531 cipi
259 2448 301 2511 ab
318 2466 366 2526 eo,
383 2448 440 2530 qui
456 2466 530 2511 reus
546 2455 594 2512 θεῖ
609 2448 786 2530 sanguinis,
803 2455 929 2511 constat

172 2568 276 2631 quam
292 2548 362 2610 dire
379 2555 521 2630 peccent,
539 2546 595 2629 qui
611 2547 644 2609 in
660 2546 843 2628 evangelica
859 2544 929 2627 lege

984 1965 1059 2034 stra,
1076 1956 1223 2038 collegia,
1248 1955 1409 2033 ecclesiaS,
1437 1956 1501 2019 imo
1526 1957 1728 2038 potissimum

983 2056 1079 2119 corda
1093 2054 1357 2132 Christianorum,
1375 2055 1408 2115 in
1428 2055 1544 2135 quibus
1559 2056 1641 2118 lleus
1664 2065 1728 2118 tam

984 2153 1216 2236 multipliciter,
1240 2161 1304 2215 tam
1329 2151 1637 2231 misericordissime,
1663 2162 1728 2216 tam

984 2251 1223 2314 evidentissime
1238 2251 1428 2314 commorari
1443 2251 1604 2331 dignatur,
1626 2252 1681 2314 ubi
1697 2262 1729 2315 θῖ

984 2368 1040 2432 per
1056 2350 1316 2412 sacramentalem
1337 2349 1383 2411 sic
1402 2350 1492 2412 adest
1515 2351 1727 2432 presentiam,

984 2467 1041 2530 per
1056 2447 1272 2511 ecclesiastica
1294 2455 1501 2526 sacramenta,
1523 2466 1580 2530 per
1601 2448 1730 2513 Sancto-

985 2565 1057 2609 rum
1077 2546 1252 2628 reliquiasl

744 2979 1066 3065 ARTIGULUS
1104 2979 1172 3065 LV

358 3253 514 3301 Exroslrto
541 3254 715 3300 hll'lanatls
744 3252 881 3299 caritot!
906 3252 1056 3298 Tutcdsttss
1083 3252 1171 3298 suxit
1193 3253 1201 3297 ἰ
1223 3250 1433 3299 audussuutlrtr
1459 3252 1560 3300 auruli

738 3352 774 3396 ΕΤ
795 3350 951 3397 eumolpus
973 3350 1174 3396 rahltlnattu.

240 3634 298 3698 EX
314 3632 464 3717 specialis
479 3632 564 3695 circa
587 3630 790 3694 matrimonia
805 3636 929 3693 contra·
947 3626 969 3693 C
985 3630 1016 3692 id
1042 3638 1091 3692 est
1116 3628 1193 3707 viri,
1220 3649 1335 3691 aceres
1362 3632 1554 3707 acceperint,
1580 3641 1729 3711 sequetur

250 3733 369 3808 heudo,
388 3731 422 3793 in
443 3729 591 3813 prasenti
608 3729 758 3793 recitatur
778 3727 928 3810 capitulo.
979 3730 1133 3807 possessio
1158 3749 1219 3789 sua
1241 3750 1253 3788 .·
1278 3726 1338 3791 hoc
1365 3737 1429 3802 θεῖ,
1456 3728 1616 3792 hereditas
1646 3728 1730 3792 lilia-

175 3838 391 3896 Accesserant
415 3840 524 3891 autem
548 3841 578 3889 ct
594 3828 761 3907 principes
785 3828 931 3905 falcilia·

176 3954 257 3994 rum
279 3933 420 4001 Galacd,
445 3926 505 3992 hoc
530 3934 578 3991 est
600 3926 661 3991 viri
686 3926 732 3989 sic
757 3924 845 4002 dicti,
863 3927 931 4004 filii

178 4032 326 4101 Maclrir,
342 4030 410 4107 fidi
425 4030 598 4096 Manassae,
613 4030 653 4087 de
668 4029 768 4105 stirpe
782 4027 930 4104 filiorum

985 3846 1056 3889 rum
1079 3826 1206 3888 illarum
1229 3826 1416 3889 devolvetur
1433 3827 1474 3888 ad
1496 3846 1605 3889 earum
1628 3826 1727 3905 lilios,

985 3934 1016 3989 θῖ
1037 3932 1269 4007 consequenter
1284 3925 1324 3986 ad
1346 3923 1465 3986 tribum
1486 3924 1586 4004 illam,
1605 3926 1645 3989 de
1667 3945 1729 4008 qua

985 4043 1093 4087 earum
1116 4022 1178 4085 lilii
1202 4022 1322 4085 luerint
1343 4022 1408 4085 nati
1431 4041 1469 4086 ex
1491 4032 1580 4105 parte
1600 4024 1726 4106 patris:

50 4140 161 4192 ‚samm
176 4132 296 4207 Joseplt
307 4150 319 4189 :
330 4128 370 4191 de
385 4144 519 4209 quorum
535 4124 729 4207 genealogiis
745 4124 866 4186 dictum
883 4130 931 4186 est
985 4121 1136 4203 quoniam
1157 4120 1344 4203 genealogia
1365 4119 1509 4185 liliorum
1531 4123 1667 4185 sumitur
1691 4143 1730 4186 ex

42 4205 70 4245 it.

178 4246 292 4311 supra.
301 4228 480 4306 Locutique
488 4233 565 4285 suni
577 4226 685 4301 Moysi
691 4245 703 4283 .·
715 4224 786 4285 Tibi
800 4225 931 4283 domimo

178 4337 290 4389 nostro
305 4323 449 4388 viceriali
465 4331 497 4386 et
512 4321 861 4399 secundariopraecepit
871 4324 932 4383 Do

177 4429 294 4487 minus
313 4424 549 4499 universorum,
567 4421 690 4503 primus
712 4440 748 4483 ac
771 4419 931 4503 principa·

177 4523 233 4603 lis,
254 4534 292 4585 art
307 4524 470 4584 divideres
486 4530 606 4581 terram
621 4521 703 4598 filiis
719 4521 823 4579 Israel
837 4530 929 4591 sorte,

176 4634 209 4685 ct
225 4632 264 4683 ut
278 4622 412 4699 filiabus
427 4620 599 4698 salphaad
613 4619 743 4697 fratris,
761 4617 792 4680 id
813 4626 861 4681 θεῖ
883 4636 932 4681 eo

176 4720 283 4804 gnati,
301 4720 417 4791 nostri,
433 4720 527 4778 dores
543 4718 768 4794 possessionem
789 4719 931 4778 debitam

986 4228 1074 4303 parte
1092 4228 1219 4308 patrum
1236 4238 1378 4295 suorum,
1401 4238 1465 4283 non
1486 4229 1640 4296 matrum3
1664 4221 1729 4285 imo

986 4339 1044 4383 nec
1060 4319 1158 4383 moris
1173 4326 1222 4381 est
1235 4318 1480 4399 Scripturarum,
1491 4319 1662 4382 mulierum
1677 4339 1731 4402 ge·

986 4417 1164 4499 nealogiam
1179 4416 1370 4493 describere,
1389 4425 1423 4478 ut
1441 4417 1486 4479 ait
1506 4418 1726 4500 Hieronymus.

985 4521 1092 4597 Atque
1116 4519 1165 4578 ita
1183 4520 1249 4593 fiet,
1267 4524 1304 4575 ut
1323 4536 1425 4594 quum
1439 4516 1608 4592 jubileus,
1627 4519 1664 4577 id
1684 4528 1730 4578 cst

985 4617 1273 4699 qur‘raquuqesimus
1292 4634 1401 4674 annus
1418 4616 1617 4675 remissionis
1633 4619 1729 4676 adoe-

985 4718 1071 4777 nerit
1086 4735 1098 4773 .·
1115 4714 1149 4781 in
1171 4732 1235 4795 quo
1254 4712 1360 4776 omnis
1385 4712 1543 4775 hereditas
1562 4713 1602 4774 ad
1623 4713 1731 4796 pristi-

173 4822 285 4900 patri,
307 4819 340 4880 id
360 4824 408 4881 est
432 4824 555 4899 partem
578 4815 813 4892 hereditariam,
835 4835 931 4897 quam
947 4818 972 4880 l)
987 4832 1060 4876 nam
1075 4813 1158 4876 redit
1175 4811 1292 4874 tribum
1305 4818 1400 4892 atque
1416 4810 1654 4893 heredem‚quia
1670 4833 1730 4876 nec

181 4929 275 5003 pater
290 4935 401 4981 carum
417 4915 584 4977 habiturus
600 4922 678 4991 crat,
695 4914 757 4976 nisi
773 4916 933 4996 peccando

49 5026 161 5081 lidum.
180 5016 414 5083 demeruisset:
427 5014 541 5097 dequo
557 5022 715 5096 praecepto
731 5022 872 5077 etcausa
887 5014 935 5075 in-

43 5092 78 5133 lc.

180 5114 365 5181 stitutionis
385 5132 450 5176 sua
466 5112 587 5175 dictum
609 5121 657 5175 est
679 5132 785 5194 supra,
803 5113 878 5195 quia
893 5114 936 5178 vi-

181 5216 303 5280 delicet
323 5220 413 5295 pater
435 5230 544 5275 earum
570 5230 634 5275 non
656 5210 768 5274 habuit
791 5211 932 5293 aliquem

181 5314 307 5377 filium.
332 5314 418 5380 Quas
439 5312 469 5369 si
492 5312 628 5371 alterius
650 5312 751 5371 tribus
777 5312 933 5384 homines,

312 5444 346 5495 Τ.
363 5444 387 5494 2.

986 4920 1110 4995 poterat
1139 4909 1223 4973 ultra
1252 4918 1378 4992 tempus
1404 4908 1486 4971 illud
1515 4910 1648 4975 alienari
1676 4923 1732 4976 aut

987 5010 1095 5088 vendi,
1112 5018 1148 5071 ut
1167 5010 1289 5072 dictum
1312 5017 1362 5070 est
1383 5026 1485 5089 saepe3
1507 5012 1732 5087 confundatur

987 5112 1126 5171 sortium
1149 5109 1336 5169 distributio
1355 5128 1366 5166 .·
1381 5106 1441 5169 hoc
1463 5115 1522 5184 est,
1540 5107 1732 5173 hereditates

989 5209 1129 5272 sortibus
1161 5205 1341 5269 distributae
1373 5204 1566 5268 misceantur
1598 5207 1733 5272 confuse

988 5309 1027 5371 ad
1053 5305 1202 5382 invicem,
1227 5303 1426 5367 deveniendo
1450 5304 1490 5367 ad
1514 5303 1593 5367 alias
1615 5306 1729 5387 tribus,

1575 5440 1606 5490 ³³
