4309 6259
441 451 502 519 530
816 470 989 519 muniunto
1011 472 1042 517 ns
1063 470 1133 517 cnr.
1155 470 1420 519 sumnonem.
1442 492 1483 503 ·-
1503 473 1574 519 mr.
1597 473 1609 519 ι

443 652 524 706 tunt.
542 643 593 708 Sic
613 646 720 709 omnia
738 648 804 729 jam
826 646 956 709 inducta
978 645 1186 725 intelligenda
1199 644 1226 705 t
1241 644 1276 706 in
1297 646 1401 728 prima
1424 648 1645 711 numeratione
1665 648 1790 711 iuerant
1810 648 1984 723 numerati,

442 750 528 819 sunt,
546 761 609 806 non
632 744 671 807 de
691 744 741 806 bis
761 744 878 826 quibus
902 744 934 806 in
954 742 1186 824 campestribus
1241 744 1313 807 ideo
1331 754 1364 809 et
1382 746 1500 810 Levitae
1519 748 1731 830 excipiuntur.
1747 750 1814 807 Nec
1828 749 1987 808 miranda

442 840 531 904 Moab
545 842 664 923 Moyses
680 843 740 905 ists
754 843 878 907 locutus
893 851 952 919 est,
965 843 1019 905 sed
1035 843 1075 904 de
1091 842 1188 923 patri-
1242 846 1428 921 indignatio
1441 848 1504 907 Dei
1517 850 1555 906 in
1565 851 1738 925 poputum,
1753 846 1786 907 id
1807 854 1854 908 est
1872 854 1988 908 contra

443 939 503 1002 bus
527 958 648 1018 eorum,
669 942 724 1023 qui
745 950 874 1023 propter
896 948 1045 1024 praetecta
1067 940 1187 1003 scelera
1241 943 1387 1023 vulgares
1412 954 1606 1021 numeratos,
1631 966 1734 1025 quum
1756 947 1841 1005 milti
1862 964 1989 1024 quoque

441 1038 505 1119 jam
529 1038 561 1101 in
584 1040 757 1103 solitudine
782 1050 872 1104 erant
893 1039 1049 1103 deiuncti.
1070 1039 1108 1101 lli
1132 1059 1187 1102 au·
1241 1044 1347 1102 iratus
1360 1046 1521 1104 Dominus
1533 1054 1664 1121 propter
1673 1064 1740 1114 uos,
1755 1051 1816 1106 etc.
1831 1042 1923 1115 Quasi
1939 1040 1989 1104 di-

443 1146 506 1199 tem
520 1138 639 1219 quibus
658 1139 777 1221 Moyses
798 1140 859 1202 iste
878 1137 1017 1220 repetiit,
1034 1156 1099 1201 non
1119 1138 1188 1202 lue
1240 1140 1379 1216 oat‚Non
1394 1140 1513 1203 mirum
1525 1142 1611 1223 quod
1622 1141 1796 1217 vobis‚boc
1810 1149 1859 1203 est
1872 1142 1989 1223 praedi-

441 1244 516 1298 runt
535 1245 612 1301 tuuc
633 1238 801 1315 numerati,
819 1239 873 1301 sed
896 1246 1006 1320 postea
1027 1236 1092 1299 illis
1115 1256 1187 1319 pro
1240 1237 1301 1299 ctis
1315 1239 1460 1320 patribus
1473 1239 1599 1317 vestris,
1618 1239 1802 1321 indignatus
1817 1248 1864 1302 est
1880 1239 1987 1302 llomi·

441 1335 558 1399 stratis.
1239 1355 1301 1399 uus
1321 1346 1450 1419 propter
1465 1345 1512 1401 tot
1532 1338 1654 1401 scelera
1671 1338 1866 1413 eorumdem,
1881 1357 1985 1419 quum

490 1436 553 1503 Qui
571 1438 734 1513 precessit
760 1456 812 1495 uos
837 1437 873 1496 in
898 1438 966 1505 uin,
988 1434 1020 1497 id
1045 1443 1104 1511 est,
1128 1453 1186 1516 per
1239 1444 1271 1497 et
1290 1436 1370 1498 mibi
1387 1436 1450 1499 sibi
1470 1445 1534 1499 tam
1557 1435 1708 1499 familiari
1728 1444 1761 1500 et
1781 1436 1883 1499 electo
1901 1437 1985 1499 iudi-

441 1542 563 1596 motum
579 1533 674 1597 nubis
692 1542 786 1597 motos
805 1533 845 1595 ab
864 1534 976 1614 angelo
990 1532 1075 1595 viam
1095 1551 1185 1596 mon·
1238 1542 1354 1614 gnatus
1379 1535 1421 1597 sit
1445 1544 1575 1618 propter
1594 1554 1661 1600 vos.
1684 1536 1749 1598 Hoc
1771 1553 1835 1598 nou
1860 1544 1908 1597 est
1932 1536 1985 1597 in·

440 1631 561 1709 stravit,
570 1642 601 1693 et
611 1643 747 1694 metatus
755 1642 800 1693 est
810 1636 914 1693 iocum
925 1634 961 1691 in
971 1652 1033 1712 qim
1047 1634 1185 1692 tentoria
1239 1632 1459 1712 telligendum‚
1477 1636 1563 1715 quod
1577 1643 1707 1717 propter
1721 1634 1856 1697 crimina
1869 1634 1982 1715 populi

437 1736 536 1808 fipere
551 1733 715 1803 deberetis,
732 1730 839 1807 idest,
857 1748 914 1812 per
930 1730 1070 1811 quietem
1088 1729 1184 1791 nubis
1237 1729 1320 1793 Deus
1335 1731 1435 1793 iratus
1450 1731 1547 1795 luerit
1561 1733 1669 1815 Moysi,
1687 1740 1719 1794 et
1737 1750 1810 1795 eum
1830 1731 1983 1814 probibu-

438 1829 579 1893 ostendit
589 1837 621 1892 et
631 1828 857 1893 determinavit
868 1828 936 1891 loca
945 1836 978 1892 et
987 1828 1181 1904 mansiones,
1201 1828 1300 1891 Berit
1313 1838 1430 1892 terram
1444 1831 1591 1894 Cbauaan
1608 1830 1731 1912 ingredi
1754 1848 1762 1893 :
1779 1830 1929 1912 quoniam
1947 1830 1981 1892 in

439 1928 471 1991 iu
492 1928 621 2011 quibus,
645 1928 719 1991 lixis
747 1927 902 2005 tentoriis,
925 1927 1104 2008 quievistis,
1128 1948 1184 1987 uo-
1239 1926 1321 1990 libro
1335 1929 1544 1993 Numerorum
1559 1937 1592 1993 et
1605 1929 1684 1991 alibi
1698 1928 1867 1991 manifeste
1884 1929 1983 1991 babe-

437 2039 484 2089 cte
504 2031 669 2089 ostenden
684 2030 771 2088 vobis
788 2030 851 2088 iter
860 2046 921 2104 per
936 2028 1043 2105 ignem
1054 2048 1066 2086 .·
1089 2026 1184 2089 iulet·-
1238 2034 1300 2103 tur,
1316 2029 1402 2109 quod
1416 2027 1533 2109 Moyses
1548 2035 1581 2091 el
1594 2028 1698 2092 Aaron
1714 2036 1925 2110 peecaverunt
1937 2029 1980 2090 ad

437 2128 514 2189 dum
530 2126 616 2190 euim
630 2125 874 2190 ambulaverunt
888 2125 928 2188 de
944 2132 1046 2201 nocte,
1060 2133 1092 2187 et
1106 2133 1183 2188 tuuc
1237 2143 1335 2205 aquas
1350 2125 1616 2189 contradictionis
1635 2126 1715 2189 vitio
1733 2124 1977 2202 incredulitatis,

437 2225 586 2289 columna
605 2224 688 2306 ignis
711 2242 816 2288 aerem
840 2224 1023 2299 illustravit,
1040 2232 1071 2285 et
1095 2224 1181 2287 viam
1238 2224 1370 2287 Domino
1384 2226 1424 2287 ad
1439 2244 1494 2289 eos
1510 2226 1669 2307 loquente,
1686 2225 1745 2288 Pro
1759 2243 1797 2288 eo
1811 2225 1896 2306 quod
1910 2243 1978 2287 non
2017 2244 2134 2292 sum

436 2322 595 2399 ostendit;
616 2334 647 2384 et
669 2326 724 2384 die
739 2344 799 2401 per
817 2328 1002 2383 columnam
1025 2325 1131 2394 nubis,
1148 2323 1180 2385 id
1235 2323 1416 2386 credidistis
1430 2324 1521 2386 mibi.
1538 2324 1658 2387 ldcirco
1671 2324 1758 2405 quod
1771 2324 1828 2401 ait,
1847 2322 1979 2405 Propter
1997 2310 2036 2350 ¹²

435 2430 484 2484 est
508 2440 565 2504 per
584 2422 713 2499 nubem,
730 2421 823 2503 cujus
842 2439 906 2483 uua
925 2429 1022 2503 atque
1040 2420 1180 2484 anterior
1235 2438 1303 2497 vos,
1329 2424 1552 2503 exponendum
1576 2431 1635 2499 est,
1661 2422 1790 2505 Propter
1811 2430 1978 2503 peccatum

435 2540 509 2603 pars
524 2520 650 2603 plebem
670 2520 842 2603 precessit,
860 2519 923 2582 alia
944 2538 1017 2602 pars
1037 2538 1106 2583 eam
1127 2520 1180 2583 ob
1234 2521 1320 2599 quod
1335 2519 1502 2584 occasione
1520 2521 1618 2583 vestri
1638 2520 1748 2584 incidi.
1764 2521 1808 2583 Ex
1827 2520 1981 2602 importu

433 2619 594 2683 umbravit
616 2627 726 2683 contra
746 2619 824 2682 solis
846 2620 1002 2682 ardorem.
1019 2619 1115 2682 Porro
1137 2638 1178 2681 an
1234 2636 1275 2678 na
1298 2618 1419 2701 quippe
1444 2619 1548 2700 plebis
1572 2618 1735 2695 instantia,
1761 2618 1915 2682 seditione
1939 2638 1978 2682 ac

433 2717 530 2781 luerit
549 2719 660 2782 eadem
685 2717 834 2781 columna
854 2717 938 2798 ignis
958 2725 990 2779 et
1010 2715 1116 2793 nubis,
1134 2718 1178 2781 its
1231 2714 1348 2795 jurgio,
1373 2716 1491 2798 Moyses
1516 2724 1548 2780 et
1572 2716 1675 2779 Aaron
1700 2716 1880 2780 conturbati
1906 2715 1977 2779 luo-

431 2818 517 2897 quod
533 2816 633 2880 nubes
653 2834 712 2900 pro
731 2825 822 2899 parte
842 2815 903 2877 luit
922 2816 1060 2893 subtilis,
1077 2815 1174 2894 clara,
1233 2822 1307 2875 runt
1329 2822 1362 2877 et
1382 2824 1489 2878 mente
1510 2815 1656 2897 impediti
1678 2835 1697 2878 a
1720 2814 1975 2879 consideratione

431 2923 462 2977 et
486 2915 588 2994 ignea,
605 2922 637 2979 et
662 2933 720 2997 pro
742 2914 806 2976 alia
831 2922 920 2996 parte
945 2914 1057 2996 spissa,
1081 2934 1177 2996 super
1230 2913 1471 2994 omnipotentie
1500 2914 1565 2991 Dei,
1592 2914 1703 2996 sicque
1731 2913 1898 2977 videbatur
1925 2910 1974 2977 eis

312 3029 319 3042 ·
431 3012 571 3076 Exodum
596 3020 644 3076 est
668 3013 867 3087 discussum
885 3030 944 3074 nec
968 3019 1016 3074 est
1040 3010 1211 3089 certum,ll
1230 3011 1321 3091 quasi
1337 3011 1535 3093 impossibile
1549 3012 1683 3094 aliquid,
1700 3032 1815 3093 aquam
1829 3013 1869 3075 de
1884 3020 1974 3093 petra
2019 3037 2126 3081 rann.

428 3112 505 3193 quia
524 3114 564 3174 de
584 3113 643 3175 boc
667 3119 742 3173 sunt
761 3111 832 3173 duae
852 3109 1034 3192 probabiles
1054 3110 1175 3192 opinio
1229 3108 1356 3189 ejicere,
1374 3118 1409 3172 ut
1425 3109 1457 3171 in
1473 3110 1618 3173 Numeris
1633 3110 1754 3173 dictum
1770 3118 1817 3173 est
1831 3109 1970 3192 plenius.

428 3228 496 3273 nes
509 3210 631 3273 Hebraei
646 3227 721 3273 voro
730 3208 837 3291 potius
852 3215 973 3285 tenent,
985 3210 1072 3289 quod
1083 3218 1175 3272 erunt
1239 3209 1295 3268 Vos
1309 3218 1417 3269 autem
1431 3210 1637 3269 revertimini
1655 3219 1686 3269 et
1705 3210 1789 3269 abite
1808 3211 1842 3269 in
1861 3210 1973 3269 solitu-

429 3309 498 3371 duae
523 3308 680 3371 columne
701 3325 708 3370 :
735 3325 799 3369 una
823 3306 929 3384 nubis,
955 3325 1114 3389 apparens
1139 3309 1173 3370 in
1228 3308 1338 3368 dinem
1349 3327 1409 3384 per
1424 3310 1514 3368 uiam
1527 3310 1629 3368 muris
1642 3308 1760 3369 Rubri.
1772 3305 1884 3369 Omnia
1903 3306 1972 3369 hac

428 3404 491 3482 die,
504 3414 536 3469 et
550 3406 716 3488 disparens
731 3406 771 3468 de
785 3424 934 3487 vespere;
947 3405 1009 3468 alio
1025 3405 1120 3485 ignis,
1133 3407 1173 3469 de
1228 3403 1262 3464 in
1288 3403 1370 3467 libro
1395 3404 1604 3467 Numerorum
1629 3403 1749 3486 scripta
1778 3412 1853 3467 sunt
1875 3412 1971 3485 atque

427 3522 560 3586 vespere
588 3504 785 3579 subintrans,
816 3522 852 3565 ac
883 3522 975 3567 mane
1006 3504 1170 3567 recedens.
1227 3502 1370 3584 exposita
1395 3520 1403 3564 ε
1430 3502 1589 3585 siquidem
1614 3511 1743 3585 propter
1769 3502 1889 3565 scelera
1912 3521 1971 3564 sua

427 3602 627 3680 libidinum,
645 3602 730 3684 quod
755 3620 820 3664 una
840 3601 901 3663 luit
922 3601 955 3663 in
978 3602 1170 3681 substantia,
1225 3600 1319 3681 jussit
1335 3601 1487 3664 Dominus
1502 3608 1538 3662 ut
1552 3601 1693 3664 redirent
1708 3600 1741 3662 in
1756 3619 1971 3683 eremum,per
2013 3625 2129 3669 ruam.

427 3702 482 3763 sed
507 3702 625 3783 duplex
649 3700 774 3778 officio,
797 3708 905 3783 utpote
931 3718 968 3763 ex
994 3719 1057 3763 una
1081 3711 1172 3784 parte
1225 3699 1312 3761 viam
1328 3699 1496 3761 ducentem
1511 3699 1550 3760 ad
1565 3716 1653 3761 mare
1668 3699 1820 3761 Rubrum.
1986 3688 2030 3730 ²⁵·

426 3799 536 3863 lucens
558 3808 593 3862 ut
608 3799 702 3880 ignis,
721 3818 759 3863 ex
779 3799 842 3861 alia
864 3807 953 3881 parte
974 3799 1170 3863 obumbrans
1265 3799 1309 3858 Et
1327 3800 1536 3874 respondistis
1557 3799 1641 3857 mibi
1656 3799 1890 3859 :Peccavimus
1905 3800 1970 3858 bc

426 3906 461 3960 ut
476 3899 584 3961 nubes.
1227 3899 1327 3957 mino.
1344 3895 1408 3959 Hoc
1423 3896 1582 3972 dixerunt,
1599 3895 1669 3958 visa
1688 3894 1853 3958 subitanea
1867 3904 1970 3958 morte
1986 3916 2130 3963 insursu.

467 4000 634 4076 Quumque
648 3998 789 4056 audisset
804 3997 963 4057 Dominus
983 4016 1088 4058 vocem
1107 4018 1171 4057 ser-
1227 3994 1337 4057 decem
1365 3993 1610 4075 exploratorum,
1637 4013 1677 4057 ex
1701 4012 1837 4074 quorum
1861 3993 1969 4058 verbis

425 4115 556 4155 monum
572 4104 761 4166 uestrorum,
777 4093 809 4155 id
825 4101 872 4155 est
887 4094 1085 4175 praeindueta
1099 4115 1171 4178 pra·
1226 4094 1305 4156 moti
1322 4092 1449 4155 luerunt
1465 4094 1505 4155 ad
1521 4093 1796 4155 murmurandum.
1813 4097 1971 4155 Ascende·

425 4192 556 4254 vissima
581 4191 678 4255 verba
702 4199 807 4255 vestra
829 4208 835 4253 :
863 4210 934 4273 quae
959 4209 1022 4255 non
1048 4193 1209 4257 audivitll
1225 4213 1297 4253 mus
1315 4202 1345 4252 ct
1360 4194 1592 4270 pugnabimus,
1608 4193 1693 4252 sicut
1706 4195 1861 4270 precepit
1877 4195 1968 4253 nobis

424 4290 535 4367 auditu
550 4308 715 4372 corporeo,
733 4309 791 4352 nee
807 4308 864 4371 per
879 4289 1099 4353 alterationem
1115 4300 1170 4354 aut
1224 4292 1392 4351 Dominus.
1422 4292 1590 4369 Quumque
1615 4292 1767 4351 instructi
1791 4293 1906 4360 armis,
1930 4290 1968 4353 id

424 4388 639 4470 cognitionem
651 4395 818 4464 recentem,
826 4388 881 4450 sed
892 4388 1085 4452 aeternaliter
1095 4409 1169 4472 prio
1223 4396 1271 4449 est
1286 4387 1383 4450 armis
1402 4386 1530 4448 muniti.
1547 4387 1635 4450 Unde
1658 4396 1689 4450 et
1710 4387 1744 4450 in
1765 4388 1872 4452 Exodo
1892 4389 1968 4469 legi·

423 4486 592 4567 eognovit;
609 4494 641 4549 et
655 4487 783 4567 quando
799 4484 1053 4568 proferebantur,
1064 4496 1169 4550 osten·
1224 4496 1285 4565 tur,
1309 4487 1393 4569 quod
1419 4486 1480 4548 lilii
1503 4486 1598 4549 lsrael
1622 4487 1736 4549 armati
1755 4489 1967 4551 ascenderunt
1995 4507 2126 4554 amem

423 4586 468 4648 dit
485 4604 519 4648 se
534 4603 571 4648 ea
586 4603 776 4666 cognoscere
792 4603 849 4667 per
859 4584 1032 4647 vindictam
1043 4609 1050 4661 ;
1063 4588 1169 4647 iratus
1222 4586 1262 4648 de
1277 4585 1518 4668 AEgypto.Circa
1533 4586 1617 4668 quod
1633 4585 1732 4667 aliqui
1746 4586 1869 4664 dicunt,
1882 4590 1966 4668 quod
1982 4572 2020 4612 ¹⁸·

423 4701 487 4747 non
503 4702 560 4766 per
575 4682 851 4746 conturbationem
868 4681 1017 4759 allectus,
1036 4684 1091 4746 sed
1112 4703 1168 4765 per
1222 4684 1323 4766 aliqui
1337 4704 1426 4747 arma
1441 4703 1548 4747 seeum
1564 4684 1715 4760 tulerunt,
1732 4692 1764 4747 et
1778 4686 1864 4766 quod
1879 4686 1966 4769 AEgy·

423 4780 560 4862 rigorem
576 4781 722 4858 ellectus,
732 4783 879 4859 juravit,
893 4791 923 4841 et
939 4784 987 4843 cit
1002 4802 1013 4841 .·
1029 4784 1104 4843 Non
1124 4786 1170 4843 ui·
1222 4783 1281 4864 ptii
1304 4791 1528 4845 concesseruut
1552 4782 1598 4845 eis
1620 4802 1718 4859 arma,
1736 4783 1819 4846 sicut
1840 4792 1872 4847 et
1890 4804 1964 4847 vasa

421 4883 508 4941 debit
522 4881 686 4960 quispiam
700 4882 738 4939 dc
753 4880 938 4941 nominibus
950 4882 1168 4957 generationis
1222 4900 1317 4944 aurea
1332 4888 1427 4961 atque
1442 4888 1601 4959 argentea.
1617 4880 1674 4943 vet
1690 4899 1746 4962 per
1761 4901 1860 4958 arma,
1874 4882 1963 4947 intel-

422 4981 521 5056 ltujus
532 4980 678 5056 pessimat
701 4988 820 5038 terram
840 4980 966 5049 bonum,
983 4978 1106 5041 scilicet
1121 4998 1168 5041 re-
1222 4979 1364 5059 lignntur
1379 4978 1479 5041 instes
1499 4987 1530 5040 et
1550 4978 1653 5042 baculi
1672 4987 1727 5041 aut
1741 4979 1839 5042 etiam
1852 4981 1958 5062 gladii.

422 5077 624 5159 promissam,
637 5086 756 5153 prcetcr
781 5080 872 5137 Cateb
891 5078 1001 5154 filium
1014 5080 1165 5154 Jepbcue,
1221 5081 1400 5154 Perperetis
1414 5081 1452 5138 in
1467 5088 1617 5150 montem,
1632 5078 1672 5140 ad
1692 5078 1833 5140 eundum
1852 5099 1959 5143 versus

295 5196 407 5251 Numan,
422 5185 454 5240 et
472 5175 567 5239 etiam
588 5180 701 5257 praeter
720 5174 824 5251 losue,
842 5174 897 5255 qui
919 5174 997 5238 alibi
1018 5174 1168 5257 exprimi·
1221 5184 1336 5238 terram
1352 5174 1585 5257 promissionis,
1599 5175 1639 5237 ad
1659 5176 1958 5259 pugnandumque

275 5262 309 5303 ³⁰·
421 5274 532 5339 tuth
546 5274 631 5337 istud
646 5272 890 5354 intelligendum
906 5272 969 5335 luit
983 5274 1022 5337 de
1037 5273 1166 5355 his,qui
1220 5291 1283 5355 que
1306 5279 1417 5335 contra
1440 5272 1638 5336 adversarios
1656 5280 1790 5351 vestros,
1810 5277 1861 5335 uit
1879 5276 1958 5335 milti
