4309 6259
577 514 750 560 sumasne
770 512 801 559 m
822 513 890 558 cnr.
913 511 979 559 xxu
999 513 1102 559 ssent.
1124 532 1165 543 -
1185 514 1257 560 aar.
1279 514 1349 561 mn
1693 498 1730 560 tt

184 692 258 747 tuor
273 703 361 748 oves.
379 685 426 749 Ad
446 685 506 749 hec
527 693 657 748 sanctus
676 686 790 747 flector
806 681 974 765 respon-h
1030 686 1070 747 Si
1083 686 1256 762 effringens
1265 687 1476 762 furdomum,
1488 689 1554 747 sive
1568 689 1732 766 effodiens,

183 785 237 847 det
250 802 257 845 :
271 784 340 847 Non
357 784 461 848 solum
477 792 607 867 prepter
621 783 810 865 gravitatem
821 782 931 864 culpa,
988 784 1092 859 suerit
1101 786 1300 857 inventuram
1310 795 1434 863 accepto
1445 790 1577 847 vetuere
1587 796 1733 848 mortuos

182 883 239 945 sed
256 882 353 945 ctiam
371 883 590 965 prepteralias
601 900 712 945 causas
723 881 828 961 gravis
839 898 934 962 poena
988 884 1101 961 fuerit,
1115 902 1283 960 percussor
1297 904 1362 944 oca
1381 887 1443 945 erit
1459 904 1533 945 reos
1546 886 1730 963 sanguinis.

183 980 353 1061 infligitur.
362 981 468 1044 Primo
483 981 613 1063 quidem
629 980 791 1061 infligitur
805 988 935 1061 prepter
989 982 1074 1044 Istud
1095 981 1285 1061 intelligitur
1305 982 1344 1045 de
1364 981 1434 1046 fure
1455 991 1619 1061 nocturno,
1635 1002 1732 1064 quem

182 1080 397 1159 quantitatem
413 1080 546 1163 peceati,
561 1080 640 1162 quia
660 1078 774 1161 majori
790 1086 931 1161 peccate,
989 1080 1016 1141 si
1032 1079 1180 1143 dominus
1196 1081 1381 1157 domus‚vel
1395 1082 1463 1163 ejus
1479 1081 1671 1145 domesticus
1688 1081 1734 1142 in-

182 1178 299 1241 oetcris
319 1178 463 1261 paribuS,
482 1179 584 1261 major
604 1196 699 1261 poena
719 1176 863 1240 debetur.
882 1176 935 1239 Se
989 1178 1113 1242 venerit
1128 1178 1161 1240 in
1177 1179 1248 1261 ipsa
1262 1179 1480 1243 confractione
1491 1187 1546 1242 aut
1556 1178 1733 1243 effossione

181 1278 297 1354 cundo,
305 1286 438 1359 propter
447 1278 570 1360 peccati
580 1276 851 1353 consuetudinem,
859 1276 934 1358 quia
989 1278 1113 1353 domus,
1131 1285 1163 1340 et
1178 1269 1376 1341 interfecerit
1390 1297 1474 1355 eum,
1488 1297 1552 1341 non
1569 1287 1733 1360 reputatur

181 1394 202 1437 a
217 1376 359 1458 peccatis
375 1376 537 1440 consuetis
553 1374 699 1439 homines
715 1393 779 1437 non
798 1373 934 1439 faciliter
989 1374 1154 1439 homicidii
1170 1394 1254 1453 rens,
1267 1376 1343 1458 quia
1360 1377 1537 1440 timendum
1552 1384 1630 1455 erat,
1647 1377 1733 1457 quod

182 1474 426 1551 abstrahuntur,
444 1473 507 1537 nisi
523 1492 706 1557 pergraves
723 1492 845 1556 poenas.
862 1474 935 1535 Ter·
988 1476 1077 1539 venit
1099 1493 1163 1537 ncn
1185 1474 1289 1537 solum
1310 1477 1351 1539 ad
1373 1474 1556 1553 furandum,
1578 1476 1634 1538 sed
1656 1475 1732 1538 item

184 1574 240 1650 tio,
268 1581 400 1656 propter
425 1573 559 1636 multam
586 1572 879 1655 concupiscentiam
903 1579 934 1634 et
989 1571 1028 1633 ad
1044 1570 1265 1634 occidendum.
1282 1571 1370 1646 Quod
1386 1580 1491 1635 autem
1507 1570 1592 1634 istud
1608 1572 1648 1635 de
1663 1570 1734 1634 fure

183 1670 431 1735 delectationem
447 1671 480 1733 in
497 1679 633 1754 peccato.
651 1670 699 1733 Ab
713 1670 765 1732 his
780 1670 866 1733 enim
880 1669 934 1733 he·
990 1678 1146 1733 nocturno
1168 1669 1302 1747 dicatur,
1324 1670 1464 1733 innuunt
1485 1670 1582 1734 verba
1601 1689 1734 1752 sequen-

183 1769 289 1832 mines
305 1788 370 1833 non
392 1771 431 1833 de
452 1769 540 1833 facili
561 1771 777 1847 retrahuntur,
795 1769 857 1831 nisi
877 1788 934 1852 per
990 1769 1033 1831 tia
1051 1787 1058 1830 :
1079 1772 1169 1837 Quod
1187 1771 1217 1829 si
1235 1779 1303 1829 orto
1322 1773 1386 1830 sole
1404 1774 1462 1831 boc
1481 1771 1603 1848 fecerit,
1620 1768 1653 1831 id
1672 1777 1732 1845 est,

183 1886 316 1949 magnas
333 1887 454 1951 poenas.
467 1868 593 1947 Quarto,
604 1878 734 1952 propter
749 1868 934 1931 facilitatem
952 1866 975 1929 B
990 1866 1094 1931 furem
1119 1867 1163 1929 ita
1183 1867 1416 1949 deprehensum
1436 1868 1522 1932 clarc
1541 1868 1593 1931 die
1612 1866 1734 1931 occide

183 1975 216 2030 et
230 1967 427 2049 pronitatem
443 1968 607 2051 peccandi,
624 1976 656 2031 et
671 1968 704 2029 in
720 1974 850 2050 peceato
869 1984 935 2029 ma·
989 1967 1050 2041 rit;
1068 1968 1282 2027 homicidium
1295 1968 1507 2045 perpetravit,
1529 1978 1559 2028 et
1577 1968 1645 2046 ipse
1664 1984 1734 2048 per·
1839 1992 1841 1995 ·

185 2065 296 2128 nendi.
324 2065 513 2148 Hujusmcdi
539 2085 677 2148 namque
706 2072 835 2148 peccata
858 2066 933 2127 dum
989 2083 1100 2128 ausser
1121 2063 1213 2142 furis,
1236 2067 1392 2127 morietur
1412 2073 1447 2127 ut
1467 2065 1636 2142 homicida,
1658 2064 1735 2146 quia

184 2163 447 2241 manifestantur,
479 2172 553 2228 sunt
578 2164 680 2245 magis
706 2163 869 2246 punienda
896 2163 935 2225 ad
990 2163 1284 2245 discernerepotuit
1298 2172 1331 2227 et
1345 2164 1422 2227 satis
1437 2163 1735 2247 perpendere,quod

184 2262 325 2327 aliorum
352 2272 517 2327 terrorem.
544 2264 653 2347 ltaque
678 2263 712 2325 in
738 2282 833 2346 poena
857 2262 934 2324 furti
990 2262 1042 2324 fur
1071 2280 1137 2325 nen
1161 2262 1250 2325 venit
1273 2262 1337 2325 nisi
1361 2263 1401 2325 ad
1426 2262 1608 2341 furandum,
1634 2281 1734 2344 quum

184 2361 236 2425 lex
252 2361 469 2425 consideravit
484 2363 570 2445 quod
587 2361 774 2446 frequenter
793 2360 936 2425 accidere
990 2360 1121 2423 aliunde
1137 2379 1201 2424 nen
1216 2368 1300 2423 esset
1315 2368 1492 2443 suspectus.

184 2467 312 2541 poterat
330 2477 337 2521 :
355 2458 475 2522 idcirco
490 2478 548 2541 pro
564 2458 651 2523 furto
665 2478 782 2537 rerum,
798 2478 870 2541 quae
885 2478 936 2521 cu·
1035 2461 1122 2522 Hanc
1146 2458 1377 2541 expositionem
1407 2459 1567 2541 redarguit
1590 2458 1733 2542 quidam,

184 2558 298 2621 stodiri
315 2556 454 2621 faciliter
469 2566 603 2639 possunt
618 2578 636 2619 a
652 2557 789 2635 furibus,
803 2556 854 2619 fur
870 2557 937 2619 red·
990 2558 1067 2641 qnia
1082 2557 1178 2621 etiam
1194 2557 1280 2621 clarc
1296 2558 1348 2622 die
1362 2557 1494 2640 quidam
1508 2556 1642 2622 veniunt
1659 2557 1736 2619 insi-

183 2655 268 2719 didit
298 2655 446 2739 duplum.
473 2655 553 2721 Oves
578 2664 685 2719 autem
712 2675 776 2720 nen
802 2663 937 2738 possunt
990 2658 1081 2720 diose
1099 2658 1139 2719 ad
1159 2656 1381 2733 occidendum,
1397 2656 1665 2737 quemadmodum
1688 2677 1735 2720 se

185 2754 327 2818 faciliter
347 2754 501 2817 custodiri
519 2775 538 2817 a
559 2754 655 2832 furto,
672 2755 748 2836 quia
763 2763 936 2838 pascuntur
991 2756 1096 2819 cundo
1110 2756 1230 2836 Regum
1246 2754 1361 2835 legitur
1381 2755 1420 2817 de
1436 2753 1515 2817 filiis
1529 2754 1666 2833 Rechab,
1678 2755 1734 2837 qui
1766 2773 1784 2817 u
1793 2775 1881 2830 nepe,
1968 2769 1973 2779 ·

185 2854 218 2915 in
235 2853 565 2936 agriqprcpterquod
576 2853 710 2933 contigit
725 2871 778 2915 eas
794 2852 936 2934 frequen·
991 2853 1223 2917 interfecerunt
1243 2853 1396 2916 isboseth.
1413 2854 1485 2916 ldee
1505 2852 1620 2933 allegat
1634 2853 1734 2916 Rabbi
1749 2839 1769 2888 ⁶·
1778 2838 1798 2879 ⁷·

186 2952 250 3015 tius
266 2952 355 3015 furto
370 2951 511 3015 auferri:
530 2951 601 3016 ideo
617 2953 701 3015 circa
716 2970 769 3015 eas
784 2952 834 3015 lex
849 2951 936 3014 auxit
991 2953 1203 3029 Salomonem,
1226 2951 1385 3014 dicentem
1407 2950 1492 3032 quod
1515 2951 1565 3013 lex
1586 2951 1648 3013 ista
1671 2970 1735 3015 non

184 3059 218 3114 et
233 3050 413 3133 duplicavit
427 3070 556 3133 poenam
574 3050 662 3127 furti,
675 3050 863 3134 precipiens
878 3068 936 3132 pro
954 3054 976 3118 G
991 3053 1095 3116 solum
1117 3049 1307 3130 intelligitur
1329 3050 1369 3111 de
1391 3049 1463 3112 fure
1488 3057 1656 3127 nocturne,
1680 3052 1735 3113 sed

187 3168 252 3212 una
267 3158 407 3231 quatuor
422 3149 524 3212 reddi.
542 3150 641 3213 Boves
660 3167 735 3212 vero
755 3148 858 3211 adhuc
876 3148 938 3210 dif-
991 3161 1023 3215 et
1045 3151 1173 3227 diurne,
1199 3148 1373 3211 dummodo
1398 3148 1500 3231 pessit
1523 3148 1634 3212 haberi
1650 3150 1735 3231 quod

190 3247 315 3311 licilius
344 3255 580 3331 prescrutantur
605 3268 623 3310 a
648 3247 744 3325 furto,
770 3248 848 3329 quia
873 3265 936 3310 non
992 3248 1081 3313 venit
1102 3247 1142 3309 ad
1162 3247 1383 3310 occidendum.
1400 3246 1490 3309 Unde
1508 3247 1594 3328 quod
1614 3246 1735 3310 dictum

187 3356 325 3431 possunt
345 3346 433 3428 pasci
452 3346 607 3426 gregatim
624 3355 658 3408 ut
672 3365 772 3411 oves:
796 3346 867 3409 ideo
887 3346 937 3409 lex
992 3357 1051 3426 est,
1073 3347 1106 3411 Si
1126 3354 1233 3409 autem
1254 3354 1324 3409 erto
1345 3346 1412 3409 sole
1431 3346 1492 3409 hoc
1512 3344 1636 3424 fecerit,
1658 3346 1737 3409 dicit

187 3445 342 3529 praecepit
358 3464 416 3528 pro
427 3463 493 3508 nnc
503 3446 584 3509 beve
595 3444 699 3509 furato
710 3444 836 3509 restitui
846 3444 938 3527 quin·
991 3444 1207 3528 metaphorice
1223 3444 1477 3524 intelligendum,
1490 3452 1526 3506 ut
1541 3444 1583 3507 sit
1597 3464 1710 3508 sensus
1725 3466 1733 3510 ι

185 3564 250 3627 qne
265 3546 375 3608 beves.
993 3546 1024 3609 Si
1050 3554 1116 3607 mm
1141 3543 1263 3607 clarum
1287 3552 1336 3605 est
1359 3562 1456 3623 quam
1478 3543 1562 3605 clara
1587 3551 1635 3606 est
1655 3543 1734 3623 dies,

227 3645 324 3707 Porro
339 3642 450 3705 Glossa
469 3641 566 3706 aliam
588 3641 688 3721 tangit
707 3641 804 3724 hujus
823 3660 938 3723 praece
992 3644 1077 3727 quod
1104 3642 1157 3705 fur
1183 3661 1246 3705 non
1271 3641 1360 3704 venit
1383 3641 1422 3705 ad
1448 3641 1673 3719 occidendum,
1701 3652 1737 3705 ut

187 3744 235 3826 pti
251 3760 381 3805 causam
400 3758 407 3802 :
425 3740 495 3818 Bes,
508 3740 670 3821 inquiens,
683 3740 827 3821 quinque
842 3739 938 3802 habet
993 3744 1020 3806 si
1043 3743 1086 3805 sit
1110 3741 1232 3804 amicus
1254 3747 1308 3803 aut
1328 3739 1528 3823 propinquus
1544 3739 1666 3803 domini
1682 3741 1737 3804 dc-

186 3840 356 3916 utilitates,
375 3838 527 3921 quoniam
547 3838 741 3915 immolatur,
762 3838 873 3920 pascit,
897 3838 938 3900 la·
992 3862 1074 3920 mus,
1098 3848 1130 3904 et
1154 3848 1260 3902 tamen
1285 3838 1438 3902 occiderit
1462 3857 1548 3916 eum,
1571 3838 1736 3919 sanguinis

188 3947 262 4017 ctat,
279 3946 361 4015 arat,
379 3946 410 4000 et
425 3937 549 4001 cerium
569 3939 608 4000 ad
630 3937 771 4000 diversos
788 3956 864 3999 usus
880 3938 938 4000 mi·
992 3959 1064 4004 reus
1085 3938 1156 4002 erit.
1179 3938 1239 4001 Sed
1260 3938 1364 4020 prima
1384 3935 1542 4019 expositio
1563 3936 1665 4001 multe
1689 3946 1738 4001 est

189 4038 333 4100 nistret:
353 4044 385 4099 et
410 4036 453 4097 ita
478 4054 535 4118 per
559 4036 675 4099 bovem
700 4034 884 4115 designatur
907 4044 939 4099 et
993 4038 1108 4121 aptior,
1124 4038 1200 4119 quia
1215 4044 1246 4100 et
1260 4035 1456 4117 Augustinus
1470 4054 1540 4099 eam
1555 4035 1690 4113 inducit,
1706 4046 1738 4100 et

189 4156 297 4213 vacca,
315 4153 387 4217 quae
402 4135 452 4197 lac
465 4134 529 4196 dat.
547 4133 620 4198 Ovis
636 4152 711 4198 vere
726 4142 862 4216 quatuor
882 4134 937 4197 ha·
993 4138 1056 4200 alia
1071 4134 1237 4199 translatio
1251 4134 1346 4198 habet
1361 4134 1408 4197 sic
1425 4152 1432 4196 :
1450 4134 1482 4197 Si
1497 4142 1603 4197 nutem
1618 4134 1738 4198 orietur

190 4238 245 4300 bet
264 4233 432 4310 utilitates,
449 4232 601 4315 qnoniam
621 4233 815 4311 immolatur,
838 4234 939 4315 pascit
954 4242 979 4304 D
994 4236 1041 4300 sel
1057 4253 1153 4318 super
1167 4253 1251 4311 eum,
1261 4252 1334 4296 reus
1349 4233 1420 4296 erit.
1430 4231 1496 4307 Quo
1510 4233 1738 4314 constat,qucd

190 4334 355 4409 carnibus,
366 4332 414 4394 lac
424 4341 456 4395 ct
467 4332 573 4395 lanam
585 4331 702 4394 tribuit
712 4331 772 4395 Sed
784 4331 858 4395 huic
868 4351 940 4394 cau·
994 4336 1033 4397 ad
1048 4334 1193 4396 ‚litteram
1214 4332 1363 4415 loquatur
1384 4331 1423 4395 de
1443 4330 1520 4395 sele.
1542 4332 1738 4412 Augustinus

192 4453 234 4496 sae
250 4431 350 4514 objici
367 4438 484 4513 posset,
501 4430 588 4512 quod
610 4430 707 4493 etiam
729 4429 823 4512 pellis
844 4431 940 4493 ovim
994 4451 1122 4515 quoque
1137 4430 1280 4494 affirmat
1291 4431 1400 4508 hec,et
1414 4431 1449 4493 in
1464 4430 1605 4513 antiquis
1616 4429 1739 4511 legibus

192 4532 232 4594 ad
248 4529 352 4593 multa
367 4536 469 4591 exstat
484 4530 698 4592 accommoda.
714 4529 867 4592 Praeterea
886 4529 941 4593 ob
995 4531 1212 4607 saecularibus,
1229 4531 1347 4614 quibus
1367 4538 1474 4593 tamen
1496 4529 1557 4592 ista
1578 4529 1739 4611 antiquior

192 4630 249 4712 jici
266 4636 373 4712 petest
387 4627 473 4709 quod
489 4628 522 4689 in
537 4627 716 4690 Proverbiis
732 4627 881 4691 Salomon
896 4627 941 4691 ait
995 4639 1053 4708 est,
1074 4630 1248 4706 invenitur,
1266 4635 1458 4693 nocturnum
1480 4627 1586 4691 furem
1609 4628 1740 4710 impune

48 4750 177 4799 mestar.
193 4729 233 4791 de
254 4728 326 4791 fure
345 4745 353 4790 ε
370 4726 591 4809 Deprehensus
615 4727 725 4789 reddet
745 4728 937 4809 septuplum.
995 4729 1109 4792 occidi.
1138 4729 1269 4809 lnsuper
1292 4727 1394 4790 Rabbi
1422 4726 1537 4789 Paulus
1566 4726 1651 4791 circa
1678 4727 1741 4790 hec

194 4829 276 4908 Ergo
291 4844 351 4910 pro
369 4843 434 4888 uno
454 4824 537 4889 bove
556 4833 610 4887 aut
629 4842 688 4888 ove
708 4826 875 4887 tenebatur
894 4844 942 4889 re-
996 4827 1107 4891 scribit
1135 4844 1142 4889 :
1164 4827 1271 4906 Longe
1289 4825 1416 4888 videtur
1434 4844 1453 4887 a
1477 4844 1574 4889 sensu
1596 4825 1739 4905 litterali,

195 4927 328 4990 stituerc
344 4932 476 5007 septem.
488 4923 535 4986 hd
550 4923 611 4987 hoc
626 4925 843 5005 respondetur,
856 4926 941 5005 quod
996 4927 1102 4990 dicere
1126 4924 1260 4990 verbum
1285 4923 1364 4986 illud
1386 4923 1601 5005 metaphorice
1626 4924 1741 4989 debere

193 5024 360 5108 judicialia
375 5022 456 5103 legis
471 5030 630 5104 precepta
645 5040 683 5085 ex
699 5022 942 5086 rationabilibus
997 5025 1141 5105 intelligi,
1157 5024 1309 5105 quoniam
1324 5023 1359 5085 in
1374 5022 1581 5105 judicialibus
1594 5044 1665 5105 quaa
1681 5032 1743 5086 tra-

194 5121 438 5187 nscurrentibus
449 5120 553 5183 causis
564 5128 710 5202 poterant
724 5121 881 5203 principis
891 5142 957 5185 au-,
997 5132 1085 5187 etant
1100 5124 1139 5186 de
1155 5121 1278 5185 actibus
1293 5121 1453 5199 humanis,
1467 5140 1531 5185 nen
1547 5131 1744 5204 opertetme

195 5223 342 5287 ctoritate
367 5219 505 5301 gravari,
533 5227 565 5282 et
589 5226 736 5301 poterant
760 5218 806 5283 eis
836 5221 944 5303 aliqua
999 5222 1162 5305 tapherice
1178 5220 1340 5302 lequi,sed
1356 5221 1457 5303 plane
1468 5220 1557 5284 Unde
1572 5222 1743 5303 etquidem

195 5320 301 5404 adiici.
998 5320 1203 5386 Hebraeorum
1228 5319 1413 5401 intelligunt
1437 5318 1517 5382 illud
1542 5320 1582 5382 ad
1605 5319 1743 5383 litteram
