4309 6259
49 779 74 817 is,

524 525 697 571 annonario
719 528 750 573 us
771 527 840 574 aar.
863 526 916 572 νιν
937 527 1134 576 nonanouon.
1156 550 1196 563 -—
1217 530 1287 576 mr.
1310 528 1398 577 xxm
1670 520 1729 587 423

49 840 166 889 mdo,
183 795 354 859 stillaniel
365 814 493 877 quoque
505 795 616 859 recitat
631 816 665 860 se
677 816 784 859 orasse
800 796 932 859 interra

183 896 291 959 aliena
305 903 417 958 contra
430 894 616 957 Jerusalem.
627 896 735 978 ltaque
750 895 868 977 septies
883 897 933 958 ad·

183 993 303 1077 sparsit
334 992 523 1075 sanguinem
553 1013 657 1057 vaccae
687 994 811 1071 oblatae,
840 994 932 1075 cujus

182 1092 316 1173 sanguis
339 1092 451 1155 saltem
475 1111 533 1175 pro
556 1101 645 1176 parte
667 1093 876 1173 colligebatur
898 1094 931 1156 in

181 1211 270 1255 vase.
288 1192 469 1273 Dicuntque
493 1192 605 1274 aliqui,
627 1192 712 1273 quod
738 1192 854 1273 septies
880 1193 933 1255 ad-

181 1290 312 1373 spersit,
330 1290 370 1353 ad
387 1289 616 1353 insinuandum
637 1291 722 1372 quod
743 1290 930 1353 idololatriae

181 1390 306 1452 crimen
332 1389 568 1470 quodammodo
593 1388 834 1470 aequipenderet
856 1408 931 1451 cun-

180 1487 244 1551 ctis
272 1487 422 1569 peccatis,
449 1487 524 1568 quia
549 1488 700 1569 importat
725 1488 853 1551 totalem
880 1508 930 1550 rc-

178 1606 309 1649 cessum
325 1586 427 1649 aDco.
438 1585 497 1649 Sed
513 1586 677 1668 adspersio
688 1605 761 1649 cum
776 1586 930 1667 sanguine

180 1683 335 1761 victimae,
348 1683 474 1747 videtur
490 1684 593 1766 potius
608 1684 793 1766 designasse
808 1685 929 1766 peccati

54 697 262 775 irritaverint,
280 697 459 761 adorabunt
473 716 585 760 versus
600 698 706 762 locum
724 686 819 780 quem
836 698 932 779 elegi·
946 696 972 761 A
988 707 1019 761 ta
1037 718 1043 761 ε
1069 700 1218 767 videlicet
1240 705 1433 770 elementum
1457 708 1539 788 ignis
1562 729 1619 792 per
1642 709 1731 773 flam-

987 820 1071 863 mam
1086 826 1093 876 ;
1111 810 1193 864 terra
1217 823 1273 886 per
1294 807 1436 884 cedrum,
1454 809 1495 871 ob
1520 829 1609 871 suam
1635 817 1732 873 terre·

989 902 1186 977 streitatem;
1213 923 1267 965 aer
1293 924 1349 987 per
1371 907 1555 989 hyssopum,
1574 908 1614 971 ob
1639 928 1731 972 suum

989 1000 1141 1076 odorem;
1168 1021 1251 1083 aqua
1276 1023 1332 1086 ρον
1357 1023 1499 1083 coccum,
1518 1016 1647 1091 propter
1672 1009 1734 1071 tin-

989 1109 1094 1162 cturas
1111 1120 1182 1182 quea
1197 1122 1235 1164 ex
1249 1104 1341 1184 aquis
1364 1114 1534 1168 sumuntur
1551 1128 1558 1172 ε
1576 1114 1733 1188 quatenus

990 1218 1047 1281 per
1070 1200 1138 1262 haec
1163 1203 1404 1283 exprimeretur,
1423 1207 1508 1286 quod
1534 1206 1732 1270 sacrificium

989 1297 1049 1361 hoo
1065 1296 1263 1362 offerebatur
1278 1300 1416 1365 Creatori
1436 1314 1574 1385 quatuor
1594 1307 1733 1370 elemen-

988 1404 1104 1458 torum.
1122 1398 1230 1480 Aliqui
1246 1420 1321 1464 vero
1336 1402 1458 1480 dicunt,
1469 1405 1555 1485 quod
1570 1406 1683 1469 cedrus
1700 1415 1732 1468 et

987 1495 1144 1579 hyssopus
1169 1500 1369 1579 ponebantur
1394 1502 1428 1564 in
1459 1503 1542 1584 igne,
1569 1506 1608 1567 ad
1634 1506 1732 1588 repri-

988 1595 1139 1657 mendum
1164 1596 1309 1662 foetorem
1332 1619 1370 1662 ex
1384 1620 1488 1665 uaccas
1509 1604 1730 1667 combustione

986 1704 1193 1775 surgentem3
1219 1716 1332 1762 coccus
1358 1698 1407 1761 bis
1433 1700 1562 1777 tinctus,
1589 1703 1627 1764 ad
1654 1703 1731 1765 insi-

181 1782 931 1866 expiationem,quamgravitatemlnaliisquo·
986 1795 1150 1856 nuandum
1175 1798 1260 1877 quod
1286 1797 1409 1860 cineres
1432 1819 1535 1862 vaccae
1560 1810 1651 1864 eraut
1674 1822 1730 1883 ρον

181 1902 245 1964 que
271 1881 441 1945 sacrificiis
466 1881 565 1945 fiebat
591 1882 775 1964 frequenter
800 1890 930 1963 septena
946 1882 969 1945 B
986 1900 1087 1953 totum
1110 1913 1229 1956 annum
1252 1898 1399 1960 servandi
1426 1918 1483 1981 pro
1507 1901 1731 1983 purificatione

180 1980 349 2063 adspersio
363 1979 539 2061 sanguinis.
549 1979 609 2043 Sed
624 1988 655 2043 et
670 1979 778 2043 odium
789 1980 855 2053 Dei,
866 1999 930 2043 non

181 2088 230 2142 cst
246 2080 355 2143 minus
371 2079 494 2143 crimen
509 2098 605 2161 quam
621 2078 931 2142 idololatriallerius

181 2196 258 2259 ergo
281 2176 420 2254 videtur,
438 2178 526 2258 quod
548 2178 593 2240 ait
613 2176 750 2239 Thomas
772 2176 806 2239 in
830 2177 933 2259 prima

182 2278 343 2353 secundae,
353 2276 531 2357 quaestione
548 2276 607 2339 102
619 2293 626 2338 :
638 2275 678 2338 Ut
694 2275 932 2357 significaretur

183 2376 324 2460 populus
340 2393 397 2457 ρον
413 2374 473 2437 hoc
489 2373 684 2437 sacrificium
707 2375 872 2437 emundari
892 2374 931 2437 ab

183 2474 345 2537 universis
361 2473 511 2555 peccatis,
530 2472 707 2553 intingebat
727 2474 872 2537 sacerdos
888 2473 933 2535 di-

181 2572 286 2653 gitum
303 2591 398 2633 suum
415 2570 448 2633 in
465 2570 665 2652 sanguinem,
685 2570 866 2654 septiesque
882 2572 933 2632 ad-

183 2669 318 2753 spersit:
332 2688 405 2731 nam
422 2668 622 2750 septenarius
638 2668 877 2733 universitatem
894 2669 933 2730 si-

181 2776 330 2857 gnificat.

226 2872 456 2949 Comburetque
471 2890 543 2931 eom
558 2872 681 2932 conctis
697 2872 934 2941 vicensimam

184 2990 222 3033 ex
237 2987 344 3032 vaccas
359 2968 580 3031 combustione
594 2970 770 3045 advertant,
788 2971 873 3051 quod
890 2970 935 3053 ip

986 1992 1109 2074 populi.
1126 1994 1215 2057 Unde
1231 1995 1375 2077 Magister
1391 1998 1423 2059 in
1439 1999 1581 2063 historiis
1597 2002 1641 2063 ait
1654 2019 1662 2064 τ
1675 2001 1732 2064 Ve

987 2091 1121 2153 risimile
1137 2095 1289 2174 estquod
1305 2096 1428 2161 cineres
1444 2119 1548 2163 vaccae
1567 2102 1731 2164 annuatim

990 2188 1121 2267 fiebant,
1147 2191 1230 2253 sicut
1252 2194 1345 2256 modo
1367 2194 1407 2258 fit
1428 2198 1576 2261 chrisma.
1600 2199 1732 2273 Quidam

988 2296 1096 2351 tamen
1120 2289 1242 2353 llehreei
1266 2292 1377 2355 dicunt
1399 2313 1453 2358 eos
1469 2297 1608 2361 valuisse
1630 2306 1662 2361 et
1679 2300 1734 2361 du-

987 2406 1073 2450 rasse
1089 2389 1269 2470 perplures
1291 2411 1402 2470 annos,
1420 2414 1479 2458 nec
1499 2414 1597 2460 novos
1620 2397 1731 2476 factos,

987 2487 1050 2548 nisi
1066 2507 1165 2568 quum
1181 2497 1304 2552 veteres
1320 2491 1515 2556 defecerunt..
1525 2494 1596 2558 llaec
1612 2496 1733 2560 ibiflui

989 2586 1167 2650 recitationi
1193 2591 1364 2653 concordat
1388 2593 1474 2673 quod
1499 2593 1610 2657 scribit
1631 2595 1732 2659 llabhi

987 2685 1103 2748 Paulus
1121 2704 1129 2748 ε
1145 2687 1274 2750 Cineres
1289 2708 1393 2753 vaccae
1416 2710 1480 2754 non
1502 2692 1607 2755 solum
1629 2714 1734 2758 serva-

988 2784 1105 2847 bantur
1134 2806 1192 2868 per
1209 2795 1317 2859 ¹totum
1343 2808 1473 2868 annum,
1501 2793 1556 2855 sed
1586 2793 1733 2876 pluribus

989 2878 1093 2941 annis.
1112 2880 1252 2942 Tradunt
1267 2900 1404 2963 namque
1420 2884 1552 2963 Hebraei,
1570 2889 1655 2967 quod
1677 2907 1734 2969 per

983 2984 1088 3040 totam
1114 2978 1283 3060 utriusque
1307 2982 1417 3063 templi
1444 2983 1643 3047 durationem
1669 3005 1734 3049 non

186 3070 212 3131 si
231 3068 393 3151 peccando
409 3076 596 3129 meruerunt
617 3066 768 3129 infernali
791 3070 932 3151 torqueri
950 3075 971 3137 C
989 3085 1079 3139 erant
1094 3078 1278 3155 combusta,
1297 3078 1358 3141 nisi
1374 3100 1429 3143 sex
1444 3101 1547 3145 vaceae
1562 3083 1595 3145 in
1612 3083 1735 3146 sacrifi-

187 3167 348 3242 incendio‚
377 3166 442 3227 imo
471 3174 503 3228 et
528 3165 630 3229 occidi
661 3166 693 3227 in
719 3165 834 3229 saeculo
860 3167 932 3230 isto.

176 3264 441 3331 -Comburebatur
465 3265 593 3327 demum
617 3264 650 3326 in
672 3265 756 3346 igne,
781 3266 933 3347 quoniam

57 3378 172 3429 Etsi-nra
188 3366 342 3429 llominus
370 3364 403 3425 in
435 3365 509 3445 igne
539 3365 687 3447 apparuit
711 3366 818 3447 Moysi,
846 3375 876 3429 et
901 3366 933 3429 in

56 3442 172 3553 imp,
189 3467 263 3547 igne
285 3466 360 3527 data
381 3472 430 3527 est
449 3465 510 3541 lex,
529 3471 560 3526 et
582 3465 733 3545 quoniam
757 3466 935 3529 idololatria

58 3570 83 3668 12
95 3570 126 3633 ¹⁹³?
139 3582 172 3617 ¹⁸·
188 3574 235 3629 est
257 3565 387 3647 penitus
403 3564 607 3646 exstirpanda
621 3583 694 3626 cum
717 3565 883 3646 speciebus
904 3575 934 3628 ot

187 3663 436 3728 circumstantiis
453 3664 532 3725 suis.
544 3663 589 3724 Ad
605 3664 691 3744 quod
706 3664 931 3741 denotandum,

188 3764 286 3825 fiebat
309 3763 395 3845 quod
418 3762 566 3825 subditur
583 3783 591 3827 t
610 3772 676 3824 tam
687 3768 771 3841 pelle
785 3775 814 3823 ct
829 3767 935 3825 corni·

187 3864 255 3933 frus,
269 3882 370 3941 quam
388 3863 548 3938 sanquine
567 3872 596 3922 et
615 3866 691 3938 fimo
711 3864 852 3937 flaromcc
870 3872 935 3923 frc-

185 3962 276 4031 ditis,
287 3958 330 4020 ita
345 3959 431 4040 quod
447 3959 528 4020 nihil
545 3960 698 4021 remansit
712 3960 751 4021 do
767 3961 934 4023 vaccario

188 4060 288 4135 fimo,
317 4058 522 4139 Septuaginta
548 4058 788 4135 transtulerunt,
814 4059 935 4123 Sterco-

188 4176 247 4220 ra:
266 4176 324 4241 per
352 4174 425 4237 quaa
455 4156 621 4219 interiores
648 4157 859 4220 immunditia
884 4159 935 4221 de-

990 3175 1073 3237 cium
1101 3175 1211 3241 istud:
1230 3196 1293 3239 una
1314 3178 1463 3242 videlicet
1487 3190 1630 3263 tempore
1654 3183 1735 3266 Moy-

990 3274 1044 3349 siS,
1070 3274 1162 3354 cujus
1185 3274 1308 3338 cineres
1330 3278 1527 3341 duraverunt
1551 3301 1608 3363 per
1630 3290 1733 3345 totum

991 3382 1116 3455 tempus
1143 3373 1238 3455 primi
1265 3376 1402 3458 templi3
1430 3381 1570 3443 secunda
1594 3390 1735 3465 tempore

990 3474 1107 3549 Esdrae,
1127 3472 1159 3534 in
1183 3474 1343 3556 principio
1362 3478 1473 3559 templi
1496 3480 1627 3542 secundi
1641 3507 1648 3557 3
1664 3481 1735 3545 aliea

989 3572 1059 3633 duee
1084 3572 1143 3634 sub
1165 3571 1292 3635 Simone
1316 3574 1402 3655 justo
1427 3595 1550 3638 summo
1573 3580 1735 3643 sacerdote

989 3670 1125 3732 diversis
1141 3670 1357 3752 temporibus;
1371 3680 1483 3735 ceteras
1493 3674 1564 3737 duat
1574 3675 1735 3740 subfoan-

989 3788 1029 3831 ne
1053 3767 1220 3851 pontifico,
1238 3778 1328 3851 patre
1348 3770 1536 3850 flathathiae,
1554 3776 1653 3855 patris
1675 3776 1734 3837 lla-

989 3868 1202 3930 chabaeorum.

1031 3965 1071 4023 El
1088 3972 1164 4023 tunc
1178 3965 1308 4023 demum
1323 3964 1395 4023 lotia
1411 3966 1549 4026 cestibus
1563 3975 1593 4026 ef
1606 3987 1735 4046 corpore

988 4081 1057 4133 suo,
1074 4063 1329 4137 ingrediebaris
1344 4071 1461 4123 castra.
1483 4063 1528 4125 Ex
1548 4064 1736 4130 immolatio-

990 4178 1030 4221 ne
1055 4159 1173 4221 etenim
1197 4178 1299 4222 vaccae
1321 4161 1478 4224 contraxit
1500 4162 1734 4228 immunditiam

188 4256 368 4337 signantur.
394 4257 539 4332 Liparum
563 4277 688 4335 quoquc
712 4260 881 4319 cedrinum
905 4268 935 4319 et
950 4264 974 4324 D
989 4259 1161 4339 quamdam
1192 4258 1337 4339 legalem,
1352 4268 1482 4343 propter
1504 4282 1602 4343 quam
1633 4282 1736 4327 remo-

188 4358 375 4433 hyssopum,
392 4374 580 4434 coccnrnpccc
602 4356 648 4414 bis
675 4358 811 4416 tinctum
836 4378 936 4417 socer-

186 4461 242 4517 dos
264 4456 371 4515 mittet
394 4456 430 4513 in
452 4458 720 4535 {Iuturnamque
740 4477 870 4515 vaccam
886 4478 936 4517 vo

185 4553 350 4617 rat.Girca
366 4552 426 4615 hoc
442 4552 554 4614 scribit
569 4552 704 4616 l'bomas
717 4571 723 4615 :
734 4554 819 4615 lstud
837 4553 936 4617 fiebat

186 4652 226 4716 ad
242 4650 492 4731 significandum
504 4653 590 4732 quod
606 4652 688 4715 sicut
705 4652 791 4734 ligna
806 4654 935 4716 cedrina

187 4770 252 4814 non
278 4751 319 4813 de
346 4749 433 4812 facili
459 4758 657 4832 putrescunt,
685 4760 716 4814 ct
740 4769 854 4814 coccus
884 4752 934 4815 bis

187 4850 307 4913 tinctus
324 4868 389 4912 non
406 4848 523 4911 amittit
539 4869 632 4912 suum
649 4851 798 4927 colorem,
817 4860 847 4915 ct
863 4852 935 4933 hys-

187 4968 284 5032 sopus
307 4969 402 5011 suum
428 4957 533 5011 servat
557 4950 697 5025 odorem,
714 4950 809 5012 etiam
834 4971 934 5032 quum

189 5048 286 5111 fuerit
302 5047 497 5122 desiccatus3
523 5048 566 5110 ita
586 5048 645 5111 hoc
661 5048 856 5111 sacrificium
875 5051 935 5113 fuit

189 5148 221 5208 in
247 5145 524 5209 conservationem
555 5146 677 5228 populi,
705 5155 735 5209 et
761 5148 935 5212 honestatis

189 5243 439 5325 devotionisque
461 5244 609 5325 ejusllel
631 5246 681 5323 (ut
701 5247 857 5329 losephus
880 5250 937 5330 ait)

189 5362 245 5425 per
261 5344 333 5421 ista,
351 5342 516 5423 designata
537 5350 611 5405 sunt
632 5353 769 5424 quatuor
794 5346 934 5409 elemen-

990 4358 1125 4419 vcndam
1149 4355 1227 4418 lavit
1248 4375 1364 4439 corpus
1387 4378 1492 4435 suum,
1511 4360 1660 4424 videlicet
1679 4362 1736 4424 ali-

989 4474 1069 4537 quas
1085 4455 1228 4536 corporis
1245 4463 1350 4537 partes
1370 4464 1402 4518 et
1416 4466 1532 4521 vestes.
1551 4462 1736 4521 Commacu-

990 4560 1137 4633 fatusque
1160 4556 1222 4614 erit
1247 4575 1348 4633 easque
1371 4558 1415 4615 ad
1440 4576 1602 4634 vesperam
1626 4579 1637 4618 .·
1659 4559 1736 4640 qula

989 4653 1048 4716 etsi
1071 4652 1155 4715 lotus
1177 4653 1272 4715 modo
1295 4662 1444 4734 praetacto
1460 4663 1583 4735 poterat
1606 4658 1735 4740 propria

990 4752 1113 4834 ingredi
1139 4762 1253 4829 castra,
1276 4772 1340 4815 non
1364 4761 1468 4816 lamen
1494 4753 1733 4820 tabernaculum

989 4860 1063 4914 ante
1085 4870 1250 4933 vesperam
1275 4871 1283 4914 ε
1307 4860 1338 4914 et
1364 4852 1628 4934 impedimentum
1653 4855 1733 4919 illud

990 4950 1189 5029 ingrediendi
1206 4959 1350 5013 sanctum
1368 4951 1485 5027 locum,
1503 4960 1635 5015 vocatur
1650 4974 1734 5017 com-

989 5050 1159 5113 maculatio
1174 5058 1205 5111 ot
1220 5050 1436 5130 irregularitas
1452 5052 1608 5131 quadam.
1626 5056 1691 5115 Sed
1704 5065 1734 5115 et

989 5152 1046 5209 ille
1070 5152 1130 5229 qai
1153 5151 1322 5210 combussit
1344 5170 1427 5221 earn,
1446 5149 1478 5212 id
1503 5158 1561 5228 est,
1588 5154 1734 5216 sacerdos

987 5247 1045 5329 qui
1068 5246 1108 5309 ad
1131 5247 1237 5326 iguem
1258 5248 1419 5325 remansit,
1437 5250 1537 5311 donec
1561 5258 1625 5313 tota
1640 5269 1735 5315 vacca

992 5346 1053 5408 fuit
1076 5345 1252 5422 combusta,
1276 5348 1398 5407 lavabit
1419 5351 1606 5409 vestimenta
1622 5369 1683 5409 suc
1704 5360 1734 5410 et
