4309 6259
415 496 473 561 131
881 517 1054 564 66666666
1075 518 1107 563 ur
1128 518 1297 565 cunmcou.
1320 539 1361 550 —
1380 519 1451 565 aar.
1474 521 1496 566 ιι

415 686 560 766 quasdam
577 704 673 769 opera
689 688 855 765 extoriora,
870 708 926 770 per
941 707 1012 770 6666
1028 688 1160 751 servitu·
1173 689 1199 750 Α
1213 688 1395 771 specialiter
1412 690 1557 753 consistit
1576 690 1609 751 in
1629 688 1810 766 sacrificiis,
1825 710 1896 771 quaa
1915 691 1957 752 ad

415 790 478 845 tem
493 782 665 865 profitetur
681 785 906 849 divinamlsta
920 805 1047 869 quoque
1062 805 1159 869 opera
1212 788 1268 849 Dei
1292 788 1501 850 reverentiam
1527 787 1720 851 offeruntur.
1745 789 1958 852 Instrumenta

413 881 453 942 ad
479 882 600 944 cultum
625 883 679 947 1161
705 884 866 965 pertinere
891 884 1041 947 dicuntur
1067 904 1074 947 :
1102 885 1157 966 qui
1212 895 1318 949 autem
1340 886 1477 963 colendi,
1495 887 1656 969 pertinent
1679 888 1718 950 ad
1740 906 1838 963 sacra,
1855 896 1887 950 et
1907 907 1958 949 sa·

413 980 516 1043 cultus
527 981 644 1044 dicitur
659 983 841 1045 caerimonia
857 984 948 1064 quasi
964 1003 1108 1060 munera,
1125 983 1157 1045 id
1211 1004 1266 1048 cra
1279 994 1442 1061 vocantur,
1459 995 1496 1048 ut
1518 985 1768 1062 tabernaculum,
1786 986 1955 1067 templum,

413 1088 461 1141 est
483 1081 568 1143 dona
588 1080 721 1158 Cereris,
744 1101 816 1163 6666
836 1084 886 1162 (61
908 1082 1008 1164 aliqui
1032 1084 1158 1163 dicunt)
1212 1102 1287 1145 vasa
1308 1092 1340 1145 et
1361 1084 1552 1146 consimilia.
1570 1084 1665 1147 Porro
1684 1102 1723 1147 es
1742 1092 1830 1166 parte
1849 1084 1958 1147 colen-

412 1178 1158 1263 66611111666166661666666616616666166-
1213 1182 1292 1243 tium
1314 1183 1377 1244 duo
1402 1191 1536 1264 possunt
1566 1184 1704 1265 pensari.
1731 1183 1867 1245 Primum
1893 1192 1954 1259 est,

376 1266 379 1271 ⁵
412 1278 506 1357 gibus
521 1277 699 1341 oblationes
715 1280 778 1342 Deo
795 1279 1025 1343 offerebantur.
1036 1280 1105 1357 Vel,
1121 1290 1158 1343 ut
1212 1280 1372 1343 institutio
1387 1299 1497 1345 eorum
1513 1281 1552 1343 ad
1573 1281 1694 1343 cultum
1710 1281 1866 1357 divinum,
1883 1301 1957 1362 qnae

412 1376 558 1439 Valerius
578 1376 729 1439 Maximus
753 1378 860 1455 refert,
879 1397 995 1443 nomen
1016 1381 1158 1443 carlino
1213 1377 1253 1440 fit
1268 1398 1325 1461 per
1335 1379 1505 1460 quamdam
1514 1379 1786 1443 consecrationem
1797 1380 1957 1443 ministro

412 1474 473 1537 nire
487 1474 702 1539 introductum
718 1485 766 1539 est
781 1478 819 1539 ad
831 1477 1078 1558 significandum
1093 1478 1158 1541 661-
1213 1496 1283 1539 rum
1303 1486 1357 1540 aut
1377 1477 1487 1559 populi
1510 1495 1517 1540 :
1539 1479 1629 1541 etad
1650 1479 1710 1542 hoc
1730 1478 1889 1561 pertinent
1908 1498 1957 1541 sa·

414 1578 481 1631 tum
501 1570 646 1634 divinum
663 1572 747 1654 apud
763 1573 901 1649 Latinos,
915 1594 934 1636 a
949 1575 1087 1654 quodam
1106 1593 1158 1656 op
1212 1585 1384 1638 aramenta.
1407 1576 1586 1639 Securmum
1611 1586 1670 1655 est,
1692 1596 1803 1641 eorum
1824 1596 1957 1640 conver-

412 1667 488 1750 pido
503 1668 591 1750 juxta
612 1670 856 1752 Romam,›quod
872 1672 957 1735 Cere
972 1672 1154 1749 vocabatur,
1213 1674 1293 1737 satio
1315 1674 1496 1756 singularis,
1519 1694 1576 1757 per
1600 1695 1695 1757 quam
1716 1676 1956 1756 distinguuntur

411 1785 450 1829 eo
470 1768 556 1848 quod
572 1768 671 1831 Roma
692 1788 710 1831 a
731 1769 829 1832 Gallis
851 1778 953 1852 capta,
972 1770 1048 1833 11166
1068 1790 1158 1834 sacra
1212 1771 1252 1834 ab
1273 1772 1346 1835 aliis
1365 1774 1421 1854 qui
1441 1773 1540 1835 Deum
1564 1793 1628 1837 non
1651 1774 1760 1836 colunt
1777 1791 1784 1835 :
1801 1782 1896 1854 atque
1912 1774 1956 1835 ad

336 1934 339 1939 ,
411 1865 625 1929 Romanorum
641 1866 737 1930 allata
750 1876 834 1945 sunt,
852 1878 884 1932 et
900 1870 1157 1933 reverentissime
1176 1869 1272 1933 Bhoc
1293 1871 1455 1953 pertinent
1474 1871 1684 1936 observantiae
1701 1872 1733 1934 in
1752 1872 1832 1935 cibis
1847 1891 1883 1934 ac
1898 1891 1956 1954 po

411 1961 531 2024 hahita.
1211 1968 1308 2031 tibus.

461 2061 593 2143 lnsuper
623 2063 656 2124 in
687 2064 791 2145 prima
821 2066 981 2142 secunde,
1008 2066 1157 2147 quaestio
1251 2068 1394 2149 Denique
1422 2069 1461 2131 de
1491 2068 1657 2151 praeceptis
1687 2068 1955 2131 cerimonialibus

412 2178 452 2221 ne
477 2160 546 2236 101,
564 2160 700 2223 Thomas
724 2161 866 2224 affirmat
892 2181 898 2223 :
925 2163 1158 2227 Caerimonialia
1211 2166 1392 2248 specialiter
1407 2166 1440 2228 in
1457 2166 1518 2229 isto
1540 2167 1623 2230 libro
1639 2175 1800 2244 tractatur,
1817 2167 1857 2229 de
1878 2185 1957 2249 pre

412 2267 571 2341 praccepta
590 2259 778 2322 ordinantur
799 2261 838 2323 ad
859 2262 913 2325 Dei
935 2263 1056 2325 cultum
1073 2271 1158 2333 ‚exte
1210 2265 1312 2346 ceptis
1337 2284 1412 2328 vero
1436 2265 1642 2346 judicialibus
1668 2266 1702 2327 in
1724 2265 1880 2346 sequenti.
1898 2266 1956 2327 Ta-

412 2354 528 2419 riorem
547 2375 554 2418 :
572 2357 606 2420 in
623 2377 686 2439 quo
708 2359 794 2421 cultu
813 2359 1008 2423 considerari
1022 2371 1157 2443 possunt
1212 2382 1285 2425 men
1301 2371 1332 2426 et
1345 2362 1378 2424 in
1393 2363 1455 2427 isto
1471 2364 1554 2426 libro
1565 2364 1672 2445 aliqua
1686 2363 1860 2445 iudicialia,
1873 2372 1905 2426 et
1919 2363 1954 2424 in

412 2462 443 2517 et
459 2454 528 2537 ipse
542 2465 631 2519 actus
647 2457 785 2533 colendi,
802 2466 833 2520 et
849 2458 910 2539 ipsi
926 2458 1083 2535 colentes3
1101 2462 1156 2523 sed
1212 2462 1368 2543 sequenti,
1387 2462 1509 2525 seilicet
1531 2462 1614 2526 libro
1635 2463 1853 2540 Nummorum,
1869 2482 1956 2544 que

411 2561 443 2615 et
465 2552 676 2618 instrumenta
699 2556 805 2619 cultus
826 2556 938 2619 divini.
956 2558 1066 2621 Cultus
1081 2578 1156 2623 vero
1211 2561 1285 2623 dam
1308 2560 1535 2624 caerimonialia
1550 2561 1763 2624 eontinentur.

978 2987 1302 3075 turturibus
1344 2990 1387 3074 II

466 3255 523 3303 ctttt
544 3256 620 3302 DEUS
642 3257 789 3304 vocnt-:tur
812 3259 869 3305 stet
890 3260 1040 3306 ANlhlAblll
1062 3263 1264 3324 sacumtcattt,
1288 3266 1342 3311 SEU
1364 3266 1421 3311 PER
1444 3266 1544 3313 EORUM
1568 3266 1744 3312 OGGlSlssNlllf
1764 3266 1901 3312 ortuum.

474 3539 569 3604 tatto
585 3540 623 3603 de
638 3540 714 3603 fide
729 3548 761 3603 et
776 3540 900 3622 legibus
916 3540 1058 3622 loquitur
1072 3541 1192 3605 duit-c
1210 3565 1294 3607 cum.
1314 3545 1418 3608 Prima
1438 3564 1512 3627 ergo
1532 3555 1564 3610 et
1584 3545 1744 3630 praecipua
1763 3565 1858 3609 causa
1878 3545 1953 3624 fuit,

482 3636 596 3700 lclmus
621 3639 806 3702 Parisicnsis
826 3658 832 3701 :
855 3639 964 3703 Merito
989 3640 1153 3721 queritur,
1210 3642 1457 3707 honorificentia
1487 3664 1542 3708 seu
1568 3644 1731 3709 veneratio
1753 3644 1818 3707 Dei.
1844 3644 1953 3708 Omnis

411 3754 509 3816 quare
525 3736 683 3799 sacrificia
693 3737 755 3800 sibi
766 3736 878 3801 offerri
889 3738 991 3801 voluit
1001 3740 1155 3817 Densum
1209 3742 1328 3803 etenim
1352 3742 1458 3805 cultus
1487 3751 1536 3806 est
1565 3742 1765 3806 honorificus
1789 3744 1862 3820 Deo,
1889 3762 1954 3824 quo

411 3833 440 3897 ci
467 3832 587 3915 placuit
614 3836 761 3899 mactatio
791 3836 978 3899 animalium
1003 3838 1156 3901 innocen·
1209 3840 1296 3902 cultu
1313 3839 1382 3920 ipse
1397 3842 1465 3904 vult
1480 3841 1543 3903 sibi
1559 3840 1953 3923 serviri.'Proptereaquo-

411 3932 501 3993 tium.
524 3931 608 3994 Nihil
629 3933 714 3995 enim
737 3934 902 3997 suavitatis
924 3954 981 4017 per
1004 3953 1037 3999 66
1061 3936 1155 3999 habe
1208 3957 1277 4019 que.
1288 3938 1390 4001 voluit
1405 3939 1466 4001 sibi
1478 3939 1632 4004 edificari
1645 3940 1840 4021 altare,quia
1854 3940 1952 4003 altare

411 4029 489 4091 bant
503 4030 656 4093 cadavera
671 4033 858 4096 animalium
868 4034 1058 4111 occisorum,
1072 4035 1154 4097 nihil
1209 4037 1384 4098 secundum
1401 4057 1500 4099 unum
1516 4039 1647 4101 modum
1664 4047 1712 4101 est
1734 4037 1864 4101 honoris
1879 4038 1953 4100 titu-
1988 4111 1991 4120 1

411 4126 559 4189 utilitatis
584 4130 747 4194 continere
767 4132 934 4195 videbatur
955 4131 1010 4195 illa
1034 4134 1155 4196 anima·
1209 4133 1259 4195 lus
1284 4141 1315 4195 ct
1346 4136 1531 4198 memoriale
1559 4136 1697 4217 insigne.
1725 4135 1854 4199 Talibus
1877 4154 1952 4215 ergo

410 4224 489 4287 lium
506 4225 705 4306 earnificina,
724 4231 778 4293 sed
795 4229 897 4293 solum
914 4230 1067 4307 laborem,
1085 4232 1155 4295 hor·
1209 4232 1396 4295 muneribus
1413 4233 1628 4296 honorabatur
1642 4234 1735 4310 Deus,
1754 4253 1817 4297 non
1833 4234 1950 4315 pretio·

410 4342 514 4389 rorem
529 4334 562 4388 et
576 4325 784 4389 offerentium
805 4328 1024 4391 ministrorum
1050 4329 1154 4411 inqui·
1207 4330 1300 4391 sitate
1320 4330 1473 4412 ipsorum,
1492 4333 1546 4394 scd
1567 4332 1733 4408 electione,
1752 4332 1951 4394 institutione

410 4422 582 4487 nationem.
594 4424 746 4489 Praeterea
761 4426 839 4507 quid
852 4426 985 4508 justitiae
1000 4426 1107 4505 habat,
1117 4437 1153 4490 ut
1206 4437 1238 4491 et
1252 4429 1471 4511 acceptatione
1487 4430 1630 4512 ipsorum
1642 4449 1681 4493 ex
1696 4438 1785 4511 parte
1801 4430 1849 4492 sui
1860 4455 1868 4504 3
1880 4430 1951 4493 obe

409 4522 1001 4606 quumhominespeccentproeorum
1013 4527 1152 4608 peccatis
1206 4528 1327 4589 dientia
1346 4546 1422 4590 vero
1443 4536 1475 4589 et
1494 4528 1664 4591 devotione
1684 4526 1891 4591 offerentium
1911 4546 1950 4590 ex

408 4619 475 4683 sola
496 4620 648 4682 animalia
671 4621 766 4684 etiam
789 4622 1050 4686 innocentissima
1071 4625 1153 4688 occi·
1206 4633 1295 4706 parte
1311 4626 1464 4708 ipsorum.
1483 4625 1598 4707 Sicque
1613 4626 1681 4689 haec
1695 4627 1838 4708 quinque
1852 4626 1951 4689 hono-

407 4719 543 4781 danturl
1166 4723 1299 4790 Drifica
1319 4723 1509 4787 efficiebant
1533 4723 1693 4788 sacrificia
1719 4724 1784 4802 illa,
1802 4723 1949 4787 videlicet

440 4817 487 4879 lld
503 4815 570 4880 16666
585 4817 695 4881 doctor
710 4818 860 4899 prefatus
877 4820 1066 4902 respondet:
1081 4820 1153 4903 Sep
1205 4823 1289 4903 quod
1305 4822 1387 4885 Deus
1408 4841 1445 4885 ca
1466 4822 1574 4903 elegit,
1591 4823 1740 4899 instituit,
1758 4832 1790 4885 et
1809 4831 1950 4904 accepta-

405 4922 469 4977 tcm
486 4914 645 4978 decausis
664 4924 738 4978 ante
758 4915 860 4996 legem
881 4924 912 4979 et
932 4917 992 4979 sub
1013 4917 1082 4999 lege
1098 4937 1152 4981 vo·
1205 4920 1262 4996 vit,
1279 4929 1311 4982 et
1331 4920 1416 5001 quod
1441 4920 1628 4984 obedienter
1649 4937 1685 4983 ac
1702 4922 1816 4984 devote
1834 4919 1950 4984 offere·

405 5012 465 5075 luit
480 5012 540 5075 sibi
552 5014 634 5076 Deus
648 5012 808 5076 sacrificia
819 5014 893 5076 talia
909 5014 1077 5093 immolari,
1086 5035 1150 5079 non
1204 5016 1331 5079 bantur.
1350 5018 1416 5080 Non
1440 5018 1526 5080 enim
1542 5020 1603 5082 6611
1621 5018 1722 5082 voluit
1738 5020 1829 5094 Deus,
1847 5036 1949 5099 neque

404 5110 508 5175 solum
529 5119 658 5193 propter
677 5112 941 5174 consuetudinem
963 5112 1150 5177 idololatriae
1203 5116 1414 5178 colenduscst
1429 5116 1577 5177 humanis
1592 5116 1948 5194 adinventionibus‚sed

404 5209 641 5285 removendam,
659 5217 694 5271 ut
715 5208 816 5291 aliqui
833 5210 953 5291 opinati
971 5219 1055 5286 sunt,
1074 5212 1150 5292 quia
1203 5233 1259 5275 sua
1280 5213 1435 5275 electione
1451 5213 1617 5276 institutis.
1635 5215 1705 5296 lpse
1719 5215 1866 5296 equidem
1885 5234 1949 5276 me

404 5307 472 5370 hec
487 5324 581 5369 causa
598 5306 631 5368 in
647 5306 724 5369 llbel
745 5316 776 5370 ct
790 5307 867 5370 Cain
891 5327 955 5371 non
976 5308 1088 5371 habuit
1104 5310 1148 5373 lo
1203 5311 1265 5373 lius
1295 5311 1385 5374 novit
1410 5312 1495 5392 quod
1520 5321 1552 5374 ct
1575 5312 1669 5394 quale
1694 5312 1859 5377 servitium
1884 5312 1944 5374 sibi
