<?xml version="1.0" encoding="UTF-8"?>
<!DOCTYPE html PUBLIC "-//W3C//DTD XHTML 1.0 Transitional//EN"
    "http://www.w3.org/TR/xhtml1/DTD/xhtml1-transitional.dtd">
<html xmlns="http://www.w3.org/1999/xhtml" xml:lang="en" lang="en">
 <head>
  <title>
</title>
<meta http-equiv="Content-Type" content="text/html;charset=utf-8" />
  <meta name='ocr-system' content='tesseract 3.04.00' />
  <meta name='ocr-capabilities' content='ocr_page ocr_carea ocr_par ocr_line ocrx_word'/>
</head>
<body>
  <div class='ocr_page' id='page_1' title='image "./doctorisecstati00unkngoog_0466.png"; bbox 0 0 4309 6259; ppageno 0'>
   <div class='ocr_carea' id='block_1_1' title="bbox 438 491 1626 556">
    <p class='ocr_par' dir='ltr' id='par_1_1' title="bbox 438 292 2119 556">
     <span class='ocr_line' id='line_1_1' title="bbox 438 491 1626 556; baseline -0.012 0"><span class='ocrx_word' id='word_1_1' title='bbox 438 491 497 556; x_wconf 84' lang='grc'>390</span> <span class='ocrx_word' id='word_1_2' title='bbox 792 503 965 552; x_wconf 80' lang='lat' dir='ltr'>nxannxrvo</span> <span class='ocrx_word' id='word_1_3' title='bbox 986 504 1017 549; x_wconf 93' lang='lat' dir='ltr'>uv</span> <span class='ocrx_word' id='word_1_4' title='bbox 1038 502 1106 548; x_wconf 79' lang='lat' dir='ltr'>aar.</span> <span class='ocrx_word' id='word_1_5' title='bbox 1131 499 1174 545; x_wconf 89' lang='lat' dir='ltr'>xu</span> <span class='ocrx_word' id='word_1_6' title='bbox 1194 499 1391 546; x_wconf 71' lang='lat' dir='ltr'>mannaan.</span> <span class='ocrx_word' id='word_1_7' title='bbox 1415 521 1457 531; x_wconf 96' lang='lat'>—</span> <span class='ocrx_word' id='word_1_8' title='bbox 1477 499 1548 546; x_wconf 78' lang='lat' dir='ltr'>aar.</span> <span class='ocrx_word' id='word_1_9' title='bbox 1572 497 1626 542; x_wconf 84' lang='lat' dir='ltr'>xxv</span> 
     </span>
    </p>
   </div>
   <div class='ocr_carea' id='block_1_2' title="bbox 302 669 2122 5382">
    <p class='ocr_par' dir='ltr' id='par_1_2' title="bbox 302 574 2122 5382">
     <span class='ocr_line' id='line_1_2' title="bbox 438 669 1977 753; baseline -0.006 -11"><span class='ocrx_word' id='word_1_10' title='bbox 438 680 530 742; x_wconf 88' lang='lat' dir='ltr'>otior.</span> <span class='ocrx_word' id='word_1_11' title='bbox 547 680 655 743; x_wconf 89' lang='lat' dir='ltr'>Posset</span> <span class='ocrx_word' id='word_1_12' title='bbox 675 689 781 742; x_wconf 90' lang='lat' dir='ltr'>tamon</span> <span class='ocrx_word' id='word_1_13' title='bbox 801 676 976 740; x_wconf 87' lang='lat' dir='ltr'>seeundum</span> <span class='ocrx_word' id='word_1_14' title='bbox 995 691 1049 736; x_wconf 89' lang='lat' dir='ltr'>eos</span> <span class='ocrx_word' id='word_1_15' title='bbox 1065 671 1121 753; x_wconf 94' lang='lat' dir='ltr'>qui</span> <span class='ocrx_word' id='word_1_16' title='bbox 1136 669 1222 732; x_wconf 80' lang='lat' dir='ltr'>‹li-A</span> <span class='ocrx_word' id='word_1_17' title='bbox 1238 689 1273 730; x_wconf 89' lang='lat' dir='ltr'>ra</span> <span class='ocrx_word' id='word_1_18' title='bbox 1294 687 1359 732; x_wconf 91' lang='lat' dir='ltr'>non</span> <span class='ocrx_word' id='word_1_19' title='bbox 1374 669 1536 751; x_wconf 80' lang='lat' dir='ltr'>exprimit,</span> <span class='ocrx_word' id='word_1_20' title='bbox 1558 689 1616 734; x_wconf 88' lang='lat' dir='ltr'>uec</span> <span class='ocrx_word' id='word_1_21' title='bbox 1638 672 1782 734; x_wconf 89' lang='lat' dir='ltr'>doctores</span> <span class='ocrx_word' id='word_1_22' title='bbox 1803 670 1977 733; x_wconf 74' lang='lat' dir='ltr'>authentici</span> 
     </span>
     <span class='ocr_line' id='line_1_3' title="bbox 439 769 1980 856; baseline -0.006 -14"><span class='ocrx_word' id='word_1_23' title='bbox 439 787 516 842; x_wconf 86' lang='lat' dir='ltr'>eunt</span> <span class='ocrx_word' id='word_1_24' title='bbox 531 779 658 841; x_wconf 91' lang='lat' dir='ltr'>beatum</span> <span class='ocrx_word' id='word_1_25' title='bbox 673 778 730 841; x_wconf 84' lang='lat' dir='ltr'>tob</span> <span class='ocrx_word' id='word_1_26' title='bbox 750 784 893 856; x_wconf 87' lang='lat' dir='ltr'>tempore</span> <span class='ocrx_word' id='word_1_27' title='bbox 914 771 1027 854; x_wconf 90' lang='lat' dir='ltr'>Moysis</span> <span class='ocrx_word' id='word_1_28' title='bbox 1049 769 1184 833; x_wconf 90' lang='lat' dir='ltr'>exstitis-</span> <span class='ocrx_word' id='word_1_29' title='bbox 1238 769 1298 832; x_wconf 86' lang='lat' dir='ltr'>hoo</span> <span class='ocrx_word' id='word_1_30' title='bbox 1313 769 1542 832; x_wconf 73' lang='lat' dir='ltr'>determinasse</span> <span class='ocrx_word' id='word_1_31' title='bbox 1556 769 1774 833; x_wconf 89' lang='lat' dir='ltr'>inveniuntur.</span> <span class='ocrx_word' id='word_1_32' title='bbox 1797 771 1917 851; x_wconf 83' lang='lat' dir='ltr'>ltaque,</span> <span class='ocrx_word' id='word_1_33' title='bbox 1934 789 1980 832; x_wconf 80' lang='lat' dir='ltr'>se</span> 
     </span>
     <span class='ocr_line' id='line_1_4' title="bbox 441 868 1980 958; baseline -0.004 -20"><span class='ocrx_word' id='word_1_34' title='bbox 441 895 485 952; x_wconf 89' lang='lat' dir='ltr'>sc,</span> <span class='ocrx_word' id='word_1_35' title='bbox 504 876 642 958; x_wconf 86' lang='lat' dir='ltr'>objectio</span> <span class='ocrx_word' id='word_1_36' title='bbox 659 875 731 939; x_wconf 92' lang='lat' dir='ltr'>fieri</span> <span class='ocrx_word' id='word_1_37' title='bbox 753 876 792 937; x_wconf 92' lang='lat' dir='ltr'>de</span> <span class='ocrx_word' id='word_1_38' title='bbox 811 872 880 950; x_wconf 86' lang='lat' dir='ltr'>lob,</span> <span class='ocrx_word' id='word_1_39' title='bbox 897 872 937 934; x_wconf 90' lang='lat' dir='ltr'>de</span> <span class='ocrx_word' id='word_1_40' title='bbox 951 889 1015 952; x_wconf 92' lang='lat' dir='ltr'>quo</span> <span class='ocrx_word' id='word_1_41' title='bbox 1030 868 1183 932; x_wconf 86' lang='lat' dir='ltr'>Dominus</span> <span class='ocrx_word' id='word_1_42' title='bbox 1236 868 1378 928; x_wconf 78' lang='lat' dir='ltr'>cundram</span> <span class='ocrx_word' id='word_1_43' title='bbox 1388 869 1599 948; x_wconf 79' lang='lat' dir='ltr'>Augustinum</span> <span class='ocrx_word' id='word_1_44' title='bbox 1616 869 1804 932; x_wconf 83' lang='lat' dir='ltr'>duodecimo</span> <span class='ocrx_word' id='word_1_45' title='bbox 1819 869 1980 950; x_wconf 72' lang='lat' dir='ltr'>superfla</span> 
     </span>
     <span class='ocr_line' id='line_1_5' title="bbox 441 965 1979 1053; baseline -0.004 -17"><span class='ocrx_word' id='word_1_46' title='bbox 441 974 520 1036; x_wconf 83' lang='lat' dir='ltr'>dixit</span> <span class='ocrx_word' id='word_1_47' title='bbox 536 976 575 1038; x_wconf 90' lang='lat' dir='ltr'>ad</span> <span class='ocrx_word' id='word_1_48' title='bbox 592 975 705 1038; x_wconf 87' lang='lat' dir='ltr'>Satan:</span> <span class='ocrx_word' id='word_1_49' title='bbox 723 971 883 1053; x_wconf 89' lang='lat' dir='ltr'>Numquid</span> <span class='ocrx_word' id='word_1_50' title='bbox 898 966 1108 1032; x_wconf 78' lang='lat' dir='ltr'>considerasti</span> <span class='ocrx_word' id='word_1_51' title='bbox 1123 985 1184 1028; x_wconf 92' lang='lat' dir='ltr'>ser·</span> <span class='ocrx_word' id='word_1_52' title='bbox 1238 965 1339 1027; x_wconf 89' lang='lat' dir='ltr'>nesim</span> <span class='ocrx_word' id='word_1_53' title='bbox 1356 967 1394 1027; x_wconf 93' lang='lat' dir='ltr'>ad</span> <span class='ocrx_word' id='word_1_54' title='bbox 1416 966 1566 1042; x_wconf 83' lang='lat' dir='ltr'>litteram,</span> <span class='ocrx_word' id='word_1_55' title='bbox 1583 975 1616 1029; x_wconf 89' lang='lat' dir='ltr'>ct</span> <span class='ocrx_word' id='word_1_56' title='bbox 1634 968 1667 1029; x_wconf 94' lang='lat' dir='ltr'>in</span> <span class='ocrx_word' id='word_1_57' title='bbox 1684 967 1767 1030; x_wconf 91' lang='lat' dir='ltr'>libro</span> <span class='ocrx_word' id='word_1_58' title='bbox 1782 968 1822 1029; x_wconf 93' lang='lat' dir='ltr'>de</span> <span class='ocrx_word' id='word_1_59' title='bbox 1837 967 1979 1030; x_wconf 85' lang='lat' dir='ltr'>l&#39;idcndo</span> 
     </span>
     <span class='ocr_line' id='line_1_6' title="bbox 440 1063 2106 1153; baseline -0.006 -18"><span class='ocrx_word' id='word_1_60' title='bbox 440 1092 516 1135; x_wconf 93' lang='lat' dir='ltr'>vum</span> <span class='ocrx_word' id='word_1_61' title='bbox 532 1093 638 1136; x_wconf 94' lang='lat' dir='ltr'>meum</span> <span class='ocrx_word' id='word_1_62' title='bbox 653 1071 819 1153; x_wconf 85' lang='lat' dir='ltr'>lob,quod</span> <span class='ocrx_word' id='word_1_63' title='bbox 837 1087 900 1131; x_wconf 91' lang='lat' dir='ltr'>non</span> <span class='ocrx_word' id='word_1_64' title='bbox 917 1065 1001 1129; x_wconf 89' lang='lat' dir='ltr'>sitei</span> <span class='ocrx_word' id='word_1_65' title='bbox 1019 1065 1134 1128; x_wconf 91' lang='lat' dir='ltr'>similis</span> <span class='ocrx_word' id='word_1_66' title='bbox 1150 1063 1183 1125; x_wconf 94' lang='lat' dir='ltr'>in</span> <span class='ocrx_word' id='word_1_67' title='bbox 1238 1063 1311 1139; x_wconf 85' lang='lat' dir='ltr'>Deo,</span> <span class='ocrx_word' id='word_1_68' title='bbox 1332 1064 1415 1127; x_wconf 89' lang='lat' dir='ltr'>sicut</span> <span class='ocrx_word' id='word_1_69' title='bbox 1440 1065 1556 1127; x_wconf 90' lang='lat' dir='ltr'>Paulus</span> <span class='ocrx_word' id='word_1_70' title='bbox 1583 1066 1617 1127; x_wconf 92' lang='lat' dir='ltr'>in</span> <span class='ocrx_word' id='word_1_71' title='bbox 1641 1067 1700 1129; x_wconf 90' lang='lat' dir='ltr'>hac</span> <span class='ocrx_word' id='word_1_72' title='bbox 1727 1066 1791 1129; x_wconf 85' lang='lat' dir='ltr'>vita</span> <span class='ocrx_word' id='word_1_73' title='bbox 1817 1065 1902 1128; x_wconf 91' lang='lat' dir='ltr'>vidit</span> <span class='ocrx_word' id='word_1_74' title='bbox 1927 1065 1981 1127; x_wconf 90' lang='lat' dir='ltr'>im·</span> <span class='ocrx_word' id='word_1_75' title='bbox 2004 1087 2106 1134; x_wconf 61' lang='lat' dir='ltr'>acam,</span> 
     </span>
     <span class='ocr_line' id='line_1_7' title="bbox 441 1151 2032 1249; baseline -0.004 -16"><span class='ocrx_word' id='word_1_76' title='bbox 441 1175 547 1233; x_wconf 84' lang='lat' dir='ltr'>terrai</span> <span class='ocrx_word' id='word_1_77' title='bbox 563 1171 623 1234; x_wconf 89' lang='lat' dir='ltr'>Sed</span> <span class='ocrx_word' id='word_1_78' title='bbox 643 1172 682 1232; x_wconf 92' lang='lat' dir='ltr'>ad</span> <span class='ocrx_word' id='word_1_79' title='bbox 707 1171 766 1233; x_wconf 87' lang='lat' dir='ltr'>boe</span> <span class='ocrx_word' id='word_1_80' title='bbox 787 1169 820 1231; x_wconf 93' lang='lat' dir='ltr'>in</span> <span class='ocrx_word' id='word_1_81' title='bbox 840 1164 1038 1249; x_wconf 82' lang='lat' dir='ltr'>expositione</span> <span class='ocrx_word' id='word_1_82' title='bbox 1058 1164 1117 1226; x_wconf 90' lang='lat' dir='ltr'>Job</span> <span class='ocrx_word' id='word_1_83' title='bbox 1136 1169 1185 1225; x_wconf 93' lang='lat' dir='ltr'>est</span> <span class='ocrx_word' id='word_1_84' title='bbox 1240 1162 1377 1224; x_wconf 85' lang='lat' dir='ltr'>mediate</span> <span class='ocrx_word' id='word_1_85' title='bbox 1396 1162 1527 1225; x_wconf 89' lang='lat' dir='ltr'>otclare</span> <span class='ocrx_word' id='word_1_86' title='bbox 1548 1163 1581 1225; x_wconf 90' lang='lat' dir='ltr'>in</span> <span class='ocrx_word' id='word_1_87' title='bbox 1602 1173 1692 1245; x_wconf 89' lang='lat' dir='ltr'>raptu</span> <span class='ocrx_word' id='word_1_88' title='bbox 1716 1163 1858 1226; x_wconf 86' lang='lat' dir='ltr'>divinam</span> <span class='ocrx_word' id='word_1_89' title='bbox 1877 1151 2032 1226; x_wconf 75' lang='lat' dir='ltr'>essen-²⁴·</span> 
     </span>
     <span class='ocr_line' id='line_1_8' title="bbox 441 1258 2122 1350; baseline -0.005 -18"><span class='ocrx_word' id='word_1_90' title='bbox 441 1270 514 1332; x_wconf 87' lang='lat' dir='ltr'>data</span> <span class='ocrx_word' id='word_1_91' title='bbox 529 1269 657 1332; x_wconf 88' lang='lat' dir='ltr'>solutio.</span> <span class='ocrx_word' id='word_1_92' title='bbox 670 1269 778 1350; x_wconf 92' lang='lat' dir='ltr'>ltaque</span> <span class='ocrx_word' id='word_1_93' title='bbox 794 1268 827 1329; x_wconf 93' lang='lat' dir='ltr'>in</span> <span class='ocrx_word' id='word_1_94' title='bbox 844 1266 894 1327; x_wconf 93' lang='lat' dir='ltr'>his</span> <span class='ocrx_word' id='word_1_95' title='bbox 906 1263 1012 1327; x_wconf 94' lang='lat' dir='ltr'>verbis</span> <span class='ocrx_word' id='word_1_96' title='bbox 1028 1280 1185 1326; x_wconf 90' lang='lat' dir='ltr'>commen·</span> <span class='ocrx_word' id='word_1_97' title='bbox 1239 1260 1328 1336; x_wconf 90' lang='lat' dir='ltr'>tiam,</span> <span class='ocrx_word' id='word_1_98' title='bbox 1349 1260 1393 1322; x_wconf 92' lang='lat' dir='ltr'>ita</span> <span class='ocrx_word' id='word_1_99' title='bbox 1412 1261 1508 1342; x_wconf 80' lang='lat' dir='ltr'>Moysi</span> <span class='ocrx_word' id='word_1_100' title='bbox 1534 1271 1582 1324; x_wconf 90' lang='lat' dir='ltr'>est</span> <span class='ocrx_word' id='word_1_101' title='bbox 1606 1280 1802 1340; x_wconf 89' lang='lat' dir='ltr'>concessum,</span> <span class='ocrx_word' id='word_1_102' title='bbox 1824 1272 1982 1345; x_wconf 87' lang='lat' dir='ltr'>quatenus</span> <span class='ocrx_word' id='word_1_103' title='bbox 2121 1258 2122 1261; x_wconf 66' lang='grc'>’</span> 
     </span>
     <span class='ocr_line' id='line_1_9' title="bbox 441 1357 1983 1450; baseline -0.004 -20"><span class='ocrx_word' id='word_1_104' title='bbox 441 1368 533 1430; x_wconf 88' lang='lat' dir='ltr'>datur</span> <span class='ocrx_word' id='word_1_105' title='bbox 543 1368 663 1450; x_wconf 89' lang='lat' dir='ltr'>Moyses</span> <span class='ocrx_word' id='word_1_106' title='bbox 679 1385 743 1429; x_wconf 90' lang='lat' dir='ltr'>non</span> <span class='ocrx_word' id='word_1_107' title='bbox 759 1365 861 1428; x_wconf 90' lang='lat' dir='ltr'>solum</span> <span class='ocrx_word' id='word_1_108' title='bbox 878 1365 918 1426; x_wconf 89' lang='lat' dir='ltr'>de</span> <span class='ocrx_word' id='word_1_109' title='bbox 933 1360 1186 1442; x_wconf 83' lang='lat' dir='ltr'>eminentiapro</span> <span class='ocrx_word' id='word_1_110' title='bbox 1241 1357 1364 1438; x_wconf 91' lang='lat' dir='ltr'>primus</span> <span class='ocrx_word' id='word_1_111' title='bbox 1378 1360 1558 1422; x_wconf 72' lang='lat' dir='ltr'>ludaeorum</span> <span class='ocrx_word' id='word_1_112' title='bbox 1575 1360 1748 1440; x_wconf 87' lang='lat' dir='ltr'>legislator,</span> <span class='ocrx_word' id='word_1_113' title='bbox 1765 1371 1861 1443; x_wconf 90' lang='lat' dir='ltr'>atque</span> <span class='ocrx_word' id='word_1_114' title='bbox 1879 1363 1983 1444; x_wconf 78' lang='lat' dir='ltr'>praeci-</span> 
     </span>
     <span class='ocr_line' id='line_1_10' title="bbox 442 1457 1984 1548; baseline -0.005 -20"><span class='ocrx_word' id='word_1_115' title='bbox 442 1465 569 1548; x_wconf 75' lang='lat' dir='ltr'>phetiaa,</span> <span class='ocrx_word' id='word_1_116' title='bbox 586 1485 658 1547; x_wconf 78' lang='lat' dir='ltr'>quaa</span> <span class='ocrx_word' id='word_1_117' title='bbox 678 1473 727 1528; x_wconf 89' lang='lat' dir='ltr'>est</span> <span class='ocrx_word' id='word_1_118' title='bbox 742 1465 861 1527; x_wconf 91' lang='lat' dir='ltr'>donum</span> <span class='ocrx_word' id='word_1_119' title='bbox 884 1461 992 1542; x_wconf 72' lang='lat' dir='ltr'>gratian</span> <span class='ocrx_word' id='word_1_120' title='bbox 1015 1459 1113 1540; x_wconf 91' lang='lat' dir='ltr'>gratis</span> <span class='ocrx_word' id='word_1_121' title='bbox 1133 1459 1187 1520; x_wconf 89' lang='lat' dir='ltr'>da·</span> <span class='ocrx_word' id='word_1_122' title='bbox 1240 1474 1324 1537; x_wconf 92' lang='lat' dir='ltr'>puus</span> <span class='ocrx_word' id='word_1_123' title='bbox 1338 1457 1481 1536; x_wconf 91' lang='lat' dir='ltr'>gentium</span> <span class='ocrx_word' id='word_1_124' title='bbox 1498 1458 1617 1534; x_wconf 89' lang='lat' dir='ltr'>doctor,</span> <span class='ocrx_word' id='word_1_125' title='bbox 1635 1458 1669 1519; x_wconf 95' lang='lat' dir='ltr'>in</span> <span class='ocrx_word' id='word_1_126' title='bbox 1684 1459 1743 1521; x_wconf 90' lang='lat' dir='ltr'>hac</span> <span class='ocrx_word' id='word_1_127' title='bbox 1762 1459 1863 1538; x_wconf 90' lang='lat' dir='ltr'>gratia</span> <span class='ocrx_word' id='word_1_128' title='bbox 1878 1470 1984 1522; x_wconf 91' lang='lat' dir='ltr'>essent</span> 
     </span>
     <span class='ocr_line' id='line_1_11' title="bbox 442 1553 1983 1640; baseline -0.003 -14"><span class='ocrx_word' id='word_1_129' title='bbox 442 1572 492 1640; x_wconf 77' lang='lat' dir='ltr'>ta,</span> <span class='ocrx_word' id='word_1_130' title='bbox 519 1565 630 1627; x_wconf 87' lang='lat' dir='ltr'>sedet</span> <span class='ocrx_word' id='word_1_131' title='bbox 657 1565 696 1626; x_wconf 91' lang='lat' dir='ltr'>dc</span> <span class='ocrx_word' id='word_1_132' title='bbox 720 1560 895 1626; x_wconf 90' lang='lat' dir='ltr'>eminentia</span> <span class='ocrx_word' id='word_1_133' title='bbox 923 1558 1032 1640; x_wconf 73' lang='lat' dir='ltr'>gratim</span> <span class='ocrx_word' id='word_1_134' title='bbox 1061 1564 1186 1638; x_wconf 86' lang='lat' dir='ltr'>gratum</span> <span class='ocrx_word' id='word_1_135' title='bbox 1241 1553 1438 1630; x_wconf 81' lang='lat' dir='ltr'>conformes,</span> <span class='ocrx_word' id='word_1_136' title='bbox 1466 1564 1561 1637; x_wconf 92' lang='lat' dir='ltr'>prout</span> <span class='ocrx_word' id='word_1_137' title='bbox 1591 1556 1624 1617; x_wconf 95' lang='lat' dir='ltr'>in</span> <span class='ocrx_word' id='word_1_138' title='bbox 1655 1558 1794 1620; x_wconf 85' lang='lat' dir='ltr'>secunda</span> <span class='ocrx_word' id='word_1_139' title='bbox 1822 1560 1983 1635; x_wconf 80' lang='lat' dir='ltr'>secundae,</span> 
     </span>
     <span class='ocr_line' id='line_1_12' title="bbox 443 1652 1985 1743; baseline -0.005 -18"><span class='ocrx_word' id='word_1_140' title='bbox 443 1661 600 1739; x_wconf 89' lang='lat' dir='ltr'>facientis,</span> <span class='ocrx_word' id='word_1_141' title='bbox 618 1663 825 1743; x_wconf 86' lang='lat' dir='ltr'>bonitateque</span> <span class='ocrx_word' id='word_1_142' title='bbox 840 1677 976 1722; x_wconf 90' lang='lat' dir='ltr'>morum.</span> <span class='ocrx_word' id='word_1_143' title='bbox 987 1655 1106 1718; x_wconf 87' lang='lat' dir='ltr'>idcireo</span> <span class='ocrx_word' id='word_1_144' title='bbox 1121 1673 1186 1718; x_wconf 93' lang='lat' dir='ltr'>uon</span> <span class='ocrx_word' id='word_1_145' title='bbox 1241 1652 1416 1734; x_wconf 83' lang='lat' dir='ltr'>quastione</span> <span class='ocrx_word' id='word_1_146' title='bbox 1432 1654 1500 1730; x_wconf 78' lang='lat' dir='ltr'>fib,</span> <span class='ocrx_word' id='word_1_147' title='bbox 1511 1654 1622 1717; x_wconf 84' lang='lat' dir='ltr'>scribit</span> <span class='ocrx_word' id='word_1_148' title='bbox 1637 1655 1772 1719; x_wconf 86' lang='lat' dir='ltr'>Thomas</span> <span class='ocrx_word' id='word_1_149' title='bbox 1788 1656 1921 1734; x_wconf 75' lang='lat' dir='ltr'>diffuse,</span> <span class='ocrx_word' id='word_1_150' title='bbox 1932 1658 1985 1719; x_wconf 90' lang='lat' dir='ltr'>ubi</span> 
     </span>
     <span class='ocr_line' id='line_1_13' title="bbox 442 1751 1983 1843; baseline -0.004 -19"><span class='ocrx_word' id='word_1_151' title='bbox 442 1761 526 1824; x_wconf 87' lang='lat' dir='ltr'>valet</span> <span class='ocrx_word' id='word_1_152' title='bbox 540 1761 626 1843; x_wconf 88' lang='lat' dir='ltr'>quod</span> <span class='ocrx_word' id='word_1_153' title='bbox 642 1759 743 1823; x_wconf 85' lang='lat' dir='ltr'>Rahbi</span> <span class='ocrx_word' id='word_1_154' title='bbox 764 1759 879 1821; x_wconf 89' lang='lat' dir='ltr'>Paulus</span> <span class='ocrx_word' id='word_1_155' title='bbox 894 1756 972 1818; x_wconf 93' lang='lat' dir='ltr'>dicit</span> <span class='ocrx_word' id='word_1_156' title='bbox 987 1753 1184 1836; x_wconf 89' lang='lat' dir='ltr'>oppositum.</span> <span class='ocrx_word' id='word_1_157' title='bbox 1241 1751 1324 1813; x_wconf 86' lang='lat' dir='ltr'>inter</span> <span class='ocrx_word' id='word_1_158' title='bbox 1339 1759 1443 1814; x_wconf 87' lang='lat' dir='ltr'>cetera</span> <span class='ocrx_word' id='word_1_159' title='bbox 1462 1753 1517 1828; x_wconf 92' lang='lat' dir='ltr'>ait,</span> <span class='ocrx_word' id='word_1_160' title='bbox 1528 1753 1613 1834; x_wconf 92' lang='lat' dir='ltr'>quod</span> <span class='ocrx_word' id='word_1_161' title='bbox 1629 1753 1685 1815; x_wconf 89' lang='lat' dir='ltr'>illa</span> <span class='ocrx_word' id='word_1_162' title='bbox 1700 1753 1822 1818; x_wconf 90' lang='lat' dir='ltr'>visione</span> <span class='ocrx_word' id='word_1_163' title='bbox 1837 1756 1983 1828; x_wconf 82' lang='lat' dir='ltr'>durante,</span> 
     </span>
     <span class='ocr_line' id='line_1_14' title="bbox 441 1848 1982 1941; baseline -0.005 -18"><span class='ocrx_word' id='word_1_164' title='bbox 441 1860 544 1934; x_wconf 85' lang='lat' dir='ltr'>Quum</span> <span class='ocrx_word' id='word_1_165' title='bbox 569 1859 655 1922; x_wconf 88' lang='lat' dir='ltr'>enim</span> <span class='ocrx_word' id='word_1_166' title='bbox 680 1857 849 1941; x_wconf 87' lang='lat' dir='ltr'>prophetia</span> <span class='ocrx_word' id='word_1_167' title='bbox 869 1856 911 1918; x_wconf 92' lang='lat' dir='ltr'>sit</span> <span class='ocrx_word' id='word_1_168' title='bbox 936 1856 1054 1917; x_wconf 92' lang='lat' dir='ltr'>donum</span> <span class='ocrx_word' id='word_1_169' title='bbox 1077 1852 1186 1932; x_wconf 76' lang='lat' dir='ltr'>gratia</span> <span class='ocrx_word' id='word_1_170' title='bbox 1203 1853 1226 1914; x_wconf 90' lang='lat' dir='ltr'><strong>B</strong></span> <span class='ocrx_word' id='word_1_171' title='bbox 1242 1867 1306 1912; x_wconf 93' lang='lat' dir='ltr'>non</span> <span class='ocrx_word' id='word_1_172' title='bbox 1324 1848 1384 1910; x_wconf 93' lang='lat' dir='ltr'>fuit</span> <span class='ocrx_word' id='word_1_173' title='bbox 1406 1850 1439 1910; x_wconf 95' lang='lat' dir='ltr'>in</span> <span class='ocrx_word' id='word_1_174' title='bbox 1455 1850 1557 1932; x_wconf 91' lang='lat' dir='ltr'>Moyse</span> <span class='ocrx_word' id='word_1_175' title='bbox 1578 1859 1608 1914; x_wconf 86' lang='lat' dir='ltr'>et</span> <span class='ocrx_word' id='word_1_176' title='bbox 1623 1851 1718 1914; x_wconf 89' lang='lat' dir='ltr'>Paulo</span> <span class='ocrx_word' id='word_1_177' title='bbox 1742 1851 1822 1915; x_wconf 90' lang='lat' dir='ltr'>fides</span> <span class='ocrx_word' id='word_1_178' title='bbox 1845 1863 1878 1916; x_wconf 90' lang='lat' dir='ltr'>et</span> <span class='ocrx_word' id='word_1_179' title='bbox 1900 1873 1982 1936; x_wconf 91' lang='lat' dir='ltr'>spes,</span> 
     </span>
     <span class='ocr_line' id='line_1_15' title="bbox 441 1950 1985 2039; baseline -0.003 -20"><span class='ocrx_word' id='word_1_180' title='bbox 441 1958 540 2039; x_wconf 86' lang='lat' dir='ltr'>gratis</span> <span class='ocrx_word' id='word_1_181' title='bbox 556 1959 646 2035; x_wconf 79' lang='lat' dir='ltr'>data,</span> <span class='ocrx_word' id='word_1_182' title='bbox 658 1957 750 2020; x_wconf 89' lang='lat' dir='ltr'>bonis</span> <span class='ocrx_word' id='word_1_183' title='bbox 766 1975 802 2019; x_wconf 86' lang='lat' dir='ltr'>ae</span> <span class='ocrx_word' id='word_1_184' title='bbox 818 1955 911 2017; x_wconf 90' lang='lat' dir='ltr'>malis</span> <span class='ocrx_word' id='word_1_185' title='bbox 926 1967 1188 2031; x_wconf 80' lang='lat' dir='ltr'>commune,pro</span> <span class='ocrx_word' id='word_1_186' title='bbox 1241 1957 1397 2028; x_wconf 87' lang='lat' dir='ltr'>quantum</span> <span class='ocrx_word' id='word_1_187' title='bbox 1412 1950 1451 2012; x_wconf 91' lang='lat' dir='ltr'>ad</span> <span class='ocrx_word' id='word_1_188' title='bbox 1469 1959 1557 2012; x_wconf 91' lang='lat' dir='ltr'>actus</span> <span class='ocrx_word' id='word_1_189' title='bbox 1572 1969 1692 2027; x_wconf 89' lang='lat' dir='ltr'>earum,</span> <span class='ocrx_word' id='word_1_190' title='bbox 1705 1951 1760 2013; x_wconf 92' lang='lat' dir='ltr'>sed</span> <span class='ocrx_word' id='word_1_191' title='bbox 1776 1951 1881 2013; x_wconf 92' lang='lat' dir='ltr'>solum</span> <span class='ocrx_word' id='word_1_192' title='bbox 1892 1971 1985 2033; x_wconf 87' lang='lat' dir='ltr'>quan·</span> 
     </span>
     <span class='ocr_line' id='line_1_16' title="bbox 443 2045 1985 2139; baseline -0.003 -21"><span class='ocrx_word' id='word_1_193' title='bbox 443 2065 514 2138; x_wconf 89' lang='lat' dir='ltr'>pter</span> <span class='ocrx_word' id='word_1_194' title='bbox 529 2056 633 2139; x_wconf 88' lang='lat' dir='ltr'>ipsum</span> <span class='ocrx_word' id='word_1_195' title='bbox 651 2055 754 2118; x_wconf 92' lang='lat' dir='ltr'>solum</span> <span class='ocrx_word' id='word_1_196' title='bbox 771 2073 835 2117; x_wconf 92' lang='lat' dir='ltr'>non</span> <span class='ocrx_word' id='word_1_197' title='bbox 851 2048 1051 2132; x_wconf 88' lang='lat' dir='ltr'>diciturquis</span> <span class='ocrx_word' id='word_1_198' title='bbox 1068 2045 1188 2110; x_wconf 81' lang='lat' dir='ltr'>fidelis</span> <span class='ocrx_word' id='word_1_199' title='bbox 1243 2057 1311 2108; x_wconf 91' lang='lat' dir='ltr'>tum</span> <span class='ocrx_word' id='word_1_200' title='bbox 1333 2049 1373 2109; x_wconf 89' lang='lat' dir='ltr'>ad</span> <span class='ocrx_word' id='word_1_201' title='bbox 1396 2047 1540 2110; x_wconf 89' lang='lat' dir='ltr'>habitum</span> <span class='ocrx_word' id='word_1_202' title='bbox 1555 2073 1562 2124; x_wconf 90' lang='lat'><strong>;</strong></span> <span class='ocrx_word' id='word_1_203' title='bbox 1580 2050 1666 2130; x_wconf 87' lang='lat' dir='ltr'>quod</span> <span class='ocrx_word' id='word_1_204' title='bbox 1689 2049 1764 2112; x_wconf 90' lang='lat' dir='ltr'>item</span> <span class='ocrx_word' id='word_1_205' title='bbox 1785 2049 1818 2111; x_wconf 94' lang='lat' dir='ltr'>in</span> <span class='ocrx_word' id='word_1_206' title='bbox 1841 2051 1888 2113; x_wconf 91' lang='lat' dir='ltr'>eis</span> <span class='ocrx_word' id='word_1_207' title='bbox 1912 2060 1985 2114; x_wconf 91' lang='lat' dir='ltr'>tunc</span> 
     </span>
     <span class='ocr_line' id='line_1_17' title="bbox 443 2143 1984 2228; baseline 0.004 -23"><span class='ocrx_word' id='word_1_208' title='bbox 443 2154 545 2216; x_wconf 73' lang='lat' dir='ltr'>simus</span> <span class='ocrx_word' id='word_1_209' title='bbox 561 2155 634 2217; x_wconf 74' lang='lat'>1100,</span> <span class='ocrx_word' id='word_1_210' title='bbox 1244 2143 1305 2206; x_wconf 93' lang='lat' dir='ltr'>fuit</span> <span class='ocrx_word' id='word_1_211' title='bbox 1319 2144 1428 2207; x_wconf 88' lang='lat' dir='ltr'>lumen</span> <span class='ocrx_word' id='word_1_212' title='bbox 1442 2146 1602 2226; x_wconf 83' lang='lat' dir='ltr'>gloriae,et</span> <span class='ocrx_word' id='word_1_213' title='bbox 1615 2147 1701 2228; x_wconf 88' lang='lat' dir='ltr'>quod</span> <span class='ocrx_word' id='word_1_214' title='bbox 1716 2157 1807 2210; x_wconf 91' lang='lat' dir='ltr'>erant</span> <span class='ocrx_word' id='word_1_215' title='bbox 1816 2147 1913 2224; x_wconf 86' lang='lat' dir='ltr'>beati,</span> <span class='ocrx_word' id='word_1_216' title='bbox 1924 2168 1984 2212; x_wconf 91' lang='lat' dir='ltr'>non</span> 
     </span>
     <span class='ocr_line' id='line_1_18' title="bbox 485 2241 1987 2330; baseline -0.005 -14"><span class='ocrx_word' id='word_1_217' title='bbox 485 2257 545 2316; x_wconf 87' lang='lat' dir='ltr'>Ore</span> <span class='ocrx_word' id='word_1_218' title='bbox 562 2255 650 2313; x_wconf 80' lang='lat' dir='ltr'>enim</span> <span class='ocrx_word' id='word_1_219' title='bbox 673 2255 718 2314; x_wconf 85' lang='lat' dir='ltr'>ad</span> <span class='ocrx_word' id='word_1_220' title='bbox 733 2272 766 2312; x_wconf 86' lang='lat' dir='ltr'>os</span> <span class='ocrx_word' id='word_1_221' title='bbox 789 2256 900 2330; x_wconf 79' lang='lat' dir='ltr'>loquor</span> <span class='ocrx_word' id='word_1_222' title='bbox 914 2253 957 2320; x_wconf 86' lang='lat' dir='ltr'>ai,</span> <span class='ocrx_word' id='word_1_223' title='bbox 974 2251 1006 2313; x_wconf 88' lang='lat' dir='ltr'>id</span> <span class='ocrx_word' id='word_1_224' title='bbox 1027 2261 1074 2314; x_wconf 79' lang='lat' dir='ltr'>ast</span> <span class='ocrx_word' id='word_1_225' title='bbox 1097 2252 1189 2315; x_wconf 74' lang='lat' dir='ltr'>fami.</span> <span class='ocrx_word' id='word_1_226' title='bbox 1242 2241 1458 2319; x_wconf 88' lang='lat' dir='ltr'>habitualiter,</span> <span class='ocrx_word' id='word_1_227' title='bbox 1484 2244 1537 2306; x_wconf 89' lang='lat' dir='ltr'>sed</span> <span class='ocrx_word' id='word_1_228' title='bbox 1561 2245 1735 2307; x_wconf 88' lang='lat' dir='ltr'>secundum</span> <span class='ocrx_word' id='word_1_229' title='bbox 1756 2255 1863 2308; x_wconf 89' lang='lat' dir='ltr'>actum</span> <span class='ocrx_word' id='word_1_230' title='bbox 1888 2255 1987 2309; x_wconf 75' lang='lat' dir='ltr'>trans</span> 
     </span>
     <span class='ocr_line' id='line_1_19' title="bbox 445 2343 1987 2419; baseline 0.001 -13"><span class='ocrx_word' id='word_1_231' title='bbox 445 2352 566 2414; x_wconf 73' lang='lat' dir='ltr'>liariter</span> <span class='ocrx_word' id='word_1_232' title='bbox 581 2351 684 2414; x_wconf 72' lang='lat' dir='ltr'>valde..</span> <span class='ocrx_word' id='word_1_233' title='bbox 701 2351 789 2413; x_wconf 76' lang='lat' dir='ltr'>Unde</span> <span class='ocrx_word' id='word_1_234' title='bbox 806 2349 838 2411; x_wconf 87' lang='lat' dir='ltr'>in</span> <span class='ocrx_word' id='word_1_235' title='bbox 855 2349 961 2412; x_wconf 75' lang='lat' dir='ltr'>Exodo</span> <span class='ocrx_word' id='word_1_236' title='bbox 977 2350 1098 2413; x_wconf 72' lang='lat' dir='ltr'>dictum</span> <span class='ocrx_word' id='word_1_237' title='bbox 1114 2360 1162 2414; x_wconf 69' lang='lat' dir='ltr'>est</span> <span class='ocrx_word' id='word_1_238' title='bbox 1179 2371 1186 2414; x_wconf 92' lang='lat'>:</span> <span class='ocrx_word' id='word_1_239' title='bbox 1243 2349 1384 2419; x_wconf 90' lang='lat' dir='ltr'>euntem,</span> <span class='ocrx_word' id='word_1_240' title='bbox 1403 2361 1462 2405; x_wconf 87' lang='lat' dir='ltr'>nee</span> <span class='ocrx_word' id='word_1_241' title='bbox 1484 2352 1560 2405; x_wconf 91' lang='lat' dir='ltr'>tunc</span> <span class='ocrx_word' id='word_1_242' title='bbox 1575 2343 1726 2406; x_wconf 89' lang='lat' dir='ltr'>vivebant</span> <span class='ocrx_word' id='word_1_243' title='bbox 1745 2344 1812 2409; x_wconf 90' lang='lat' dir='ltr'>vita</span> <span class='ocrx_word' id='word_1_244' title='bbox 1834 2347 1987 2408; x_wconf 87' lang='lat' dir='ltr'>sensitiva</span> 
     </span>
     <span class='ocr_line' id='line_1_20' title="bbox 398 2440 1846 2532; baseline 0.002 -19"><span class='ocrx_word' id='word_1_245' title='bbox 398 2503 403 2513; x_wconf 95' lang='lat'>.</span> <span class='ocrx_word' id='word_1_246' title='bbox 444 2449 645 2532; x_wconf 86' lang='lat' dir='ltr'>Loquebatur</span> <span class='ocrx_word' id='word_1_247' title='bbox 674 2448 826 2512; x_wconf 86' lang='lat' dir='ltr'>Dominus</span> <span class='ocrx_word' id='word_1_248' title='bbox 857 2465 929 2510; x_wconf 87' lang='lat' dir='ltr'>eum</span> <span class='ocrx_word' id='word_1_249' title='bbox 961 2447 1079 2530; x_wconf 90' lang='lat' dir='ltr'>Moyse,</span> <span class='ocrx_word' id='word_1_250' title='bbox 1107 2449 1189 2512; x_wconf 90' lang='lat' dir='ltr'>sicut</span> <span class='ocrx_word' id='word_1_251' title='bbox 1244 2440 1461 2516; x_wconf 52' lang='lat' dir='ltr'>humanm&amp;</span> <span class='ocrx_word' id='word_1_252' title='bbox 1478 2442 1710 2523; x_wconf 63' lang='lat' dir='ltr'>supernaturali</span> <span class='ocrx_word' id='word_1_253' title='bbox 1726 2443 1846 2506; x_wconf 74' lang='lat' dir='ltr'>dirim·</span> 
     </span>
     <span class='ocr_line' id='line_1_21' title="bbox 446 2538 1987 2628; baseline -0.003 -18"><span class='ocrx_word' id='word_1_254' title='bbox 446 2548 533 2628; x_wconf 91' lang='lat' dir='ltr'>loqui</span> <span class='ocrx_word' id='word_1_255' title='bbox 557 2547 636 2610; x_wconf 90' lang='lat' dir='ltr'>solet</span> <span class='ocrx_word' id='word_1_256' title='bbox 658 2547 753 2610; x_wconf 92' lang='lat' dir='ltr'>homo</span> <span class='ocrx_word' id='word_1_257' title='bbox 769 2546 807 2608; x_wconf 97' lang='lat' dir='ltr'>ad</span> <span class='ocrx_word' id='word_1_258' title='bbox 828 2545 964 2608; x_wconf 90' lang='lat' dir='ltr'>amicum</span> <span class='ocrx_word' id='word_1_259' title='bbox 990 2565 1094 2608; x_wconf 90' lang='lat' dir='ltr'>suum.</span> <span class='ocrx_word' id='word_1_260' title='bbox 1112 2548 1188 2610; x_wconf 91' lang='lat' dir='ltr'>Nam</span> <span class='ocrx_word' id='word_1_261' title='bbox 1284 2538 1510 2602; x_wconf 67' lang='lat' dir='ltr'>Verumtamen</span> <span class='ocrx_word' id='word_1_262' title='bbox 1526 2539 1648 2602; x_wconf 75' lang='lat' dir='ltr'>Hebraei</span> <span class='ocrx_word' id='word_1_263' title='bbox 1670 2541 1853 2623; x_wconf 78' lang='lat' dir='ltr'>etquidem</span> <span class='ocrx_word' id='word_1_264' title='bbox 1876 2542 1987 2606; x_wconf 86' lang='lat' dir='ltr'>fideles</span> 
     </span>
     <span class='ocr_line' id='line_1_22' title="bbox 445 2637 1989 2724; baseline -0.003 -16"><span class='ocrx_word' id='word_1_265' title='bbox 445 2646 484 2709; x_wconf 91' lang='lat' dir='ltr'>ad</span> <span class='ocrx_word' id='word_1_266' title='bbox 500 2644 626 2707; x_wconf 92' lang='lat' dir='ltr'>libitum</span> <span class='ocrx_word' id='word_1_267' title='bbox 644 2663 736 2707; x_wconf 93' lang='lat' dir='ltr'>suum</span> <span class='ocrx_word' id='word_1_268' title='bbox 753 2643 880 2706; x_wconf 89' lang='lat' dir='ltr'>assidue</span> <span class='ocrx_word' id='word_1_269' title='bbox 895 2644 1007 2706; x_wconf 92' lang='lat' dir='ltr'>habuit</span> <span class='ocrx_word' id='word_1_270' title='bbox 1021 2644 1189 2709; x_wconf 92' lang='lat' dir='ltr'>allocutio·</span> <span class='ocrx_word' id='word_1_271' title='bbox 1243 2637 1338 2699; x_wconf 67' lang='lat' dir='ltr'>aliter</span> <span class='ocrx_word' id='word_1_272' title='bbox 1353 2647 1568 2718; x_wconf 71' lang='lat' dir='ltr'>exposuerunt</span> <span class='ocrx_word' id='word_1_273' title='bbox 1583 2639 1668 2701; x_wconf 90' lang='lat' dir='ltr'>hunc</span> <span class='ocrx_word' id='word_1_274' title='bbox 1683 2659 1823 2721; x_wconf 88' lang='lat' dir='ltr'>passum,</span> <span class='ocrx_word' id='word_1_275' title='bbox 1840 2642 1919 2722; x_wconf 84' lang='lat' dir='ltr'>quia</span> <span class='ocrx_word' id='word_1_276' title='bbox 1934 2661 1989 2724; x_wconf 90' lang='lat' dir='ltr'>per</span> 
     </span>
     <span class='ocr_line' id='line_1_23' title="bbox 444 2733 1990 2823; baseline -0.002 -17"><span class='ocrx_word' id='word_1_277' title='bbox 444 2763 519 2807; x_wconf 89' lang='lat' dir='ltr'>nem</span> <span class='ocrx_word' id='word_1_278' title='bbox 533 2753 565 2807; x_wconf 89' lang='lat' dir='ltr'>et</span> <span class='ocrx_word' id='word_1_279' title='bbox 581 2733 805 2807; x_wconf 85' lang='lat' dir='ltr'>revelationem</span> <span class='ocrx_word' id='word_1_280' title='bbox 821 2742 1066 2805; x_wconf 87' lang='lat' dir='ltr'>divinamlstud</span> <span class='ocrx_word' id='word_1_281' title='bbox 1084 2753 1189 2806; x_wconf 90' lang='lat' dir='ltr'>tamen</span> <span class='ocrx_word' id='word_1_282' title='bbox 1244 2735 1412 2813; x_wconf 78' lang='lat' dir='ltr'>visionem,</span> <span class='ocrx_word' id='word_1_283' title='bbox 1427 2735 1652 2800; x_wconf 75' lang='lat' dir='ltr'>intellexerunt</span> <span class='ocrx_word' id='word_1_284' title='bbox 1667 2739 1853 2802; x_wconf 82' lang='lat' dir='ltr'>exteriorem</span> <span class='ocrx_word' id='word_1_285' title='bbox 1869 2740 1926 2802; x_wconf 82' lang='lat' dir='ltr'>nei</span> <span class='ocrx_word' id='word_1_286' title='bbox 1936 2760 1990 2823; x_wconf 81' lang='lat' dir='ltr'>ap</span> 
     </span>
     <span class='ocr_line' id='line_1_24' title="bbox 445 2833 1989 2925; baseline -0.004 -19"><span class='ocrx_word' id='word_1_287' title='bbox 445 2843 546 2906; x_wconf 89' lang='lat' dir='ltr'>fiebat</span> <span class='ocrx_word' id='word_1_288' title='bbox 560 2861 618 2924; x_wconf 93' lang='lat' dir='ltr'>per</span> <span class='ocrx_word' id='word_1_289' title='bbox 636 2842 796 2922; x_wconf 90' lang='lat' dir='ltr'>angelum,</span> <span class='ocrx_word' id='word_1_290' title='bbox 815 2840 848 2902; x_wconf 95' lang='lat' dir='ltr'>in</span> <span class='ocrx_word' id='word_1_291' title='bbox 864 2839 918 2903; x_wconf 86' lang='lat' dir='ltr'>Dei</span> <span class='ocrx_word' id='word_1_292' title='bbox 939 2859 1074 2922; x_wconf 91' lang='lat' dir='ltr'>persona</span> <span class='ocrx_word' id='word_1_293' title='bbox 1094 2862 1191 2925; x_wconf 80' lang='lat' dir='ltr'>appa.</span> <span class='ocrx_word' id='word_1_294' title='bbox 1245 2833 1448 2916; x_wconf 90' lang='lat' dir='ltr'>paritionem,</span> <span class='ocrx_word' id='word_1_295' title='bbox 1474 2854 1538 2916; x_wconf 93' lang='lat' dir='ltr'>qua</span> <span class='ocrx_word' id='word_1_296' title='bbox 1563 2855 1619 2917; x_wconf 92' lang='lat' dir='ltr'>per</span> <span class='ocrx_word' id='word_1_297' title='bbox 1647 2837 1795 2916; x_wconf 82' lang='lat' dir='ltr'>angelum</span> <span class='ocrx_word' id='word_1_298' title='bbox 1818 2837 1989 2902; x_wconf 89' lang='lat' dir='ltr'>visibiliter</span> 
     </span>
     <span class='ocr_line' id='line_1_25' title="bbox 444 2933 1986 3022; baseline 0 -20"><span class='ocrx_word' id='word_1_299' title='bbox 444 2949 565 3003; x_wconf 91' lang='lat' dir='ltr'>rentem</span> <span class='ocrx_word' id='word_1_300' title='bbox 591 2948 686 3022; x_wconf 89' lang='lat' dir='ltr'>atquc</span> <span class='ocrx_word' id='word_1_301' title='bbox 712 2939 908 3020; x_wconf 90' lang='lat' dir='ltr'>loquentem,</span> <span class='ocrx_word' id='word_1_302' title='bbox 936 2947 967 3000; x_wconf 91' lang='lat' dir='ltr'>et</span> <span class='ocrx_word' id='word_1_303' title='bbox 993 2938 1191 3003; x_wconf 92' lang='lat' dir='ltr'>inhumana</span> <span class='ocrx_word' id='word_1_304' title='bbox 1245 2942 1463 3014; x_wconf 78' lang='lat' dir='ltr'>apparentem,</span> <span class='ocrx_word' id='word_1_305' title='bbox 1480 2933 1673 3015; x_wconf 89' lang='lat' dir='ltr'>quibusdam</span> <span class='ocrx_word' id='word_1_306' title='bbox 1692 2937 1810 2999; x_wconf 84' lang='lat' dir='ltr'>sanctis</span> <span class='ocrx_word' id='word_1_307' title='bbox 1825 2939 1986 3020; x_wconf 88' lang='lat' dir='ltr'>apparuit,</span> 
     </span>
     <span class='ocr_line' id='line_1_26' title="bbox 444 3031 2115 3118; baseline 0.004 -16"><span class='ocrx_word' id='word_1_308' title='bbox 444 3038 556 3118; x_wconf 88' lang='lat' dir='ltr'>effigie</span> <span class='ocrx_word' id='word_1_309' title='bbox 572 3037 744 3102; x_wconf 85' lang='lat' dir='ltr'>visibiliter</span> <span class='ocrx_word' id='word_1_310' title='bbox 767 3056 800 3101; x_wconf 90' lang='lat' dir='ltr'>se</span> <span class='ocrx_word' id='word_1_311' title='bbox 816 3045 1058 3101; x_wconf 87' lang='lat' dir='ltr'>monstrantem.</span> <span class='ocrx_word' id='word_1_312' title='bbox 1076 3043 1119 3101; x_wconf 76' lang='lat' dir='ltr'>la&#39;t</span> <span class='ocrx_word' id='word_1_313' title='bbox 1129 3060 1190 3117; x_wconf 84' lang='lat' dir='ltr'>po·</span> <span class='ocrx_word' id='word_1_314' title='bbox 1206 3039 1229 3102; x_wconf 84' lang='lat' dir='ltr'>C</span> <span class='ocrx_word' id='word_1_315' title='bbox 1245 3040 1280 3093; x_wconf 81' lang='lat' dir='ltr'>ut</span> <span class='ocrx_word' id='word_1_316' title='bbox 1297 3031 1430 3094; x_wconf 75' lang='lat' dir='ltr'>Abrrhm</span> <span class='ocrx_word' id='word_1_317' title='bbox 1446 3032 1478 3093; x_wconf 84' lang='lat' dir='ltr'>in</span> <span class='ocrx_word' id='word_1_318' title='bbox 1495 3033 1641 3095; x_wconf 76' lang='lat' dir='ltr'>ronrrllr</span> <span class='ocrx_word' id='word_1_319' title='bbox 1656 3032 1793 3098; x_wconf 67' lang='lat' dir='ltr'>Mambre</span> <span class='ocrx_word' id='word_1_320' title='bbox 1809 3059 1817 3109; x_wconf 80' lang='lat'>3</span> <span class='ocrx_word' id='word_1_321' title='bbox 1836 3055 1893 3117; x_wconf 76' lang='lat' dir='ltr'>prr</span> <span class='ocrx_word' id='word_1_322' title='bbox 1909 3055 1989 3100; x_wconf 80' lang='lat' dir='ltr'>snm·</span> <span class='ocrx_word' id='word_1_323' title='bbox 2003 3059 2115 3101; x_wconf 68' lang='lat' dir='ltr'>naum·</span> 
     </span>
     <span class='ocr_line' id='line_1_27' title="bbox 444 3131 1989 3218; baseline 0.001 -20"><span class='ocrx_word' id='word_1_324' title='bbox 444 3143 522 3210; x_wconf 87' lang='lat' dir='ltr'>lom,</span> <span class='ocrx_word' id='word_1_325' title='bbox 540 3158 605 3198; x_wconf 82' lang='lat' dir='ltr'>ooo</span> <span class='ocrx_word' id='word_1_326' title='bbox 621 3157 682 3214; x_wconf 81' lang='lat' dir='ltr'>per</span> <span class='ocrx_word' id='word_1_327' title='bbox 700 3139 877 3214; x_wconf 65' lang='lat' dir='ltr'>aenrpmata</span> <span class='ocrx_word' id='word_1_328' title='bbox 899 3146 928 3197; x_wconf 83' lang='lat' dir='ltr'>et</span> <span class='ocrx_word' id='word_1_329' title='bbox 949 3141 1085 3214; x_wconf 68' lang='lat' dir='ltr'>figuras,</span> <span class='ocrx_word' id='word_1_330' title='bbox 1102 3141 1190 3200; x_wconf 80' lang='lat' dir='ltr'>vt’dct</span> <span class='ocrx_word' id='word_1_331' title='bbox 1246 3131 1345 3206; x_wconf 79' lang='lat' dir='ltr'>nium,</span> <span class='ocrx_word' id='word_1_332' title='bbox 1369 3131 1524 3195; x_wconf 68' lang='lat' dir='ltr'>visionem</span> <span class='ocrx_word' id='word_1_333' title='bbox 1549 3134 1654 3194; x_wconf 73' lang='lat' dir='ltr'>daiam</span> <span class='ocrx_word' id='word_1_334' title='bbox 1677 3133 1711 3194; x_wconf 87' lang='lat' dir='ltr'>in</span> <span class='ocrx_word' id='word_1_335' title='bbox 1731 3153 1843 3198; x_wconf 85' lang='lat' dir='ltr'>somno</span> <span class='ocrx_word' id='word_1_336' title='bbox 1863 3156 1921 3218; x_wconf 76' lang='lat' dir='ltr'>prr</span> <span class='ocrx_word' id='word_1_337' title='bbox 1940 3157 1989 3200; x_wconf 82' lang='lat' dir='ltr'>eo</span> 
     </span>
     <span class='ocr_line' id='line_1_28' title="bbox 444 3229 1988 3317; baseline 0.001 -20"><span class='ocrx_word' id='word_1_338' title='bbox 444 3239 559 3297; x_wconf 82' lang='lat' dir='ltr'>Deum.</span> <span class='ocrx_word' id='word_1_339' title='bbox 578 3235 610 3297; x_wconf 93' lang='lat' dir='ltr'>ln</span> <span class='ocrx_word' id='word_1_340' title='bbox 632 3234 683 3296; x_wconf 93' lang='lat' dir='ltr'>his</span> <span class='ocrx_word' id='word_1_341' title='bbox 706 3234 823 3312; x_wconf 90' lang='lat' dir='ltr'>verbis,</span> <span class='ocrx_word' id='word_1_342' title='bbox 848 3236 1023 3298; x_wconf 86' lang='lat' dir='ltr'>secuudum</span> <span class='ocrx_word' id='word_1_343' title='bbox 1045 3237 1191 3317; x_wconf 79' lang='lat' dir='ltr'>Augusti·</span> <span class='ocrx_word' id='word_1_344' title='bbox 1246 3229 1422 3310; x_wconf 92' lang='lat' dir='ltr'>gnitioncm</span> <span class='ocrx_word' id='word_1_345' title='bbox 1444 3230 1498 3293; x_wconf 86' lang='lat' dir='ltr'>Dei</span> <span class='ocrx_word' id='word_1_346' title='bbox 1521 3231 1626 3313; x_wconf 91' lang='lat' dir='ltr'>palam</span> <span class='ocrx_word' id='word_1_347' title='bbox 1646 3231 1773 3311; x_wconf 89' lang='lat' dir='ltr'>factam,</span> <span class='ocrx_word' id='word_1_348' title='bbox 1791 3253 1847 3296; x_wconf 90' lang='lat' dir='ltr'>seu</span> <span class='ocrx_word' id='word_1_349' title='bbox 1869 3235 1988 3298; x_wconf 89' lang='lat' dir='ltr'>claram</span> 
     </span>
     <span class='ocr_line' id='line_1_29' title="bbox 446 3328 1988 3416; baseline 0.009 -24"><span class='ocrx_word' id='word_1_350' title='bbox 446 3351 521 3393; x_wconf 93' lang='lat' dir='ltr'>num</span> <span class='ocrx_word' id='word_1_351' title='bbox 534 3341 565 3395; x_wconf 94' lang='lat' dir='ltr'>et</span> <span class='ocrx_word' id='word_1_352' title='bbox 574 3333 719 3396; x_wconf 85' lang='lat' dir='ltr'>doctores</span> <span class='ocrx_word' id='word_1_353' title='bbox 734 3333 907 3396; x_wconf 89' lang='lat' dir='ltr'>catholicos</span> <span class='ocrx_word' id='word_1_354' title='bbox 917 3351 990 3395; x_wconf 93' lang='lat' dir='ltr'>eum</span> <span class='ocrx_word' id='word_1_355' title='bbox 1008 3344 1189 3416; x_wconf 67' lang='lat' dir='ltr'>soquentes,</span> <span class='ocrx_word' id='word_1_356' title='bbox 1247 3328 1474 3391; x_wconf 73' lang='lat' dir='ltr'>rrr&#39;rlrlionrm</span> <span class='ocrx_word' id='word_1_357' title='bbox 1485 3331 1701 3410; x_wconf 66' lang='lat' dir='ltr'>rnrgOgirrm</span> <span class='ocrx_word' id='word_1_358' title='bbox 1714 3350 1785 3413; x_wconf 67' lang='lat'>(11¹³)</span> <span class='ocrx_word' id='word_1_359' title='bbox 1795 3332 1914 3395; x_wconf 70' lang='lat' dir='ltr'>dicitnr</span> <span class='ocrx_word' id='word_1_360' title='bbox 1925 3354 1988 3397; x_wconf 81' lang='lat' dir='ltr'>non</span> 
     </span>
     <span class='ocr_line' id='line_1_30' title="bbox 447 3426 1990 3513; baseline -0.001 -21"><span class='ocrx_word' id='word_1_361' title='bbox 447 3430 539 3492; x_wconf 87' lang='lat' dir='ltr'>datur</span> <span class='ocrx_word' id='word_1_362' title='bbox 559 3430 705 3511; x_wconf 80' lang='lat' dir='ltr'>intelligi,</span> <span class='ocrx_word' id='word_1_363' title='bbox 727 3432 813 3513; x_wconf 88' lang='lat' dir='ltr'>quod</span> <span class='ocrx_word' id='word_1_364' title='bbox 838 3430 957 3513; x_wconf 85' lang='lat' dir='ltr'>Moyses</span> <span class='ocrx_word' id='word_1_365' title='bbox 983 3432 1014 3493; x_wconf 95' lang='lat' dir='ltr'>in</span> <span class='ocrx_word' id='word_1_366' title='bbox 1041 3433 1100 3496; x_wconf 85' lang='lat' dir='ltr'>hac</span> <span class='ocrx_word' id='word_1_367' title='bbox 1125 3434 1191 3498; x_wconf 89' lang='lat' dir='ltr'>vita</span> <span class='ocrx_word' id='word_1_368' title='bbox 1246 3426 1454 3508; x_wconf 73' lang='lat' dir='ltr'>permnigma</span> <span class='ocrx_word' id='word_1_369' title='bbox 1471 3445 1528 3490; x_wconf 87' lang='lat' dir='ltr'>nec</span> <span class='ocrx_word' id='word_1_370' title='bbox 1545 3449 1602 3511; x_wconf 92' lang='lat' dir='ltr'>per</span> <span class='ocrx_word' id='word_1_371' title='bbox 1620 3428 1751 3510; x_wconf 82' lang='lat' dir='ltr'>figuras,</span> <span class='ocrx_word' id='word_1_372' title='bbox 1768 3431 1927 3510; x_wconf 87' lang='lat' dir='ltr'>quianon</span> <span class='ocrx_word' id='word_1_373' title='bbox 1943 3443 1990 3496; x_wconf 81' lang='lat' dir='ltr'>est</span> 
     </span>
     <span class='ocr_line' id='line_1_31' title="bbox 448 3525 1992 3612; baseline 0 -20"><span class='ocrx_word' id='word_1_374' title='bbox 448 3527 528 3592; x_wconf 93' lang='lat' dir='ltr'>vidit</span> <span class='ocrx_word' id='word_1_375' title='bbox 557 3530 655 3591; x_wconf 86' lang='lat' dir='ltr'>Deum</span> <span class='ocrx_word' id='word_1_376' title='bbox 685 3549 742 3612; x_wconf 93' lang='lat' dir='ltr'>per</span> <span class='ocrx_word' id='word_1_377' title='bbox 766 3530 917 3611; x_wconf 83' lang='lat' dir='ltr'>speciem,</span> <span class='ocrx_word' id='word_1_378' title='bbox 944 3530 1004 3593; x_wconf 91' lang='lat' dir='ltr'>hoc</span> <span class='ocrx_word' id='word_1_379' title='bbox 1034 3541 1082 3594; x_wconf 92' lang='lat' dir='ltr'>est</span> <span class='ocrx_word' id='word_1_380' title='bbox 1110 3534 1192 3598; x_wconf 91' lang='lat' dir='ltr'>divi·</span> <span class='ocrx_word' id='word_1_381' title='bbox 1246 3544 1303 3606; x_wconf 90' lang='lat' dir='ltr'>per</span> <span class='ocrx_word' id='word_1_382' title='bbox 1322 3525 1527 3606; x_wconf 87' lang='lat' dir='ltr'>imaginarias</span> <span class='ocrx_word' id='word_1_383' title='bbox 1548 3525 1677 3604; x_wconf 89' lang='lat' dir='ltr'>formas,</span> <span class='ocrx_word' id='word_1_384' title='bbox 1695 3546 1798 3609; x_wconf 91' lang='lat' dir='ltr'>neque</span> <span class='ocrx_word' id='word_1_385' title='bbox 1815 3549 1872 3611; x_wconf 90' lang='lat' dir='ltr'>per</span> <span class='ocrx_word' id='word_1_386' title='bbox 1891 3531 1992 3593; x_wconf 85' lang='lat' dir='ltr'>sensi-</span> 
     </span>
     <span class='ocr_line' id='line_1_32' title="bbox 448 3623 1989 3708; baseline 0.005 -23"><span class='ocrx_word' id='word_1_387' title='bbox 448 3647 521 3690; x_wconf 88' lang='lat' dir='ltr'>nam</span> <span class='ocrx_word' id='word_1_388' title='bbox 545 3628 715 3690; x_wconf 83' lang='lat' dir='ltr'>assentiam</span> <span class='ocrx_word' id='word_1_389' title='bbox 736 3628 820 3691; x_wconf 84' lang='lat' dir='ltr'>clara</span> <span class='ocrx_word' id='word_1_390' title='bbox 841 3637 873 3691; x_wconf 80' lang='lat' dir='ltr'>ct</span> <span class='ocrx_word' id='word_1_391' title='bbox 895 3628 1078 3693; x_wconf 72' lang='lat' dir='ltr'>immediata</span> <span class='ocrx_word' id='word_1_392' title='bbox 1102 3632 1133 3693; x_wconf 83' lang='lat' dir='ltr'>in</span> <span class='ocrx_word' id='word_1_393' title='bbox 1157 3653 1191 3696; x_wconf 71' lang='lat' dir='ltr'>se</span> <span class='ocrx_word' id='word_1_394' title='bbox 1247 3623 1328 3686; x_wconf 86' lang='lat' dir='ltr'>biles</span> <span class='ocrx_word' id='word_1_395' title='bbox 1345 3624 1475 3705; x_wconf 88' lang='lat' dir='ltr'>species,</span> <span class='ocrx_word' id='word_1_396' title='bbox 1487 3625 1542 3686; x_wconf 92' lang='lat' dir='ltr'>sed</span> <span class='ocrx_word' id='word_1_397' title='bbox 1559 3633 1607 3687; x_wconf 86' lang='lat' dir='ltr'>est</span> <span class='ocrx_word' id='word_1_398' title='bbox 1622 3645 1700 3708; x_wconf 87' lang='lat' dir='ltr'>puro</span> <span class='ocrx_word' id='word_1_399' title='bbox 1712 3625 1947 3704; x_wconf 88' lang='lat' dir='ltr'>intellectualis,</span> <span class='ocrx_word' id='word_1_400' title='bbox 1960 3641 1989 3692; x_wconf 83' lang='lat' dir='ltr'>ct</span> 
     </span>
     <span class='ocr_line' id='line_1_33' title="bbox 448 3723 1988 3808; baseline 0.003 -22"><span class='ocrx_word' id='word_1_401' title='bbox 448 3725 527 3808; x_wconf 89' lang='lat' dir='ltr'>ipsa.</span> <span class='ocrx_word' id='word_1_402' title='bbox 540 3725 684 3807; x_wconf 86' lang='lat' dir='ltr'>Cognitio</span> <span class='ocrx_word' id='word_1_403' title='bbox 710 3744 858 3806; x_wconf 89' lang='lat' dir='ltr'>namque,</span> <span class='ocrx_word' id='word_1_404' title='bbox 875 3745 938 3808; x_wconf 88' lang='lat' dir='ltr'>qua</span> <span class='ocrx_word' id='word_1_405' title='bbox 965 3728 1044 3790; x_wconf 83' lang='lat' dir='ltr'>[leus</span> <span class='ocrx_word' id='word_1_406' title='bbox 1066 3731 1192 3794; x_wconf 79' lang='lat' dir='ltr'>videtur</span> <span class='ocrx_word' id='word_1_407' title='bbox 1246 3723 1484 3804; x_wconf 89' lang='lat' dir='ltr'>comparatione</span> <span class='ocrx_word' id='word_1_408' title='bbox 1513 3723 1659 3801; x_wconf 88' lang='lat' dir='ltr'>aliarum,</span> <span class='ocrx_word' id='word_1_409' title='bbox 1683 3743 1748 3788; x_wconf 92' lang='lat' dir='ltr'>non</span> <span class='ocrx_word' id='word_1_410' title='bbox 1778 3727 1988 3806; x_wconf 77' lang='lat' dir='ltr'>aenigmatica.</span> 
     </span>
     <span class='ocr_line' id='line_1_34' title="bbox 448 3821 2101 3908; baseline 0.001 -24"><span class='ocrx_word' id='word_1_411' title='bbox 448 3823 1192 3905; x_wconf 71' lang='lat' dir='ltr'>perquameumquespeciemsimilitudinemva</span> <span class='ocrx_word' id='word_1_412' title='bbox 1246 3821 1338 3883; x_wconf 88' lang='lat' dir='ltr'>Juxta</span> <span class='ocrx_word' id='word_1_413' title='bbox 1362 3840 1456 3901; x_wconf 92' lang='lat' dir='ltr'>quem</span> <span class='ocrx_word' id='word_1_414' title='bbox 1483 3823 1613 3884; x_wconf 90' lang='lat' dir='ltr'>modum</span> <span class='ocrx_word' id='word_1_415' title='bbox 1636 3824 1733 3886; x_wconf 86' lang='lat' dir='ltr'>David</span> <span class='ocrx_word' id='word_1_416' title='bbox 1758 3825 1827 3886; x_wconf 92' lang='lat' dir='ltr'>ait:</span> <span class='ocrx_word' id='word_1_417' title='bbox 1850 3827 1989 3908; x_wconf 87' lang='lat' dir='ltr'>Spiritus</span> <span class='ocrx_word' id='word_1_418' title='bbox 2030 3848 2101 3896; x_wconf 64' lang='lat' dir='ltr'>una.</span> 
     </span>
     <span class='ocr_line' id='line_1_35' title="bbox 447 3911 2105 4008; baseline 0.003 -24"><span class='ocrx_word' id='word_1_419' title='bbox 447 3930 597 3999; x_wconf 87' lang='lat' dir='ltr'>creatam,</span> <span class='ocrx_word' id='word_1_420' title='bbox 614 3929 662 3984; x_wconf 88' lang='lat' dir='ltr'>est</span> <span class='ocrx_word' id='word_1_421' title='bbox 683 3919 827 3997; x_wconf 92' lang='lat' dir='ltr'>obscura,</span> <span class='ocrx_word' id='word_1_422' title='bbox 845 3921 1054 4002; x_wconf 66' lang='lat' dir='ltr'>aenigmatica,</span> <span class='ocrx_word' id='word_1_423' title='bbox 1074 3925 1192 4006; x_wconf 91' lang='lat' dir='ltr'>figura·</span> <span class='ocrx_word' id='word_1_424' title='bbox 1246 3919 1372 3982; x_wconf 79' lang='lat' dir='ltr'>Domini</span> <span class='ocrx_word' id='word_1_425' title='bbox 1389 3920 1513 3982; x_wconf 83' lang='lat' dir='ltr'>loculus</span> <span class='ocrx_word' id='word_1_426' title='bbox 1534 3930 1583 3983; x_wconf 80' lang='lat' dir='ltr'>est</span> <span class='ocrx_word' id='word_1_427' title='bbox 1602 3940 1659 4003; x_wconf 82' lang='lat' dir='ltr'>por</span> <span class='ocrx_word' id='word_1_428' title='bbox 1674 3942 1736 4000; x_wconf 91' lang='lat' dir='ltr'>me,</span> <span class='ocrx_word' id='word_1_429' title='bbox 1752 3933 1784 3986; x_wconf 85' lang='lat' dir='ltr'>et</span> <span class='ocrx_word' id='word_1_430' title='bbox 1799 3944 1904 3989; x_wconf 90' lang='lat' dir='ltr'>sermo</span> <span class='ocrx_word' id='word_1_431' title='bbox 1918 3928 1990 4008; x_wconf 85' lang='lat' dir='ltr'>ejus</span> <span class='ocrx_word' id='word_1_432' title='bbox 2004 3911 2105 3955; x_wconf 70' lang='lat'>¹¹¹¹&#39;&#39;³‘³·</span> 
     </span>
     <span class='ocr_line' id='line_1_36' title="bbox 449 4017 1991 4102; baseline 0.004 -21"><span class='ocrx_word' id='word_1_433' title='bbox 449 4019 499 4095; x_wconf 91' lang='lat' dir='ltr'>lis,</span> <span class='ocrx_word' id='word_1_434' title='bbox 514 4038 612 4099; x_wconf 91' lang='lat' dir='ltr'>quum</span> <span class='ocrx_word' id='word_1_435' title='bbox 629 4018 736 4082; x_wconf 90' lang='lat' dir='ltr'>omnis</span> <span class='ocrx_word' id='word_1_436' title='bbox 754 4017 857 4081; x_wconf 89' lang='lat' dir='ltr'>forma</span> <span class='ocrx_word' id='word_1_437' title='bbox 872 4028 979 4083; x_wconf 90' lang='lat' dir='ltr'>creata</span> <span class='ocrx_word' id='word_1_438' title='bbox 993 4022 1123 4086; x_wconf 82' lang='lat' dir='ltr'>infinite</span> <span class='ocrx_word' id='word_1_439' title='bbox 1139 4025 1193 4087; x_wconf 74' lang='lat' dir='ltr'>dc</span> <span class='ocrx_word' id='word_1_440' title='bbox 1247 4037 1303 4099; x_wconf 75' lang='lat' dir='ltr'>por</span> <span class='ocrx_word' id='word_1_441' title='bbox 1315 4017 1456 4097; x_wconf 76' lang='lat' dir='ltr'>linguam</span> <span class='ocrx_word' id='word_1_442' title='bbox 1472 4037 1587 4094; x_wconf 79' lang='lat' dir='ltr'>meam,</span> <span class='ocrx_word' id='word_1_443' title='bbox 1605 4019 1688 4081; x_wconf 77' lang='lat' dir='ltr'>sient</span> <span class='ocrx_word' id='word_1_444' title='bbox 1704 4021 1757 4083; x_wconf 88' lang='lat' dir='ltr'>lux</span> <span class='ocrx_word' id='word_1_445' title='bbox 1771 4041 1904 4102; x_wconf 77' lang='lat' dir='ltr'>aurora,</span> <span class='ocrx_word' id='word_1_446' title='bbox 1923 4028 1991 4091; x_wconf 88' lang='lat' dir='ltr'>sole</span> 
     </span>
     <span class='ocr_line' id='line_1_37' title="bbox 450 4116 1993 4199; baseline 0.007 -21"><span class='ocrx_word' id='word_1_447' title='bbox 450 4116 539 4180; x_wconf 89' lang='lat' dir='ltr'>ficiat</span> <span class='ocrx_word' id='word_1_448' title='bbox 554 4136 572 4178; x_wconf 92' lang='lat' dir='ltr'>a</span> <span class='ocrx_word' id='word_1_449' title='bbox 588 4118 683 4198; x_wconf 92' lang='lat' dir='ltr'>plena</span> <span class='ocrx_word' id='word_1_450' title='bbox 702 4125 733 4179; x_wconf 90' lang='lat' dir='ltr'>et</span> <span class='ocrx_word' id='word_1_451' title='bbox 747 4116 833 4179; x_wconf 86' lang='lat' dir='ltr'>clara</span> <span class='ocrx_word' id='word_1_452' title='bbox 854 4121 1133 4199; x_wconf 69' lang='lat' dir='ltr'>repraesentatione</span> <span class='ocrx_word' id='word_1_453' title='bbox 1148 4123 1193 4184; x_wconf 91' lang='lat' dir='ltr'>di·</span> <span class='ocrx_word' id='word_1_454' title='bbox 1246 4116 1380 4192; x_wconf 83' lang='lat' dir='ltr'>oriente,</span> <span class='ocrx_word' id='word_1_455' title='bbox 1398 4136 1491 4180; x_wconf 91' lang='lat' dir='ltr'>mane</span> <span class='ocrx_word' id='word_1_456' title='bbox 1506 4117 1626 4198; x_wconf 88' lang='lat' dir='ltr'>absque</span> <span class='ocrx_word' id='word_1_457' title='bbox 1643 4118 1783 4181; x_wconf 92' lang='lat' dir='ltr'>nubibus</span> <span class='ocrx_word' id='word_1_458' title='bbox 1798 4123 1919 4185; x_wconf 91' lang='lat' dir='ltr'>rutilat.</span> <span class='ocrx_word' id='word_1_459' title='bbox 1932 4126 1993 4189; x_wconf 68' lang='lat' dir='ltr'>Va</span> 
     </span>
     <span class='ocr_line' id='line_1_38' title="bbox 450 4214 1992 4297; baseline 0.006 -20"><span class='ocrx_word' id='word_1_460' title='bbox 450 4214 533 4277; x_wconf 80' lang='lat' dir='ltr'>vina</span> <span class='ocrx_word' id='word_1_461' title='bbox 552 4215 709 4290; x_wconf 77' lang='lat' dir='ltr'>essentiae,</span> <span class='ocrx_word' id='word_1_462' title='bbox 728 4234 748 4276; x_wconf 93' lang='lat' dir='ltr'>a</span> <span class='ocrx_word' id='word_1_463' title='bbox 767 4214 858 4295; x_wconf 87' lang='lat' dir='ltr'>cujus</span> <span class='ocrx_word' id='word_1_464' title='bbox 879 4215 1077 4297; x_wconf 86' lang='lat' dir='ltr'>perfectione</span> <span class='ocrx_word' id='word_1_465' title='bbox 1098 4219 1193 4283; x_wconf 90' lang='lat' dir='ltr'>distat</span> <span class='ocrx_word' id='word_1_466' title='bbox 1209 4219 1232 4281; x_wconf 87' lang='lat' dir='ltr'>l)</span> <span class='ocrx_word' id='word_1_467' title='bbox 1248 4223 1426 4276; x_wconf 83' lang='lat' dir='ltr'>rumlamen</span> <span class='ocrx_word' id='word_1_468' title='bbox 1443 4215 1618 4295; x_wconf 78' lang='lat' dir='ltr'>praehabita</span> <span class='ocrx_word' id='word_1_469' title='bbox 1633 4217 1789 4297; x_wconf 87' lang='lat' dir='ltr'>expositio</span> <span class='ocrx_word' id='word_1_470' title='bbox 1800 4220 1906 4283; x_wconf 84' lang='lat' dir='ltr'>verior</span> <span class='ocrx_word' id='word_1_471' title='bbox 1921 4243 1992 4287; x_wconf 83' lang='lat' dir='ltr'>csso</span> 
     </span>
     <span class='ocr_line' id='line_1_39' title="bbox 321 4311 1993 4396; baseline 0.001 -13"><span class='ocrx_word' id='word_1_472' title='bbox 321 4339 434 4390; x_wconf 60' lang='lat' dir='ltr'>velana</span> <span class='ocrx_word' id='word_1_473' title='bbox 450 4313 483 4374; x_wconf 94' lang='lat' dir='ltr'>in</span> <span class='ocrx_word' id='word_1_474' title='bbox 500 4311 754 4375; x_wconf 83' lang='lat' dir='ltr'>infinitumldeo</span> <span class='ocrx_word' id='word_1_475' title='bbox 769 4313 815 4374; x_wconf 90' lang='lat' dir='ltr'>ait</span> <span class='ocrx_word' id='word_1_476' title='bbox 829 4313 999 4395; x_wconf 81' lang='lat' dir='ltr'>Apostolus</span> <span class='ocrx_word' id='word_1_477' title='bbox 1017 4334 1023 4377; x_wconf 94' lang='lat'><strong>:</strong></span> <span class='ocrx_word' id='word_1_478' title='bbox 1041 4317 1192 4380; x_wconf 87' lang='lat' dir='ltr'>Videmus</span> <span class='ocrx_word' id='word_1_479' title='bbox 1247 4321 1406 4388; x_wconf 83' lang='lat' dir='ltr'>censetur,</span> <span class='ocrx_word' id='word_1_480' title='bbox 1424 4313 1598 4394; x_wconf 83' lang='lat' dir='ltr'>prasertim</span> <span class='ocrx_word' id='word_1_481' title='bbox 1620 4323 1750 4396; x_wconf 89' lang='lat' dir='ltr'>proptor</span> <span class='ocrx_word' id='word_1_482' title='bbox 1769 4316 1993 4396; x_wconf 85' lang='lat' dir='ltr'>ingeminatio-</span> 
     </span>
     <span class='ocr_line' id='line_1_40' title="bbox 305 4403 1989 4498; baseline 0.005 -26"><span class='ocrx_word' id='word_1_483' title='bbox 305 4403 337 4443; x_wconf 56' lang='grc' dir='ltr'>η·</span> <span class='ocrx_word' id='word_1_484' title='bbox 451 4430 536 4473; x_wconf 92' lang='lat' dir='ltr'>nunc</span> <span class='ocrx_word' id='word_1_485' title='bbox 557 4429 614 4493; x_wconf 92' lang='lat' dir='ltr'>per</span> <span class='ocrx_word' id='word_1_486' title='bbox 636 4412 800 4492; x_wconf 87' lang='lat' dir='ltr'>speculum</span> <span class='ocrx_word' id='word_1_487' title='bbox 823 4411 856 4474; x_wconf 92' lang='lat' dir='ltr'>in</span> <span class='ocrx_word' id='word_1_488' title='bbox 881 4413 1059 4492; x_wconf 73' lang='lat' dir='ltr'>enigmate.</span> <span class='ocrx_word' id='word_1_489' title='bbox 1077 4415 1192 4498; x_wconf 83' lang='lat' dir='ltr'>Sioque</span> <span class='ocrx_word' id='word_1_490' title='bbox 1248 4430 1320 4473; x_wconf 93' lang='lat' dir='ltr'>nem</span> <span class='ocrx_word' id='word_1_491' title='bbox 1344 4410 1432 4471; x_wconf 85' lang='lat' dir='ltr'>illam</span> <span class='ocrx_word' id='word_1_492' title='bbox 1459 4419 1522 4472; x_wconf 89' lang='lat' dir='ltr'>tam</span> <span class='ocrx_word' id='word_1_493' title='bbox 1547 4410 1740 4494; x_wconf 84' lang='lat' dir='ltr'>evidentem,</span> <span class='ocrx_word' id='word_1_494' title='bbox 1758 4432 1821 4495; x_wconf 88' lang='lat' dir='ltr'>qua</span> <span class='ocrx_word' id='word_1_495' title='bbox 1844 4416 1989 4484; x_wconf 88' lang='lat' dir='ltr'>dicitur:</span> 
     </span>
     <span class='ocr_line' id='line_1_41' title="bbox 450 4507 1993 4592; baseline 0.006 -22"><span class='ocrx_word' id='word_1_496' title='bbox 450 4509 510 4572; x_wconf 89' lang='lat' dir='ltr'>hoo</span> <span class='ocrx_word' id='word_1_497' title='bbox 526 4509 591 4572; x_wconf 85' lang='lat' dir='ltr'>loco</span> <span class='ocrx_word' id='word_1_498' title='bbox 608 4507 798 4586; x_wconf 89' lang='lat' dir='ltr'>insinuatur,</span> <span class='ocrx_word' id='word_1_499' title='bbox 812 4509 907 4592; x_wconf 85' lang='lat' dir='ltr'>Moysi</span> <span class='ocrx_word' id='word_1_500' title='bbox 924 4511 956 4572; x_wconf 96' lang='lat' dir='ltr'>in</span> <span class='ocrx_word' id='word_1_501' title='bbox 973 4512 1031 4574; x_wconf 86' lang='lat' dir='ltr'>hac</span> <span class='ocrx_word' id='word_1_502' title='bbox 1043 4511 1108 4575; x_wconf 87' lang='lat' dir='ltr'>vita</span> <span class='ocrx_word' id='word_1_503' title='bbox 1124 4535 1193 4577; x_wconf 84' lang='lat' dir='ltr'>csse</span> <span class='ocrx_word' id='word_1_504' title='bbox 1246 4509 1363 4584; x_wconf 90' lang='lat' dir='ltr'>Palam,</span> <span class='ocrx_word' id='word_1_505' title='bbox 1377 4527 1440 4570; x_wconf 94' lang='lat' dir='ltr'>non</span> <span class='ocrx_word' id='word_1_506' title='bbox 1457 4527 1513 4589; x_wconf 90' lang='lat' dir='ltr'>per</span> <span class='ocrx_word' id='word_1_507' title='bbox 1529 4508 1697 4589; x_wconf 77' lang='lat' dir='ltr'>aenigmata</span> <span class='ocrx_word' id='word_1_508' title='bbox 1711 4520 1742 4572; x_wconf 89' lang='lat' dir='ltr'>et</span> <span class='ocrx_word' id='word_1_509' title='bbox 1759 4511 1890 4592; x_wconf 90' lang='lat' dir='ltr'>figuras,</span> <span class='ocrx_word' id='word_1_510' title='bbox 1904 4517 1993 4580; x_wconf 89' lang='lat' dir='ltr'>videt</span> 
     </span>
     <span class='ocr_line' id='line_1_42' title="bbox 449 4607 1992 4690; baseline 0.005 -19"><span class='ocrx_word' id='word_1_511' title='bbox 449 4626 647 4684; x_wconf 87' lang='lat' dir='ltr'>eoncessum,</span> <span class='ocrx_word' id='word_1_512' title='bbox 664 4609 748 4689; x_wconf 87' lang='lat' dir='ltr'>quod</span> <span class='ocrx_word' id='word_1_513' title='bbox 773 4609 806 4669; x_wconf 95' lang='lat' dir='ltr'>in</span> <span class='ocrx_word' id='word_1_514' title='bbox 828 4609 934 4672; x_wconf 87' lang='lat' dir='ltr'>Exodo</span> <span class='ocrx_word' id='word_1_515' title='bbox 957 4610 1071 4690; x_wconf 84' lang='lat' dir='ltr'>legitur</span> <span class='ocrx_word' id='word_1_516' title='bbox 1094 4613 1122 4674; x_wconf 91' lang='lat' dir='ltr'>ei</span> <span class='ocrx_word' id='word_1_517' title='bbox 1140 4633 1193 4677; x_wconf 80' lang='lat' dir='ltr'>ne</span> <span class='ocrx_word' id='word_1_518' title='bbox 1247 4608 1356 4670; x_wconf 78' lang='lat' dir='ltr'>Derim</span> <span class='ocrx_word' id='word_1_519' title='bbox 1373 4607 1469 4669; x_wconf 90' lang='lat' dir='ltr'>Porro</span> <span class='ocrx_word' id='word_1_520' title='bbox 1492 4609 1667 4669; x_wconf 92' lang='lat' dir='ltr'>secundum</span> <span class='ocrx_word' id='word_1_521' title='bbox 1690 4609 1835 4673; x_wconf 80' lang='lat' dir='ltr'>naor-aas</span> <span class='ocrx_word' id='word_1_522' title='bbox 1857 4620 1889 4675; x_wconf 89' lang='lat' dir='ltr'>et</span> <span class='ocrx_word' id='word_1_523' title='bbox 1909 4615 1992 4678; x_wconf 92' lang='lat' dir='ltr'>alios</span> 
     </span>
     <span class='ocr_line' id='line_1_43' title="bbox 332 4705 1994 4790; baseline 0.003 -22"><span class='ocrx_word' id='word_1_524' title='bbox 332 4729 406 4773; x_wconf 62' lang='lat' dir='ltr'>naon.</span> <span class='ocrx_word' id='word_1_525' title='bbox 449 4715 568 4788; x_wconf 85' lang='lat' dir='ltr'>gutum.</span> <span class='ocrx_word' id='word_1_526' title='bbox 595 4705 640 4768; x_wconf 89' lang='lat' dir='ltr'>lbi</span> <span class='ocrx_word' id='word_1_527' title='bbox 666 4707 786 4788; x_wconf 88' lang='lat' dir='ltr'>quippe</span> <span class='ocrx_word' id='word_1_528' title='bbox 806 4708 921 4782; x_wconf 89' lang='lat' dir='ltr'>oranti,</span> <span class='ocrx_word' id='word_1_529' title='bbox 940 4707 971 4770; x_wconf 89' lang='lat' dir='ltr'>Si</span> <span class='ocrx_word' id='word_1_530' title='bbox 995 4708 1104 4772; x_wconf 91' lang='lat' dir='ltr'>inveni</span> <span class='ocrx_word' id='word_1_531' title='bbox 1124 4729 1193 4790; x_wconf 91' lang='lat' dir='ltr'>gra·</span> <span class='ocrx_word' id='word_1_532' title='bbox 1246 4706 1414 4786; x_wconf 82' lang='lat' dir='ltr'>qxvosdam,</span> <span class='ocrx_word' id='word_1_533' title='bbox 1431 4705 1549 4788; x_wconf 88' lang='lat' dir='ltr'>Moyses</span> <span class='ocrx_word' id='word_1_534' title='bbox 1567 4706 1599 4768; x_wconf 93' lang='lat' dir='ltr'>in</span> <span class='ocrx_word' id='word_1_535' title='bbox 1615 4707 1675 4770; x_wconf 89' lang='lat' dir='ltr'>hac</span> <span class='ocrx_word' id='word_1_536' title='bbox 1690 4708 1755 4771; x_wconf 89' lang='lat' dir='ltr'>vita</span> <span class='ocrx_word' id='word_1_537' title='bbox 1769 4727 1834 4772; x_wconf 93' lang='lat' dir='ltr'>nou</span> <span class='ocrx_word' id='word_1_538' title='bbox 1850 4709 1931 4774; x_wconf 92' lang='lat' dir='ltr'>vidit</span> <span class='ocrx_word' id='word_1_539' title='bbox 1946 4711 1994 4773; x_wconf 93' lang='lat' dir='ltr'>di·</span> 
     </span>
     <span class='ocr_line' id='line_1_44' title="bbox 302 4796 1553 4887; baseline -0.002 -19"><span class='ocrx_word' id='word_1_540' title='bbox 302 4796 437 4846; x_wconf 63' lang='lat'>¹¹¹¹&#39;“¹³⁵²⁰·</span> <span class='ocrx_word' id='word_1_541' title='bbox 451 4805 526 4868; x_wconf 91' lang='lat' dir='ltr'>tiam</span> <span class='ocrx_word' id='word_1_542' title='bbox 538 4804 571 4866; x_wconf 94' lang='lat' dir='ltr'>in</span> <span class='ocrx_word' id='word_1_543' title='bbox 582 4813 755 4887; x_wconf 89' lang='lat' dir='ltr'>conspeetu</span> <span class='ocrx_word' id='word_1_544' title='bbox 767 4807 972 4882; x_wconf 89' lang='lat' dir='ltr'>tuo,0stende</span> <span class='ocrx_word' id='word_1_545' title='bbox 987 4807 1067 4868; x_wconf 94' lang='lat' dir='ltr'>mihi</span> <span class='ocrx_word' id='word_1_546' title='bbox 1079 4807 1192 4873; x_wconf 90' lang='lat' dir='ltr'>faciem</span> <span class='ocrx_word' id='word_1_547' title='bbox 1247 4805 1354 4867; x_wconf 88' lang='lat' dir='ltr'>vinam</span> <span class='ocrx_word' id='word_1_548' title='bbox 1371 4805 1553 4868; x_wconf 86' lang='lat' dir='ltr'>essentiam.</span> 
     </span>
     <span class='ocr_line' id='line_1_45' title="bbox 450 4903 1993 4984; baseline 0.001 -17"><span class='ocrx_word' id='word_1_549' title='bbox 450 4913 535 4967; x_wconf 88' lang='lat' dir='ltr'>tuam</span> <span class='ocrx_word' id='word_1_550' title='bbox 555 4920 769 4984; x_wconf 87' lang='lat' dir='ltr'>:responsum</span> <span class='ocrx_word' id='word_1_551' title='bbox 794 4911 852 4978; x_wconf 90' lang='lat' dir='ltr'>est,</span> <span class='ocrx_word' id='word_1_552' title='bbox 870 4903 992 4967; x_wconf 87' lang='lat' dir='ltr'>Faciem</span> <span class='ocrx_word' id='word_1_553' title='bbox 1021 4924 1123 4968; x_wconf 88' lang='lat' dir='ltr'>meam</span> <span class='ocrx_word' id='word_1_554' title='bbox 1149 4908 1193 4970; x_wconf 93' lang='lat' dir='ltr'>vi·</span> <span class='ocrx_word' id='word_1_555' title='bbox 1294 4909 1399 4973; x_wconf 79' lang='lat' dir='ltr'>Quare</span> <span class='ocrx_word' id='word_1_556' title='bbox 1423 4907 1528 4981; x_wconf 55' lang='lat' dir='ltr'>{qitzar</span> <span class='ocrx_word' id='word_1_557' title='bbox 1551 4924 1617 4966; x_wconf 76' lang='lat' dir='ltr'>raon</span> <span class='ocrx_word' id='word_1_558' title='bbox 1644 4908 1800 4966; x_wconf 79' lang='lat' dir='ltr'>tiarar&#39;str’s</span> <span class='ocrx_word' id='word_1_559' title='bbox 1822 4909 1993 4969; x_wconf 77' lang='lat' dir='ltr'>detrahere</span> 
     </span>
     <span class='ocr_line' id='line_1_46' title="bbox 449 5001 1994 5084; baseline 0.004 -22"><span class='ocrx_word' id='word_1_560' title='bbox 449 5005 523 5066; x_wconf 87' lang='lat' dir='ltr'>dere</span> <span class='ocrx_word' id='word_1_561' title='bbox 540 5020 603 5065; x_wconf 93' lang='lat' dir='ltr'>non</span> <span class='ocrx_word' id='word_1_562' title='bbox 626 5009 728 5083; x_wconf 78' lang='lat' dir='ltr'>potes,</span> <span class='ocrx_word' id='word_1_563' title='bbox 745 5001 813 5063; x_wconf 95' lang='lat' dir='ltr'>Non</span> <span class='ocrx_word' id='word_1_564' title='bbox 829 5001 917 5064; x_wconf 93' lang='lat' dir='ltr'>enim</span> <span class='ocrx_word' id='word_1_565' title='bbox 932 5003 1054 5066; x_wconf 87' lang='lat' dir='ltr'>videbit</span> <span class='ocrx_word' id='word_1_566' title='bbox 1074 5025 1125 5068; x_wconf 80' lang='lat' dir='ltr'>me</span> <span class='ocrx_word' id='word_1_567' title='bbox 1140 5007 1193 5070; x_wconf 87' lang='lat' dir='ltr'>ho·</span> <span class='ocrx_word' id='word_1_568' title='bbox 1245 5025 1334 5064; x_wconf 78' lang='lat' dir='ltr'>sarno</span> <span class='ocrx_word' id='word_1_569' title='bbox 1353 5025 1420 5063; x_wconf 79' lang='lat' dir='ltr'>meo</span> <span class='ocrx_word' id='word_1_570' title='bbox 1444 5006 1579 5081; x_wconf 66' lang='lat' dir='ltr'>allapsi?</span> <span class='ocrx_word' id='word_1_571' title='bbox 1598 5023 1695 5084; x_wconf 92' lang='lat' dir='ltr'>quum</span> <span class='ocrx_word' id='word_1_572' title='bbox 1720 5013 1806 5067; x_wconf 88' lang='lat' dir='ltr'>tanta</span> <span class='ocrx_word' id='word_1_573' title='bbox 1826 5006 1867 5066; x_wconf 88' lang='lat' dir='ltr'>sit</span> <span class='ocrx_word' id='word_1_574' title='bbox 1888 5006 1994 5068; x_wconf 84' lang='lat' dir='ltr'>excel-</span> 
     </span>
     <span class='ocr_line' id='line_1_47' title="bbox 449 5099 1993 5185; baseline 0.002 -20"><span class='ocrx_word' id='word_1_575' title='bbox 449 5121 512 5176; x_wconf 91' lang='lat' dir='ltr'>mo,</span> <span class='ocrx_word' id='word_1_576' title='bbox 539 5107 571 5164; x_wconf 91' lang='lat' dir='ltr'>et</span> <span class='ocrx_word' id='word_1_577' title='bbox 589 5099 685 5164; x_wconf 91' lang='lat' dir='ltr'>vivet.</span> <span class='ocrx_word' id='word_1_578' title='bbox 705 5099 940 5178; x_wconf 87' lang='lat' dir='ltr'>Verumtamen,</span> <span class='ocrx_word' id='word_1_579' title='bbox 969 5103 1036 5179; x_wconf 91' lang='lat' dir='ltr'>uhi,</span> <span class='ocrx_word' id='word_1_580' title='bbox 1064 5105 1192 5184; x_wconf 89' lang='lat' dir='ltr'>quando</span> <span class='ocrx_word' id='word_1_581' title='bbox 1247 5102 1344 5165; x_wconf 81' lang='lat' dir='ltr'>lentie</span> <span class='ocrx_word' id='word_1_582' title='bbox 1366 5101 1436 5182; x_wconf 86' lang='lat' dir='ltr'>ejus</span> <span class='ocrx_word' id='word_1_583' title='bbox 1458 5101 1542 5164; x_wconf 89' lang='lat' dir='ltr'>ultra</span> <span class='ocrx_word' id='word_1_584' title='bbox 1560 5120 1627 5179; x_wconf 90' lang='lat' dir='ltr'>vos,</span> <span class='ocrx_word' id='word_1_585' title='bbox 1653 5102 1717 5165; x_wconf 92' lang='lat' dir='ltr'>imo</span> <span class='ocrx_word' id='word_1_586' title='bbox 1739 5112 1771 5165; x_wconf 90' lang='lat' dir='ltr'>et</span> <span class='ocrx_word' id='word_1_587' title='bbox 1792 5121 1888 5185; x_wconf 90' lang='lat' dir='ltr'>super</span> <span class='ocrx_word' id='word_1_588' title='bbox 1909 5104 1993 5168; x_wconf 91' lang='lat' dir='ltr'>alios</span> 
     </span>
     <span class='ocr_line' id='line_1_48' title="bbox 449 5197 1993 5282; baseline 0.001 -19"><span class='ocrx_word' id='word_1_589' title='bbox 449 5219 503 5263; x_wconf 92' lang='lat' dir='ltr'>seu</span> <span class='ocrx_word' id='word_1_590' title='bbox 519 5197 644 5281; x_wconf 89' lang='lat' dir='ltr'>quoties</span> <span class='ocrx_word' id='word_1_591' title='bbox 659 5216 809 5261; x_wconf 86' lang='lat' dir='ltr'>concessa</span> <span class='ocrx_word' id='word_1_592' title='bbox 825 5197 866 5260; x_wconf 94' lang='lat' dir='ltr'>sit</span> <span class='ocrx_word' id='word_1_593' title='bbox 885 5199 980 5281; x_wconf 91' lang='lat' dir='ltr'>Moysi</span> <span class='ocrx_word' id='word_1_594' title='bbox 1002 5201 1035 5262; x_wconf 94' lang='lat' dir='ltr'>in</span> <span class='ocrx_word' id='word_1_595' title='bbox 1051 5202 1110 5264; x_wconf 87' lang='lat' dir='ltr'>hac</span> <span class='ocrx_word' id='word_1_596' title='bbox 1127 5203 1193 5265; x_wconf 88' lang='lat' dir='ltr'>vita</span> <span class='ocrx_word' id='word_1_597' title='bbox 1246 5200 1424 5276; x_wconf 90' lang='lat' dir='ltr'>universos,</span> <span class='ocrx_word' id='word_1_598' title='bbox 1434 5199 1524 5279; x_wconf 86' lang='lat' dir='ltr'>juxta</span> <span class='ocrx_word' id='word_1_599' title='bbox 1539 5219 1668 5262; x_wconf 87' lang='lat' dir='ltr'>sensum</span> <span class='ocrx_word' id='word_1_600' title='bbox 1685 5201 1906 5282; x_wconf 72' lang='lat' dir='ltr'>praehabitum.</span> <span class='ocrx_word' id='word_1_601' title='bbox 1920 5203 1993 5266; x_wconf 84' lang='lat' dir='ltr'>l&#39;al·</span> 
     </span>
     <span class='ocr_line' id='line_1_49' title="bbox 447 5295 1989 5382; baseline 0.001 -21"><span class='ocrx_word' id='word_1_602' title='bbox 447 5296 589 5378; x_wconf 85' lang='lat' dir='ltr'>cognitio</span> <span class='ocrx_word' id='word_1_603' title='bbox 605 5296 661 5358; x_wconf 87' lang='lat' dir='ltr'>illa</span> <span class='ocrx_word' id='word_1_604' title='bbox 676 5295 803 5359; x_wconf 87' lang='lat' dir='ltr'>deitatis</span> <span class='ocrx_word' id='word_1_605' title='bbox 818 5316 876 5378; x_wconf 92' lang='lat' dir='ltr'>per</span> <span class='ocrx_word' id='word_1_606' title='bbox 891 5297 1040 5379; x_wconf 88' lang='lat' dir='ltr'>speciem,</span> <span class='ocrx_word' id='word_1_607' title='bbox 1052 5299 1191 5382; x_wconf 85' lang='lat' dir='ltr'>Scriptu—</span> <span class='ocrx_word' id='word_1_608' title='bbox 1246 5299 1285 5360; x_wconf 90' lang='lat' dir='ltr'>de</span> <span class='ocrx_word' id='word_1_609' title='bbox 1295 5296 1413 5360; x_wconf 87' lang='lat' dir='ltr'>etenim</span> <span class='ocrx_word' id='word_1_610' title='bbox 1425 5305 1473 5359; x_wconf 90' lang='lat' dir='ltr'>est</span> <span class='ocrx_word' id='word_1_611' title='bbox 1483 5315 1667 5378; x_wconf 90' lang='lat' dir='ltr'>perversum</span> <span class='ocrx_word' id='word_1_612' title='bbox 1679 5299 1843 5362; x_wconf 87' lang='lat' dir='ltr'>detrahere</span> <span class='ocrx_word' id='word_1_613' title='bbox 1853 5299 1989 5376; x_wconf 90' lang='lat' dir='ltr'>meliori,</span> 
     </span>
    </p>
   </div>
   <div class='ocr_carea' id='block_1_3' title="bbox 0 0 2178 6259">
    <p class='ocr_par' dir='ltr' id='par_1_3' title="bbox 0 0 2178 6259">
     <span class='ocr_line' id='line_1_50' title="bbox 0 0 2178 6259; baseline 0 0"><span class='ocrx_word' id='word_1_614' title='bbox 0 0 2178 6259; x_wconf 95' lang='lat' dir='ltr'> </span> 
     </span>
    </p>
   </div>
  </div>
 </body>
</html>
