4309 6259
480 517 654 565 ENARRATlO
675 519 705 564 llll
727 518 795 564 CAP.
817 517 905 562 mu
925 517 1160 564 DEU'I'ERONOMH.
1182 539 1222 548 -
1242 520 1313 564 aar.
1337 520 1420 566 XXXV
1661 504 1721 566 655

171 688 278 750 salvat
294 708 391 770 qnam
401 689 520 753 alinml
531 690 593 754 Cur
609 688 792 772 lrcqnenter
806 687 925 752 deserit
939 685 964 748 Α
978 687 1012 749 ln
1028 687 1199 772 Scripturis
1214 699 1320 754 autem
1335 701 1400 754 tarn
1411 690 1495 754 idola
1509 711 1605 772 quam
1616 691 1721 755 cultus

170 786 290 865 justos,
308 787 498 869 permittens
514 807 568 851 eos
584 788 697 851 cadere
714 807 750 850 ac
765 787 880 869 perire,
894 794 925 848 et
977 805 1098 863 eornm,
1116 791 1225 852 sordes
1239 799 1402 853 vocantur.
1411 790 1516 854 Potest
1531 791 1607 854 item
1624 790 1721 854 reler-

170 883 277 947 allicit
302 885 364 950 sibi
386 886 550 967 injustosl
572 887 633 949 Cnr
658 905 742 968 saepe
767 885 924 950 convertit
978 885 1003 946 ri
1029 887 1068 948 ad
1089 886 1180 964 illud,
1197 888 1264 951 Non
1291 887 1353 950 iilii
1378 889 1446 971 ejus
1464 909 1471 954 :
1489 889 1639 970 qnoniam
1662 887 1722 952 im·

171 984 314 1064 pejores,
338 993 370 1047 et
394 985 512 1049 descrit
538 985 713 1048 meliorest
738 986 799 1048 Cur
822 1002 923 1046 unum
976 984 1134 1047 munditia
1149 985 1311 1063 vitiorum,
1329 996 1377 1051 θεῖ
1392 987 1472 1051 ratio
1488 988 1529 1051 ob
1545 1007 1640 1069 qnam
1657 1007 1720 1051 non

171 1082 221 1145 sic
232 1084 388 1164 praevenit
404 1083 505 1162 magis
521 1103 617 1166 quam
634 1083 786 1160 alium,in
801 1091 922 1145 tantum
977 1094 1051 1146 sunt
1068 1083 1128 1146 lilii
1145 1085 1219 1160 liei3
1245 1087 1419 1169 prasertim
1441 1106 1515 1150 vero
1532 1107 1589 1170 per
1603 1086 1721 1151 iulide

76 1201 81 1210 ·
129 1233 134 1242 .
172 1189 210 1242 ut
236 1190 441 1263 protestetur,
459 1182 628 1245 Miserebor
653 1183 704 1245 cui
728 1182 870 1257 voluero,
892 1189 924 1244 et
976 1182 1098 1245 litatem
1121 1203 1176 1246 seu
1193 1184 1460 1263 incredulitatem,
1477 1195 1641 1249 merentur
1665 1187 1721 1250 ho

28 1277 89 1311 ¹¹²¹¹¹¹
113 1295 133 1304 ··
170 1279 392 1344 clemensero
413 1280 923 1362 inquemmihiplacuerittlle-
977 1280 1079 1344 mines
1102 1302 1164 1346 non
1185 1302 1254 1346 esse
1276 1303 1334 1347 nec
1357 1285 1420 1346 diei
1450 1284 1512 1346 lilii
1535 1285 1718 1368 Dei,qnum

171 1379 275 1460 nique
285 1379 389 1459 justus
404 1379 526 1460 estqui
537 1379 712 1460 unicnique
723 1378 828 1441 reddit
837 1379 922 1459 quod
977 1378 1017 1440 ad
1040 1379 1165 1443 Galatas
1190 1382 1275 1444 dieat
1298 1383 1468 1464 Apostolus
1491 1403 1497 1446 :
1522 1381 1638 1445 Omnes
1663 1402 1720 1446 vos
1753 1408 1866 1461 carru,

170 1479 202 1540 ci
220 1477 365 1541 debetur.
383 1479 465 1542 Deus
481 1497 557 1541 vcro
574 1479 653 1540 nulli
670 1486 718 1540 est
733 1477 867 1541 debitor.
885 1478 923 1538 Et
979 1475 1040 1539 lilii
1059 1478 1114 1541 Dei
1129 1480 1206 1542 estis
1222 1499 1278 1562 per
1289 1479 1398 1542 iidem.
1416 1482 1453 1543 Et
1468 1481 1722 1555 loannestonot-
1734 1473 1806 1578 {fiam
1817 1550 1822 1578 Ι
1835 1537 1859 1578 Ι,

166 1577 446 1658 respondendum,
474 1578 560 1658 qnod
586 1578 649 1639 Deo
675 1575 827 1658 competit
857 1594 920 1638 uon
976 1586 1054 1656 quot
1069 1586 1175 1640 antem
1192 1589 1380 1661 receperunt
1395 1599 1479 1656 enm,
1502 1580 1590 1642 dedit
1604 1580 1650 1643 eis
1667 1599 1722 1662 po·

170 1676 413 1753 commutativa,
424 1677 478 1738 sed
489 1676 694 1739 distributiva
709 1675 923 1758 justitiaqnia
977 1682 1122 1738 testatem
1139 1676 1225 1740 lilios
1242 1677 1295 1740 llei
1311 1677 1393 1741 lieri.
1404 1678 1499 1742 Porro
1515 1678 1722 1760 Septuaginta

172 1774 350 1856 unicuique
376 1775 429 1837 dat
453 1776 539 1856 quod
564 1782 714 1837 meretur.
738 1774 776 1834 lit
799 1773 923 1836 unicui·
977 1775 1208 1838 transtulerunt
1235 1794 1241 1837 :
1268 1777 1480 1840 Peccauerunt
1510 1795 1575 1840 nou
1600 1777 1629 1840 ei
1657 1777 1719 1840 lilii

170 1893 237 1954 qne
249 1873 360 1935 influit
374 1874 483 1954 gratiae
494 1874 771 1950 dona,secnndnm
787 1873 873 1955 quod
889 1891 922 1935 se
941 1878 964 1940 Β
979 1872 1216 1955 vituperabiles
1233 1875 1271 1936 Et
1285 1875 1346 1938 hoc
1362 1895 1472 1938 verum
1488 1883 1546 1952 θεῖ,
1564 1884 1720 1957 quantum

63 1983 146 2058 varin.
171 1971 319 2053 disponit
338 1997 345 2048 ;
369 1972 534 2034 datetiam
556 1971 730 2053 unicnique
746 1971 922 2034 secundum
976 1973 1014 2034 ad
1031 1971 1102 2049 hoc,
1119 1974 1203 2054 quod
1224 1975 1385 2056 peccando
1402 1983 1580 2039 nocuerunt
1595 1974 1658 2037 sibi
1674 1975 1721 2057 ip

42 2059 82 2092 “⁸''
96 2048 128 2088 '³'
172 2070 339 2151 propriam
365 2070 527 2148 virtutem,
551 2071 770 2153 capacitatem,
797 2089 853 2133 sen
877 2069 923 2131 di·
977 2071 1031 2147 sis,
1050 2089 1114 2134 non
1130 2073 1203 2148 lieo,
1217 2073 1307 2153 juxta
1321 2074 1535 2155 quodlegitur
1550 2074 1583 2136 in
1597 2074 1673 2138 lob:
1687 2074 1719 2137 Si
1746 2098 1788 2141 ror
1800 2112 1862 2150 xxxv.

41 2181 154 2224 rasas.
171 2169 341 2248 gnitatem,
370 2187 428 2231 nec
458 2186 665 2249 personarum
690 2177 837 2250 acceptor
861 2177 919 2230 cst.
977 2170 1168 2251 peccaveris,
1185 2172 1263 2252 qnid
1279 2172 1342 2235 Deo
1358 2173 1488 2236 nocebis
1503 2177 1515 2234 ῖ
1530 2174 1568 2235 Et
1588 2174 1615 2235 si
1634 2173 1720 2254 juste
1733 2163 1753 2211 θ’
1764 2164 1784 2207 ⁷·

171 2266 305 2343 Rursus,
318 2267 399 2330 Deus
422 2267 540 2330 dicitnr
563 2267 678 2347 justus
697 2266 771 2348 quia
797 2267 830 2328 in
855 2285 922 2329 om·
976 2267 1089 2348 egeris,
1107 2269 1185 2350 qnid
1200 2270 1229 2333 ei
1246 2271 1381 2334 donabis
1397 2275 1410 2333 l

170 2365 268 2428 nibus
293 2366 359 2446 agit
384 2373 420 2428 nt
446 2385 520 2428 enm
548 2366 649 2443 dccet,
678 2374 709 2428 et
731 2374 826 2448 prout
850 2367 920 2447 ejus
1018 2370 1188 2430 Generatio
1203 2390 1310 2448 prava
1332 2371 1366 2432 in
1387 2356 1519 2448 ellectu,
1541 2383 1637 2453 atqrae
1648 2394 1722 2451 pcr-

170 2464 331 2546 sapientie
351 2464 456 2527 dictat
484 2464 563 2526 llinc
584 2463 754 2527 Anselmus
779 2463 922 2545 loquitur
976 2486 1066 2526 versa
1092 2465 1125 2527 in
1154 2466 1287 2530 ellectu.
1308 2467 1406 2532 Prava
1434 2488 1562 2551 quoquc
1590 2471 1626 2532 in
1650 2489 1722 2533 sen-

170 2563 235 2625 neo
254 2583 261 2627 :
278 2562 381 2637 Quum
397 2564 492 2645 punis
509 2562 621 2639 maloS,
638 2562 759 2644 jnstum
770 2570 828 2640 θεῖ,
846 2562 922 2644 quin
975 2563 1131 2642 unalitate,
1159 2573 1190 2627 et
1215 2585 1364 2649 perversa
1388 2567 1422 2630 in
1448 2569 1605 2651 superiori
1632 2579 1721 2652 parte

172 2661 303 2723 illorum
323 2662 446 2724 meritis
471 2661 638 2740 congruit3
664 2669 695 2724 θῖ
716 2661 794 2723 dum
817 2663 921 2744 parcis
974 2661 1109 2737 animae3
1134 2683 1230 2746 prava
1252 2684 1308 2747 per
1330 2684 1469 2728 errorem
1491 2686 1528 2730 ac
1553 2668 1722 2749 perfidiam

172 2760 279 2838 malis,
305 2761 427 2843 justum
453 2769 511 2837 est,
539 2761 614 2842 quia
639 2761 814 2824 bonitatem
835 2769 921 2823 tuam
976 2761 1167 2840 intellectus,
1189 2783 1338 2845 perversa
1362 2784 1419 2846 per
1445 2765 1653 2830 iniectionem
1678 2767 1722 2830 ai·

172 2860 276 2922 decet.
293 2859 443 2934 Quamvis
464 2866 571 2922 autern
594 2859 738 2922 absolute
761 2859 939 2941 loquendo,
976 2860 1088 2923 lectus.
1111 2865 1269 2934 Hecatae,
1286 2862 1347 2926 hoc
1370 2871 1428 2940 est,
1446 2883 1486 2926 an
1509 2865 1576 2929 hae
1595 2884 1602 2927 :
1624 2866 1716 2947 qnasi

172 2979 209 3022 an
232 2960 364 3042 proprie
380 2959 460 3021 lleus
482 2978 547 3021 nou
570 2959 611 3020 sit
631 2958 820 3070 hominibvp‚
838 2959 923 3021 debi-
976 2959 1071 3036 dicat‚
1098 2961 1206 3023 lderito
1228 2961 1273 3022 ita
1298 2981 1361 3024 non
1387 2961 1508 3026 iaceres
1530 2983 1538 3027 :
1563 2964 1718 3039 llaeccine,

42 3073 100 3116 rom.
109 3089 127 3125 a
134 3077 157 3116 a·
173 3067 234 3134 tor,
243 3066 350 3121 tamen
365 3058 601 3139 quodammodo
618 3056 742 3120 debitor
752 3057 845 3139 justis
861 3066 919 3134 est,
937 3061 959 3124 C
977 3057 1120 3139 inquam,
1141 3061 1251 3119 reddis
1270 3062 1420 3132 Domim,
1432 3067 1552 3139 popule
1572 3067 1668 3123 stulte
1690 3073 1721 3123 et

32 3138 156 3244 ξξῖξζᾟ
174 3157 379 3238 inquantum
402 3156 484 3218 bene
505 3155 673 3236 agentibus
693 3157 922 3219 remuneratio
976 3153 1165 3230 insipiens?
1186 3153 1219 3215 id
1243 3163 1302 3230 θεῖ,
1330 3162 1431 3216 tantas
1457 3155 1592 3236 injurias
1616 3167 1647 3220 et
1672 3157 1721 3220 ol-

34 3265 61 3302 n.
149 3235 155 3251 ⁸
174 3275 249 3319 nem
259 3255 458 3339 promisit,et
468 3274 541 3318 enm
553 3254 584 3316 id
596 3254 701 3319 lacere
711 3255 921 3338 deceatjuxta
977 3249 1082 3312 sensas
1098 3251 1161 3314 Deo
1177 3251 1324 3333 rependis
1335 3272 1393 3335 pro
1409 3253 1578 3318 beneficiis
1593 3256 1674 3337 ejus,
1688 3264 1720 3318 et

41 3371 156 3426 rarum,
173 3355 324 3418 illndJob
341 3373 348 3418 :
365 3353 450 3436 Opus
466 3354 606 3416 hominis
618 3355 727 3416 reddet
738 3354 778 3432 ci,
791 3363 823 3417 et
831 3355 921 3437 juxta
975 3368 1033 3432 pro
1058 3350 1236 3412 reverentia
1258 3370 1328 3432 quar
1352 3352 1381 3414 ei
1405 3362 1534 3436 propter
1557 3355 1718 3437 propriam

32 3435 60 3476 ¹¹·
169 3456 241 3518 'vias
257 3454 459 3536 singulorum
475 3452 717 3518 restituet.Hiuc
733 3454 869 3517 Thomas
886 3454 919 3515 in
975 3468 1064 3510 snam
1086 3449 1285 3530 majestatem
1306 3470 1342 3514 ac
1365 3451 1643 3516 honorabilitatem
1665 3456 1719 3519 de-

168 3554 274 3638 prima
289 3562 386 3636 parte,
400 3552 637 3634 quaestionati,
649 3551 800 3615 disseruit
812 3573 819 3617 :
833 3553 917 3637 Opus
973 3547 1075 3625 betur,
1094 3556 1126 3609 tn
1149 3548 1321 3612 israelitica
1339 3569 1428 3631 gens,
1446 3552 1553 3630 stulta,
1577 3571 1641 3616 non
1663 3573 1717 3618 eo

161 3653 298 3734 justitiae
313 3652 368 3714 Dei
383 3669 510 3732 semper
528 3650 747 3733 praesupponit
765 3669 846 3734 opus
862 3653 919 3715 mi·
972 3647 1154 3728 gnoscendo
1175 3648 1335 3730 teipsam,
1354 3668 1412 3711 nec
1433 3649 1514 3713 bene
1534 3653 1653 3716 utendo
1670 3672 1719 3715 re·

166 3750 360 3826 sericordiae,
387 3749 477 3812 etin
503 3767 540 3812 eo
567 3748 719 3812 landatur
736 3767 743 3810 :
761 3751 915 3831 qnoniam
971 3745 1030 3808 bns
1041 3746 1537 3829 creatis,atqueinsipiens‚male
1548 3751 1715 3815 sentiendo

167 3848 326 3931 quidquid
341 3847 469 3913 virtutis
484 3855 540 3908 ant
556 3847 673 3923 meriti,
690 3847 848 3928 quidquid
863 3847 918 3910 bo
971 3846 1010 3907 de
1025 3844 1181 3908 Creatore.
1200 3848 1372 3926 Numquid
1394 3868 1459 3908 cort
1474 3852 1542 3928 ipse
1556 3861 1602 3911 cst
1619 3862 1714 3930 pater

168 3950 201 4010 ni
218 3955 274 4010 ant
288 3946 390 4010 debiti
405 3945 563 4028 reperitur
579 3945 612 4006 in
628 3945 793 4022 creaturis,
817 3964 854 4008 cx
870 3946 919 4007 di·
972 3945 1142 4006 tenellam
1157 3942 1347 4020 dictumest,
1360 3948 1445 4027 quod
1462 3947 1554 4031 impii
1570 3968 1634 4013 non
1650 3951 1715 4015 sint

169 4046 244 4109 vina
260 4045 379 4126 pietate
400 4042 599 4123 originaliter
621 4043 730 4105 datum
747 4053 805 4120 θεῖ,
823 4045 916 4125 cujus
971 4041 1033 4104 lilii
1044 4043 1110 4119 Dei,
1128 4043 1184 4106 sed
1194 4043 1295 4124 magis
1310 4044 1440 4122 diaboli,
1459 4047 1576 4128 quibus
1591 4049 1636 4111 ait
1651 4050 1715 4114 Sal-

168 4146 254 4208 dona
270 4151 345 4205 sunt
361 4141 475 4205 merita
495 4133 614 4205 nostra.
971 4150 1075 4206 vator:
1086 4141 1149 4204 Vos
1158 4161 1196 4204 ex
1212 4150 1300 4223 patre
1310 4142 1438 4208 diabolo
1453 4146 1540 4209 estis.
1550 4146 1714 4221 Quomodo
1739 4176 1860 4231 ramat.

207 4242 547 4312 peecaverunretmoc
558 4249 606 4304 est
620 4241 659 4302 ad
676 4239 915 4304 irreverentiam
930 4247 954 4308 l)
969 4258 1043 4321 ergo
1059 4260 1144 4302 nunc
1165 4241 1282 4303 dicitur
1296 4241 1353 4319 eis,
1372 4243 1531 4326 Numquid
1555 4265 1619 4310 non
1643 4247 1712 4332 ipse
1728 4242 1762 4285 ⁴⁴·

166 4342 233 4419 Dei,
262 4341 412 4404 mandata
436 4340 507 4421 ejus
533 4339 793 4417 transgrediendo
814 4364 822 4414 3
849 4362 914 4402 non
969 4349 1016 4403 est
1037 4346 1127 4422 pater
1151 4347 1224 4401 tuus
1240 4343 1252 4400 l
1267 4340 1304 4401 Et
1328 4344 1597 4424 respondendnm,
1624 4350 1711 4429 quod

164 4444 232 4519 filii
253 4441 326 4518 ejus
347 4441 384 4499 ic
405 4440 563 4509 sordidus,
588 4437 620 4498 id
646 4445 704 4513 est,
732 4437 823 4519 pravi
850 4438 914 4502 lilii
970 4439 1061 4523 impii
1086 4446 1162 4500 sunt
1186 4438 1248 4500 iilii
1273 4439 1327 4502 bei
1348 4441 1421 4520 jure
1441 4444 1622 4522 creationis,
1646 4467 1710 4512 non

166 4539 273 4616 lsrael,
291 4537 347 4619 qui
370 4537 531 4620 peccando
553 4537 649 4598 alico
672 4544 760 4617 patre
781 4538 915 4618 degene-
970 4544 1075 4600 antem
1085 4536 1188 4616 gratia
1196 4536 1487 4621 adoptionislmpii
1499 4560 1574 4606 vero
1583 4546 1624 4607 ad
1635 4554 1714 4610 tem-

170 4646 333 4714 raveruut,
360 4645 392 4699 et
417 4636 522 4717 ipsum
548 4634 780 4713 inhonorando,
808 4638 917 4702 deme·
972 4655 1042 4718 pus,
1060 4643 1092 4697 et
1106 4643 1212 4697 tamen
1228 4635 1320 4698 electi
1331 4637 1370 4698 ad
1386 4636 1484 4700 vitam
1499 4642 1620 4720 gloriar,
1638 4655 1713 4708 sunt

172 4744 306 4800 ruerunt
321 4733 476 4817 appellari
493 4733 554 4794 lilii
570 4733 651 4814 ejus.
669 4733 758 4796 Unde
782 4753 838 4818 pcr
858 4737 919 4800 lla-
974 4735 1035 4797 lilii
1059 4734 1114 4797 Dei
1135 4753 1191 4816 per
1215 4736 1525 4817 praedestinationem
1549 4751 1712 4808 eternam.

61 4860 96 4888 rr
126 4863 154 4898 Ιι,
172 4835 311 4900 laclriam
326 4833 480 4898 Dominus
497 4833 657 4914 loquitur:
671 4832 769 4895 Filius
785 4834 919 4900 honorat
972 4837 1080 4915 ltaque
1100 4833 1169 4916 ipse
1184 4843 1232 4897 θεῖ
1252 4843 1341 4917 pater
1362 4844 1445 4911 tuus,
1463 4843 1522 4918 qui
1532 4848 1672 4917 possedit
1688 4857 1717 4906 te

173 4945 295 5018 patrem
312 4952 404 4994 sunm
423 4950 430 4993 :
453 4932 480 4993 si
496 4947 570 5011 ergo
585 4940 675 5014 pater
689 4949 747 5012 ego
763 4952 844 5012 sum,
863 4937 918 4998 nbi
973 4953 1029 5017 per
1046 4932 1143 4996 iidem
1160 4941 1192 4994 et
1206 4933 1350 5015 gratiam,
1367 4937 1521 5016 quamdin
1532 4940 1562 5002 ei
1573 4942 1712 5005 servisti.

171 5044 219 5098 est
241 5035 345 5096 honor
366 5050 456 5093 mens
471 5033 482 5091 l
499 5031 537 5091 Et
556 5031 642 5111 qnod
665 5030 785 5093 dictum
808 5042 866 5110 est,
884 5035 918 5096 ln
972 5033 1040 5108 Vcl,
1058 5033 1200 5096 Possedit
1215 5041 1246 5094 te
1259 5033 1331 5113 jure
1346 5033 1394 5096 sui
1411 5035 1602 5102 universalis
1613 5043 1717 5105 domi-

171 5129 563 5212 sordibnspotestrelerri
577 5129 616 5191 ad
629 5128 919 5208 verbumhoc,Pec-
973 5131 1029 5208 nii,
1047 5131 1198 5212 qnoniam
1223 5131 1291 5213 ipse
1313 5141 1361 5194 est
1381 5134 1525 5198 omnium
1548 5139 1713 5221 Dominus,

170 5239 325 5296 caverunt
343 5249 350 5292 :
367 5229 444 5310 quia
460 5229 492 5290 iu
509 5227 917 5310 immunditiis‚praescrtim
972 5230 1066 5292 etiam
1090 5229 1275 5310 iniquorum
1294 5232 1333 5293 de
1355 5233 1437 5313 jure,
1459 5235 1519 5297 etsi
1535 5256 1598 5301 non
1615 5240 1655 5302 de
1671 5241 1717 5304 la

170 5330 204 5392 in
219 5327 411 5392 idololatriis
427 5327 504 5405 suis,
514 5327 683 5390 Dominum
699 5326 918 5392 offenderunt.
970 5336 1033 5406 cto,
1045 5327 1111 5391 imo
1121 5337 1153 5391 et
1167 5329 1207 5391 de
1224 5327 1480 5414 lacto‚quantum
1496 5336 1535 5398 ad
1551 5337 1611 5400 boc
1626 5342 1714 5422 quod
