4309 6259
427 466 468 529 31)
808 488 1593 538 nummum.nmrxont.-m.1nrr

468 658 541 717 ,ἴση
564 662 741 719 detinebis
772 664 806 721 ia
826 664 958 737 justit-ie
979 666 1136 739 [auseris
1157 683 1171 721 :
1185 662 1212 725 Δ
1226 683 1322 743 quam
1343 676 1455 727 contra
1473 668 1676 729 innocentem
1697 668 1885 729 sententiam
1905 664 1966 725 ler-

427 752 487 817 boc
508 766 567 819 est.
584 776 712 819 reusam
736 761 884 840 pauperis
904 760 1089 838 judicando.
1105 779 1170 822 non
1226 765 1386 825 rezaliter
1401 776 1565 846 peccatum
1582 786 1646 828 uon
1660 768 1818 829 eraderet.
1829 774 1863 826 ut
1878 764 1967 825 ride-

427 854 554 916 retentas
568 858 610 917 ab
624 858 737 918 ortliue
751 858 832 935 juris
847 868 876 917 et
898 860 1069 939 equitatis.
1090 858 1172 920 ace'e
1226 872 1288 921 tur.
1305 864 1342 923 [t
1360 865 1444 925 istud
1465 867 1576 945 probat
1598 866 1785 927 auctoritate
1797 860 1965 941 tuguntni

426 951 544 1031 pienclo
559 973 726 1035 personam
741 957 850 1017 ‹liritis
871 966 925 1017 aut
950 960 1100 1038 potentis.
1119 958 1169 1017 rel
1226 960 1259 1020 in
1284 962 1369 1023 libro
1396 964 1437 1024 de
1460 963 1576 1025 Libero
1603 964 1737 1025 arbitrio
1758 962 1928 1024 asserentis
1955 977 1964 1019 ε

425 1068 552 1113 cauum
569 1054 703 1115 nimium
726 1056 940 1135 protrahendo
954 1066 1008 1117 aut
1030 1056 1172 1118 refutan-
1224 1058 1388 1131 Quomodo
1410 1063 1496 1142 apud
1524 1063 1668 1124 divinam
1693 1061 1922 1143 providentiam
1947 1077 1968 1119 a

425 1148 477 1214 de,
493 1154 760 1231 qttemadmodnm
776 1154 816 1216 ‹te
832 1154 952 1235 iniquis
969 1156 1170 1236 principibus
1226 1168 1355 1237 pecare
1370 1168 1444 1219 sunt
1460 1161 1566 1223 liberi.
1574 1161 1629 1241 qui
1642 1179 1701 1241 pro
1713 1160 1967 1238 ltisrebus,quas

298 1264 331 1307 ιι.
339 1280 353 1307 t.
363 1268 396 1307 ‘r
425 1246 457 1308 iu
474 1248 552 1311 lsaia
567 1250 702 1313 hebetur
719 1270 727 1313 :
744 1252 868 1333 l'upille
884 1272 948 1316 non
963 1254 1121 1333 judicant.
1136 1262 1168 1315 et
1224 1267 1348 1336 oportet
1365 1266 1581 1323 contemnere.
1598 1259 1736 1319 bumana
1749 1259 1835 1321 erede
1852 1255 1965 1339 polluti

422 1364 518 1409 causa
533 1349 637 1413 ridnae
653 1369 717 1413 non
738 1350 916 1431 ingreditur
934 1354 974 1414 ad
994 1372 1060 1415 ests.
1079 1356 1170 1414 ,νειμ
1225 1361 1322 1416 suntt
1339 1359 1433 1437 quasi
1451 1359 1548 1421 dieat.
1560 1359 1776 1439 Nequaquam.
1791 1356 1886 1418 Porro
1908 1372 1966 1435 per

421 1448 554 1507 omium
567 1450 702 1523 sapim:
718 1450 762 1511 ita
778 1460 811 1511 ut
834 1469 891 1513 nec
913 1452 1055 1532 proferas
1071 1452 1165 1525 illud,
1225 1473 1276 1515 res
1304 1474 1385 1535 quas
1412 1468 1537 1538 oportet
1565 1468 1788 1521 contemnere.
1813 1453 1963 1531 intelligit

423 1562 481 1607 nec
497 1545 617 1623 tems,
634 1549 699 1611 imo
715 1568 773 1631 pro
789 1568 881 1631 posse
897 1551 1078 1631 prohibeas.
1090 1570 1168 1632 pra»
1222 1553 1421 1631 Augustinus
1444 1558 1553 1619 omnia
1572 1558 1639 1619 illa.
1659 1577 1731 1637 qua.»
1748 1556 1843 1617 homo
1859 1560 1963 1635 potest

422 1644 531 1707 sertim
547 1666 643 1710 omne
662 1650 876 1731 perniciosum
893 1651 1108 1713 mendacium.
1124 1650 1166 1712 os
1224 1652 1345 1714 inritus
1365 1656 1523 1719 amittere.
1539 1657 1623 1718 inter
1644 1675 1716 1736 quae
1738 1663 1786 1716 est
1806 1654 1872 1715 rita
1894 1670 1962 1713 cor·

285 1744 603 1827 serunentmquod
619 1748 903 1823 mentitur‚oecidit
918 1749 1165 1823 animam.0rrod
1222 1753 1352 1831 poralis.
1369 1754 1477 1815 Potius
1497 1774 1576 1835 ergo
1595 1756 1690 1817 debet
1705 1755 1802 1834 judex
1826 1760 1959 1814 mortem

419 1844 514 1905 ctiam
529 1846 569 1907 ad
584 1846 707 1925 judices
724 1847 890 1929 potissime
905 1850 1042 1930 pertinet
1061 1868 1068 1909 :
1086 1868 1166 1931 qno
1181 1848 1204 1908 ll
1220 1851 1341 1913 subire.
1352 1872 1448 1932 quarn
1465 1854 1668 1916 innocentem
1683 1854 1839 1915 occidere.

418 1962 487 2007 rum
506 1955 565 2019 est,
583 1964 646 2009 non
672 1948 774 2011 solum
799 1948 879 2010 lalsa
900 1958 929 2011 et
956 1949 1075 2028 injusta
1098 1968 1162 2011 non
1256 1951 1348 2013 Circa
1362 1952 1429 2014 luee
1445 1954 1530 2019 dieo.
1546 1954 1632 2034 quod
1648 1952 1814 2033 responsio
1830 1950 1861 2011 S.
1879 1949 1959 2011 tuo

415 2044 624 2111 committere.
642 2047 697 2107 sed
719 2056 749 2108 et
774 2048 807 2108 in
828 2048 902 2109 aliis
923 2066 961 2109 ea
986 2049 1101 2129 punire
1116 2069 1163 2111 ra-
1217 2069 1277 2112 mae
1293 2051 1401 2112 iubae
1417 2052 1561 2116 materia.
1577 2071 1653 2113 vera
1666 2060 1714 2113 est
1735 2060 1830 2131 atque
1854 2058 1960 2110 tenen-

416 2140 502 2203 tione
527 2143 576 2204 sui
600 2142 716 2221 elferii,
733 2154 763 2207 et
788 2146 865 2226 quie
887 2145 921 2207 in
943 2146 1024 2209 solio
1049 2148 1162 2209 sedent
1215 2150 1268 2213 da.
1292 2160 1323 2211 et
1347 2151 1490 2231 antiquis
1509 2158 1540 2211 et
1562 2151 1749 2212 solennibus
1773 2146 1956 2211 doctoribus

413 2238 558 2319 justitie.
1214 2267 1367 2311 consona.
1384 2249 1515 2329 Nempe.
1536 2256 1570 2310 ut
1592 2249 1661 2311 loco
1686 2248 1885 2329 praeallegato
1907 2246 1958 2307 in-

443 2342 650 2409 [remiseremid
660 2354 707 2406 est
721 2344 1057 2410 innoeentemsetttcet
1070 2345 1160 2427 pium
1214 2348 1301 2409 ducit
1317 2348 1465 2412 Thomas.
1481 2349 1528 2409 ld
1550 2349 1692 2429 judicem
1711 2346 1850 2428 pertinet
1872 2345 1957 2425 judi-

412 2446 444 2497 et
459 2438 827 2523 simplicemetjustum
844 2445 1157 2525 maeonidem-quod
1213 2466 1297 2511 care.
1324 2448 1358 2509 in
1381 2456 1538 2529 quantum
1562 2456 1610 2509 est
1636 2447 1784 2527 publicus
1807 2445 1953 2506 minister

415 2538 580 2620 potissime
595 2540 782 2621 prohibetur
795 2541 969 2621 judicibus,
980 2562 1020 2605 ue
1036 2544 1159 2605 scilicet
1215 2547 1320 2626 legum
1335 2566 1372 2609 ae
1390 2547 1484 2627 juris.
1501 2556 1533 2609 et
1551 2555 1644 2627 prout
1661 2546 1790 2627 publica
1809 2544 1954 2622 [ungitur

414 2636 492 2699 tales
513 2639 738 2714 contemnent,
760 2650 814 2702 aut
837 2639 931 2703 morti
956 2642 1154 2722 adjudicent.
1212 2646 1400 2708 auctoritate
1416 2663 1424 2705 :
1443 2646 1515 2708 ideo
1529 2646 1706 2707 secundum
1722 2644 1824 2723 legem
1838 2651 1894 2704 aut
1906 2642 1955 2723 ju·

411 2735 492 2797 lusti
507 2744 626 2804 antem.
642 2738 697 2819 qui
713 2739 782 2801 zelo
796 2739 939 2801 veritatis
954 2740 1160 2806 accenside-
1214 2745 1259 2805 ris
1283 2754 1424 2807 tenorem
1451 2753 1577 2807 tenetur
1598 2744 1632 2805 in
1657 2744 1829 2825 judicando
1850 2760 1959 2823 proce·

413 2833 548 2897 tendunt
563 2836 770 2915 justitiam
786 2838 942 2919 impietati
954 2847 1010 2900 aut
1026 2837 1159 2900 falsitati
1212 2844 1299 2905 dere.
1322 2844 1386 2907 lloc
1408 2853 1517 2905 autern
1535 2852 1583 2906 est
1603 2844 1698 2923 juris.
1721 2852 1755 2904 ut
1780 2842 1953 2904 secundum

412 2932 575 3009 resistunt,
598 2935 781 3017 frequenter
803 2936 972 2999 incurrunt
996 2938 1158 2999 eliensem
1213 2944 1376 3023 proposita
1403 2951 1434 3003 et
1460 2944 1593 3023 probata
1620 2943 1661 3003 sit
1689 2941 1847 3023 judicans.
1873 2940 1951 3001 lline

409 3034 620 3113 quorumdem
631 3034 726 3097 etiam
739 3035 937 3117 superiorum
949 3055 985 3099 ae
996 3037 1155 3117 judicum,
1171 3041 1194 3103 C
1211 3060 1340 3122 quoque
1354 3042 1531 3103 Alexander
1544 3042 1585 3103 de
1603 3041 1696 3103 lleles
1711 3059 1807 3121 snper
1823 3038 1948 3101 tertium

410 3132 585 3193 seeundum
610 3133 695 3213 quod
720 3134 784 3195 (lici
811 3136 903 3210 solet,
926 3135 1050 3197 l'erites
1074 3137 1157 3218 parit
1212 3140 1446 3202 Sententiarum
1471 3148 1616 3215 testatur,
1631 3140 1718 3221 quod
1743 3139 1777 3200 in
1801 3138 1955 3200 utiense

411 3230 533 3292 odium.
1210 3240 1308 3320 judex
1323 3257 1387 3301 non
1397 3239 1526 3304 occidit.
1533 3240 1589 3300 sed
1605 3238 1666 3313 lex,
1676 3237 1795 3299 idcirco
1808 3256 1870 3299 non
1885 3253 1955 3317 pee-

452 3328 543 3391 Circa
557 3328 642 3390 hunc
658 3328 762 3391 locum
774 3330 874 3393 multa
889 3333 1000 3395 scribit
1010 3334 1157 3395 Nicolnus
1210 3347 1271 3400 cet.
1288 3339 1343 3400 llis
1358 3338 1529 3400 coneordat
1543 3339 1629 3419 quod
1645 3336 1757 3399 scribit
1771 3335 1950 3397 Antisiodo

412 3424 452 3487 de
474 3426 564 3507 Lyra,
582 3446 653 3508 quae
675 3428 861 3509 diligentius
886 3430 1086 3493 discutienda
1112 3434 1158 3494 ri·
1212 3437 1315 3498 rensis
1331 3438 1364 3498 in
1387 3438 1482 3499 tertia
1500 3446 1589 3518 parte
1604 3436 1742 3497 Summo
1756 3454 1832 3511 suae,
1848 3434 1954 3495 dicen-

412 3526 538 3587 tlentur.
561 3526 723 3606 Siquidem
746 3546 802 3608 per
825 3528 984 3592 insontem
1006 3531 1155 3610 intelligit
1210 3536 1313 3598 dotsi
1330 3537 1501 3617 episcopus
1516 3535 1680 3616 praecipiat
1695 3533 1953 3613 sacerdoteque

412 3643 497 3699 eum,
514 3624 569 3705 qui
594 3624 628 3686 in
644 3625 776 3687 veritate
791 3636 839 3689 est
862 3628 1028 3705 innocens,
1048 3650 1157 3710 quaru-
1210 3635 1463 3696 excommunicet
1471 3634 1727 3715 aliquemquem
1739 3630 1953 3695 sacerdosseit

413 3724 461 3785 ris
476 3724 684 3787 convincatur
700 3744 756 3806 per
777 3724 874 3787 lalsos
890 3735 996 3789 testes.
1014 3728 1049 3789 Et
1066 3732 1156 3793 addit
1210 3733 1463 3800 innocentemet
1480 3733 1634 3814 scitquod
1648 3729 1948 3814 episeopusexodio

410 3823 494 3903 quod
513 3823 610 3903 judex
631 3841 694 3885 non
715 3825 809 3886 debet
834 3825 926 3886 illum
951 3828 1108 3906 occidere,
1125 3830 1151 3890 si
1207 3832 1318 3911 jubeat
1339 3832 1411 3902 hoc,
1427 3850 1469 3893 an
1489 3840 1616 3894 tenetur
1634 3831 1765 3893 obedire
1783 3829 1951 3891 secerdosl

411 3920 626 3983 innocentiam
642 3922 711 4003 rjus
733 3923 811 3985 sciat
830 3933 961 4002 secrete,
984 3928 1039 3988 secl
1059 3929 1153 3991 debet
1208 3930 1349 3992 llicimus
1368 3932 1454 4011 quod
1472 3939 1642 4010 antequem
1665 3928 1812 3990 sacerdos
1832 3945 1952 3988 excom

411 4028 506 4081 usus
520 4019 706 4099 diligentius
721 4022 912 4094 examinare,
925 4033 1079 4088 uteorum
1096 4026 1155 4089 ial-
1209 4029 1350 4091 municet
1376 4029 1485 4105 istum,
1507 4029 1603 4091 debet
1627 4027 1779 4109 episeopo
1805 4025 1951 4087 iutimare

409 4116 486 4179 sitos
507 4118 773 4199 deprehendatur.
797 4120 895 4195 Quam
923 4124 949 4184 si
973 4124 1019 4186 sic
1041 4126 1155 4206 depre-
1209 4127 1424 4189 innocentiam
1439 4129 1528 4208 ejus3
1545 4136 1576 4189 et
1594 4127 1622 4187 si
1638 4126 1808 4207 episcopus
1831 4124 1865 4185 in
1880 4140 1951 4205 pro

410 4214 550 4277 bendere
573 4217 694 4297 nequit,
711 4218 804 4281 debet
826 4220 982 4300 judicium
999 4224 1037 4284 ed
1060 4243 1154 4306 supe·
1169 4226 1193 4287 tt
1209 4226 1312 4306 posito
1344 4235 1540 4307 perseveret,
1573 4225 1721 4287 sacerdos
1751 4223 1821 4286 sine
1850 4221 1948 4284 dubio

413 4315 528 4377 riorem
545 4315 705 4379 remittere
720 4317 871 4397 judicem.
883 4318 981 4393 Quem
992 4322 1018 4383 si
1036 4322 1154 4385 habere
1207 4325 1338 4387 obedire
1355 4334 1480 4387 tenetur
1497 4342 1505 4385 ε
1524 4325 1617 4386 aliter
1635 4324 1753 4405 periret
1769 4320 1950 4385 obedientia

413 4431 476 4477 nou
493 4414 837 4495 potcst,dicitl'ltomes
853 4418 1035 4481 insecundo
1046 4441 1155 4483 secun
1208 4424 1348 4485 humane
1377 4424 1410 4484 in
1440 4424 1656 4486 ecelesiastica
1684 4420 1872 4484 hierarchia.
1899 4419 1951 4481 Sa-

412 4512 471 4589 dos,
494 4513 668 4595 questione
689 4514 740 4591 til,
763 4517 847 4598 quod
871 4517 903 4578 in
926 4518 985 4581 hoc
1006 4538 1082 4581 casu
1104 4521 1155 4601 J'u-
1207 4522 1345 4584 cerdotis
1370 4541 1507 4603 nomque
1526 4540 1590 4585 non
1615 4529 1664 4584 est
1685 4537 1886 4599 cognoscere,
1908 4537 1948 4579 ert

411 4610 470 4673 dex
486 4630 548 4675 nou
568 4614 822 4695 peteetlerendo
838 4618 1028 4679 sententiam
1043 4628 1154 4682 eontra
1207 4622 1365 4683 sententia
1379 4621 1554 4703 superioris
1569 4621 1619 4682 sui
1636 4620 1677 4681 sit
1691 4621 1787 4701 justa,
1798 4637 1840 4679 en
1857 4636 1919 4681 non
1939 4632 1946 4676 :

409 4728 495 4786 eum,
512 4710 588 4793 quia
605 4712 702 4793 judex
721 4732 783 4775 non
806 4713 959 4777 interficit
976 4716 1079 4795 illum,
1097 4720 1153 4780 sed
1206 4721 1282 4799 quin
1299 4720 1325 4780 si
1341 4728 1449 4802 posset
1470 4737 1672 4800 cognoscere,
1690 4718 1750 4781 boc
1769 4726 1818 4779 est
1831 4715 1951 4797 dijudi-

408 4808 455 4871 illi
479 4810 534 4892 qui
557 4820 717 4874 recusant.
742 4811 860 4875 Deinde
882 4813 963 4896 Lyre
989 4818 1148 4897 reprobat,
1206 4838 1288 4894 care,
1315 4827 1421 4900 posset
1440 4838 1567 4899 semper
1586 4818 1703 4894 dicere,
1720 4817 1812 4878 Prius
1837 4832 1952 4893 eogno-

406 4916 511 4971 temen
538 4909 689 4986 modeste,
707 4912 948 4993 responsionem
971 4913 1052 4976 hanc
1069 4916 1150 4979 'llio
1205 4936 1302 4993 mam,
1324 4937 1365 4979 au
1387 4918 1546 4980 sententio
1570 4926 1623 4979 tua
1647 4916 1689 4978 sit
1712 4916 1798 4997 justu
1815 4932 1822 4976 :
1840 4914 1948 4994 sicque

405 5026 476 5089 mm,
500 5008 634 5072 diceudo
652 5026 659 5071 ε
678 5009 709 5071 st
731 5010 828 5091 judex
854 5020 1149 5094 quantumcumque
1205 5016 1323 5096 periret
1338 5016 1479 5077 humana
1488 5015 1676 5092 hierarchia,
1687 5023 1719 5077 et
1729 5014 1868 5076 humana
1878 5010 1950 5073 obe

407 5106 563 5189 superior,
582 5108 726 5171 invenire
752 5128 816 5173 non
842 5119 945 5191 potest
963 5112 1046 5174 viam
1072 5111 1151 5176 libe-
1205 5114 1336 5176 dientie.
1353 5113 1438 5176 ldem
1458 5115 1626 5177 dicendum
1643 5121 1702 5190 est,
1720 5114 1746 5174 si
1767 5132 1821 5174 rex
1837 5110 1948 5193 proei-

409 5206 498 5269 ruudi
525 5206 725 5269 innocentem
752 5219 913 5287 ammte,
941 5210 1035 5273 debet
1060 5212 1150 5292 prius
1205 5213 1271 5295 piat
1282 5213 1452 5295 proposito
1463 5214 1513 5276 rel
1529 5214 1633 5277 lictori
1645 5212 1790 5277 occidere
1801 5212 1950 5272 innocen·

408 5304 594 5387 dignitatem
605 5313 637 5369 et
645 5306 680 5369 ol
683 5306 793 5369 licium
802 5308 965 5388 judicandi
978 5309 1147 5388 dimittere,
1205 5320 1280 5375 tem.
1292 5312 1363 5374 llree
1373 5312 1654 5375 Antisiodorensis.
1666 5311 1762 5375 Porro
1777 5308 1946 5373 auctoritas
