4309 6259
590 515 765 562 mannaim
786 516 817 561 ur
839 516 906 562 ear.
930 515 952 561 u
974 515 1109 562 1611661.
1133 535 1174 549 -
1194 517 1264 563 aar.
1287 515 1329 564 ru
1673 499 1731 564 1111

184 687 433 753 domesticorum
458 707 580 766 eorum,
607 696 639 751 61
664 706 755 768 taqua
775 696 859 750 sorte
883 687 930 749 eis
945 686 970 748 Α
984 687 1111 765 bantur,
1132 687 1243 751 saltem
1269 688 1303 752 in
1325 689 1401 767 illis,
1418 708 1489 772 quae
1513 708 1608 771 super
1630 691 1729 756 altare

183 789 396 866 dividebatur,
411 795 446 850 61
459 787 605 867 Magister
618 789 651 850 in
667 788 810 850 historiis
825 786 927 861 addit-3
984 786 1244 849 incendebantur.
1257 791 1367 850 Oezet's
1383 792 1499 852 oblatio
1511 813 1581 870 que
1596 793 1729 870 offertor

180 899 329 950 concitem
352 899 539 949 sanctorum
563 892 603 948 de
628 890 842 950 oblacionibus
867 891 929 948 Do·
983 889 1257 967 dominantisque
1271 892 1427 968 fermento
1440 889 1578 968 fiet,lloe
1593 899 1647 964 est,
1661 890 1729 952 abs-

179 990 276 1050 6161.
983 1005 1046 1067 que
1073 985 1269 1049 admixtione
1294 986 1442 1050 fermenti
1468 986 1633 1052 olieretur.
1661 992 1727 1054 Nee

217 1087 382 1165 Praeterea,
406 1088 435 1149 si
458 1095 619 1169 quaeratur
644 1087 788 1151 omnium
814 1087 927 1150 borum
982 1086 1164 1164 quidquem
1185 1087 1340 1163 fermenti
1360 1107 1398 1147 oe
1420 1089 1524 1148 meilis
1546 1092 1727 1150 adolebitur

178 1185 258 1249 ratio
269 1186 425 1262 litteralis,
434 1186 619 1269 responderi
635 1195 741 1270 potest
754 1187 843 1269 juxta
853 1205 927 1268 prae
982 1185 1018 1244 ie
1038 1186 1198 1262 sacrificio
1214 1187 1359 1257 Domini,
1377 1184 1410 1246 id
1431 1193 1488 1262 661,
1508 1205 1566 1250 666
1588 1186 1726 1251 sermen-

178 1293 272 1363 tacta,
294 1287 381 1367 quod
406 1285 489 1348 Deus
513 1286 708 1366 assignando
735 1295 799 1348 tam
822 1285 926 1349 varios
982 1290 1061 1354 tum,
1082 1301 1139 1346 nec
1156 1282 1218 1345 mel
1234 1291 1421 1365 apponetur,
1438 1292 1492 1347 aut
1508 1287 1726 1350 commiscebi-

178 1385 290 1448 modes
315 1383 522 1448 sacrificandi
545 1385 607 1447 sibi
627 1404 666 1448 ex
687 1384 793 1448 simila
815 1403 924 1466 panes,
982 1390 1033 1444 tur
1044 1380 1198 1446 oblationi
1211 1382 1271 1444 1166
1285 1381 1532 1446 1166161166166
1546 1384 1632 1449 istud
1648 1385 1725 1468 obji-

178 1483 341 1546 eonsuluit
359 1492 391 1546 61
411 1483 552 1565 providit
566 1483 774 1548 offerentium
794 1502 927 1567 pauper·
981 1481 1069 1552 citur,
1078 1480 1231 1562 quoniam
1246 1480 1332 1544 inira
1347 1481 1499 1544 Dominus
1513 1483 1611 1564 jubet,
1625 1503 1723 1566 panes
1745 1493 1870 1546 Lean-nna

179 1582 247 1658 tati,
260 1581 492 1658 commoditati,
509 1591 564 1644 aut
580 1581 726 1645 facilitati
740 1600 746 1644 :
759 1592 795 1644 ut
809 1582 925 1663 quibus
981 1599 1108 1662 quoque
1140 1579 1345 1644 fermentatos
1375 1580 1488 1644 ollcrri
1518 1601 1591 1645 cum
1620 1583 1724 1646 bestia
1740 1558 1772 1599 '⁴'

179 1679 292 1744 fornax
306 1681 432 1744 deesset
453 1681 493 1743 ad
513 1700 629 1763 panem
649 1683 862 1763 coquendum,
875 1681 925 1744 rel
981 1679 1165 1759 gratiarum,
1182 1698 1254 1760 queo
1278 1679 1461 1743 immolatur
1483 1700 1540 1763 pro
1564 1682 1721 1763 pacificis,

178 1779 296 1861 quibus
326 1779 497 1844 molestum
522 1790 607 1844 esset
630 1783 804 1845 accendere
828 1781 926 1844 eliba—
980 1777 1151 1859 exquibus
1171 1797 1255 1840 unus
1274 1779 1725 1861 66666161111661166166116-

179 1898 268 1956 num,
286 1886 461 1960 coquerent
477 1898 592 1962 panem
609 1881 642 1943 in
658 1881 795 1963 patella;
817 1881 879 1956 vcl,
898 1880 924 1942 si
943 1879 967 1941 Β
981 1877 1077 1939 mino.
1088 1877 1317 1958 despondetur,
1329 1886 1363 1940 61
1380 1886 1497 1941 tactum
1512 1887 1571 1956 661,
1581 1880 1657 1961 quia
1672 1881 1724 1943 hic

178 1977 238 2041 boe
253 1976 301 2040 eis
316 1977 457 2060 amplius
472 1979 670 2056 conveniret,
685 1998 780 2061 super
792 1979 926 2041 eraticu·
981 1976 1123 2057 loquitur
1139 1984 1242 2039 textus
1260 1976 1299 2039 (16
1316 1977 1477 2041 oblatione
1498 1999 1592 2061 super
1612 1980 1722 2056 altare,

179 2075 253 2137 lam.
280 2077 413 2158 iusuper
437 2075 502 2139 dici
532 2086 646 2158 661661,
663 2079 751 2158 quod
775 2078 856 2139 Deus
882 2077 941 2139 ita'
981 2075 1094 2137 saltem
1119 2093 1177 2158 pro
1202 2083 1291 2156 parte
1317 2077 1496 2154 cremanda,
1519 2077 1552 2140 in
1574 2098 1636 2160 qua
1662 2077 1725 2142 ier-

179 2174 318 2237 instituit
334 2175 367 2236 in
383 2175 534 2239 solatium
545 2176 765 2240 ministrorum
782 2195 923 2252 suorum,
980 2182 1124 2237 mentum
1141 2192 1211 2237 6666
1227 2192 1290 2236 666
1307 2174 1413 2236 debet.
1431 2176 1469 2236 Et
1489 2176 1561 2238 talis
1578 2197 1640 2240 non
1657 2185 1725 2240 6661

178 2272 327 2336 videlicet
343 2275 555 2350 sacerdotum,
572 2275 627 2356 qui
645 2274 873 2363 reficiebantur
888 2294 926 2338 cx
981 2272 1100 2336 oblatio
1116 2272 1171 2335 illa
1186 2291 1305 2355 panum
1318 2271 1585 2351 fermentatorum,
1597 2276 1651 2338 sed
1662 2295 1726 2339 ees-

180 2371 243 2434 illis
258 2372 386 2449 oblatis,
409 2381 568 2454 quatenus
582 2375 623 2436 ad
645 2374 821 2438 tollendum
838 2373 927 2436 lasti·
981 2371 1023 2433 sit
1045 2371 1078 2432 16
1101 2389 1194 2433 usum
1216 2372 1427 2434 sacerdotum.
1450 2373 1528 2435 Hinc
1551 2373 1722 2437 subditur:

180 2471 279 2547 dium,
292 2471 448 2534 baberent
463 2491 562 2554 panes
578 2473 790 2536 diversimode
807 2492 927 2554 praepa·
982 2473 1157 2533 Primitios
1174 2481 1426 2532 tentonicorum
1442 2475 1590 2549 offeretis,
1601 2472 1662 2535 hoe
1677 2480 1725 2536 661

180 2569 377 2632 6616611616
391 2578 422 2633 61
438 2570 545 2633 61666(
560 2571 655 2652 jussit
670 2571 926 2654 apponi.lterum
982 2568 1146 2650 primitiva
1169 2567 1317 2632 fermenti
1340 2577 1371 2632 et
1392 2570 1507 2647 mellis,
1525 2581 1554 2632 ct
1576 2593 1723 2643 meruero,

182 2667 244 2730 dici
260 2677 376 2750 potest,
389 2669 475 2750 quod
489 2669 585 2751 jussit
600 2670 656 2741 sic,
674 2671 714 2732 ad
729 2670 927 2750 (1161166666-
983 2664 1015 2728 1(1
1036 2675 1095 2742 661,
1112 2667 1196 2728 (1666
1221 2685 1259 2729 cx
1283 2665 1329 2730 eis
1354 2666 1514 2749 precipua
1539 2686 1594 2730 seu
1619 2675 1725 2750 partes

182 2768 258 2830 dum
274 2766 454 2831 oblationes
470 2769 581 2851 populi
597 2769 646 2830 sui
658 2778 688 2831 et
705 2769 800 2831 ritum
817 2789 926 2832 eorum
982 2783 1093 2829 corum
1114 2765 1349 2846 praestantiores
1372 2764 1516 2828 offeretis
1538 2765 1571 2827 in
1593 2766 1723 2847 templo,

180 2866 222 2929 ab
243 2865 485 2930 idololatrarum
508 2866 623 2929 ritibus
643 2876 674 2930 ct
696 2867 821 2930 oblatis.
839 2868 929 2947 11136-
983 2884 1039 2926 666
1055 2864 1259 2927 tabernaculo
1271 2864 1320 2927 vel
1336 2863 1417 2927 atrio
1428 2883 1485 2946 per
1499 2884 1613 2927 manus
1629 2885 1727 2928 sacer·

181 2965 280 3028 ratem
297 2984 375 3028 vcro
391 2965 548 3028 rationem
563 2965 698 3029 Thomas
714 2967 865 3046 assignat,
882 2967 929 3029 di·
983 2963 1105 3039 dotum,
1121 2962 1197 3043 quia
1219 2963 1259 3025 de
1280 2962 1429 3025 omnibus
1450 2963 1544 3026 rebus
1566 2963 1726 3027 concessis

182 3065 283 3127 cende
301 3082 309 3127 :
326 3064 420 3127 Panis
436 3064 599 3144 signifieat
613 3065 783 3141 Christum,
800 3066 856 3146 qui
871 3065 927 3143 ait,
945 3059 966 3122 C
983 3061 1132 3143 primitiae
1155 3060 1383 3123 offerebantur.
1402 3065 1508 3140 Super
1529 3066 1630 3122 altore
1654 3084 1726 3123 vero

127 3215 133 3224 .
161 3164 247 3245 ,Ego
262 3183 336 3226 sum
352 3163 444 3245 panis
459 3163 552 3225 vivus
570 3181 577 3224 ε
595 3163 701 3245 quiin
719 3162 785 3227 lide
802 3174 928 3246 patrum
983 3182 1047 3221 eoo
1068 3163 1276 3238 imponentur
1293 3161 1326 3219 in
1349 3163 1475 3220 oderem
1490 3163 1674 3234 seoeitoiia,
1692 3170 1727 3223 ut

70 3279 75 3289 ·
183 3262 243 3324 sub
262 3270 348 3325 statu
370 3261 448 3342 legis
469 3270 601 3339 6616666,
618 3271 686 3325 6661
705 3263 797 3344 quasi
820 3263 928 3345 spiea3
983 3259 1029 3320 ibi
1047 3266 1227 3321 crementur
1247 3258 1286 3321 ad
1307 3258 1361 3344 Dei
1382 3258 1547 3336 honorem,
1561 3259 1637 3341 quia
1653 3267 1727 3324 6661

182 3370 214 3424 61
230 3361 265 3423 16
283 3360 431 3424 (16616166
450 3360 530 3442 legis
551 3380 587 3423 ac
606 3362 845 3443 Prophetarum,
863 3371 931 3425 erat
984 3357 1183 3420 fermentata.

182 3468 217 3523 61
238 3459 367 3534 similo;
385 3469 480 3540 atque
501 3467 537 3521 ut
559 3460 652 3542 panis
674 3459 841 3538 formatuS,
859 3470 931 3543 post
971 3454 973 3457 ’
1027 3458 1194 3536 Quidquid
1215 3459 1365 3517 obloteris
1385 3460 1554 3537 sacrificii,
1570 3463 1637 3520 soie
1658 3481 1727 3522 eon-

182 3567 380 3641 assumptam
403 3558 655 3633 humanitatem
672 3567 781 3622 coetus
803 3560 876 3640 igne
896 3559 928 3620 in
984 3557 1064 3624 dies,
1081 3554 1106 3616 si
1129 3562 1233 3617 tamen
1254 3555 1294 3618 sit
1315 3556 1380 3618 sale
1400 3557 1581 3634 condibile3
1599 3579 1655 3618 ece
1670 3580 1728 3620 ore-

183 3658 321 3735 clibano,
339 3656 400 3721 boc
421 3665 479 3733 est,
498 3656 653 3719 formatus
675 3656 795 3739 Spiritu
816 3658 930 3721 Sancto
984 3655 1065 3731 feres
1089 3657 1139 3713 set
1162 3654 1294 3730 federis
1319 3657 1378 3715 Dei
1403 3657 1463 3726 tei,
1486 3655 1517 3717 id
1543 3664 1591 3719 est
1617 3657 1662 3719 sal
1688 3656 1727 3719 (16

182 3757 216 3820 16
232 3764 324 3819 61666
339 3755 517 3835 Virgina1i3
534 3763 644 3818 coctus
663 3775 791 3836 quoque
812 3756 845 3817 in
866 3775 931 3818 sar·
985 3751 1077 3834 cnjus
1099 3753 1294 3816 admixtione
1314 3762 1345 3816 et
1367 3754 1528 3818 oblatione
1551 3757 1632 3818 Deus
1655 3755 1728 3818 iniit

182 3855 300 3936 tagine,
319 3873 377 3936 per
395 3855 520 3918 labores
538 3873 619 3935 quos
642 3855 676 3916 in
698 3856 817 3918 mundo
838 3857 931 3918 susti·
986 3850 1091 3914 loedus
1108 3860 1222 3930 tecum,
1240 3861 1271 3915 et
1290 3872 1347 3935 666
1366 3855 1457 3936 cujus
1475 3855 1670 3920 oblationem
1689 3855 1728 3917 ti-

183 3954 270 4029 nuit3
283 3962 315 4016 et
332 3953 364 4015 iu
381 3971 475 4016 emec
487 3953 720 4034 occisus,quasi
733 3953 765 4014 in
779 3954 931 4017 eraticula
985 3949 1017 4011 bi
1037 3950 1283 4028 eonioederatur,
1301 3959 1332 4014 61
1350 3951 1500 4015 amicitias
1519 3963 1647 4035 paetum
1669 3953 1727 4016 tibi

183 4054 326 4115 adustus.
986 4049 1248 4132 proposuitche
1272 4050 1369 4130 igitur
1390 4050 1523 4134 salfnon
1545 4051 1670 4116 auferes
1689 4057 1728 4114 de

222 4151 378 4232 Denique,
392 4151 566 4212 secundum
579 4149 783 4214 Guillelmum
800 4151 840 4214 de
854 4151 930 4215 Fide
984 4151 1145 4226 sacrificio
1162 4159 1225 4220 teo,
1245 4149 1276 4210 id
1299 4155 1356 4227 est,
1374 4168 1534 4232 apponere
1557 4159 1588 4214 61
1610 4151 1728 4216 6116666

183 4260 216 4315 61
230 4250 368 4331 legibus,
386 4249 517 4331 quidam
532 4249 692 4326 dixerunt,
708 4250 794 4331 quod
812 4251 931 4313 6666111-
945 4249 971 4311 b
988 4267 1050 4310 666
1067 4247 1214 4328 negliges.
1224 4250 1265 4308 In
1280 4249 1369 4308 ornei
1381 4250 1538 4309 oblatione
1552 4253 1660 4328 offeres
1671 4257 1726 4312 sol.

184 4351 270 4414 cium
288 4367 353 4412 nen
370 4356 419 4411 est
435 4347 496 4409 6161
513 4349 552 4411 (16
567 4349 771 4411 animalibus
791 4349 827 4411 Et
848 4368 932 4412 erra·
985 4347 1066 4408 Ecce
1085 4347 1150 4427 jam
1172 4353 1219 4408 ter
1239 4346 1382 4408 eamdem
1399 4347 1591 4409 sententiam
1608 4347 1667 4411 sub
1683 4348 1730 4410 di-

185 4457 301 4513 verunt
322 4447 356 4509 in
378 4447 450 4524 hec,
466 4447 541 4528 quia
558 4447 590 4509 in
607 4449 668 4512 iste
684 4448 824 4530 capitulo
845 4447 932 4512 obla·
986 4445 1087 4510 versis
1103 4443 1209 4508 verbis
1225 4444 1391 4527 expressit,
1407 4464 1471 4527 quo
1486 4455 1620 4525 constat,
1634 4467 1729 4528 quam

183 4549 289 4612 tiones
315 4545 407 4609 16616
432 4547 472 4608 (16
497 4545 602 4608 simila
627 4554 660 4610 et
684 4547 821 4629 panibus
843 4549 931 4610 vario
988 4543 1106 4607 seriose
1122 4544 1204 4606 Deus
1220 4543 1406 4626 praeceperit
1422 4544 1517 4606 istud.

185 4648 280 4712 mode
302 4644 414 4721 ccctis,
434 4644 596 4706 sacrificia
617 4655 853 4728 nuncupantur.
872 4646 932 4709 Ve-
1028 4643 1088 4707 Sed
1109 4651 1218 4706 contra
1239 4642 1305 4705 hec
1325 4642 1413 4723 argui
1436 4643 1479 4705 ita
1499 4651 1622 4726 potest:
1640 4645 1732 4708 Exte-

184 4755 365 4809 rumtamen
387 4743 609 4807 concordando
627 4744 732 4807 dicere
751 4763 930 4827 possumus,
988 4742 1071 4807 riora
1095 4740 1264 4818 6666111616,
1281 4740 1449 4820 designant
1471 4741 1629 4805 saeriiieia
1652 4741 1731 4805 inte-

185 4846 272 4928 quod
290 4843 410 4906 oblatio
427 4841 511 4905 laeta
525 4843 565 4904 dc
581 4842 785 4920 animalibus,
804 4844 933 4926 proprie
988 4842 1083 4918 riora,
1101 4841 1218 4922 quibus
1239 4841 1334 4903 bomo
1355 4859 1447 4903 suum
1466 4839 1565 4904 ollert
1582 4841 1730 4924 spiritum

184 4941 385 5007 sacrificium
399 4939 590 5023 appelletur.
603 4941 637 5003 ln
653 4941 715 5003 isto
730 4950 836 5004 autem
852 4943 934 5024 capi·
987 4943 1071 5016 1)66;
1090 4941 1145 5002 sed
1162 4940 1196 5002 16
1212 4939 1371 5004 6666111616
1387 4939 1530 5004 interiori
1546 4940 1732 5023 616666611-

185 5042 266 5119 tulo,
284 5041 415 5103 6166161
432 5039 510 5102 alibi
531 5058 625 5121 saepe,
644 5059 760 5103 nomen
781 5040 933 5103 sacrificii
989 5048 1094 5116 netur,
1112 5039 1224 5101 saltem
1248 5037 1443 5121 frequenter,
1463 5039 1502 5102 (16
1524 5039 1680 5102 suavitate
1700 5037 1732 5103 61

185 5149 316 5204 extense
333 5139 500 5220 accipitur.
989 5139 1073 5202 bona
1090 5138 1265 5221 sapiditate,
1275 5156 1371 5219 quam
1384 5138 1597 5201 amaritudine
1610 5146 1642 5200 61
1654 5157 1732 5201 mor-

226 5237 466 5320 Consequenter
481 5237 589 5319 aliqua
605 5237 796 5315 1616666166,
814 5257 884 5319 quta
901 5238 933 5300 in
989 5237 1136 5314 dacitate,
1155 5256 1255 5319 quum
1278 5236 1311 5297 in
1333 5236 1554 5300 Ecclesiastico
1577 5237 1731 5319 scriptum
1747 5295 1871 5338 Eccum„

187 5337 313 5401 cunctis
342 5335 561 5401 oblationibus
591 5336 802 5402 communiter
832 5356 936 5401 serva·
990 5335 1052 5398 sit:
1070 5335 1119 5399 Nil
1141 5335 1277 5414 dulcius,
1294 5354 1389 5419 quam
1409 5336 1572 5400 attendere
1593 5335 1625 5398 iu
1645 5354 1733 5399 men·
1749 5361 1793 5434 aa·
1824 5329 1841 5337 '¹
