4309 6259
530 499 705 546 manuario
727 500 758 544 nr
779 498 847 545 aar.
872 499 912 545 xv
933 499 1069 545 cornici.
1093 519 1133 530 -
1153 500 1224 545 aar.
1248 500 1334 548 xxxu
1645 483 1704 548 237

155 677 239 746 runt,
259 670 315 732 sed
341 689 415 734 cum
439 691 522 752 aqua
547 671 657 733 lavari.
680 671 743 733 Nec
768 669 902 732 dubium
918 669 944 732 Α
958 670 1134 733 stitutionis
1145 671 1355 748 causam‚fuit
1370 670 1588 752 morale:quia
1597 667 1702 752 'quum
1738 683 1739 686 ’

154 768 230 848 quin
247 787 306 849 per
321 769 561 832 immunditiam
579 769 683 845 istam,
701 769 838 831 multum
854 770 904 831 de
959 769 1199 832 matrimonium
1210 769 1251 832 sit
1261 772 1302 832 ad
1312 770 1430 834 bonurn
1442 769 1541 851 prolis
1552 768 1706 851 principa·

156 874 291 928 tractum
309 867 351 927 sit
367 866 556 930 idololatriae
571 867 667 943 lunae,
679 886 778 947 quum
796 864 903 927 fluxus
959 866 1032 929 liter
1047 867 1240 945 ordinatum,
1258 868 1362 931 ornnis
1383 868 1583 930 inordinatus
1599 867 1706 929 matri·
1724 865 1727 872 '

156 973 393 1026 menstruorum
420 965 503 1028 lunae
529 965 734 1046 deputaretur
762 981 768 1024 :
795 964 905 1044 sicque
960 965 1058 1027 monii
1076 983 1152 1026 usus
1168 965 1365 1046 prohibetur,
1385 984 1449 1047 quo
1466 966 1585 1028 bonum
1605 964 1705 1046 prolis

155 1061 315 1124 discerent
340 1082 411 1124 eam
435 1082 500 1126 non
524 1082 593 1125 esse
617 1062 795 1139 colendam,
813 1063 905 1142 cujus
960 1062 1143 1143 impeditur.
1162 1063 1386 1126 Verumtamen
1404 1063 1509 1125 fluxus
1526 1071 1705 1127 menstruo-

156 1161 299 1241 operatio
322 1161 458 1242 pollutio
480 1169 540 1224 est.
561 1161 726 1224 Credimus
748 1160 845 1222 etiam
868 1178 905 1221 ex
961 1180 1031 1222 rum
1053 1169 1241 1242 potestesse
1263 1161 1417 1224 naturalis
1432 1170 1464 1224 et
1485 1160 1703 1224 innaturalis:

156 1259 294 1339 hisquae
314 1260 354 1321 de
370 1259 551 1322 idololatria
571 1258 717 1338 legimus,
735 1258 821 1339 quod
837 1277 906 1318 mu·
961 1259 1126 1336 naturalis,
1145 1259 1228 1322 sicut
1243 1262 1318 1322 dum
1335 1261 1486 1322 mulieres
1502 1260 1597 1322 etiam
1621 1279 1707 1322 sanae

157 1358 214 1420 lier
231 1366 430 1420 menstruata
444 1359 637 1439 quandoque
653 1357 694 1417 sit
716 1356 801 1418 lunae
821 1356 906 1419 obla·
961 1357 1126 1439 patiuntur
1146 1358 1231 1420 hunc
1248 1357 1371 1420 fluxum
1392 1357 1591 1439 temporibus
1607 1359 1708 1420 deter-

157 1466 198 1532 ω,
224 1464 257 1518 ct
282 1456 368 1537 quod
400 1457 530 1538 sanguis
560 1463 742 1518 menstruus
772 1453 806 1515 in
836 1455 906 1536 ejus
961 1456 1111 1532 minatis;
1136 1457 1326 1519 innaturalis
1342 1465 1459 1533 autem,
1482 1457 1610 1537 quando
1627 1457 1710 1519 inor-

143 1543 319 1617 'sacrificio
335 1555 447 1617 crebro
464 1553 672 1617 offerebatur.
694 1553 761 1616 Goli
782 1552 867 1615 enim
888 1571 907 1614 a
961 1553 1069 1616 dinate
1081 1563 1113 1616 ct
1125 1555 1216 1635 quasi
1234 1555 1386 1617 continue
1402 1554 1523 1616 fluxum
1544 1553 1708 1634 sanguinis

158 1651 349 1714 mulieribus
365 1652 441 1714 luna
455 1673 529 1714 curn
552 1671 667 1733 magna
686 1651 839 1713 aviditate
859 1668 908 1713 so
963 1653 1127 1733 patiuntur
1142 1672 1180 1715 ex
1196 1654 1332 1734 quadam
1350 1652 1550 1715 infirmitate.
1568 1653 1600 1714 ln
1619 1651 1708 1714 fluxu

158 1750 253 1828 lebat,
272 1751 543 1831 quomadmodum
560 1751 676 1830 legitur
692 1750 725 1811 in
745 1749 904 1811 Ieremia:
962 1760 1067 1814 autem
1095 1760 1331 1814 menstruorum
1358 1751 1543 1828 innaturali,
1572 1769 1636 1814 non
1662 1759 1710 1813 est

36 1847 303 1913 ra.=.1.n.liulieres
333 1849 529 1930 adspergunt
558 1848 697 1928 adipem,
725 1856 760 1909 ut
789 1846 908 1910 faciant
926 1849 948 1910 B
963 1849 1159 1930 prohibitum
1171 1851 1209 1912 ad
1221 1858 1449 1912 menstruatam
1460 1851 1622 1925 accedere,
1634 1868 1710 1931 prae-

159 1947 322 2027 placentas
346 1947 464 2028 reginae
485 1947 571 2022 coeli,
596 1946 629 2006 id
650 1955 698 2008 est
721 1945 814 2007 tunm.
837 1945 909 2006 Fuit
964 1948 1073 2010 sertim
1091 1948 1124 2009 in
1142 1967 1222 2012 nova
1238 1948 1308 2030 lege
1321 1969 1328 2011 :
1343 1956 1408 2010 turn
1425 1957 1555 2030 propter
1571 1946 1711 2009 infirmi-

158 2064 286 2126 quoque
297 2045 383 2107 istud
399 2043 687 2127 praeceptumquia
697 2045 737 2105 de
753 2043 909 2123 sanguine
964 2054 1071 2122 tatem,
1089 2047 1240 2128 quoniam
1264 2046 1378 2108 mulier
1400 2046 1433 2108 in
1458 2054 1541 2109 statu
1566 2046 1621 2108 illo
1646 2063 1710 2108 non

158 2152 322 2206 menstruo
338 2143 440 2205 multa
455 2143 600 2206 fecerunt
616 2141 768 2205 malefici.
785 2142 825 2203 Et
840 2160 910 2223 pro·
963 2152 1067 2225 potest
1083 2145 1267 2225 concipere3
1281 2153 1347 2207 turn
1364 2145 1516 2226 quoniam
1534 2142 1639 2206 fluxus
1656 2143 1712 2206 illc

159 2250 228 2324 pter
242 2243 565 2325 corruptelam'atque
581 2242 766 2322 contagium
783 2241 910 2322 sangui·
963 2252 1011 2305 est
1027 2251 1199 2325 perpetuus
1215 2262 1270 2306 scu
1287 2243 1469 2320 diuturnus,
1480 2251 1609 2325 propter
1625 2243 1710 2324 quod

159 2341 209 2403 nis
225 2342 508 2422 menstrualis‚qui
527 2350 621 2404 tantae
637 2349 686 2404 est
703 2340 910 2416 foeditatis‚ut
963 2350 1123 2422 oporteret
1138 2343 1223 2423 quod
1243 2340 1292 2404 vir
1311 2342 1430 2423 jugiter
1445 2341 1629 2404 abstineret.
1649 2340 1708 2403 Sed

161 2438 348 2503 faeculentiae
364 2460 430 2503 suae
454 2440 660 2502 manifestum
683 2438 847 2520 imprimat
868 2438 909 2499 si·
963 2440 1092 2520 quando
1112 2438 1227 2501 mulier
1243 2438 1430 2501 naturaliter
1452 2439 1571 2521 patitur
1587 2437 1710 2500 fluxum

158 2557 257 2618 gnum
273 2539 460 2620 speculo,in
476 2558 540 2619 quo
558 2537 671 2600 facicm
688 2556 778 2600 suam
794 2535 909 2598 mulier
964 2547 1212 2615 menstruorum,
1239 2547 1344 2620 potest
1368 2537 1547 2620 concipere,
1576 2538 1711 2619 talisque

159 2644 356 2698 menstruata
380 2636 577 2718 inspexerit:
595 2635 705 2716 sicque
727 2654 784 2716 per
806 2634 909 2712 legem
965 2635 1072 2698 fluxus
1088 2637 1181 2698 durat
1195 2638 1235 2699 ad
1251 2636 1411 2699 modicum
1429 2645 1555 2717 tempus
1569 2653 1576 2697 :
1589 2636 1710 2699 idcirco

160 2734 251 2796 istam
268 2736 309 2796 de
325 2733 734 2810 menstrualis‚consultum
750 2741 798 2794 est
814 2731 908 2793 saluti
965 2733 1162 2815 prohibitum
1186 2743 1234 2796 est
1256 2736 1295 2797 ad
1319 2734 1413 2796 talem
1436 2734 1603 2797 mulierem
1625 2753 1710 2798 acce-

160 2833 339 2894 auimarum
363 2841 395 2895 ct
416 2851 585 2914 corporum
606 2851 643 2894 ac
667 2830 801 2907 fetuum,
818 2839 850 2892 ct
865 2831 909 2910 ip·
965 2833 1059 2907 dere;
1083 2833 1280 2913 prohibitum
1307 2851 1433 2913 quoque
1455 2840 1502 2895 est
1522 2832 1649 2895 mulieri
1677 2833 1709 2893 in

161 2931 226 2992 sius
257 2930 450 2993 Matrimonii
481 2938 691 2993 sacramento.
724 2930 795 2991 Haec
824 2927 909 2990 Guil-
965 2930 1020 2992 tali
1035 2939 1120 2993 statu
1136 2930 1278 2993 debitum
1298 2938 1416 3011 petere.

161 3030 287 3092 lelmus.
925 3033 947 3096 C
1004 3030 1149 3092 Secundo
1160 3028 1371 3110 quaeritur‚an
1383 3028 1477 3091 liceat
1489 3027 1615 3090 mulieri
1628 3048 1712 3091 men·

198 3128 395 3211 Ampliuscx
410 3127 713 3210 praedictisquidam
730 3125 908 3200 affirmant,
964 3136 1091 3190 structae
1115 3127 1259 3190 debitum
1279 3127 1410 3190 reddere
1438 3145 1495 3190 suo
1522 3126 1646 3189 marito.
1675 3127 1712 3189 Et

160 3228 245 3308 quod
267 3235 500 3289 menstruatam
523 3225 661 3288 scienter
682 3225 844 3299 accedere,
869 3224 910 3284 sit
964 3226 1114 3288 dixerunt
1129 3225 1272 3307 quidam,
1285 3227 1369 3306 quod
1389 3244 1473 3300 non;
1492 3226 1546 3288 scd
1563 3226 1629 3288 hec
1645 3225 1714 3306 opi-

162 3333 327 3407 pcccatum
343 3324 489 3387 mortale.
498 3324 559 3385 Sed
575 3332 610 3384 ut
625 3323 721 3403 hujus
738 3322 783 3384 rei
794 3321 910 3384 veritas
966 3322 1155 3386 niovidetur
1171 3325 1321 3404 derogare
1337 3324 1712 3405 matrimonio,perquod

162 3423 277 3486 clarius
303 3423 494 3498 innotescat,
518 3422 672 3502 quaeritur
697 3420 801 3501 primo
826 3419 911 3483 circa
965 3422 1183 3485 daturmarito
1198 3422 1381 3484 omnimoda
1397 3431 1536 3504 potestas
1553 3422 1713 3505 incorpus

162 3521 324 3603 praedicta,
351 3539 392 3582 an
425 3519 518 3582 liccat
548 3518 675 3584 mulieri
706 3526 911 3581 menstruatae

164 3621 305 3684 debitum
337 3628 456 3700 petere.
484 3619 530 3681 Ad
559 3619 620 3682 boc
650 3618 787 3680 Thomas
816 3634 912 3698 super

163 3728 325 3801 quartum,
349 3716 556 3780 distinctione
579 3717 628 3792 32,
651 3717 822 3797 respondet
840 3733 847 3776 ε
864 3714 911 3776 ild

164 3817 331 3881 mulierem
354 3824 586 3878 menstruatam
607 3815 768 3891 accedere,
787 3814 820 3875 in
843 3813 913 3894 lege

165 3915 364 3998 prohibitum
390 3923 469 3990 erat,
495 3922 562 3975 turn
589 3922 719 3995 propter
742 3913 913 3974 immundi-

166 4015 251 4090 tiam,
270 4021 339 4075 tum
363 4021 494 4094 propter
519 4020 745 4074 nocumentum
768 4012 853 4092 quod
875 4030 912 4073 ex

166 4111 351 4193 hujusmodi
362 4110 590 4174 commixtione
601 4109 748 4191 provenit
759 4109 847 4190 proli
856 4110 914 4170 Un-

166 4310 255 4391 quasi
283 4327 411 4391 pannus
433 4315 649 4383 menstruatae,
673 4306 785 4370 scribit
806 4306 913 4379 Hiero

166 4428 281 4491 nymus
291 4425 298 4468 :
309 4407 397 4468 Tunc
412 4405 474 4468 viri
490 4404 607 4468 debent
623 4405 663 4466 ab
678 4404 830 4468 uxoribus
845 4405 915 4467 abs-

166 4509 280 4583 tinere,
306 4504 385 4586 quia
410 4512 485 4564 tunc
512 4502 737 4584 concipiuntur
761 4503 914 4565 membris

165 4603 321 4679 damnati,
348 4602 436 4678 caeci,
463 4602 580 4676 claudi,
607 4601 725 4682 leprosi
751 4609 782 4663 et
807 4601 915 4683 hujus-

165 4703 252 4766 modi
276 4720 283 4764 :
307 4709 342 4762 ut
364 4701 441 4782 quia
463 4708 611 4782 parentes
634 4718 698 4761 non
719 4699 916 4762 erubuerunt

166 4804 199 4864 in
215 4799 361 4864 conclavi
373 4798 704 4875 commisceri,eorum
720 4807 849 4880 peccata
864 4818 916 4879 pa-

166 4898 411 4973 centenariis,
437 4907 468 4959 et
493 4906 601 4979 aperte
627 4897 857 4976 redarguantur
882 4898 915 4959 in

166 4999 317 5083 parvulis
327 4999 444 5078 Sicque
455 4989 648 5078 praeceptum
665 5015 729 5058 non
745 4997 916 5060 accedendi

166 5102 205 5162 ad
222 5106 464 5172 menstruatam,
472 5095 534 5156 fuit
544 5095 766 5171 caerimoniam,
775 5094 807 5157 in
819 5115 917 5177 quan-

169 5209 236 5261 tum
257 5204 412 5259 statutum
436 5204 484 5257 est
503 5203 640 5275 propter.
653 5193 888 5256 immunditiam
907 5221 915 5271 3

168 5298 224 5361 scd
239 5295 348 5377 quoad
369 5294 465 5356 aliam
487 5293 553 5374 jam
575 5301 758 5374 praelectam
781 5312 846 5356 suaa
869 5293 918 5355 in-

967 3520 1121 3594 mulieris,
1138 3529 1293 3601 quantum
1313 3521 1352 3581 ad
1375 3520 1645 3583 matrimonialem
1661 3541 1712 3584 ac-

968 3627 1045 3680 tum.
1068 3619 1130 3681 Nec
1146 3627 1194 3681 cst
1216 3616 1321 3680 simile
1338 3619 1377 3680 de
1400 3616 1590 3681 infirmitate
1612 3619 1712 3700 prolis
1805 3635 1807 3640 ’

967 3725 999 3779 et
1011 3718 1153 3798 periculo
1165 3716 1285 3798 proprii
1297 3715 1543 3798 corporis:quia
1554 3716 1580 3777 si
1598 3717 1713 3779 mulier

968 3815 1163 3892 infirmatur,
1181 3814 1393 3876 certissimum
1417 3815 1564 3894 estquod
1587 3834 1625 3876 ex
1647 3833 1714 3877 car-

969 3915 1033 3976 nali
1056 3913 1171 3995 copula
1194 3912 1372 3994 periculum
1393 3911 1422 3974 ei
1446 3911 1629 3987 immineat;
1649 3932 1713 3976 non

969 4021 1075 4075 autem
1092 4013 1136 4073 ita
1158 4020 1205 4074 est
1221 4020 1341 4074 certum
1366 4012 1405 4072 dc
1428 4010 1527 4092 prole,
1546 4031 1616 4092 quae
1633 4011 1715 4074 forte

970 4111 1057 4173 nulla
1079 4120 1241 4191 sequetur.
1259 4109 1338 4172 Hinc
1360 4109 1417 4171 alii
1439 4109 1560 4186 dicunt,
1577 4111 1663 4191 quod
1687 4111 1714 4172 si

53 4239 69 4266 ι.
106 4241 124 4275 v,
137 4231 151 4268 ·.
166 4212 204 4274 de
218 4230 318 4293 super
329 4209 409 4271 illud
420 4207 641 4284 lsaiae,0mnes
652 4208 785 4288 justitiae
797 4217 913 4271 nostrae
928 4214 953 4276 D
970 4211 1019 4275 vir
1040 4218 1162 4291 quaerat
1184 4209 1328 4271 debitum
1349 4209 1389 4271 ab
1411 4227 1519 4285 uxore,
1537 4227 1632 4288 quarn
1656 4211 1716 4273 scit

970 4316 1210 4382 menstruatam,
1228 4306 1344 4369 mulier
1358 4306 1452 4369 debet
1471 4325 1543 4369 eum
1566 4308 1714 4389 precibus

970 4406 1163 4487 monitisque
1177 4413 1331 4480 avertere,
1350 4423 1412 4468 non
1430 4414 1535 4467 tomen
1551 4404 1608 4482 sic,
1626 4407 1712 4487 quod

970 4506 1011 4567 sit
1027 4505 1096 4567 viro
1118 4503 1243 4567 occasio
1263 4503 1427 4567 incidendi
1451 4503 1484 4564 in
1508 4504 1586 4566 alias
1609 4523 1714 4567 corru-

970 4605 1095 4686 ptiones
1118 4602 1327 4678 damnabiles,
1347 4601 1373 4663 si
1394 4603 1433 4664 ad
1454 4621 1506 4664 cas
1522 4602 1573 4665 vir
1595 4620 1715 4684 pronus

970 4721 1040 4765 esse
1055 4702 1212 4764 credatur.
1230 4701 1262 4763 Si
1278 4709 1384 4762 autem
1400 4701 1479 4781 petit
1495 4700 1649 4779 debitum,
1664 4719 1715 4763 ne

971 4802 1075 4863 sciens
1100 4801 1184 4881 quod
1211 4819 1289 4862 uxor
1318 4799 1360 4860 sit
1389 4807 1595 4875 menstruata,
1620 4800 1713 4862 debet

972 4899 1086 4962 mulier
1101 4898 1242 4980 aliquam
1257 4897 1457 4960 occasionem
1473 4897 1717 4979 praetendereet

973 4997 1194 5060 infirmitatem
1212 4995 1361 5058 simulare
1377 5015 1417 5058 nc
1434 4997 1553 5071 reddat,
1567 4996 1628 5058 nisi
1647 4996 1715 5060 viro

973 5097 1121 5159 timeatur
1145 5094 1332 5176 periculum.
1351 5094 1383 5156 Si
1407 5103 1510 5157 tamen
1528 5095 1577 5158 vir
1599 5115 1617 5156 a
1638 5095 1717 5176 peti-

973 5196 1060 5258 tionc
1089 5213 1154 5256 non
1185 5193 1322 5268 desistit,
1350 5193 1481 5254 reddere
1511 5193 1616 5255 debet.
1643 5193 1714 5256 Haec

974 5295 1122 5356 Thomas,
