4309 6259
583 507 758 554 nnnhnarto
779 507 809 553 Di
831 507 898 554 Catil.
923 506 953 552 tt'
975 505 1111 554 Llil'l'l'lCl.
1136 529 1175 540 -
1197 509 1266 557 Aur.
1291 513 1334 558 Xll

1671 497 1728 562 163

176 695 220 756 re,
230 686 364 742 excusat
380 679 518 743 totaliter
533 698 552 743 a
567 687 708 761 peceato.
721 717 761 726 -
774 680 821 742 Ad
837 699 930 762 quar·
945 681 970 742 Α
985 680 1151 744 veritatem
1174 683 1349 760 advertere,
1372 691 1529 766 quatenus
1551 695 1660 768 peccet
1681 707 1730 750 se-

177 785 244 840 tum
268 778 454 856 dicendum,
477 779 564 860 quod
584 778 764 858 ignorantia
789 799 859 861 quae
881 785 929 842 est
984 779 1092 842 curius
1110 800 1117 844 ε
1135 781 1248 844 etheo
1265 791 1395 845 voratur
1412 784 1590 864 ignorantia
1610 805 1726 849 crassa.

174 895 271 940 eausa
287 878 466 959 peccati,in
482 885 606 940 tantum
621 877 774 940 diminuit
789 878 925 959 culpam,

173 984 329 1057 quantum
346 976 454 1040 aufert
474 996 510 1039 ae
531 975 648 1038 minuit
669 977 708 1039 dc
730 976 852 1039 ratione
872 995 927 1040 vo·

172 1074 316 1138 luntarii.
341 1076 526 1158 ignorantia
546 1094 623 1140 vero
647 1075 767 1138 directe
790 1075 923 1152 intenta,

171 1183 338 1255 paccatum
368 1184 475 1258 auget,
502 1184 537 1238 ut
562 1177 639 1238 dum
664 1175 738 1257 quis
764 1193 827 1238 non
854 1174 922 1236 vult

982 878 1163 959 Ignorantia
1178 889 1282 943 autem
1300 881 1454 945 indirecte
1465 883 1651 962 voluntaria,
1662 904 1729 967 pec·

981 985 1087 1040 catum
1104 977 1318 1042 diminuitllo
1335 980 1393 1043 ista
1409 981 1540 1044 materia
1554 981 1586 1044 in
1597 983 1727 1047 Decreto

981 1075 1167 1158 plenissimo
1197 1078 1358 1156 scribitur,
1385 1081 1440 1142 sed
1472 1099 1528 1162 pro
1554 1100 1639 1144 nunc
1665 1082 1726 1146 ista

979 1172 1132 1238 sulficere
1147 1185 1292 1258 possunt.

726 1606 1052 1696 ARTICULUS
1090 1607 1177 1693 XII

507 1879 547 1924 DC
573 1880 701 1926 ttrsrtco
728 1880 861 1925 rJusoutt
887 1881 1025 1926 cartrutu
1051 1881 1164 1935 ounurt
1191 1881 1382 1928 lN'l'EhhllC'l'U.

231 2163 497 2232 OCUTUSQUE
515 2171 559 2222 eat
583 2163 743 2222 henaim
763 2179 775 2222 .·
796 2162 919 2222 Anima
936 2158 959 2220 B
975 2160 1159 2223 satisfacere
1188 2161 1322 2240 viribuS,
1350 2171 1405 2226 cut
1434 2163 1573 2246 propriis
1598 2161 1721 2230 meritis

239 2281 313 2340 quan
328 2263 507 2340 peccaverit
517 2281 578 2339 per
592 2261 827 2337 ignorantiam.
845 2259 919 2320 hni-

39 2375 153 2426 rnran.
170 2377 232 2435 ma,
251 2359 312 2423 hoc
327 2369 377 2423 est
395 2360 544 2423 animalis
564 2359 671 2435 homo,
688 2358 745 2439 qui
765 2377 828 2420 non
851 2377 920 2440 per·

169 2458 249 2541 cipit
264 2479 302 2522 ea
318 2470 388 2541 q‘uae
404 2459 460 2522 Ilei
475 2468 561 2537 sunt,
575 2458 628 2522 eui
643 2457 793 2523 videlieet
808 2458 918 2522 divina

168 2566 199 2618 et
214 2567 336 2622 aeterna
352 2578 416 2622 non
432 2559 572 2641 sapiunt,
590 2577 674 2641 sepe
693 2577 749 2640 per
769 2558 918 2639 ignoran-

168 2657 246 2720 tiam
263 2667 386 2739 peccat,
398 2657 551 2740 quoniam
567 2657 766 2740 spiritualem
783 2675 847 2719 non
863 2656 917 2719 ha-

39 2754 221 2826 1r2n.1.‚a.het
246 2757 427 2834 seientiam,
452 2776 511 2819 nec
529 2755 668 2836 gustavit
692 2774 788 2836 quam
813 2755 916 2818 dulcis

165 2863 215 2916 est
230 2855 387 2919 Dominus
404 2874 412 2918 τ
430 2855 503 2918 ideo
517 2856 558 2918 ad
578 2855 719 2918 earnalia
739 2863 770 2917 et
792 2863 916 2917 terrena

167 2953 281 3034 magis,
299 2973 395 3036 qnam
411 2955 451 3016 ad
467 2954 648 3036 spiritualia
667 2962 699 3016 et
718 2953 854 3030 iuterna,
871 2952 917 3015 ai-

167 3051 298 3130 lieitur3
315 3061 347 3116 et
363 3062 451 3116 extra
466 3072 501 3116 sa
515 3052 672 3129 tunditur,
690 3071 748 3116 nec
763 3053 916 3115 introver-

165 3171 220 3213 sus
236 3160 297 3214 est.

205 3249 246 3308 Si
269 3250 418 3308 sacerdos
438 3250 498 3328 qni
516 3258 560 3308 ert
581 3258 710 3316 unctus,
719 3248 914 3325 peccauerit,

974 2257 1072 2320 ileum
1095 2259 1157 2322 sihi
1181 2260 1398 2338 reconciliare,
1423 2261 1485 2324 nisi
1507 2264 1720 2344 pergratiam

973 2365 1005 2418 et
1025 2357 1175 2420 meritum
1197 2355 1313 2422 Christi
1337 2377 1344 2422 τ
1364 2361 1482 2423 idcirco
1505 2369 1537 2424 et
1558 2361 1718 2425 Christum

972 2456 1082 2535 ejusve
1098 2475 1213 2539 corpus
1229 2457 1550 2540 mundissimum,qui
1567 2467 1717 2541 tanquam

971 2553 1091 2616 vitulus
1102 2555 1135 2618 in
1148 2564 1262 2620 nostra
1277 2557 1505 2639 redemptionis
1521 2557 1716 2622 sacrificium

971 2661 1019 2715 ost
1035 2653 1171 2731 oblatus,
1182 2653 1322 2718 offerant
1337 2655 1428 2718 Patri.
1438 2656 1581 2719 Christus
1597 2657 1716 2740 quippo
1745 2680 1861 2732 travam,

970 2750 1095 2812 oblatus
1110 2760 1159 2814 est
1174 2771 1231 2834 pro
1247 2753 1384 2834 peccatis
1401 2754 1529 2831 nostris,
1538 2754 1644 2834 iustus
1659 2774 1717 2837 pro
1733 2749 1765 2787 ¹⁸·

971 2849 1110 2931 injustis,
1123 2860 1156 2913 ut
1173 2871 1231 2915 nos
1246 2851 1379 2915 offerret
1394 2853 1467 2916 Deo.
1480 2853 1569 2917 Unde
1584 2874 1641 2936 per
1657 2855 1718 2919 hoe

970 2951 1056 3030 quod
1067 2969 1140 3014 caro
1151 2950 1243 3013 vituli
1260 2969 1317 3032 pro
1333 2960 1461 3034 peccato
1473 2953 1645 3016 sacerdotis
1661 2973 1718 3016 seu

970 3049 1208 3111 communitatis
1224 3049 1334 3127 ohlati,
1346 3051 1434 3132 jussa
1451 3059 1498 3114 est
1513 3059 1600 3114 extra
1615 3059 1717 3114 eastra

970 3147 1126 3224 comburi,
1137 3147 1376 3230 praefiguratum
1388 3150 1525 3228 videtur,
1536 3150 1622 3232 quod
1632 3150 1718 3214 Chri-

970 3254 1037 3307 stus
1052 3255 1140 3308 extra
1155 3255 1279 3329 portam
1295 3267 1353 3330 pro
1369 3248 1462 3312 nobis
1478 3258 1525 3312 cst
1541 3247 1663 3331 passus,
1682 3257 1717 3311 ut

164 3349 355 3427 delinquere
382 3350 508 3427 faciens
530 3351 700 3425 poputum,
725 3349 832 3425 offeret
852 3367 914 3424 pro
931 3345 953 3408 C
970 3364 1140 3426 sequamur
1155 3347 1225 3427 ejus
1241 3348 1385 3427 vestigia.
1399 3349 1529 3430 Propter
1545 3350 1631 3430 quod
1643 3349 1717 3411 Pau-

160 3455 290 3522 peeeeto
304 3467 362 3506 aare
379 3448 520 3506 vitutum
536 3445 842 3508 irnrnnentntrnn.1u
860 3463 914 3507 no-

163 3562 203 3605 vo
213 3543 419 3608 Testamento
435 3564 498 3608 non
514 3545 573 3607 soli
589 3543 760 3619 antistites,
772 3544 828 3605 sed
845 3543 914 3605 uni·

164 3642 247 3705 rersi
271 3643 452 3706 sacerdotes
474 3651 549 3705 sunt
571 3643 670 3706 uncti.
696 3642 726 3704 Si
750 3641 857 3722 itaque
878 3641 912 3704 in

162 3741 261 3804 veteri
285 3743 488 3805 Testamento
513 3743 659 3804 sacerdos
684 3760 741 3823 per
767 3740 912 3822 ignoran-

164 3840 239 3902 tiam
256 3859 394 3922 peccans
409 3841 461 3904 vel
478 3841 587 3918 semel,
599 3839 764 3904 tenebatur
779 3858 837 3922 pro
853 3858 911 3902 suo

161 3948 292 4020 peccato
314 3940 450 4002 vitulum
473 3939 639 4002 immolare
657 3959 664 4003 ε
683 3939 760 4020 quid
779 3938 908 4014 dicturi,

161 4039 239 4118 quid
264 4039 367 4101 acturi
394 4039 428 4100 in
452 4038 562 4102 divino
584 4037 706 4120 judicio
730 4038 908 4100 sacerdotes

160 4145 192 4198 et
210 4137 321 4200 clerici
341 4137 534 4218 evangelicae
554 4137 644 4219 legis,
662 4137 718 4218 qui
735 4136 863 4219 publice
878 4143 908 4198 et

160 4218 299 4298 scieriter
321 4235 421 4318 impie
440 4242 680 4311 conversantur,
697 4234 752 4316 qui
774 4233 857 4314 gula
877 4241 909 4296 et

160 4333 293 4398 luxuriae
309 4343 435 4413 vacant,
451 4335 507 4417 qui
524 4333 683 4416 superbie
697 4342 752 4396 aut
767 4331 908 4396 avaritiae

158 4433 300 4508 student,
325 4433 381 4514 qui
407 4442 472 4495 tam
495 4432 669 4496 enormiter
694 4431 908 4495 scandalizant

969 3443 1019 3505 lus
1041 3443 1186 3507 hortatur
1203 3463 1210 3507 :
1228 3446 1383 3508 Exeamns
1404 3448 1443 3509 ad
1465 3466 1537 3510 cum
1558 3455 1645 3510 extra
1665 3467 1715 3510 ea·
1737 3465 1857 3519 mtrem,

968 3550 1043 3620 stra,
1062 3543 1291 3626 improperium
1313 3545 1382 3626 ejus
1403 3554 1585 3627 portantes3
1603 3555 1639 3608 ut
1655 3547 1714 3609 sei·
1730 3533 1761 3573 ¹³·

967 3641 1042 3703 licet
1066 3661 1085 3703 a
1110 3643 1260 3706 societate
1285 3644 1461 3706 carnalium
1486 3652 1518 3707 ot
1542 3646 1711 3726 pravorum

967 3758 1025 3801 nos
1041 3740 1249 3817 retrahentes,
1267 3761 1394 3804 carnem
1415 3751 1555 3806 nostram
1576 3761 1648 3804 eum
1665 3743 1711 3804 vi·
1748 3761 1825 3807 eatae.
1837 3777 1857 3813 ι,

966 3837 1019 3899 tiis
1040 3846 1072 3900 ot
1094 3839 1363 3921 concupiscentiis
1386 3840 1625 3921 crucifigamus,
1643 3860 1710 3904 om·
1725 3825 1759 3866 ²⁴·

966 3937 1708 4019 nemqucadversitatem,irrisionem,inJ'uriam

964 4036 1185 4116 equanimiter
1200 4035 1317 4100 Christi
1335 4037 1453 4099 intuitu
1468 4057 1505 4100 ae
1520 4057 1626 4102 amore
1644 4061 1709 4102 sus-

965 4134 1135 4198 tineamus
1171 4135 1238 4198 Non
1269 4137 1355 4198 enim
1385 4145 1432 4199 est
1462 4157 1573 4201 servus
1606 4138 1708 4220 maj0r
1731 4157 1842 4203 rounam

962 4233 1093 4296 domino
1109 4253 1177 4297 suo.
1188 4237 1277 4302 Quod
1290 4237 1320 4312 si
1334 4239 1438 4296 enanis
1454 4239 1547 4298 tande
1561 4240 1707 4316 filiorum
1724 4223 1756 4264 ¹⁸·

963 4335 1065 4393 Israel
1082 4335 1291 4410 r‘prroruverit,
1307 4321 1367 4397 hoe
1383 4343 1441 4412 est,
1456 4335 1483 4397 si
1499 4355 1708 4418 quecumque

963 4431 1073 4514 populi
1094 4431 1260 4494 christiani
1283 4434 1495 4496 communitas
1518 4444 1636 4516 peccet,
1659 4455 1709 4498 eo·

157 4532 314 4614 populum
340 4532 407 4609 Dei,
431 4541 464 4595 et
482 4533 567 4613 quod
591 4531 671 4594 alios
694 4531 820 4608 docent,
845 4529 906 4611 ipsi
922 4529 947 4591 D
963 4532 1034 4594 dem
1051 4532 1146 4596 modo
1162 4531 1346 4596 satisfacere
1361 4533 1424 4596 Deo
1440 4541 1572 4596 conetur
1586 4553 1623 4597 ae
1638 4553 1708 4616 pro-

158 4649 223 4692 non
248 4628 382 4706 laciunt,
400 4631 456 4693 sed
478 4629 649 4693 manifeste
671 4629 909 4709 transgrediun-

157 4732 230 4790 turt
244 4727 378 4809 Oquam
389 4729 534 4792 scelerati
546 4737 620 4791 sunt
632 4728 685 4790 isti
695 4732 702 4789 t
714 4727 796 4802 Quid
812 4727 909 4808 igitur

157 4836 256 4890 restat
282 4827 330 4890 cis
349 4829 520 4907 agendum,
538 4827 600 4889 nisi
616 4836 652 4890 ut
671 4826 812 4890 offerant
828 4826 908 4889 vitu·

158 4925 225 4988 lum
240 4927 317 5004 Deo,
335 4926 397 4990 hoc
413 4935 471 5003 est,
489 4926 652 5004 lascivam,
670 4927 800 5003 laedam,
812 4934 907 5006 atque

157 5025 349 5090 indomitam
379 5044 508 5089 carnem
538 5045 627 5087 suam
653 5025 784 5106 vigiliis,
812 5024 908 5086 absti-

156 5124 288 5200 nentiis,
302 5123 485 5204 disciplinis
499 5124 666 5203 castigent,
676 5122 909 5203 salubriterque

155 5221 477 5299 mortificent,donec
495 5229 658 5304 purgetur,
667 5228 698 5284 et
713 5220 830 5284 rationi
844 5239 909 5284 om-

158 5320 236 5385 nino
255 5320 436 5384 subdaturl
455 5319 515 5384 Sed
532 5321 608 5404 quia
627 5337 691 5384 nou
713 5319 820 5383 valent
843 5318 908 5381 suis

963 4639 1103 4712 peretot
1119 4650 1176 4713 pro
1191 4631 1353 4694 communi
1364 4630 1567 4713 evidentique
1578 4651 1707 4695 excessu

963 4729 1143 4790 communis
1158 4729 1346 4811 poeniteutia
1362 4729 1430 4792 liat.

996 4827 1098 4902 Porro,
1106 4830 1135 4887 si
1146 4846 1202 4909 por
1213 4827 1423 4906 ignorantiam
1431 4831 1610 4907 peruenerit
1616 4832 1707 4907 prin-

963 4947 1046 5003 ceps,
1063 4934 1150 4989 tanto
1167 4926 1338 4990 cordialius
1359 4935 1550 5005 conteratur,
1569 4936 1600 4991 et
1619 4937 1706 4991 tanto

963 5024 1189 5088 districtiorem
1200 5025 1421 5107 poenitcntiam
1434 5026 1536 5089 iacere
1548 5045 1611 5090 non
1623 5045 1707 5089 reeu-

964 5131 1021 5198 set‚
1038 5141 1102 5203 quo
1118 5122 1219 5203 maior
1241 5131 1272 5185 ct
1291 5123 1417 5202 gravior
1437 5131 1485 5186 cst
1504 5122 1706 5205 ejusiniqui-

965 5228 1022 5282 tas.
1040 5221 1169 5302 Nempe,
1192 5229 1226 5283 nt
1247 5221 1360 5284 asserit
1380 5221 1501 5299 Clossa,
1518 5220 1705 5302 gravissime

963 5327 1096 5404 peccant
1112 5317 1284 5401 principes,
1302 5338 1381 5401 quos
1397 5319 1583 5404 magnitudo
1599 5339 1705 5386 rerum
