4309 6259
580 522 754 571 mantano
777 523 807 569 rs
829 524 897 569 aar.
921 523 985 570 xxx
1006 523 1108 570 axoni.
1131 544 1171 555 -
1191 526 1262 571 nur.
1286 525 1335 571 ux
1686 508 1726 572 89

177 698 316 759 Dornt'uo
332 716 344 757 .·
361 696 392 759 id
408 704 468 773 est,
479 694 698 777 unusquisque
713 714 822 759 eorum
838 697 925 759 dabit
940 696 965 759 A
980 718 1041 758 suu
1061 701 1106 758 ud
1126 702 1317 761 fauentium.
1338 698 1471 761 Labium
1493 699 1564 777 hoc,
1587 698 1648 761 tuit
1671 719 1726 763 vas

178 804 297 859 certam
315 796 516 879 pecunialem
532 814 687 857 summam
709 813 766 877 pro
789 796 926 877 ereptio

178 914 217 959 ne
239 894 315 958 vitra
338 914 403 957 suaa
426 914 444 957 a
469 894 581 957 mortis
606 893 760 975 periculo,
784 896 870 976 quod
896 896 924 957 ci

177 994 372 1069 immineret,
400 993 463 1054 nisi
489 994 573 1055 istud
599 992 747 1075 impleret
772 1002 803 1055 et
832 1013 926 1076 pecu-

177 1094 263 1156 niam
289 1094 383 1155 istam
406 1092 540 1156 offerret
554 1092 616 1154 lico
638 1110 696 1174 pro
721 1092 836 1155 animae
861 1113 925 1156 suaa

176 1193 288 1256 salute.
306 1192 395 1267 Quod
412 1191 470 1255 fiet
484 1192 572 1273 juxta
588 1211 757 1255 numerum
773 1192 926 1255 Israelita-

177 1311 258 1369 rum,
276 1292 428 1355 videlicet
450 1298 745 1373 quantumcumque
768 1291 861 1353 multi
876 1312 926 1355 ex·

177 1390 327 1453 stiterint.
346 1394 387 1453 Et
410 1394 551 1451 uerterit
571 1394 673 1467 plaga
698 1392 806 1462 ineis,
824 1412 925 1470 quum

176 1492 303 1568 suert'ut
319 1492 478 1560 receruiti,
496 1488 527 1551 id
544 1497 592 1551 est
608 1490 777 1566 numerali,
796 1490 823 1550 si
841 1490 926 1550 istud

178 1590 386 1665 servaverint,
400 1588 463 1649 nisi
480 1587 562 1651 forte
578 1589 709 1651 aliunde
726 1589 845 1670 plagari
864 1608 926 1651 me-

177 1687 311 1751 ruerint.
337 1686 427 1749 Circa
452 1688 511 1750 hoc
542 1688 654 1751 scribit
683 1689 765 1751 Beda
792 1708 798 1751 :
826 1689 925 1770 Hujus

178 1787 330 1871 precepti
346 1785 464 1849 oblitus
486 1796 534 1849 est
549 1788 659 1864 David,
676 1789 805 1869 quando
827 1807 926 1870 popu-

981 816 1132 877 magnum
1148 797 1348 875 lavatorium,
1368 797 1539 862 formatum
1555 807 1591 861 ut
1605 799 1725 862 concha

980 895 1121 977 grandis
1139 897 1231 978 cujus
1247 897 1332 959 basis
1356 896 1418 959 fuit
1435 896 1554 959 fundus
1574 917 1630 961 scu
1653 916 1727 961 con-

980 996 1101 1058 cavitas
1116 995 1185 1077 ejus
1203 1013 1210 1057 :
1228 998 1313 1077 quod
1330 997 1423 1060 tertio
1441 995 1524 1059 libro
1539 998 1660 1078 Regum
1676 997 1725 1059 di-

980 1094 1063 1157 eitur
1079 1094 1172 1172 luter,
1189 1103 1221 1158 et
1241 1094 1336 1159 etiam
1359 1096 1483 1158 labrum
1505 1105 1647 1160 vocatur.
1663 1101 1727 1161 Po·
1747 1114 1873 1171 rusum,

980 1214 1095 1273 aesque
1106 1196 1192 1255 iilud
1202 1198 1286 1256 iuter
1298 1198 1539 1257 tabernaculum
1552 1198 1726 1258 testimonii
1739 1183 1772 1224 ³⁸·

979 1302 1009 1352 ct
1025 1297 1138 1353 altare.
1162 1293 1339 1356 Ponebatur
1361 1294 1447 1357 enirn
1464 1294 1497 1356 in
1521 1293 1602 1357 atrio
1623 1296 1727 1359 taber-

982 1392 1088 1453 naculi
1104 1392 1187 1454 inter
1202 1393 1319 1455 ostium
1336 1395 1405 1474 ejus
1421 1401 1453 1455 et
1468 1392 1567 1457 altare
1581 1394 1726 1459 holocau-

982 1499 1114 1553 storum.
1133 1496 1174 1553 Ει
1195 1495 1292 1553 mr‘ssa
1314 1515 1411 1573 uqzzu,
1428 1493 1488 1555 hoc
1510 1502 1568 1571 cst,
1589 1494 1622 1555 in
1644 1495 1728 1559 lara-

981 1591 1099 1654 torium
1125 1590 1210 1653 istud
1237 1589 1309 1653 fusa
1334 1595 1605 1672 munducabunt
1631 1597 1667 1655 iu
1691 1616 1728 1656 aa

980 1692 1093 1751 Aaron
1113 1700 1142 1749 ct
1160 1691 1227 1767 filii
1241 1692 1310 1766 ejus
1326 1708 1499 1772 corumque
1521 1692 1640 1773 posteri
1663 1715 1730 1753 auu-

981 1809 1043 1849 uus
1057 1810 1134 1849 serus
1149 1810 1187 1849 ac
1197 1793 1304 1866 pedes,
1317 1793 1445 1868 pacata-do
1460 1793 1639 1866 ingressuri
1653 1802 1728 1853 sunt

178 1887 244 1949 lum
268 1885 459 1963 numeravit,
478 1885 614 1968 ideoque
639 1886 765 1969 plagam
791 1886 853 1969 ipsi
874 1905 927 1969 po·
941 1880 967 1952 ’Β
983 1890 1226 1949 tabernaculum
1252 1890 1437 1948 testimonii.
1456 1888 1609 1952 Similiter
1630 1909 1730 1971 quan-

179 1988 255 2070 pulo
272 1988 468 2051 numerando
483 1988 677 2070 procurarit.
700 1987 926 2050 Verumtamen

179 2085 241 2149 fuit
257 2094 288 2149 et
304 2085 367 2149 alia
383 2105 477 2149 causa
493 2086 709 2168 percussionis
724 2094 756 2148 et
771 2087 872 2168 plaga
893 2086 927 2149 il·

180 2185 254 2262 lius,
273 2193 383 2268 utpote
399 2186 551 2267 quoniam
568 2204 605 2247 ex
621 2185 757 2265 quadam
779 2185 926 2247 elationis

179 2284 320 2347 vanitate
336 2284 522 2347 movebatur
542 2286 581 2346 ad
602 2284 713 2367 populi
735 2285 928 2348 numeratio-

180 2404 266 2446 nem.
281 2387 351 2445 Hoc
365 2394 472 2445 aretem
488 2384 573 2466 quod
590 2384 745 2465 sequitur,
759 2387 850 2446 cludit
865 2406 928 2445 oru-

179 2486 231 2543 ru's
247 2486 306 2564 qui
323 2485 440 2544 transit
455 2487 499 2544 ed
515 2504 697 2555 nrcrueruiu,
716 2482 775 2546 hoc
796 2492 854 2561 cst,
871 2484 926 2565 qui

180 2582 370 2646 vicesimum
396 2601 515 2644 annum
541 2582 682 2662 attigerit
709 2599 716 2643 :
741 2584 927 2643 Dimidium,

179 2685 252 2742 sicli
269 2682 375 2757 jactu
400 2701 583 2742 rucnsuram
610 2682 856 2758 retractantem
881 2684 929 2741 vi-

177 2782 266 2857 ginti
280 2782 382 2839 obolos
397 2782 498 2839 aaut.
509 2779 611 2842 Siclus
626 2799 690 2861 quo
708 2779 877 2842 utebantur
894 2780 928 2841 in

181 2878 311 2960 templo,
324 2875 461 2940 babebat
475 2878 525 2957 <ut
539 2878 693 2959 Joscphus
717 2880 836 2959 narrat)
852 2898 929 2959 qua-

181 2986 251 3040 tuor
267 2976 443 3051 drachmas
453 2984 485 3038 et
502 2976 652 3039 drachma
662 2977 845 3040 continebat
856 2976 929 3039 obu—

982 1987 1022 2049 do
1039 1994 1070 2049 ct
1085 1988 1287 2067 egredientur
1303 1987 1342 2048 ad
1364 1986 1529 2069 populum,
1548 1999 1578 2049 ct
1598 1994 1728 2069 qttaudc

981 2088 1140 2146 accessuri
1151 2096 1227 2146 sunt
1242 2090 1286 2146 ati
1300 2090 1403 2147 altare
1419 2086 1553 2163 incensi,
1566 2088 1651 2167 quod
1667 2087 1729 2149 luit

982 2184 1015 2246 in
1033 2183 1248 2247 tabernaculo.
1261 2185 1299 2245 lit
1313 2185 1373 2247 hoc
1390 2183 1462 2262 fuit,
1473 2185 1549 2247 dum
1566 2188 1728 2268 accepturi

981 2292 1072 2347 erant
1089 2302 1193 2346 sacras
1217 2290 1319 2345 vestes
1341 2285 1380 2346 ad
1403 2283 1650 2347 sacrificandum
1672 2304 1728 2349 seu

982 2382 1175 2445 adolendum
1202 2382 1380 2445 incensum.
1405 2384 1477 2447 ldco
1503 2383 1674 2446 subditur:
1693 2396 1729 2447 ut

982 2486 1119 2561 offla-aru
1143 2484 1180 2542 t‘u
1204 2502 1238 2541 co
1265 2485 1446 2560 thytrtiarua
1461 2486 1599 2544 Domino
1615 2505 1626 2544 :
1643 2484 1728 2565 quod

982 2580 1121 2661 agebant
1147 2579 1196 2641 bis
1220 2580 1364 2661 quolibet
1389 2580 1451 2656 die,
1476 2590 1510 2643 ut
1539 2582 1662 2664 patuit3
1689 2605 1730 2644 ae

982 2684 1064 2760 forte
1081 2681 1278 2751 moriuntur,
1297 2678 1404 2756 idest,
1423 2698 1463 2742 ne
1478 2689 1608 2762 propter
1628 2689 1730 2744 trans-

983 2777 1178 2857 gressionem
1204 2779 1300 2860 hujus
1321 2779 1484 2860 praecepti,
1508 2780 1615 2843 subito
1639 2782 1730 2863 puni-

983 2886 1076 2939 antur
1098 2896 1155 2959 per
1175 2886 1308 2939 mortem
1328 2896 1391 2940 non
1410 2878 1513 2940 solum
1532 2881 1730 2960 corporalem

983 2996 1019 3038 ac
1037 2976 1254 3059 temporalem,
1273 2978 1326 3038 scd
1347 2976 1442 3039 etiam
1463 2977 1727 3042 condemnentur.

182 3077 226 3140 los
251 3075 408 3157 quinque.
434 3074 505 3137 Fuit
530 3084 635 3138 autern
661 3085 692 3138 ct
716 3076 802 3139 aliud
827 3095 927 3157 genus
947 3076 1021 3143 Cb't
1041 3075 1179 3150 additur,
1196 3075 1300 3150 Forte,
1313 3074 1464 3155 quoniam
1482 3076 1514 3136 in
1531 3075 1585 3138 uei
1607 3075 1730 3139 liberri-

182 3174 262 3251 sicli,
281 3192 346 3256 quo
361 3173 533 3235 utebantur
548 3174 704 3255 vulgares.
724 3177 832 3237 bledla
848 3196 928 3253 pars

181 3276 253 3335 sicli
282 3278 433 3350 offeretur
457 3276 605 3334 Donu'rw.
637 3276 699 3343 Qut
729 3277 861 3335 hebetur
891 3278 928 3335 t'u

183 3392 316 3433 numero
343 3393 362 3432 a
389 3373 511 3449 viginti
535 3374 631 3433 aratris
656 3382 685 3432 ct
705 3393 816 3450 supra,
836 3375 928 3434 cludit

179 3472 335 3549 pretium.
358 3472 456 3531 Dives
480 3491 545 3531 raon
570 3474 665 3531 aiddu
687 3474 731 3531 cui
749 3474 927 3532 (lt'nu'diutn

85 3580 157 3624 ‘aaran
182 3572 264 3641 sicli,
285 3580 317 3630 et
341 3589 467 3647 qrcupcr
488 3590 552 3629 arou
572 3570 584 3593 *
612 3570 735 3630 rainaci
751 3590 762 3629 .·
783 3570 842 3634 h0c
866 3578 926 3647 cst,

182 3668 404 3750 unusquisque
420 3666 536 3730 offeret
552 3686 641 3748 reque
652 3668 788 3731 multum
804 3669 837 3731 in
852 3688 927 3730 casu

182 3767 255 3841 isto;
275 3786 317 3829 ne
332 3766 448 3829 divites
465 3766 659 3848 pauperibus
674 3786 707 3829 sc
728 3765 925 3849 praeferrent,

181 3874 273 3948 atque
295 3873 332 3932 ut
346 3884 385 3928 ex
401 3884 533 3928 numero
554 3863 761 3927 dimidiarum
778 3865 927 3928 siclorum

181 3966 314 4028 sciretur
331 3964 502 4027 multitudo
520 3962 660 4026 virorum
677 3973 924 4027 numeratorum.

180 4067 428 4142 Susccptatuquc
448 4064 623 4140 pecuniam
648 4084 719 4142 prate
743 4067 858 4123 collatu
884 4075 928 4125 cst

180 4184 197 4222 a
215 4164 299 4240 filiis
318 4165 435 4229 Israel,
458 4160 581 4223 scilicet
603 4180 758 4223 summam
786 4162 927 4243 pecuniae

983 3194 1035 3235 ma
1051 3182 1206 3256 potestate
1221 3182 1269 3237 est
1285 3192 1412 3256 poenam
1427 3174 1545 3256 justam
1567 3174 1728 3257 infligere,

984 3282 1015 3335 et
1036 3272 1285 3335 misericorditer
1310 3292 1450 3355 parcere,
1475 3273 1652 3355 indulgere,
1677 3283 1731 3336 aut

983 3371 1128 3434 differre.
1139 3375 1337 3449 Legitimum
1347 3376 1579 3451 setnpiteruuru
1588 3375 1651 3435 erit
1666 3376 1732 3453 ipsi

983 3483 1012 3532 et
1031 3474 1151 3531 scuthu'
1173 3473 1253 3550 ejus,
1272 3470 1331 3534 boc
1352 3479 1410 3548 est,
1429 3480 1623 3554 praeceptum
1646 3471 1731 3534 istud

984 3570 1045 3633 erit
1068 3570 1188 3651 jugiter
1212 3570 1445 3633 observandum
1466 3569 1569 3633 Aaron
1594 3580 1625 3633 ct
1651 3570 1731 3633 filiis

984 3670 1065 3751 ejus,
1083 3688 1258 3750 corumque
1278 3670 1414 3751 posteris
1431 3691 1492 3749 per
1510 3672 1728 3732 successiones.

1023 3768 1066 3829 Ex
1093 3768 1186 3830 dictis
1207 3768 1339 3830 eliciunt
1365 3768 1506 3849 quidam,
1525 3769 1609 3849 quod
1629 3788 1731 3831 sacer-

984 3868 1073 3929 dotes
1089 3866 1183 3928 nudis
1199 3866 1333 3948 pedibus
1356 3866 1615 3946 ingrediebantur
1637 3876 1668 3929 et
1683 3886 1732 3930 ox-

984 3967 1073 4028 ibant
1090 3965 1339 4027 tabernaculum.
1356 3966 1412 4027 Per
1437 3965 1631 4028 oblationem
1655 3985 1730 4030 roro

984 4065 1211 4147 thymiamatis,
1229 4064 1360 4146 quidam
1381 4063 1566 4144 intelligunt
1586 4064 1638 4126 hic
1659 4065 1731 4127 thu-

983 4162 1298 4244 dilectionemque
1318 4162 1380 4225 fuit
1402 4163 1633 4227 consummatio
1649 4183 1731 4245 quaa

181 4260 318 4323 oblatam
345 4258 385 4320 ab
409 4257 548 4321 Hebraeis
576 4259 752 4337 recensitis,
772 4264 876 4321 trudes
893 4263 924 4320 fu
943 4265 1055 4332 Ddam
1072 4262 1224 4325 sacrificii
1241 4262 1417 4325 immolati:
1435 4281 1509 4324 nam
1526 4262 1587 4324 fuit
1602 4262 1729 4343 signum

181 4380 253 4420 crates
271 4360 474 4420 tabernaculi
490 4359 676 4429 testimonii,
690 4358 748 4421 huc
765 4366 812 4422 cst
829 4379 928 4423 sacor-

181 4458 306 4521 dotibus
334 4460 367 4521 et
391 4456 549 4519 ministris
574 4457 687 4538 templi
712 4477 766 4520 sou
785 4458 928 4522 taberna-

183 4556 254 4635 culi,
279 4575 338 4639 pro
360 4554 510 4637 expensis
534 4554 722 4619 necessariis
747 4556 785 4619 ad
812 4557 928 4619 facien-

183 4656 254 4718 dum
286 4655 456 4738 praelatam
487 4655 681 4718 oblationem
712 4657 928 4738 propeccatis

183 4755 300 4838 populi,
315 4763 348 4817 ct
363 4754 591 4818 cremationem
608 4753 741 4817 incensi.
760 4754 836 4817 Nam
858 4774 928 4835 quaa

182 4873 236 4935 pro
265 4854 497 4917 communitate
523 4852 662 4930 fiebant,
690 4855 729 4917 de
754 4855 928 4916 communi-

184 4952 252 5014 tatis
269 4952 453 5034 sumptibus
474 4951 717 5015 exhibebantur.
745 4956 783 5015 Ut
802 4955 844 5013 sit
865 4974 929 5013 arro-

184 5061 373 5112 ruuncutunt
393 5071 504 5111 corum
519 5072 627 5111 ceram
647 5053 796 5123 Doctrina,
812 5062 841 5112 ct
857 5074 928 5130 prc-

181 5151 317 5225 pitietur
331 5152 503 5211 noirandus
517 5170 638 5211 carum.

223 5252 424 5327 Locrrmsquc
437 5259 483 5309 cst
497 5251 656 5310 Dominus
672 5252 715 5309 aa
731 5251 928 5327 ringstadi-

186 5366 252 5407 ccus
268 5365 279 5407 :
296 5348 408 5409 ,itacios
423 5358 452 5407 ct
475 5350 598 5408 labium
613 5369 738 5409 anteum
763 5370 836 5409 cum
862 5352 929 5411 lausi

982 4362 1163 4426 devotionis
1178 4361 1397 4424 offerentium.
1415 4361 1450 4421 ΕΙ
1468 4361 1551 4424 sicut
1575 4362 1730 4444 praehabi-

983 4470 1049 4524 tum
1067 4469 1126 4535 cst,
1144 4459 1304 4523 sacrificia
1324 4460 1379 4522 illa
1400 4479 1464 4523 uon
1487 4468 1577 4523 crant
1599 4461 1661 4523 [leo
1682 4480 1731 4523 ac·

983 4568 1086 4642 cepta,
1098 4559 1159 4621 nisi
1180 4579 1218 4621 ex
1233 4556 1441 4622 offerentium
1465 4557 1530 4622 fide
1546 4567 1577 4621 et
1592 4559 1730 4622 devotio-

984 4678 1034 4721 ne.
1052 4659 1182 4740 Propter
1208 4658 1292 4739 quod
1312 4658 1352 4720 ad
1372 4658 1518 4720 Hebraeos
1543 4658 1695 4721 asseritur
1719 4676 1726 4719 :

983 4758 1015 4819 ln
1039 4757 1138 4840 priori
1158 4757 1287 4839 quidem
1309 4756 1523 4835 tabernaculo,
1542 4757 1602 4821 hoc
1622 4767 1670 4821 est
1695 4757 1728 4820 in
1743 4770 1876 4822 natrano.

983 4856 1176 4919 anteriorem
1205 4856 1402 4919 tabernaculi
1432 4865 1571 4939 partem,
1603 4876 1729 4939 semper

984 4954 1161 5018 introibant
1185 4955 1376 5029 sacerdotes
1396 4955 1629 5018 sacrificiorum
1654 4956 1729 5019 olli·

984 5056 1033 5117 oia
1048 5061 1318 5117 consummantes.
1331 5054 1559 5136 Preterea,per
1577 5054 1729 5118 lotionem

984 5172 1137 5216 manuum
1153 5170 1190 5214 ac
1206 5152 1322 5233 pedum
1345 5151 1511 5233 pontilicis
1536 5160 1568 5215 et
1587 5154 1730 5217 sacerdo-

985 5261 1064 5329 tum,
1091 5250 1335 5333 significabatur
1361 5249 1544 5332 purificatio
1568 5250 1729 5314 actionum

984 5360 1014 5415 ct
1030 5350 1240 5414 affectionum
1257 5349 1395 5413 illorum.
