4309 6259
444 491 503 554 352

818 505 992 552 bunnuaria
1014 506 1045 551 ΙΝ
1066 502 1134 548 CAP.
1157 501 1188 546 vt
1208 501 1404 550 Nouenottuu.
1427 523 1467 534 -·
1487 506 1558 552 ΛΒΤ.
1582 505 1614 552 XI

442 688 473 742 et
490 679 643 756 servieus,
660 689 813 740 crescente
828 681 957 740 eoeserr'e
972 679 1089 756 capitis
1103 673 1185 750 rp'rrs.
1202 671 1228 733 h
1244 671 1298 736 lici
1314 685 1346 738 et
1365 680 1544 742 sacerdotes
1560 678 1797 742 idololatrarum
1816 679 1850 742 in
1870 679 1987 742 ritibus

441 778 503 840 Cur
525 786 620 860 caput
642 778 751 840 radere
774 776 1023 860 prohibebatur?
1039 775 1132 838 Forte
1153 783 1187 836 ut

441 895 569 940 omnem
587 876 786 954 exteriorem,
797 875 1077 954 adventiciumque
1094 892 1187 935 orna-

443 984 508 1037 tum
534 974 697 1056 abjiceret,
724 983 881 1055 quatenus
908 972 1051 1035 interiori
1077 971 1184 1034 decori

441 1074 541 1153 magis
566 1083 649 1136 esset
674 1073 843 1148 intentus3
871 1081 902 1135 et
927 1071 1002 1134 item
1029 1071 1182 1151 quoniam

440 1173 656 1236 sacerdotibus
671 1171 906 1234 assimilabatur
923 1171 955 1231 in
973 1169 1092 1232 multis.
1106 1168 1183 1230 Nam

305 1283 416 1336 lecca
440 1279 471 1334 et
494 1271 558 1333 illis
579 1271 639 1334 luit
661 1279 854 1353 praeceptum
874 1286 880 1331 :
898 1269 1013 1332 l'inum
1037 1276 1067 1330 et
1089 1286 1184 1330 omne

439 1371 525 1453 quod
543 1369 701 1432 inebriare
716 1377 830 1451 potest,
845 1387 908 1430 non
924 1367 1040 1430 bibetis
1056 1368 1184 1448 quando

440 1469 612 1548 ingressuri
633 1469 709 1532 estis
730 1467 955 1531 sanctuarium.
977 1465 1184 1540 Quemadmo

439 1571 515 1632 dum
532 1568 630 1650 igitur
655 1567 873 1631 sacerdotibus
896 1564 957 1628 luit
983 1563 1182 1647 prohibitum

290 1679 421 1732 ordene.
438 1668 471 1730 in
492 1667 643 1743 Levitico,
661 1668 771 1730 radere
789 1674 884 1748 caput
903 1673 957 1726 aut
977 1663 1120 1739 barbam,
1139 1662 1183 1724 ita

437 1777 468 1831 et
483 1767 635 1831 Nazaraeis
651 1785 736 1829 nunc
752 1765 948 1847 prohibetur.
964 1763 1065 1844 Atque
1082 1770 1116 1825 ut
1132 1781 1181 1825 su·

1242 774 1308 835 suis
1323 776 1368 849 uti
1383 787 1617 840 consueverunt
1638 778 1764 841 ossibus
1782 787 1814 842 et
1833 779 1985 841 carnibus

1242 882 1450 937 mortuorum.

1281 975 1344 1032 Sr'rt
1360 985 1468 1035 autent
1484 985 1628 1036 mortuas
1643 977 1745 1052 faerit
1755 978 1920 1056 quispiam
1935 999 1987 1038 sa·

1242 1071 1305 1129 tito
1327 1091 1435 1132 coram
1456 1078 1683 1152 repelleretur
1705 1085 1802 1152 caput
1825 1097 1986 1136 conmora-

1242 1171 1339 1229 tionis
1348 1173 1428 1247 ejas.
1437 1171 1570 1235 Pollutio
1587 1173 1653 1250 illa,
1667 1175 1842 1236 secundum
1852 1174 1985 1236 Guillel·

1239 1285 1327 1329 mum
1353 1267 1573 1348 Parisiensem‚
1594 1291 1658 1335 non
1686 1271 1745 1335 iuit
1768 1273 1984 1337 communiter

1238 1365 1343 1448 culpa,
1371 1369 1425 1431 sed
1450 1369 1667 1450 irregularitas
1692 1373 1848 1452 quaedam,
1876 1372 1909 1435 id
1934 1383 1983 1435 est

1240 1463 1431 1530 inidoncitas
1457 1467 1596 1531 intrandi
1622 1469 1786 1551 templum,
1808 1479 1840 1532 ct
1865 1471 1982 1533 edendi

1238 1563 1277 1626 de
1299 1563 1481 1628 immolatis.
1493 1566 1617 1630 Poterat
1637 1577 1742 1630 tamen
1763 1568 1900 1650 pollutio
1921 1570 1982 1631 ista

1239 1660 1270 1723 in
1283 1663 1426 1728 Nazaraeo
1442 1684 1511 1728 esso
1527 1676 1702 1748 peccatum,
1717 1667 1743 1728 si
1760 1686 1823 1730 non
1839 1677 1983 1731 curasset

1236 1761 1336 1826 vitare
1361 1765 1562 1845 praesentiam
1583 1765 1711 1828 mortui.
1728 1765 1760 1828 Si
1784 1776 1891 1829 autem
1916 1775 1981 1829 tam

438 1886 494 1948 per
509 1865 684 1930 Leviticum
705 1863 830 1947 scripsi,
848 1882 912 1925 una
929 1862 1043 1925 horum
1059 1860 1181 1924 exstitit
1197 1859 1219 1920 B
1236 1859 1399 1943 inopinate
1417 1863 1585 1926 accidisset
1599 1883 1684 1927 mors
1700 1864 1838 1946 alicujus
1852 1864 1882 1928 ci
1902 1885 1980 1948 praa

436 1966 517 2028 ratio
543 1983 550 2028 :
578 1965 653 2046 quia
680 1962 865 2045 hujusmodi
896 1979 1039 2042 personae
1069 1959 1180 2023 divino

436 2063 535 2127 cultui
555 2063 735 2146 specialiter
755 2059 954 2143 mancipatae,
967 2059 1126 2122 debebant
1139 2059 1180 2122 ab

436 2163 613 2227 idololatris
628 2181 692 2244 prce
707 2161 822 2224 ceteris
838 2157 981 2222 differre.
996 2158 1179 2221 Sacerdotes

422 2265 539 2326 'autem
551 2261 710 2324 idolorum
722 2267 817 2341 caput
826 2267 859 2322 ct
867 2256 997 2320 barbam
1014 2257 1177 2332 radebant,

436 2361 519 2424 sieut
541 2361 572 2422 in
594 2359 713 2423 Baruch
735 2366 880 2421 narratur
896 2375 904 2420 ε
922 2355 1108 2419 Sacerdotes
1129 2374 1178 2419 ec

435 2481 505 2523 rum
531 2461 651 2536 sedent,
678 2457 832 2520 habentes
861 2463 1012 2537 caputet
1042 2454 1175 2518 barbam

435 2579 548 2622 rasam.

475 2659 572 2720 Omni
588 2666 724 2733 ternpore
738 2655 984 2716 consecrationis
998 2673 1178 2730 sttrusapcr

434 2768 599 2817 mortuam
614 2776 678 2815 rtort
700 2754 912 2831 inprcdr'etar,
929 2773 986 2811 aec
1005 2772 1102 2828 saper
1120 2772 1178 2828 pa-

434 2858 493 2916 tris
508 2857 638 2935 quictem
657 2863 686 2914 ct
706 2854 832 2921 aratris,
849 2852 979 2927 fratria,
998 2852 1177 2929 sororisque

432 2956 548 3031 fauere
562 2952 849 3026 contaminabitur,
863 2949 894 3010 id
910 2957 968 3024 est,
987 2947 1107 3010 nullius
1124 2948 1177 3010 ho

1235 1961 1345 2039 sentis,
1368 1962 1453 2042 quod
1476 1981 1540 2025 non
1563 1963 1719 2044 potuisset
1738 1983 1773 2026 se
1788 1965 1979 2048 tempestive

1235 2059 1432 2137 subtrahere,
1460 2080 1524 2124 non
1547 2061 1661 2125 luisset
1685 2062 1714 2125 ei
1739 2061 1912 2144 culpabile.
1937 2063 1976 2126 Et

1236 2160 1321 2242 quod
1336 2160 1392 2235 ait,
1413 2160 1525 2223 Coram
1541 2178 1590 2238 eo,
1612 2169 1717 2243 potest
1731 2161 1858 2244 exponi,
1877 2163 1911 2225 in
1927 2181 1979 2226 eo·

1236 2259 1308 2320 dem
1325 2259 1394 2323 loco
1408 2268 1463 2322 aut
1482 2259 1587 2322 domo.
1609 2260 1643 2321 ln
1659 2260 1854 2325 Scholastica
1869 2271 1977 2326 autem

1233 2357 1367 2422 historia
1388 2358 1504 2422 dieitur
1526 2375 1534 2420 :
1554 2359 1646 2421 Forte
1668 2377 1732 2422 uon
1755 2379 1813 2442 pro
1829 2361 1975 2441 quolibet

1234 2466 1369 2536 mortuo,
1386 2459 1442 2520 sed
1464 2475 1521 2541 pro
1538 2457 1643 2521 occiso
1664 2476 1769 2521 eoram
1790 2477 1839 2536 eo,
1856 2460 1978 2542 pollue-

1233 2555 1335 2618 batur.
1352 2557 1578 2620 Verumtamen
1602 2557 1701 2619 tcxtui
1723 2557 1825 2638 magis
1846 2577 1978 2623 concor-

1232 2657 1307 2718 dare
1322 2665 1480 2732 censetur,
1494 2656 1578 2736 quod
1595 2674 1652 2737 pro
1672 2656 1816 2737 quolibet
1835 2668 1974 2736 mortuo,

1232 2753 1407 2836 prasertim
1430 2754 1581 2836 quoniam
1601 2753 1744 2816 omnium
1769 2755 1882 2818 horum
1909 2777 1976 2839 my-

1232 2853 1311 2916 stica
1335 2852 1545 2934 figuralisque
1574 2852 1654 2914 ratio
1685 2851 1756 2914 luit.
1789 2854 1977 2936 Spccialiter

1231 2971 1359 3034 quoque
1374 2951 1599 3028 ait,Polluetur
1614 2960 1708 3034 caput
1723 2956 1974 3019 consecrationis

433 3071 503 3113 rum
519 3049 717 3114 defunctioni
736 3047 889 3124 intererit,
909 3066 966 3109 nce
987 3047 1025 3108 ad
1042 3065 1095 3109 eos
1111 3046 1211 3127 jamC
1231 3052 1311 3132 ejus,
1324 3050 1400 3132 quia
1422 3049 1455 3112 in
1476 3049 1589 3131 capitis
1609 3049 1778 3114 erinitioue
1798 3053 1900 3134 magis
1919 3074 1976 3136 ap

431 3151 599 3214 defunctos
625 3147 767 3225 intrabit,
787 3165 890 3227 neque
915 3145 1068 3228 sepelict;
1096 3151 1175 3226 quia

431 3251 624 3310 consecratio
633 3249 695 3309 Dce'
708 3247 761 3306 sui
775 3266 871 3323 saper
885 3255 982 3322 caput
992 3247 1061 3322 ejas
1076 3246 1174 3315 estid

431 3357 489 3426 cst,
508 3347 660 3428 incapite
683 3345 752 3426 ejus
774 3351 906 3425 apparet
928 3362 992 3405 suec
1012 3362 1175 3407 consecra-

431 3447 527 3511 tionis
552 3444 718 3520 indicium‚
746 3443 868 3505 scilieet
890 3440 1078 3524 capillatura
1109 3462 1173 3506 non

430 3566 510 3609 rasa.
523 3545 591 3621 Vel,
609 3542 685 3624 quia
705 3542 737 3604 in
758 3543 853 3604 corde
873 3540 974 3622 ipsius
990 3549 1038 3604 est
1054 3542 1175 3623 specia-

429 3646 469 3708 lis
483 3643 612 3708 devotio
626 3649 658 3704 et
673 3639 899 3722 contemplatio
922 3639 1094 3720 llei,'quam
1112 3659 1171 3704 nec

428 3745 661 3823 interrumpere
688 3758 790 3820 neque
812 3737 971 3800 dimittere
996 3738 1089 3801 debet
1115 3759 1171 3821 per

427 3841 679 3925 occupationem,
702 3837 1019 3920 compassionemquc
1039 3857 1172 3900 sensua-

428 3944 501 4018 lem,
519 3949 573 4003 aut
592 3937 831 4001 distractionem
853 3935 937 3998 cirea
959 3935 1168 4018 propinquos,

426 4039 572 4124 quamvis
588 4039 670 4100 inter
686 4055 782 4117 opera
797 4034 1023 4098 misericordie
1039 4053 1171 4118 compu-

426 4150 510 4203 tetur
531 4135 741 4200 morientibus
766 4134 947 4196 ministrare
970 4141 1001 4195 ct
1026 4141 1169 4197 mortuos

1231 3149 1361 3231 parebat
1377 3148 1574 3212 consecratio
1586 3148 1651 3210 illa.
1672 3153 1763 3218 Quod
1777 3155 1870 3212 radet
1885 3155 1974 3214 illico

1230 3252 1267 3308 ia
1276 3252 1388 3309 cadem
1397 3249 1665 3324 diepuraatt‘onis
1678 3249 1796 3319 sucedd
1807 3253 1975 3326 eshcrines

1230 3365 1304 3410 suos
1324 3366 1397 3410 mox
1419 3346 1471 3408 die
1491 3364 1555 3426 quo
1575 3345 1619 3408 ita
1640 3344 1780 3427 pollutus
1800 3357 1859 3426 est,
1878 3349 1973 3414 saciet

1229 3446 1338 3509 abradi
1356 3464 1363 3508 :
1380 3464 1444 3528 quo
1464 3445 1516 3507 die
1536 3444 1665 3525 purgari
1688 3445 1820 3528 incipiet
1843 3468 1900 3530 per
1920 3453 1974 3514 ad·

1229 3545 1425 3626 spersiouem
1450 3562 1540 3624 aquae
1565 3543 1781 3618 lustrationis;
1807 3556 1837 3606 et
1858 3569 1973 3611 rursus

1227 3646 1362 3721 septima
1378 3643 1430 3704 die
1443 3643 1649 3723 adspergetur
1664 3642 1847 3723 hujusmodi
1864 3666 1970 3728 aqua:

1227 3743 1336 3823 sicque
1354 3742 1386 3804 in
1406 3743 1426 3821 †
1446 3741 1549 3823 prima
1566 3741 1618 3804 die
1634 3761 1698 3823 qua
1713 3761 1822 3805 rursus
1839 3743 1915 3808 iecit
1935 3767 1971 3811 se

1228 3841 1307 3918 radi,
1326 3840 1445 3923 incepit
1460 3841 1499 3902 de
1515 3857 1597 3902 novo
1607 3839 1809 3904 observantia
1823 3863 1887 3906 suar
1897 3863 1971 3909 coo·

1227 3939 1423 4015 secretionis,
1436 3937 1512 4019 quia
1527 3937 1594 4001 dies
1609 3938 1760 4019 preteriti
1776 3951 1904 4023 propter
1919 3963 1970 4006 su·

1226 4037 1462 4120 pervenientem
1485 4036 1694 4118 pollutionem
1715 4048 1805 4101 erant
1825 4060 1882 4123 pro
1903 4061 1969 4105 non

1226 4136 1328 4198 lactis

426 4237 572 4321 sepelire.
597 4234 656 4297 Sed
681 4232 847 4296 altioribus
872 4231 1030 4313 deputati,
1056 4231 1209 4299 altiorall
1265 4238 1306 4296 In
1331 4245 1440 4295 octavo
1464 4244 1572 4296 autem
1594 4237 1648 4295 die
1672 4240 1780 4313 efferet
1803 4236 1969 4302 Nazaraeos

425 4335 575 4419 prose-qui
591 4333 719 4396 debent.
736 4331 878 4412 Denique
897 4331 1032 4394 Nazaraei
1054 4331 1087 4392 in
1108 4331 1169 4394 isto

424 4433 682 4518 assimilabantur
692 4429 852 4514 pontifici,
869 4429 936 4510 qui,
954 4429 1034 4493 sieut
1046 4437 1077 4491 et
1093 4430 1166 4512 ipsi,

423 4533 540 4615 jugiter
550 4531 661 4596 debuit
675 4549 744 4594 esse
760 4537 887 4612 paratus
903 4529 942 4590 ad
959 4537 1047 4591 aetus
1064 4529 1168 4610 ponti·

425 4631 492 4696 licii
515 4631 576 4695 sui,
593 4630 682 4692 Unde
703 4629 738 4691 iu
752 4627 892 4691 Levitico
911 4626 1047 4706 jusserat
1063 4628 1168 4690 Domi-

424 4750 495 4810 nus,
520 4739 553 4794 ut
578 4730 723 4793 sacerdos
749 4746 812 4791 non
838 4726 1108 4790 contaminaretur
1134 4729 1167 4790 in

422 4830 577 4893 mortibus
600 4828 717 4890 civium
740 4845 881 4902 suorum,
900 4824 961 4887 nisi
990 4833 1112 4887 tantum
1133 4827 1165 4888 iu

422 4927 667 5009 consanguineis
693 4934 725 4988 et
749 4923 949 5007 propinquis,
977 4925 1033 5005 qui
1060 4926 1167 5006 expri-

421 5035 552 5089 muntur
567 5024 706 5098 ibidcm;
726 5023 868 5106 pontifex
888 5041 963 5086 vero
982 5023 1021 5085 ad
1038 5023 1164 5085 nullum

420 5134 581 5189 mortuum
596 5141 725 5206 prorsus
742 5121 1104 5202 ingredereturlussum
1117 5129 1166 5184 est

419 5225 496 5288 item
519 5223 602 5285 istud
621 5242 638 5284 a
654 5221 787 5286 Domino
810 5220 843 5282 in
866 5219 1053 5284 idololatriae
1077 5221 1164 5282 dete-

418 5321 587 5386 stationem
607 5338 614 5383 :
632 5321 718 5402 quia,
736 5329 770 5383 ut
785 5321 904 5384 dictum
925 5327 973 5382 est
989 5317 1045 5396 ibi,
1061 5319 1164 5382 male-

1224 4333 1278 4414 qui
1305 4333 1348 4394 ite
1378 4331 1519 4414 pollutus
1544 4341 1621 4408 erat,
1647 4336 1728 4393 ‹taos
1753 4344 1895 4395 tartarce
1918 4341 1970 4396 vel

1223 4435 1303 4492 decos
1321 4435 1429 4509 pullos
1450 4432 1671 4491 cola—rrrbarum
1689 4436 1874 4494 sacerdoti:
1890 4453 1969 4516 ptae-

1223 4530 1377 4592 seutando
1387 4537 1419 4591 et
1429 4528 1607 4591 exhibendo
1617 4528 1713 4591 alicui
1724 4531 1879 4594 sacerdoti
1891 4540 1967 4596 tunc

1222 4628 1416 4690 ministranti
1446 4627 1509 4688 tale
1533 4646 1590 4709 par
1614 4627 1719 4690 avium
1745 4627 1968 4693 immolaticia-

1223 4745 1308 4803 rum,
1335 4726 1375 4788 de
1404 4724 1522 4806 quibus
1552 4744 1647 4808 super
1675 4725 1849 4789 Leviticum
1880 4729 1967 4792 dicta

1222 4833 1296 4886 sunt
1310 4823 1402 4906 plura
1414 4847 1421 4898 3
1440 4825 1475 4884 ia
1487 4826 1625 4884 introitu
1634 4826 1765 4901 faederis
1776 4829 1938 4887 testimoni
1940 4831 1965 4900 ι’,

1221 4923 1254 4984 id
1274 4932 1322 4986 cst
1340 4923 1379 4985 ad
1395 4922 1512 4986 ostium
1532 4921 1616 4999 atrii,
1634 4941 1690 5004 per
1705 4925 1790 5005 quod
1805 4925 1845 4987 ad
1862 4925 1966 4988 taber-

1221 5020 1369 5084 naculum
1385 5020 1580 5096 intrabatur;
1599 5029 1631 5084 et
1649 5030 1723 5084 ante
1740 5023 1871 5102 januam
1887 5025 1964 5086 atrii

1219 5120 1434 5184 consideravit
1462 5121 1627 5197 sacerdos,
1657 5140 1697 5183 an
1726 5139 1801 5182 arcs
1832 5120 1965 5185 luerunt

1218 5227 1300 5301 aptat
1316 5219 1355 5282 ad
1372 5219 1613 5281 immolandum.
1632 5221 1801 5298 Facietquc
1815 5225 1964 5282 caradas

1218 5340 1323 5380 anam
1342 5339 1403 5396 pro
1424 5329 1564 5396 peccato,
1582 5317 1613 5379 id
1637 5326 1695 5394 cst,
1708 5337 1804 5380 unam
1829 5317 1963 5382 illarum
