4309 6259
432 493 491 557 tao
826 511 1000 559 mantnano
1020 512 1052 557 m
1072 512 1141 558 cnr.
1166 511 1207 556 vu
1228 511 1364 558 ocurrer.
1383 531 1423 542 -
1443 513 1514 559 aur.
1538 512 1601 560 xvn

432 682 488 744 sed
504 682 677 744 immundis
694 701 758 746 non
773 683 875 761 licuit,
884 684 952 746 sive
968 682 1105 745 luissent
1120 681 1177 743 im·
1190 680 1216 742 Α
1230 681 1365 762 gentiles
1385 683 1498 746 asserit
1512 684 1659 746 Thomas.
1671 682 1911 758 Verumtamen,
1932 699 1975 744 an

432 781 544 843 mundi
573 782 614 845 ab
644 782 830 858 intrinseco,
857 783 939 844 sicut
969 782 1115 864 leprosus
1145 789 1175 842 et
1231 782 1406 847 secundum
1430 782 1531 863 legem
1547 781 1660 864 Moysis
1683 780 1715 842 in
1738 779 1854 843 talibus
1876 779 1974 842 luerit

432 880 554 942 semine
576 879 693 957 fluens,
712 881 779 943 sive
800 880 841 943 ab
862 878 1051 955 extrinseco,
1068 887 1104 941 ut
1128 878 1175 940 illi
1225 899 1356 961 semper
1376 880 1471 942 etiam
1492 899 1577 943 mors
1593 880 1765 962 corporalis
1783 879 1972 960 infligenda,

431 977 486 1056 qui
513 978 684 1058 tangebant
706 979 881 1040 immunda.
899 979 978 1040 Hinc
1001 977 1148 1040 subditur
1166 997 1172 1040 :
1231 978 1345 1040 melius
1361 979 1442 1042 scire
1458 988 1590 1062 possunt
1600 979 1734 1042 Hebraei.
1745 978 1914 1061 Apostolus
1931 987 1974 1040 ta-

430 1077 689 1152 Ant‘mapolluta
704 1098 776 1155 quie
790 1079 892 1137 ederit
906 1079 1110 1137 decernibus
1124 1079 1176 1136 lto
1230 1096 1303 1140 men
1330 1077 1470 1159 loquitur
1494 1079 1534 1141 ad
1558 1079 1729 1141 Hebraeos:
1752 1078 1875 1139 lrrilam
1900 1075 1974 1159 quis
1989 1091 2108 1137 Helenae

429 1175 499 1234 stite
513 1176 740 1251 pacificorum,
753 1179 875 1253 peribit
892 1180 932 1236 dc
945 1177 1078 1254 populis
1092 1177 1172 1236 suis.
1230 1173 1352 1238 faciens
1368 1177 1470 1258 legem
1486 1177 1610 1258 MoysiS,
1632 1177 1752 1258 absque
1769 1175 1833 1238 ulla
1848 1185 1975 1239 contra-

429 1273 473 1332 Et
496 1293 568 1351 que
594 1276 733 1350 tetiperit
757 1276 1007 1335 immunditiam
1032 1275 1175 1333 bominis
1230 1275 1369 1338 dictione
1393 1276 1517 1339 duobus
1542 1284 1596 1338 aut
1621 1276 1722 1338 tribus
1749 1274 1883 1338 testibus
1909 1293 1975 1336 mo

430 1375 480 1429 vel
491 1372 650 1448 jumenti,
668 1372 700 1434 id
716 1382 764 1435 est
779 1392 894 1455 corpus
911 1371 1173 1448 defunctum,vel
1230 1372 1336 1448 ritur;
1365 1374 1510 1454 quamvis
1533 1374 1592 1437 hoc
1622 1392 1686 1436 non
1713 1373 1755 1435 sit
1780 1373 1819 1434 de
1843 1372 1974 1454 quibus-

428 1469 551 1550 aliquid
567 1471 692 1549 borum,
710 1473 795 1553 quod
812 1473 987 1534 secundum
1004 1471 1107 1552 legem
1129 1490 1174 1532 re·
1229 1490 1364 1552 eumque
1380 1472 1459 1552 legis
1482 1471 1788 1553 transgressionibus
1810 1470 1975 1553 aequaliter

429 1567 599 1648 putabatur
623 1569 835 1645 immundum,
854 1569 1082 1651 maculansquc
1108 1577 1174 1632 tan·
1229 1569 1546 1650 intelligendumPer
1561 1571 1853 1652 hocquoquequed
1865 1569 1974 1632 Glossa

429 1674 567 1746 gentem,
578 1668 618 1730 de
632 1668 749 1749 quibus
764 1668 850 1731 inlra
866 1668 1011 1745 babetur,
1026 1671 1094 1728 sice
1108 1689 1174 1728 om·
1228 1666 1262 1729 al
1265 1667 1382 1747 firmat,
1397 1669 1492 1731 talem
1509 1688 1574 1732 non
1589 1688 1658 1732 esse
1674 1687 1779 1746 ovem,
1789 1669 1844 1730 sed
1860 1667 1971 1750 lupum

428 1767 482 1825 nis
503 1769 552 1826 rei
572 1788 644 1846 que
662 1771 807 1845 polluere
824 1778 938 1844 potest,
954 1778 984 1828 ct
1002 1768 1173 1828 comederit
1228 1785 1385 1848 rapacem,
1399 1768 1541 1829 insinuat
1556 1767 1641 1848 quod
1657 1776 1767 1849 peccet
1782 1765 1969 1844 mortaliter,

427 1867 468 1923 de
482 1866 707 1942 hujuscemodi
720 1868 885 1937 carnibus,
904 1868 1052 1928 interibit
1065 1871 1106 1926 de
1117 1886 1172 1943 po-
1189 1865 1212 1926 B
1227 1885 1325 1948 quum
1342 1875 1472 1948 propter
1486 1867 1611 1930 veniale
1627 1867 1790 1929 dumtaxat
1810 1883 1872 1928 non
1891 1865 1972 1927 desi-

423 1965 515 2039 palis
533 1965 602 2023 suis
618 1985 630 2023 .·
649 1963 801 2045 quoniam
828 1964 1068 2027 irreverentiam
1097 1963 1173 2026 iacit
1227 1972 1281 2026 nat
1295 1965 1367 2046 quis
1383 1983 1452 2027 csse
1468 1965 1596 2029 ovisEt
1610 1965 1756 2047 quamvis
1773 1964 1880 2046 aliqua
1897 1963 1970 2026 talia

428 2058 491 2122 [leo
507 2059 540 2121 in
556 2061 607 2121 his
622 2080 694 2143 quae
708 2060 813 2123 oblata
829 2068 904 2122 sunt
919 2060 960 2124 ei.
1226 2063 1290 2125 sint
1307 2062 1339 2124 in
1362 2081 1396 2126 sc
1418 2063 1511 2140 levia,
1530 2072 1635 2126 tamen
1658 2063 1691 2124 in
1707 2071 1862 2145 quantum
1879 2071 1970 2124 erant

475 2157 514 2218 At
539 2177 614 2221 vcro
638 2159 724 2239 quod
754 2159 874 2220 dictum
902 2167 960 2236 est,
987 2158 1107 2221 Peribit
1132 2158 1172 2219 dc
1225 2169 1335 2224 contra
1349 2170 1542 2244 preceptum
1558 2162 1699 2238 llei‚ncn
1716 2169 1806 2224 erant
1821 2169 1969 2244 reputan-

427 2255 546 2338 populo
561 2275 629 2335 suo,
647 2257 708 2333 vcl,
726 2257 871 2320 lntcribit
890 2259 930 2320 dc
946 2257 1074 2340 populis
1090 2257 1171 2333 suis,
1225 2260 1264 2321 da
1281 2260 1453 2336 levissima,
1475 2261 1539 2324 imo
1560 2279 1617 2324 nec
1634 2260 1728 2323 levia.

427 2355 573 2434 quidam,
599 2374 681 2437 quos
710 2356 854 2436 sequitur
883 2356 980 2438 Lyra,
1007 2363 1171 2436 exponunt
1266 2359 1466 2434 Locutusqee
1481 2366 1525 2416 est
1541 2358 1753 2416 Domieusod
1767 2356 1971 2432 Moyscmi-

426 2453 483 2530 sic,
493 2455 578 2534 quod
595 2454 666 2515 talis
683 2453 868 2516 immundus
885 2453 989 2516 lucrat
1004 2462 1106 2516 morte
1118 2473 1171 2536 pu·
1224 2473 1295 2513 cens
1311 2475 1321 2513 .·
1337 2457 1480 2532 Loquere
1493 2456 1575 2532 filiis
1591 2457 1693 2516 Israel
1703 2475 1714 2513 .·
1727 2456 1869 2531 Adipem
1885 2455 1970 2513 bovis

426 2552 574 2614 nicndus.
592 2553 707 2616 Contra
728 2554 815 2634 quod
826 2553 951 2625 ‚scribit
972 2552 1071 2614 Rabbi
1094 2552 1171 2614 Pau·
1223 2562 1253 2612 et
1268 2554 1335 2612 ovis
1350 2563 1379 2613 et
1394 2565 1500 2629 ccproe
1516 2572 1580 2613 noa
1595 2552 1910 2615 comedetis.Gertum
1921 2558 1970 2614 est

427 2650 477 2712 lus
494 2669 502 2714 :
519 2651 729 2713 Durissimum
752 2661 836 2714 esset
858 2652 975 2728 dicere,
992 2651 1078 2732 quod
1099 2669 1171 2732 pro
1224 2669 1261 2712 cx
1276 2650 1471 2732 praehabitis,
1489 2651 1574 2732 quod
1597 2651 1657 2713 ista
1680 2650 1740 2713 tria
1761 2649 1888 2714 lucrant
1902 2649 1970 2712 ani·

426 2757 496 2831 pter
517 2750 613 2812 talem
634 2750 862 2814 comestionem
883 2751 979 2813 homo
1000 2749 1171 2832 puniretur
1223 2748 1318 2811 malia
1342 2748 1559 2825 immolaticia,
1587 2758 1619 2812 et
1647 2750 1724 2812 item
1747 2749 1834 2831 quod
1857 2749 1969 2830 adipes

425 2857 545 2923 morte;
562 2849 617 2912 sed
639 2849 731 2928 aliter
752 2857 801 2912 est
822 2849 993 2912 dicendum
1011 2865 1019 2910 t
1037 2868 1111 2910 nam
1134 2849 1168 2909 in
1222 2846 1336 2911 borum
1361 2867 1431 2928 que
1457 2847 1715 2926 immolabantur,
1732 2867 1795 2912 non
1822 2855 1969 2929 poterant

424 2945 570 3010 hocloco
590 2947 645 3010 ubi
666 2947 793 3024 dicitur,
811 2947 939 3024 Peribit,
957 2953 1031 3022 cte,
1051 2947 1169 3009 intelli·
1223 2946 1347 3008 comedi
1368 2946 1408 3007 ab
1431 2946 1580 3009 llebraeis.
1599 2945 1659 3010 Sed
1681 2947 1720 3010 de
1736 2947 1830 3028 adipe
1852 2945 1966 3009 horum

424 3044 510 3127 gitur
525 3047 700 3109 secundum
715 3046 856 3109 Glossam
874 3054 1025 3122 nostram,
1044 3054 1078 3107 ut
1096 3045 1167 3108 talis
1184 3051 1207 3116 c
1225 3043 1319 3106 trium
1336 3062 1497 3127 pecorum,
1515 3046 1644 3126 quando
1661 3064 1724 3108 non
1735 3044 1965 3122 offerebantur,

426 3144 548 3207 dicatur
571 3146 665 3226 lupus
688 3164 794 3227 rapax,
813 3164 877 3208 non
902 3144 972 3208 ovis
994 3145 1061 3207 bei.
1078 3144 1168 3207 Unde
1224 3151 1327 3225 potest
1342 3143 1475 3224 quaestio
1491 3162 1571 3206 esse.
1584 3144 1701 3206 Tamen
1717 3143 1801 3206 circa
1813 3143 1968 3206 hoccom-

425 3243 458 3304 in
474 3243 718 3325 quampluribus
735 3242 824 3319 locis,
841 3242 896 3305 ubi
912 3243 1027 3305 similis
1044 3252 1169 3306 senten·
1222 3241 1364 3304 muniter
1378 3242 1505 3320 dicitur,
1523 3243 1608 3324 quod
1625 3261 1683 3305 nec
1704 3242 1816 3304 talium
1835 3241 1965 3323 adipum

425 3342 469 3403 tia
493 3341 633 3424 ponitur,
652 3343 828 3404 secundum
851 3340 996 3405 llcbraeos
1018 3341 1169 3422 intelligi·
1223 3357 1295 3402 esus
1317 3339 1408 3403 licuit
1424 3341 1481 3416 cis,
1500 3360 1599 3421 quum
1622 3341 1714 3405 tertio
1729 3340 1870 3422 capitulo
1892 3339 1967 3403 scri-

424 3446 486 3534 ωε,
498 3440 559 3520 talc
575 3448 738 3522 peceatum
755 3439 871 3503 divinae
886 3439 1002 3502 ultioni
1017 3441 1166 3522 relinqui,
1223 3445 1313 3520 ptum
1329 3439 1381 3515 sit,
1399 3439 1461 3502 Nec
1475 3439 1601 3520 adipem
1619 3457 1677 3502 nec
1695 3439 1884 3518 sanguinem
1900 3457 1967 3501 om·
1979 3449 2106 3501 aarum.

424 3540 598 3619 nonguod
630 3557 686 3619 per
712 3538 874 3600 hominem
905 3537 1033 3618 capitali
1064 3556 1167 3620 poenae
1223 3536 1300 3600 nino
1324 3537 1496 3600 comedetis
1515 3557 1521 3601 :
1540 3538 1604 3601 imo
1629 3556 1666 3600 cx
1690 3537 1750 3600 hoc
1772 3537 1874 3619 aliqui
1900 3536 1967 3618 opi·

423 3636 634 3717 adjudicetur.
652 3637 689 3699 Et
715 3637 775 3699 ista
799 3643 846 3699 cst
870 3637 1071 3700 communior
1098 3657 1169 3700 scn·
1223 3643 1350 3712 nentur,
1367 3636 1452 3716 quod
1473 3636 1593 3698 nullius
1613 3636 1772 3712 animalis,
1790 3636 1965 3698 secundum

425 3735 534 3798 tentia.
550 3736 627 3798 Nam
643 3745 674 3798 et
696 3737 735 3798 dc
756 3735 822 3814 illo,
841 3735 873 3796 in
896 3736 988 3817 cujus
1010 3737 1105 3798 domo
1121 3735 1170 3798 in·
1224 3734 1325 3814 legem
1341 3735 1560 3811 comestibilis,
1573 3735 1700 3818 adipem
1716 3743 1864 3817 poterant
1881 3753 1965 3796 man-

424 3834 587 3897 vcnirctur
607 3843 662 3897 aut
685 3844 852 3917 appareret
876 3843 1169 3915 quantumcumque
1223 3833 1349 3895 ducare.
1367 3834 1410 3896 De
1430 3834 1490 3896 hoc
1509 3833 1653 3915 Magister
1673 3835 1707 3896 in
1727 3833 1869 3896 historiis
1891 3833 1936 3895 ait
1957 3849 1963 3893 :

424 3933 585 3996 modicum
603 3932 750 3995 lcrmenti
768 3941 909 4014 tempore
925 3933 1077 4014 paschali,
1089 3941 1120 3994 ct
1135 3933 1168 3994 in
1223 3931 1284 3994 Nec
1301 3933 1428 4015 adipem
1444 3952 1501 3995 nec
1518 3933 1703 4012 sauguinem
1716 3932 1847 3997 omnino
1862 3950 1965 3995 come

424 4031 667 4112 quampluribus
682 4031 809 4094 casibus
824 4031 996 4094 levissimis
1013 4031 1087 4094 talia
1102 4051 1170 4094 ver·
1222 4030 1304 4094 detis
1331 4049 1338 4092 :
1365 4032 1450 4112 quod
1484 4031 1673 4111 intelligitur
1703 4028 1742 4094 de
1770 4030 1965 4094 animalibus

425 4129 465 4191 ba
487 4130 520 4191 in
538 4129 637 4193 veteri
660 4128 729 4209 lcge
752 4129 911 4208 leguntur,
929 4129 962 4190 in
984 4130 1102 4210 quibus
1125 4130 1170 4192 di·
1222 4129 1338 4192 oblatis
1354 4140 1386 4193 et
1399 4130 1588 4209 assignatis3
1615 4139 1719 4193 lamen
1735 4139 1864 4212 propter
1884 4129 1964 4192 illud

423 4229 603 4301 ,versimode
618 4227 739 4290 crimen
755 4227 890 4308 capitale
901 4235 948 4290 cst
964 4227 1169 4291 introducen-
1183 4227 1208 4290 D
1222 4227 1319 4291 ludaei
1335 4229 1376 4292 ab
1391 4229 1479 4292 omni
1494 4229 1588 4311 adipe
1603 4229 1817 4292 abstinebant.
1836 4228 1896 4292 Sed
1913 4247 1965 4292 ve

424 4328 512 4389 dum.
528 4326 599 4388 llaec
614 4325 715 4388 Rabbi
730 4325 854 4388 Paulus.
1223 4329 1289 4390 rius
1314 4327 1460 4405 dicimus,
1484 4328 1568 4408 quod
1588 4328 1740 4391 Dominus
1760 4327 1887 4409 adipem
1909 4327 1964 4409 qui

464 4426 554 4490 Circa
576 4425 643 4488 haee
668 4424 750 4502 dico,
774 4425 860 4505 quod
883 4443 940 4507 per
964 4426 1032 4489 haec
1057 4426 1164 4505 verba,
1222 4425 1334 4489 ollerri
1358 4427 1449 4502 solet,
1476 4425 1640 4508 probibuit
1665 4425 1767 4489 eisin
1790 4444 1857 4488 esu.
1883 4425 1962 4499 Quid

423 4524 541 4588 Peribit
555 4526 594 4587 dc
610 4523 728 4607 populo
744 4524 912 4600 suo,datur
926 4523 1166 4606 intelligiquod
1221 4543 1297 4606 crgo
1313 4523 1436 4588 iaciunt
1446 4526 1485 4587 de
1499 4525 1593 4606 adipe
1603 4524 1751 4588 animalis
1767 4524 1891 4601 mundi,
1901 4543 1964 4588 nou

424 4623 496 4686 talis
511 4629 621 4705 peccat
635 4622 821 4698 mortaliter,
839 4629 950 4702 contra
971 4632 1165 4704 preceptum
1221 4623 1331 4700 oblati,
1354 4641 1411 4686 nec
1428 4623 1600 4699 morticini,
1622 4641 1715 4686 neca
1736 4622 1838 4685 bestia
1853 4622 1966 4704 captil

422 4723 546 4803 agendo
567 4721 617 4785 vel
640 4721 827 4785 omittendo.
845 4719 904 4794 Qui
926 4729 1033 4782 autem
1055 4731 1166 4802 peccat
1221 4723 1313 4785 Forte
1337 4721 1511 4804 projiciunt
1535 4721 1583 4786 vel
1608 4723 1682 4784 dant
1708 4721 1897 4802 alienigenis
1922 4722 1961 4783 ad

423 4821 608 4896 mortaliter,
625 4829 763 4882 merctur
779 4828 913 4883 mortem
929 4828 1165 4902 aeternamque
1221 4821 1459 4883 edendum.Scd
1474 4821 1633 4902 quomodo
1650 4818 1773 4883 iaciunt
1788 4820 1848 4883 hoc
1864 4820 1891 4882 si
1908 4821 1964 4883 llo

422 4920 604 4982 asocictate
620 4919 792 4981 electorum
815 4918 864 4980 sui
880 4919 990 5000 populi
1012 4929 1165 5000 perpetue
1221 4919 1301 4982 mini
1326 4923 1401 4982 estl
1421 4919 1454 4981 id
1480 4927 1538 4996 est,
1565 4919 1592 4980 si
1617 4919 1714 5001 adeps
1740 4918 1864 4982 llomini
1894 4937 1963 4982 csse

422 5015 750 5100 separatur.0uiver0
765 5025 904 5079 merctur
918 5025 1069 5080 aeternam
1087 5037 1167 5081 mor·
1222 5018 1325 5082 debet.
1352 5019 1436 5079 lstud
1458 5017 1608 5100 opposuit
1631 5018 1839 5098 Augustinus.
1863 5018 1961 5081 ludaei

423 5125 498 5195 tem,
516 5123 656 5178 merctur
671 5115 767 5178 ctiam
788 5134 862 5179 mox
885 5115 953 5179 tolli
967 5135 987 5178 a
1003 5116 1067 5178 vita
1089 5136 1168 5198 praa·
1223 5125 1326 5180 tamen
1344 5136 1428 5179 nunc
1443 5117 1615 5180 comedunt
1629 5117 1756 5198 adipem
1772 5116 1883 5178 mundi
1899 5117 1965 5180 ani·

421 5215 515 5292 senti,
543 5234 600 5277 scu
624 5215 691 5277 vita
715 5215 834 5297 privari
859 5235 878 5277 a
901 5216 964 5278 Deo
990 5217 1166 5279 secundum
1220 5215 1325 5292 malis,
1352 5215 1436 5296 quod
1467 5214 1579 5278 ollcrri
1610 5233 1674 5277 non
1704 5214 1790 5294 licet,
1816 5215 1966 5278 videlicet

420 5315 559 5400 rigorem
578 5313 720 5395 justitia,
738 5322 832 5394 prout
852 5313 885 5375 in
907 5314 1038 5390 Summa
1056 5322 1167 5378 contra
1220 5333 1397 5392 cervorum,
1419 5314 1620 5377 damularum
1641 5321 1736 5395 atque
1756 5313 1962 5395 hujusmodi;
