4309 6259
398 490 457 553 tra
747 506 920 552 manuario
941 504 971 551 ru
993 506 1060 551 cnr.
1085 504 1146 550 xxv
1168 504 1365 550 uuumoauu.
1387 524 1427 552 ,-
1448 506 1519 550 aar.
1543 504 1592 550 xar

399 678 450 741 nis
464 686 609 741 carerent
624 676 760 753 deliciis,
777 676 860 739 sicut
875 684 907 739 ct
923 675 1084 751 Salomon,
1102 692 1142 737 ne
1157 673 1183 735 A
1198 673 1315 736 missis.
1334 675 1394 737 Sed
1411 682 1486 737 tunc
1501 675 1635 755 questio
1649 674 1761 751 oritur,
1778 693 1817 737 an
1837 675 1946 755 jussio

268 791 385 850 trinea,
400 796 472 839 suas
488 776 689 840 contristaret
704 776 846 839 delicias.
856 775 915 838 Sed
927 776 1087 855 quomodo
1099 774 1144 835 di·
1198 772 1260 835 ista
1274 774 1314 835 de
1329 774 1539 855 suspensione
1556 774 1738 856 principum
1755 772 1815 835 fuit
1831 774 1948 855 imple

254 858 305 905 ⁷¹⁸·
399 884 516 938 cuntur
531 875 583 937 hic
599 873 747 937 fornicati
763 894 834 939 eum
853 872 983 936 filiabus
998 871 1144 935 Moabita-
1200 880 1250 933 ta:
1269 872 1296 933 si
1316 873 1373 948 sie,
1390 892 1448 934 eur
1469 891 1532 936 non
1553 881 1601 934 est
1620 872 1798 953 scriptumt
1813 872 1840 933 si
1861 891 1943 944 uon,

296 982 300 990 “
400 993 483 1050 rum,
499 992 598 1055 quum
622 972 706 1036 infra
728 974 873 1055 legantur
898 990 1046 1054 peccasse
1070 990 1144 1033 cum
1200 970 1254 1033 ubi
1270 970 1452 1033 obedientia
1466 971 1602 1052 bloysisf

260 1090 385 1140 uuam,
402 1072 532 1135 filiabus
547 1069 1143 1155 MadianitarumtRespondetur,qued
1239 1066 1282 1127 lle
1306 1066 1367 1128 boe
1388 1065 1584 1145 Augustinus
1609 1065 1655 1128 sic
1679 1064 1810 1129 scribit:
1829 1066 1945 1128 llirum

255 1156 287 1196 ¹⁰·
400 1191 473 1235 cum
499 1171 641 1253 utrisque
667 1171 854 1251 transgressi
878 1169 1145 1233 suutUndebla-
1199 1165 1284 1245 quod
1300 1164 1462 1245 Scriptura
1478 1182 1542 1227 non
1558 1174 1676 1241 narrat,
1692 1184 1733 1226 au
1748 1164 1809 1228 hoc
1825 1164 1886 1226 fuit
1905 1183 1947 1226 ex

399 1271 497 1351 gister
514 1270 548 1331 in
564 1270 707 1334 historiis
727 1270 782 1347 ait,
800 1270 885 1351 quod
906 1269 945 1331 de
966 1267 1144 1330 bladianitis
1200 1270 1358 1345 precepto
1383 1261 1437 1324 llci
1463 1262 1642 1344 impletum,
1668 1263 1755 1344 qued
1781 1262 1945 1325 contemni

400 1368 517 1451 puellis
538 1368 642 1432 missae
663 1377 738 1431 sunt
758 1368 876 1451 plureS,
894 1376 926 1430 et
945 1368 984 1429 de
1000 1366 1144 1429 bloabitis
1200 1361 1342 1443 potuisse
1364 1379 1428 1424 uon
1448 1361 1553 1435 video,
1570 1370 1626 1423 aut
1646 1369 1862 1443 contemptum
1886 1361 1947 1421 im-

399 1466 577 1546 virginibus
609 1486 727 1549 paucae,
754 1468 829 1548 quia
860 1466 1045 1528 naturaliter
1071 1472 1146 1525 sunt
1200 1478 1285 1543 punc
1309 1458 1482 1523 contemni.
1510 1460 1541 1522 Si
1566 1468 1672 1523 autem
1697 1459 1815 1522 factum
1840 1469 1887 1522 cst
1913 1470 1947 1523 et

398 1566 570 1629 deformes,
585 1568 804 1645 Initiatusqtcc
819 1575 863 1626 cst
878 1569 981 1627 Israel
997 1567 1145 1641 Beelphe-
1201 1559 1343 1634 tacitum,
1356 1576 1412 1621 cur
1427 1577 1465 1621 ex
1480 1577 1518 1620 co
1533 1560 1620 1640 quod
1635 1559 1768 1621 Phineas
1785 1558 1947 1620 transfixit

394 1685 465 1742 per,
480 1663 513 1727 id
536 1672 594 1739 est,
612 1664 750 1746 populus
770 1662 864 1726 lsrael
884 1682 942 1744 pro
963 1670 1051 1743 parte
1071 1680 1146 1723 con·
1201 1655 1406 1733 fornicantes,
1420 1656 1582 1740 Scriptura
1597 1658 1676 1719 dicit
1691 1658 1858 1719 Dominum
1873 1678 1948 1721 csse

398 1770 539 1825 sacratus
554 1770 602 1825 est
618 1761 703 1824 idolo
718 1762 960 1823 Madianitarum
977 1761 1024 1823 sic
1042 1760 1143 1834 dicto,
1201 1755 1372 1836 placatum,
1386 1762 1418 1815 et
1433 1754 1556 1836 plagam
1574 1773 1725 1830 cessasse,
1738 1754 1828 1836 quasi
1843 1755 1950 1817 cruci-

398 1858 474 1940 quia
489 1858 640 1921 videlicet
662 1857 798 1941 populus
822 1857 877 1921 illc
902 1866 965 1919 tam
993 1856 1145 1939 proclivis
1164 1852 1276 1915 Bfixis
1298 1852 1444 1929 ducibus,
1462 1854 1544 1916 sicut
1566 1862 1759 1936 praeceperat
1781 1853 1945 1928 Dominus,

398 1957 437 2019 ad
454 1956 584 2034 scelera,
603 1975 636 2019 se
652 1956 758 2038 ipsum
774 1956 930 2038 applicuit
946 1955 1144 2019 venerationi
1202 1951 1378 2033 indignatio
1406 1952 1476 2032 ejus
1506 1970 1724 2034 perseverans,
1750 1952 1853 2014 adbuc
1881 1952 1948 2015 alio

399 2054 478 2119 idoli
493 2054 600 2135 hujus.
1201 2050 1296 2113 medo
1312 2048 1474 2111 videretur
1490 2050 1654 2132 placanda,
1664 2070 1763 2131 quum
1780 2059 1883 2113 tamen
1901 2050 1948 2112 di-

440 2156 482 2215 m
498 2156 603 2214 iratus
614 2155 785 2224 Dominae,
795 2154 843 2213 cir
858 2156 902 2213 ad
913 2156 1044 2229 Moysen
1054 2173 1065 2211 .·
1081 2155 1147 2214 Tot·
1202 2149 1299 2212 sisset
1315 2148 1394 2209 iram
1411 2168 1500 2210 suam
1517 2149 1557 2211 ab
1567 2149 1661 2212 lsrael
1677 2149 1879 2212 avertendam
1890 2150 1948 2210 du·

400 2257 428 2313 lc
453 2262 581 2313 cunctos
601 2253 768 2329 principes
790 2253 919 2329 popuii,
939 2260 969 2311 et
991 2254 1147 2328 suspende
1203 2248 1294 2311 cibus
1309 2246 1492 2311 crucifixist
1508 2248 1547 2308 Et
1561 2248 1589 2309 si
1605 2248 1665 2311 boc
1683 2248 1726 2309 ita
1746 2247 1863 2310 facturn
1883 2256 1945 2323 cst,

338 2370 342 2378 ·
399 2370 449 2410 eos
467 2360 579 2411 contra
599 2353 706 2420 solean,
724 2348 756 2411 id
776 2358 824 2412 est
847 2368 958 2411 versus
978 2348 1144 2425 orientem,
1201 2346 1279 2428 quid
1295 2364 1424 2409 necesse
1440 2345 1500 2407 fuit
1517 2354 1553 2409 ut
1561 2347 1695 2410 Phineas
1706 2348 1745 2409 ad
1757 2347 1946 2429 placandum

400 2448 451 2511 vel
468 2467 561 2511 mane
578 2447 645 2511 sole
659 2448 863 2524 ascendente,
876 2448 1094 2525 clienticulis,
1111 2456 1147 2505 ut
1201 2446 1382 2521 Dominum,
1401 2445 1596 2509 fornicantes
1617 2445 1839 2521 transfoderet,
1862 2446 1948 2508 Seri·

401 2556 569 2608 avertatur
580 2548 677 2624 furer
691 2566 779 2607 meus
794 2545 1031 2607 odlsrcel.lloc
1046 2543 1146 2625 aliqui
1203 2552 1359 2626 pluraque
1381 2544 1564 2626 perbiberet
1584 2545 1644 2607 boc
1664 2546 1758 2607 medo
1778 2544 1947 2607 Dominum

402 2645 448 2707 sic
472 2652 647 2726 exponunt,
671 2643 755 2724 quod
780 2644 943 2726 principes
967 2643 1048 2723 jussi
1073 2651 1148 2704 sunt
1202 2662 1272 2705 esse
1288 2642 1473 2724 placatum?
1489 2644 1609 2705 Deinde
1623 2643 1819 2723 Augustinus
1839 2642 1945 2719 solvit,

401 2742 705 2824 crucifigi,coquod
722 2743 944 2824 unusquisque
959 2760 1069 2805 eorum
1086 2741 1148 2823 ple
1202 2741 1338 2804 diceudo
1361 2758 1369 2802 :
1394 2742 1459 2804 Nisi
1486 2741 1568 2805 ferte
1594 2741 1819 2821 intelligamus,
1844 2761 1945 2823 quum

403 2842 475 2904 bem
492 2841 553 2903 sibi
570 2840 746 2922 subiectam
761 2860 781 2903 a
796 2840 1007 2904 fornicatione
1018 2840 1148 2902 illacar-
1203 2840 1282 2901 illud
1293 2841 1379 2921 quod
1395 2849 1589 2922 praeceperat
1598 2840 1750 2903 Dominus
1761 2841 1801 2901 de
1812 2839 1947 2902 ducibus

402 2940 468 3003 nali
483 2959 556 3002 cum
576 2939 704 3022 puellis,
722 2948 753 3002 et
775 2938 935 3021 spirituali
958 2958 1031 3001 cum
1054 2938 1148 3001 idolis
1203 2938 1446 3019 suspendendis,
1464 2938 1583 3020 Moyses
1603 2938 1736 3019 implere
1751 2938 1946 3019 disponeret,

401 3047 497 3120 atque
507 3036 792 3114 daemonibus,non
807 3046 1078 3120 compescuerunt
1088 3037 1147 3099 Sed
1164 3029 1186 3093 C
1205 3036 1343 3100 voluisse
1368 3036 1463 3099 etiam
1489 3037 1613 3119 lloysen
1639 3036 1814 3100 seeundum
1845 3036 1946 3115 legem

402 3138 479 3201 huic
494 3135 686 3219 expositioni
697 3136 824 3200 videtur
836 3136 966 3199 obviare
977 3136 1061 3217 quod
1078 3135 1150 3197 sub·
1204 3135 1318 3217 punire
1340 3134 1396 3197 illa
1418 3134 1551 3215 flagitia,
1570 3136 1613 3197 ita
1635 3144 1670 3197 ut
1689 3135 1813 3214 juberet
1834 3154 1948 3197 unum-

403 3235 509 3297 ditur:
525 3236 683 3313 Dicitque
694 3238 818 3313 Moyses
832 3236 1014 3313 adjudices
1025 3238 1127 3295 Israel
1137 3256 1149 3293 .·
1204 3252 1364 3315 quamque
1380 3234 1562 3296 interficere
1578 3234 1756 3316 proximum
1777 3254 1869 3295 suurn
1883 3233 1948 3295 diis

404 3334 535 3396 Occidet
560 3335 783 3412 unusquisque
803 3334 970 3412 proeirnos
993 3354 1065 3393 scos
1090 3336 1149 3413 qui
1205 3331 1319 3393 alienis
1334 3340 1567 3409 consecratum,
1583 3341 1616 3394 et
1636 3332 1719 3394 inter
1732 3332 1800 3395 baec
1816 3331 1949 3394 Pbinces

404 3431 533 3491 initiati
542 3440 617 3491 sunt
627 3430 958 3508 Beelphegor.ludices
970 3431 1056 3493 euim
1068 3431 1150 3513 prin·
1205 3430 1382 3513 perfoderit
1398 3430 1611 3494 fornicantes:
1625 3432 1735 3514 sicque
1752 3431 1797 3493 ira
1810 3431 1864 3492 llei
1880 3431 1950 3512 pla·

404 3528 492 3610 cipes
512 3536 612 3605 crant,
630 3536 662 3591 at
682 3546 865 3591 econverso.
884 3528 915 3590 Si
935 3547 1009 3608 crgo
1030 3530 1149 3611 Moyses
1204 3538 1285 3605 cata,
1298 3548 1362 3591 non
1380 3530 1479 3592 fuisse
1494 3550 1574 3612 opus
1589 3532 1686 3593 duces
1702 3530 1864 3612 suspendi.
1877 3530 1949 3593 llaec

404 3625 564 3689 commisit
592 3625 755 3706 judicibus
781 3625 926 3689 cecidere
953 3626 1147 3702 idololatras,
1204 3629 1412 3707 Augustinus.
1430 3631 1561 3711 lnsuper
1583 3630 1645 3692 dici
1669 3639 1784 3711 potest,
1800 3630 1883 3710 quod
1904 3631 1950 3691 di-

405 3724 466 3807 ipsi
484 3743 547 3788 nen
562 3732 653 3786 erant
667 3722 823 3803 affigcudi
842 3724 1147 3807 patibulolnsuper,
1205 3746 1317 3791 versus
1340 3728 1384 3790 ibi
1407 3727 1470 3789 fuit
1492 3728 1673 3810 principum
1690 3737 1721 3791 ct
1740 3729 1882 3809 judicum
1897 3748 1951 3791 or-

404 3824 431 3886 si
457 3843 514 3906 per
539 3822 780 3904 suspensionem
807 3822 989 3905 principum
1016 3822 1078 3885 fuit
1102 3824 1150 3886 ira
1205 3828 1257 3903 do,
1274 3827 1426 3908 quoniam
1452 3827 1552 3908 aliqui
1578 3836 1668 3890 erant
1694 3827 1824 3903 tribuni,
1847 3826 1949 3907 aliqui

405 3922 459 3984 Dei
475 3922 647 3985 avertenda
661 3940 680 3982 a
695 3921 825 4002 populo,
843 3920 920 4001 quid
937 3940 1066 3984 necesse
1088 3921 1149 3984 fuit
1204 3926 1418 4002 centuriones,
1428 3926 1558 4007 quidam
1573 3924 1838 4008 quinquagenarii
1852 3944 1859 3987 :
1875 3925 1950 3989 ideo

403 4020 516 4101 jubere
541 4018 740 4101 principibus
762 4027 797 4081 ut
822 4018 1003 4082 occiderent
1027 4028 1149 4083 eeteros
1205 4044 1267 4088 nou
1284 4034 1409 4107 oportet
1424 4044 1481 4107 per
1497 4025 1659 4107 principes
1674 4034 1707 4088 et
1720 4024 1843 4107 judices
1863 4026 1948 4087 sumi

404 4121 497 4181 reosl
513 4117 591 4180 Hinc
613 4116 743 4197 quidam
768 4136 825 4200 per
847 4117 1008 4199 principes
1032 4118 1149 4181 intelli·
1205 4126 1344 4188 eosdem.

402 4224 484 4296 gunt
498 4223 642 4278 auctores
657 4232 712 4277 sau
727 4214 920 4297 principales
932 4214 1067 4279 factores
1084 4217 1188 4281 idol)
1253 4223 1293 4281 nt
1317 4240 1384 4279 eece
1408 4240 1494 4279 teneas
1518 4223 1557 4279 de
1581 4222 1664 4298 filiis
1688 4223 1803 4288 Israel,
1826 4218 1951 4282 scilicet

404 4314 537 4377 lolatriae
556 4312 663 4393 hujus.
680 4312 788 4393 Aliqui
806 4331 879 4375 vero
896 4323 1059 4395 exponunt
1079 4315 1145 4379 sie:
1204 4318 1328 4380 Zambri
1350 4319 1414 4379 dux
1434 4327 1465 4380 et
1485 4318 1635 4399 princeps
1659 4318 1692 4380 in
1719 4318 1803 4381 tribu
1829 4318 1951 4381 Simee

404 4411 491 4475 'folle
502 4410 675 4493 principes,
686 4410 718 4473 id
729 4420 787 4487 est,
797 4410 905 4492 accipe
917 4430 971 4474 cos
983 4415 1147 4492 tecum,ad
1204 4416 1265 4492 nis,
1277 4420 1415 4477 intravit
1430 4437 1534 4477 cerem
1551 4418 1712 4494 fratribus
1725 4419 1794 4477 suis
1808 4420 1853 4477 cd
1866 4438 1951 4477 scor-

403 4508 646 4590 dijudicandum
669 4508 932 4591 puniendumque
953 4510 1146 4574 idololatras.
1204 4514 1327 4584 trrm,id
1344 4523 1392 4577 est
1407 4514 1642 4577 Madianitidem
1659 4516 1950 4596 meretricem,quae

404 4608 464 4671 Sed
481 4607 531 4669 his
546 4607 676 4670 obviare
692 4606 818 4669 videtur
839 4607 1002 4671 translatio
1019 4610 1150 4691 Septua—
1204 4611 1266 4673 fuit
1282 4612 1352 4675 filia
1368 4614 1427 4674 Sur
1448 4612 1640 4675 nobilissimi
1661 4614 1818 4696 principis
1837 4613 1951 4677 Madia-

403 4706 492 4787 giuta
508 4724 579 4788 quaa
595 4704 711 4768 babet:
728 4705 845 4787 Accipe
860 4706 956 4769 duces
977 4708 1099 4789 populi,
1118 4718 1148 4772 et
1205 4710 1353 4786 nitarum,
1371 4729 1443 4791 quae
1460 4719 1564 4773 tamen
1582 4729 1645 4775 non
1662 4712 1722 4773 fuit
1736 4721 1830 4775 antea
1848 4731 1952 4775 merc·

404 4812 529 4869 ostenta
545 4806 556 4829 *
572 4820 627 4866 eos
652 4802 784 4866 Domino
808 4812 919 4866 contra
945 4805 1069 4881 solem,
1092 4808 1148 4870 ubi
1205 4809 1277 4885 trix,
1295 4808 1349 4870 sed
1374 4809 1464 4889 virgo
1490 4809 1608 4890 puella,
1628 4819 1766 4873 attamen
1792 4810 1876 4873 facta
1898 4820 1950 4873 est

403 4902 518 4985 Aquila
534 4901 706 4978 transtulit,
721 4900 854 4982 Confige
869 4920 934 4965 eos.
948 4902 1027 4965 llinc
1043 4905 1149 4985 Orige-
1203 4906 1361 4983 meretrix,
1369 4908 1514 4969 coeundo
1530 4906 1652 4970 nefarie
1663 4928 1736 4970 cum
1752 4908 1897 4991 principe
1912 4910 1949 4971 il·

404 5020 460 5063 nes
486 5008 517 5062 et
538 5000 743 5079 Augustinus,
765 4999 885 5075 Glossa,
910 5002 1067 5083 multique
1091 5004 1146 5065 alii
1203 5005 1245 5080 lo,
1263 5005 1318 5086 qui
1333 5013 1440 5067 tamen
1464 5007 1638 5067 secundum
1660 5006 1831 5088 loscpbum
1857 5008 1950 5070 duxit

403 5099 547 5163 referunt
572 5116 698 5180 poenam
724 5098 817 5160 istam
842 5100 880 5160 ad
909 5100 1082 5183 principes,
1109 5123 1147 5165 co
1203 5122 1271 5165 cam
1289 5122 1429 5179 uxorem,
1447 5104 1502 5165 sed
1525 5122 1587 5165 rron
1609 5114 1676 5166 erat
1696 5124 1806 5166 rerum
1826 5124 1950 5168 connu-

401 5198 487 5281 quod
504 5197 658 5279 populum
674 5215 738 5259 uon
754 5197 987 5280 prohibuerunt
1004 5208 1057 5261 aut
1078 5221 1147 5265 cor·
1201 5201 1300 5277 bium,
1313 5202 1389 5281 quia
1405 5201 1473 5283 lege
1489 5202 1699 5283 prohibitum,
1713 5211 1745 5266 et
1761 5202 1823 5265 fuit
1837 5204 1947 5286 dispar

402 5294 664 5379 ripucrunt.Nam
676 5295 838 5376 principes
848 5296 980 5359 aderant
991 5298 1051 5360 sibi
1062 5318 1146 5363 com·
1201 5300 1323 5373 cultus3
1337 5302 1464 5361 vidente
1479 5304 1589 5378 aloyae
1602 5312 1632 5362 ct
1646 5304 1738 5363 omrai
1754 5304 1848 5362 turbe
1862 5304 1948 5379 filie
