4309 6259
452 479 512 542 683
742 497 915 544 mannito
937 497 967 542 ΙΝ
989 497 1057 542 GAl’·
1081 496 1176 544 XXXIV
1197 495 1432 543 beurandum.
1455 516 1494 525 -
1515 497 1587 542 aur.
1610 497 1707 544 XXXlX

320 683 436 736 inam.
451 666 735 744 exsilio,videbant
751 685 806 748 per
820 667 985 748 speculum
1002 666 1035 728 in
1051 666 1197 746 enigma·
1211 666 1236 729 t
1251 673 1316 729 mat
1339 675 1381 728 te.
1400 671 1441 729 Et
1462 668 1596 744 eladius
1614 668 1729 744 ptoiioe
1753 676 1827 736 tuoe,
1852 681 1894 726 ne
1916 662 1951 724 iu
1965 670 1999 724 te

306 748 338 788 ¹²·
451 774 492 842 te,
505 774 536 828 et
551 766 768 845 caligaverunt
782 765 865 828 oculi
883 783 992 829 eorum
1009 765 1139 840 interni,
1151 782 1197 827 ro
1251 763 1321 846 ipso
1337 764 1474 828 inaniter
1496 764 1653 846 glorieris,
1669 765 1725 826 sed
1741 763 1851 825 dicas:
1871 761 1941 824 Non
1962 760 1998 822 in
2012 777 2139 826 ramis.

451 883 485 927 re
500 865 609 945 gratias
625 863 746 946 perfusi
759 866 799 927 ad
814 863 964 926 intuitum
978 863 1059 927 Solis
1072 863 1193 939 aeterni,
1250 882 1325 925 arcu
1348 883 1419 926 meo
1444 863 1588 945 sperabo,
1614 872 1646 926 et
1669 863 1794 944 gladius
1814 879 1906 924 meus
1931 878 1997 924 non

452 963 592 1026 nondum
614 962 736 1025 lumine
752 962 862 1042 gloriae
878 961 1059 1026 confortati.
1075 967 1196 1024 Beatus
1250 962 1386 1027 salvabit
1400 982 1471 1037 me;
1489 963 1544 1025 sed
1560 963 1592 1025 iu
1604 963 1667 1026 lieo
1682 963 1820 1025 salutare
1835 980 1953 1036 meum,
1964 967 1997 1022 et
2010 975 2050 1018 m.
2060 980 2127 1022 mn.

449 1082 480 1121 es
496 1072 544 1132 tu,
559 1065 672 1124 Israel.
690 1061 739 1124 Nil
756 1061 843 1124 enim
860 1061 986 1124 felicius
1001 1061 1193 1136 Christiano,
1250 1062 1351 1143 gloria
1364 1081 1445 1139 mea,
1463 1063 1545 1124 lleus
1559 1061 1671 1124 auxilii
1693 1061 1755 1124 mei
1778 1069 1811 1123 et
1825 1079 1899 1142 spes
1925 1080 1997 1124 mea

449 1161 500 1222 oui
513 1162 640 1224 coeleste
657 1161 853 1243 promittitur
869 1179 1001 1241 regnum
1016 1177 1022 1221 :
1035 1167 1067 1222 et
1077 1160 1196 1242 specia-
1250 1162 1282 1222 in
1298 1162 1361 1224 lieo
1376 1169 1435 1223 est.
1454 1164 1623 1238 Nequeunt
1639 1171 1668 1221 te
1682 1162 1813 1221 inimici
1828 1163 1890 1231 tui,
1905 1160 1997 1240 iuxta

449 1259 522 1322 liter
538 1279 622 1323 nuno
642 1259 727 1322 beati
744 1259 776 1320 in
793 1277 860 1340 spe,
880 1259 935 1340 qui
953 1259 1049 1322 Deum
1066 1258 1195 1320 sinceri·
1248 1255 1329 1318 illud
1351 1253 1491 1318 Psalmi:
1515 1255 1603 1317 ldulti
1628 1254 1740 1318 dicunt
1762 1252 1879 1316 anima
1903 1273 1994 1326 men,
2018 1270 2121 1316 rant„

450 1366 497 1420 ter
520 1358 788 1441 contemplantur.
813 1361 949 1437 Popute,
972 1360 1031 1438 qui
1054 1359 1194 1418 salvaris
1248 1355 1315 1419 Non
1331 1362 1379 1418 est
1399 1355 1484 1417 salus
1510 1354 1559 1416 illi
1585 1354 1618 1415 in
1633 1354 1697 1417 lleo
1718 1353 1800 1433 ejus.
1817 1353 1994 1428 Postremo,

448 1459 482 1518 in
501 1460 648 1530 Domino,
667 1457 773 1533 idest,
790 1456 900 1519 divino
917 1456 1036 1519 auxilio
1059 1456 1193 1518 salutem
1248 1474 1305 1537 per
1327 1455 1386 1518 hoc
1411 1454 1496 1535 quod
1521 1454 1640 1535 lloyses
1665 1472 1729 1516 non
1755 1453 1817 1514 nisi
1843 1451 1994 1515 undecim

446 1556 662 1638 consequeris,
672 1557 767 1620 etiam
780 1575 852 1619 mox
867 1555 943 1617 dum
959 1555 1081 1618 recedis
1095 1574 1115 1616 a
1128 1574 1194 1617 cor·
1247 1553 1485 1616 benedictiones
1500 1553 1554 1615 hic
1576 1552 1678 1634 ponit,
1695 1551 1843 1614 Simeone
1863 1571 1884 1613 a
1899 1551 1994 1614 berre

447 1673 535 1737 pore,
557 1654 730 1717 dummodo
755 1674 794 1716 ex
819 1662 907 1736 parte
930 1653 977 1714 tui
1002 1653 1104 1735 ipsius
1127 1671 1191 1716 non
1247 1651 1387 1714 dictione
1411 1651 1555 1727 excluso,
1583 1649 1788 1732 praefigurata
1811 1659 1860 1711 est
1884 1650 1995 1730 (juxta

446 1761 547 1816 exstet
562 1753 716 1817 deiectus.
734 1757 870 1815 Scotum
890 1754 1014 1813 ouoeitii
1035 1755 1094 1821 tui,
1110 1752 1192 1814 Deus
1246 1750 1404 1831 Glossam)
1418 1751 1558 1814 exclusio
1571 1750 1657 1813 lude
1672 1749 1712 1812 ab
1734 1749 1933 1831 apostolatus
1949 1748 1994 1812 la·

446 1859 505 1927 est,
523 1851 577 1933 qui
594 1861 683 1915 scuto
699 1852 791 1915 bonae
807 1850 981 1914 voluntatis
996 1869 1032 1914 ac
1050 1850 1127 1913 iidei
1143 1869 1193 1913 ar·
1211 1850 1233 1911 B
1247 1849 1352 1931 stigio.

942 2276 1266 2364 ARTICULUS
1305 2278 1489 2363 XXXIX

589 2554 744 2600 expostulo
766 2552 940 2600 tirrannus
961 2551 1099 2600 cartauc!
1119 2552 1270 2599 TlllOESllll
1292 2553 1404 2608 Quaurt
1426 2555 1433 2598 ἶ
1456 2555 1604 2600 astenoit
1626 2554 1703 2600 ERGO
1725 2557 1842 2602 HOYSES

1013 2654 1052 2699 DE
1073 2651 1299 2699 cebresutanus
1320 2652 1414 2697 ΙΟΑΒ.

514 2929 704 3008 UCUSQUE
728 2930 855 3014 scripsit
876 2931 994 3014 Moyses
1015 2932 1075 2994 hoc
1097 2931 1185 2995 volu·
1241 2930 1317 2992 urbs
1338 2949 1402 2992 una
1423 2930 1584 2996 subversae
1602 2931 1793 3016 Pentapolis.
1809 2935 1878 2999 Non
1898 2938 1989 3002 vide

523 3051 608 3096 mon.
635 3031 787 3094 Ultimum
813 3050 888 3095 vero
915 3050 999 3094 nuuc
1024 3047 1184 3112 exponen·
1240 3035 1291 3090 tur
1316 3029 1481 3110 probabile
1509 3031 1595 3111 quod
1619 3050 1638 3093 a
1666 3033 1837 3114 supercilio
1865 3038 1988 3100 montis

438 3133 514 3195 dum
538 3129 714 3214 capitulum
736 3129 775 3192 ab
797 3130 867 3211 ejus
889 3147 1071 3192 successore
1089 3128 1183 3190 losue
1240 3127 1326 3189 illius
1341 3127 1481 3210 potuerit
1495 3128 1614 3212 lloyses
1629 3138 1749 3194 tantm
1763 3140 1919 3197 terrarum
1935 3156 1988 3200 va-

438 3230 578 3293 creditur
593 3227 800 3310 compilatum
816 3236 848 3290 et
862 3227 1017 3290 additum.
1029 3227 1183 3288 Ascendit
1239 3225 1377 3288 stitatem
1392 3246 1430 3289 ac
1445 3226 1647 3292 latitudinem
1662 3231 1869 3312 corporaliter
1880 3233 1987 3298 intue-

362 3373 367 3384 .
437 3345 510 3402 erpo
524 3329 646 3402 Moyses
659 3327 700 3383 de
713 3326 943 3400 campestribus
955 3325 1060 3393 Moab,
1070 3321 1104 3382 in
1115 3320 1184 3402 qui·
1239 3323 1278 3400 ri,
1288 3323 1351 3386 nisi
1363 3323 1444 3388 torte
1455 3326 1665 3402 miraculoso;
1682 3329 1737 3390 sed
1753 3327 1861 3393 forsan
1877 3341 1985 3396 osten-

305 3437 310 3448 ·
351 3407 422 3454 “·¹·⁵·
439 3423 498 3484 bus
516 3422 619 3485 iuerat
634 3420 787 3503 populum
803 3421 970 3498 allocutus,
983 3441 1080 3504 super
1095 3440 1184 3480 nwe-
1238 3422 1285 3484 dit
1314 3423 1344 3486 ei
1370 3433 1467 3487 totam
1497 3424 1530 3487 in
1555 3425 1681 3508 spiritu,
1709 3427 1758 3490 vel
1785 3429 1983 3513 principales

440 3532 501 3582 tem
526 3523 621 3594 Nede,
643 3523 679 3581 in
700 3522 849 3581 verticem
871 3523 1127 3602 Pkorpa‚prout
1149 3518 1181 3580 in
1238 3529 1343 3602 partes
1367 3522 1479 3605 ipsius,
1506 3523 1556 3587 vel
1587 3523 1670 3587 sicut
1698 3533 1836 3590 tentator
1865 3528 1984 3609 legitor
2000 3543 2121 3587 aalma

328 3638 399 3680 rm
440 3619 507 3683 line
522 3619 653 3702 capituli
669 3617 822 3681 tricesimi
832 3618 962 3681 secundi
973 3617 1126 3682 Dominus
1143 3617 1183 3679 le
1237 3619 1362 3683 Christo
1377 3621 1411 3682 in
1426 3630 1534 3685 monte
1549 3632 1741 3686 monstrasse
1755 3627 1864 3688 omnia
1884 3649 1983 3710 regna

318 3733 324 3744 ·
437 3719 523 3798 gitur
533 3719 563 3782 ei
573 3716 876 3800 jussisseSuperior
887 3725 994 3780 autem
1010 3737 1084 3799 pars
1094 3734 1183 3778 mon·
1238 3723 1568 3800 terrarumbtritque
1578 3724 1790 3784 Dominusad
1803 3731 1982 3790 euna-uec

439 3816 582 3879 lisoillius
598 3815 683 3878 dicta
698 3823 746 3878 est
760 3814 890 3894 Phasga.
911 3819 1028 3876 Contra
1042 3816 1179 3876 Jericlro.
1236 3827 1282 3878 est
1297 3829 1383 3879 terra
1397 3839 1459 3896 pro
1479 3840 1543 3898 qua
1558 3822 1679 3898 juravi
1693 3824 1870 3896 Abraham,
1888 3829 1983 3888 Isaac

439 3917 644 3994 Ostenditque
653 3917 684 3973 ei
692 3915 850 3974 Dominus
860 3934 984 3974 omnem
995 3924 1115 3974 tetram
1125 3916 1183 3974 Ga·
1236 3926 1266 3976 et
1279 3919 1386 3978 Jacob.
1414 3920 1530 3978 Vidisti
1550 3940 1622 3980 eam
1642 3923 1743 3981 oculis
1766 3924 1844 3992 tatio,
1862 3935 1894 3984 et
1915 3947 1980 3986 non

436 4017 515 4074 laad
530 4033 627 4093 usque
643 4017 729 4084 Dan,
741 4022 771 4072 et
787 4014 975 4073 universum
991 4013 1179 4091 Nepltthali,
1198 4012 1220 4076 C
1238 4018 1390 4076 traundis
1404 4020 1449 4077 ad
1463 4018 1568 4079 illam.

436 4112 468 4175 id
484 4121 532 4176 est
552 4119 650 4174 totum
667 4109 845 4174 funiculum
866 4118 897 4172 et
919 4109 1112 4173 territorium
1129 4109 1182 4172 tri·
1276 4117 1486 4195 Moriensque
1499 4125 1544 4176 est
1559 4117 1606 4174 ibi
1616 4119 1739 4194 Moyseo
1751 4139 1862 4181 nervus
1872 4125 1982 4184 Domi·

434 4211 495 4273 bus
510 4208 690 4292 naphthali,
704 4218 885 4288 terroreque
895 4211 1056 4285 Ephraim
1071 4212 1181 4269 ctMa·
1235 4215 1273 4274 ni
1296 4221 1398 4277 morte
1427 4213 1599 4290 levissima,
1624 4234 1698 4277 cum
1722 4215 1892 4282 devotione
1916 4222 1982 4283 exi·

435 4329 535 4370 nasse.
547 4309 642 4370 Terra
653 4325 727 4370 vero
738 4307 888 4384 Manasse,
902 4325 959 4388 pro
972 4307 1076 4370 media
1091 4317 1181 4390 parte
1235 4312 1316 4386 mia;
1332 4323 1364 4372 et
1376 4314 1523 4390 sepelivit
1537 4332 1611 4373 eum
1626 4316 1664 4374 in
1678 4318 1764 4375 valle
1779 4327 1872 4379 aerroe
1882 4321 1979 4380 Moab

436 4407 497 4470 luit
512 4426 549 4470 ex
564 4426 626 4469 una
642 4415 731 4488 parte
745 4406 901 4482 lordonis,
918 4413 949 4469 ot
965 4425 1023 4488 pro
1037 4407 1100 4469 alia
1115 4427 1180 4470 me·
1234 4421 1345 4471 eontra
1360 4413 1499 4488 Piopor,
1516 4411 1547 4473 id
1569 4419 1617 4473 est
1635 4431 1673 4474 ex
1692 4413 1840 4495 opposito
1859 4419 1979 4480 montis

434 4506 551 4569 dietate
566 4524 604 4568 ex
616 4505 761 4569 lordonis
775 4505 874 4568 altera
889 4514 989 4587 parte.
1001 4509 1042 4567 Iit
1052 4526 1179 4567 omnem
1235 4508 1281 4571 sic
1296 4509 1491 4590 nuncupati:
1509 4509 1618 4590 sicque
1636 4511 1780 4590 angelico
1795 4513 1978 4580 ministerio

435 4617 554 4666 terram
569 4607 656 4666 Jnda
673 4625 771 4683 usque
787 4607 830 4664 ad
847 4625 934 4665 neore
953 4607 1178 4678 novissimum,
1236 4606 1318 4670 iuter
1333 4608 1413 4671 duos
1428 4617 1552 4671 montes
1566 4608 1710 4691 sepultus
1725 4618 1784 4673 est.
1797 4615 1839 4674 lit
1853 4635 1919 4676 non
1934 4637 1981 4678 co·

434 4706 494 4768 hoc
509 4714 557 4767 est
573 4722 660 4766 mare
676 4703 842 4778 Mortuum,
860 4703 900 4765 de
915 4721 979 4784 quo
994 4703 1116 4767 dictum
1133 4714 1181 4768 est
1230 4709 1345 4781 pnovit
1359 4709 1450 4767 Ιιοηιο
1460 4711 1643 4784 sepulerum
1652 4709 1722 4784 ejus
1732 4715 1884 4789 usquein
1896 4736 1979 4793 prro

434 4821 517 4885 saepe
534 4820 541 4864 :
560 4801 685 4883 luitque
709 4799 864 4863 terminus
886 4809 975 4864 terras
995 4803 1180 4884 promissio
1232 4814 1351 4864 senum
1374 4806 1492 4864 diem:
1513 4823 1554 4867 nc
1575 4805 1675 4869 ludaei
1698 4807 1738 4869 ad
1764 4807 1975 4876 idololatriam

434 4901 484 4964 nis
509 4919 547 4964 ex
571 4909 661 4983 parte
687 4919 770 4975 una3
792 4910 821 4960 et
843 4904 1019 4961 austratem
1036 4912 1177 4978 partem,
1234 4901 1337 4984 proni,
1363 4920 1481 4984 corpus
1508 4903 1578 4983 ejus
1601 4905 1812 4983 extraherent,
1838 4918 1871 4971 et
1896 4911 1973 4974 illud

433 4999 582 5064 videlicet
596 4999 721 5082 plagam
733 4998 941 5060 meridianam
953 4999 1178 5081 respicientem
1233 5001 1351 5064 divinis
1373 5009 1597 5064 venerarentur
1617 5001 1804 5081 bonoribus,
1821 5026 1922 5089 quum
1942 5019 1972 5072 et

433 5099 612 5181 AEgyptum
637 5110 667 5160 et
689 5099 898 5158 latitudinem
921 5101 1028 5176 canopi
1051 5101 1178 5161 Jericlro
1232 5107 1411 5180 serpentem
1429 5099 1704 5182 aneumaltoyse
1723 5101 1854 5182 iactum,
1873 5127 1973 5188 usque
2015 5127 2098 5182 rrae.

430 5200 574 5260 civitatis
594 5202 795 5276 palmarum,
816 5195 894 5277 quia
918 5195 1037 5275 ibidem
1063 5199 1177 5280 palmae
1192 5194 1271 5262 llad
1282 5206 1406 5279 tempus
1416 5197 1556 5261 Ezechiae
1568 5205 1630 5260 mm
1647 5198 1855 5265 immoderate
1870 5205 1973 5267 colue
1987 5204 2043 5237 ”¹¹¹⁹
2058 5197 2075 5231 ⁸*

431 5303 579 5358 creseunt
599 5294 736 5372 abunde,
764 5315 863 5374 usque
887 5296 999 5371 Seqor,
1021 5313 1093 5375 quae
1115 5294 1177 5356 luit
1231 5297 1306 5373 rint,
1323 5297 1408 5377 quod
1422 5296 1592 5359 adolebant
1606 5297 1635 5360 ei
1651 5297 1827 5378 incensum,
1846 5311 1882 5364 ut
1896 5303 1973 5383 legi-
