4309 6259
450 491 509 558 156

858 511 1031 558 ahaaharto
1052 512 1084 558 ΙΝ
1105 512 1173 558 CAP.
1197 512 1230 558 lll
1252 513 1387 559 tevtrtct.
1410 533 1450 546 ····
1471 515 1541 560 ΛΒΤ.
1564 514 1585 562 X

449 685 584 769 adipisci
600 705 777 769 precamur.
795 684 981 768 specialiter
996 704 1071 748 vero
1093 684 1126 747 in
1143 705 1192 748 ce·
1207 685 1232 746 Α
1248 685 1388 749 minores
1404 695 1508 750 motus
1520 685 1678 762 libidinis3
1692 691 1748 769 per
1761 686 1902 770 adipem,
1915 705 1988 751 eon·

448 785 635 850 lebrationis
656 784 769 849 cilicio
791 785 973 848 immolatur
996 786 1063 848 haec
1089 785 1192 849 hostia

450 885 522 948 Deo.
540 885 679 959 Qualiter
703 892 807 947 antem
824 903 880 966 pcr
901 885 1028 962 bovem,
1046 903 1138 948 ovem
1162 894 1192 947 et

448 1003 586 1066 capram,
604 985 756 1047 Dominus
772 985 861 1046 lesus
878 983 1092 1046 diversimode
1112 984 1192 1047 desi-

447 1091 572 1164 gnetur,
590 1084 624 1146 in
640 1083 800 1166 spirituali
816 1082 911 1164 primi
923 1082 1054 1165 capituli
1070 1083 1192 1164 exposi-

448 1182 534 1245 tione
554 1191 603 1245 esl
623 1182 780 1245 habitum.
799 1186 925 1243 Marem
945 1185 1013 1242 sive
1031 1185 1191 1262 fcmrffrrum

446 1283 659 1343 immaculata
671 1285 789 1361 offeret.
805 1282 864 1344 Per
881 1280 1032 1344 laminam
1043 1282 1192 1344 immacu-

446 1380 542 1444 latam
557 1387 662 1462 potest
678 1399 750 1443 earo
761 1379 886 1443 Domini
902 1380 1015 1461 accipi,
1028 1399 1099 1462 qum
1110 1380 1191 1442 nulli

445 1498 587 1560 unquam
613 1479 715 1561 culpae
741 1478 803 1541 luit
825 1477 972 1542 obnoxia.
989 1479 1046 1541 Per
1070 1499 1191 1541 marem

445 1596 533 1657 vero,
544 1579 709 1640 rationalis
720 1578 852 1660 spiritus
863 1579 932 1660 ejus
944 1598 999 1642 sen
1014 1579 1128 1641 anima
1141 1579 1192 1641 Fc-

445 1678 566 1740 minam
582 1696 656 1758 ergo
672 1677 851 1755 offerimus,
864 1679 939 1740 dnm
955 1697 992 1740 ea
1008 1678 1188 1754 recolimus,

445 1796 517 1858 quae
531 1776 674 1839 Christus
690 1777 896 1859 corporaliter
907 1787 1035 1860 proptor
1052 1796 1110 1840 nos
1124 1795 1191 1857 ges-

1248 784 1516 866 cupiscentiarum
1543 785 1708 862 lomenta;
1736 805 1792 868 per
1820 785 1987 849 reticulum

1246 885 1371 966 jecoris,
1381 885 1541 948 intricatio
1558 903 1613 948 seu
1625 886 1765 948 versutia
1780 887 1989 950 tentationum

1247 984 1401 1067 accipitur
1415 1001 1422 1046 :
1436 1005 1506 1066 quaa
1521 985 1629 1048 omnia
1644 983 1812 1048 offerenda
1826 993 1901 1047 sunt
1915 987 1988 1062 Deo,

1248 1083 1279 1146 id
1297 1091 1355 1160 est,
1372 1084 1410 1146 ad
1428 1085 1497 1164 ejus
1515 1084 1668 1146 honorem
1687 1083 1877 1147 refrenanda
1892 1093 1925 1147 ct
1941 1103 1990 1147 ex-

1248 1183 1448 1262 stinguenda.
1464 1183 1616 1246 Dicuntur
1633 1183 1779 1265 equidem
1795 1183 1891 1246 etiam
1907 1184 1990 1246 mala

1245 1283 1308 1345 Deo
1323 1282 1444 1359 offerri,
1455 1301 1519 1345 non
1535 1284 1621 1364 qnod
1637 1283 1754 1345 malum
1769 1283 1870 1365 eulpae
1882 1282 1988 1364 aliquo

1246 1383 1341 1444 medo
1365 1382 1560 1464 complaceat
1581 1382 1621 1458 ci,
1635 1383 1689 1444 sed
1717 1382 1925 1463 inquantum
1952 1383 1988 1446 ad

1245 1479 1300 1541 Dei
1317 1480 1553 1543 venerationem
1570 1480 1706 1544 viriliter
1721 1479 1968 1544 mortificantur.

1286 1583 1326 1642 St
1350 1601 1424 1640 cero
1447 1583 1486 1640 de
1510 1582 1621 1640 onibus
1640 1581 1744 1657 suerit
1767 1581 1836 1656 ejus
1859 1582 1986 1642 oblatio.

1246 1681 1312 1743 Non
1334 1678 1468 1740 dubium
1493 1679 1572 1760 quin
1595 1698 1651 1760 per
1676 1697 1767 1742 ovem
1791 1697 1846 1742 scu
1870 1698 1986 1760 agnum

1246 1779 1389 1842 Christus
1416 1777 1457 1840 sit
1481 1777 1651 1858 liguratuS,
1667 1796 1762 1860 quem
1788 1796 1846 1859 pro
1871 1779 1987 1841 nostris

447 1877 489 1939 sit
503 1884 557 1939 aut
572 1897 684 1960 passus
700 1885 757 1940 est.
770 1877 897 1954 llarcm,
915 1878 991 1939 dnm
1007 1877 1189 1959 spirituales
1208 1877 1395 1961 Dpeccatis,
1413 1877 1660 1958 obtinendisque
1679 1876 1783 1953 bonis,
1799 1876 1890 1957 juxta
1911 1896 1987 1959 prae

447 1976 518 2057 ejus
534 1976 670 2052 dolores,
689 1976 921 2058 interioresque
936 1985 1024 2040 actus
1040 1977 1110 2057 ejus
1128 1995 1191 2039 me

447 2074 575 2137 vitorios
592 2073 684 2138 nobis
700 2074 870 2137 salubriter
885 2077 1099 2138 recordamur.

487 2173 704 2256 Tropologicc,
718 2194 774 2256 per
785 2175 899 2238 bovem
918 2175 1108 2255 intelligitur
1122 2175 1191 2257 qni-

447 2290 584 2354 cumque
602 2271 755 2336 fidelis'in
767 2273 1013 2356 dominicoagro
1029 2275 1189 2352 laboranS,

447 2379 479 2434 et
499 2390 595 2453 super
616 2391 651 2434 se
665 2373 790 2435 Domini
805 2372 917 2454 jugum
936 2381 1077 2454 portare,
1096 2383 1191 2456 atquc

447 2487 482 2532 se
497 2469 604 2552 ipsum
627 2470 766 2532 subdens
791 2491 828 2533 ae
845 2471 1013 2535 immolans
1028 2473 1091 2535 Deo
1110 2490 1116 2534 :
1134 2474 1189 2555 qui

447 2577 512 2631 tam
535 2587 593 2650 pro
616 2568 784 2632 beneficiis
805 2570 859 2632 Dei
880 2571 946 2652 jam
969 2570 1030 2632 sibi
1053 2571 1188 2648 collatis

447 2685 544 2748 quam
563 2661 852 2750 pro'adipiseandis
874 2669 993 2732 divinis
1009 2671 1186 2752 premissis

445 2764 539 2828 debet
554 2784 589 2829 sa
602 2766 665 2829 Deo
685 2767 854 2849 pacilicam
875 2769 1011 2830 hostiam
1037 2769 1156 2833 offerro
1180 2787 1187 2831 :

446 2863 500 2945 qui
517 2865 612 2928 etiam
629 2866 726 2929 ollert
744 2886 875 2944 marem,
893 2868 968 2929 dum
992 2869 1186 2950 superiorem

444 2962 559 3027 animae
575 2984 639 3027 suaa
654 2973 777 3047 partem
798 2985 853 3029 sau
875 2967 1022 3048 spiritum
1044 2968 1188 3030 immolat

1245 1977 1390 2040 habitum
1416 1995 1556 2053 sensum,
1573 1977 1690 2057 jugiter
1710 1976 1876 2040 immolare
1895 1976 1988 2040 debc-

1246 2097 1327 2139 mus.
1347 2077 1596 2159 specialiterque
1618 2095 1674 2158 per
1689 2093 1781 2139 ovem
1799 2094 1855 2138 seu
1871 2093 1986 2156 agnum

1246 2177 1441 2259 quicumque
1457 2175 1602 2257 simplex,
1617 2175 1704 2237 mitis
1720 2183 1751 2238 et
1766 2175 1922 2238 innocens
1938 2176 1987 2238 de·

1246 2276 1398 2355 signatur,
1411 2274 1468 2357 qni
1485 2283 1572 2338 tanto
1588 2274 1671 2356 plus,
1684 2281 1716 2336 et
1731 2281 1818 2336 tanto
1833 2273 1986 2336 humilius

1245 2376 1307 2438 Dee
1333 2394 1367 2437 sc
1382 2374 1475 2437 debet
1491 2373 1609 2436 offerre
1634 2372 1811 2436 obediendo
1833 2381 1865 2436 et
1884 2382 1986 2454 grates

1245 2475 1378 2556 agendo,
1391 2481 1510 2555 quanto
1521 2472 1728 2554 Omnipotens
1739 2471 1908 2554 gratiosius
1923 2473 1987 2551 egit

1246 2593 1364 2649 secum,
1391 2582 1486 2654 atque
1510 2592 1529 2634 a
1553 2571 1701 2654 pluribus
1726 2591 1762 2634 ac
1785 2571 1985 2652 gravioribus

1244 2673 1450 2756 preservavit
1466 2671 1614 2754 pcccatis.
1632 2671 1729 2733 Debet
1745 2689 1873 2753 quoque
1889 2671 1922 2732 in
1938 2690 1986 2733 ac-

1244 2773 1329 2834 tibus
1352 2781 1415 2834 tam
1432 2771 1582 2834 virtuosis
1607 2770 1823 2832 indesinenter
1837 2781 1986 2852 'perseve

1243 2891 1323 2948 rare,
1336 2872 1421 2953 quod
1432 2889 1489 2952 per
1503 2870 1610 2933 caudae
1622 2869 1815 2933 oblationem
1827 2869 1985 2949 signatum

1243 2980 1289 3034 cst
1301 2989 1307 3032 :
1320 2990 1392 3032 nam
1410 2971 1510 3033 cauda
1526 2969 1603 3031 linis
1619 2977 1667 3032 est
1682 2967 1840 3030 animalis.
1852 2967 1985 3041 Quidam

444 3063 508 3126 Deo
533 3081 589 3145 per
611 3063 826 3128 obedientiam
849 3075 1001 3141 sanctam,
1019 3075 1050 3129 et
1065 3067 1187 3148 proprii
1202 3068 1224 3132 C
1243 3089 1316 3133 vero
1333 3077 1535 3151 perseverant
1552 3068 1583 3130 in
1597 3067 1694 3144 vitiis,
1713 3075 1823 3130 contra
1838 3085 1918 3149 quos
1929 3086 1986 3148 per

444 3181 558 3225 sensus
579 3161 832 3243 abnegationem,
851 3185 886 3226 ac
903 3164 979 3227 lidei
995 3175 1099 3228 actum
1119 3191 1126 3240 3
1145 3165 1189 3228 le—

444 3260 564 3323 minam
594 3279 679 3338 vero,
702 3263 778 3324 dum
808 3262 954 3342 fragilem
979 3284 1105 3326 carnem
1132 3285 1188 3327 scu

445 3359 631 3422 sensitivam
654 3369 776 3442 partem
801 3361 915 3424 rationi
938 3381 974 3424 ac
998 3363 1058 3442 legi
1081 3363 1189 3426 subdit

445 3458 573 3522 divinae'.
595 3458 694 3541 Super
713 3479 808 3540 quam
835 3479 974 3536 carnem,
991 3462 1188 3525 sensitivam-

444 3576 507 3639 que
522 3565 656 3639 partem,
673 3577 815 3632 manum,
836 3559 867 3621 id
890 3567 938 3621 cst
954 3560 1132 3643 disciplinae
1148 3563 1188 3622 ri—

443 3673 552 3735 gorem
568 3676 605 3718 ac
621 3657 735 3732 lorum,
754 3657 848 3720 debet
863 3658 1038 3740 imponere.
1056 3660 1187 3742 lnsnpcr

443 3755 555 3818 hostire
571 3755 666 3837 hujus
678 3756 804 3838 adipem
816 3755 925 3819 vitalia
936 3757 1143 3839 operientem,
1157 3768 1187 3820 ct

442 3853 599 3936 quidquid
625 3853 817 3918 intrinsecus
842 3864 943 3919 exstat
969 3857 1184 3938 pinguedinis

442 3952 537 4015 debet
561 3951 691 4028 offerre,
708 3954 752 4016 ita
778 3964 810 4016 ut
837 3964 973 4017 maceret
989 3975 1105 4038 corpus
1131 3977 1187 4038 por

442 4051 644 4113 abstinentiae
670 4061 765 4133 atque
788 4054 905 4134 jejunii
926 4055 1184 4132 districtionrm3

442 4158 474 4212 et
489 4150 647 4232 quidquid
663 4152 833 4214 carnaliter
850 4153 942 4214 dulce
968 4162 1026 4229 cst,
1039 4174 1187 4235 asperne-

1243 3167 1353 3231 lsaiam
1370 3167 1512 3249 loquitur
1528 3168 1609 3229 Deus
1623 3183 1629 3228 ε
1642 3165 1699 3229 Vae
1714 3165 1768 3247 qui
1786 3164 1910 3228 trahitis
1928 3164 1985 3227 ini·
2017 3184 2096 3228 narr

1243 3267 1396 3349 quitatem
1409 3267 1442 3327 in
1456 3265 1609 3328 funiculis
1626 3264 1785 3326 vanitatis.
1796 3263 1834 3325 Et
1848 3283 1959 3326 rursus
1974 3281 1982 3325 ε

1243 3365 1407 3447 Dispcrdet
1423 3363 1575 3428 Dominus
1591 3371 1686 3444 caput
1701 3371 1732 3425 et
1747 3363 1890 3425 caudam.
1908 3361 1986 3436 Quo
1997 3372 2108 3419 laevet·

1243 3473 1353 3527 contra
1378 3464 1522 3526 hortatur
1548 3462 1735 3543 Scriptura:
1760 3461 1826 3524 Non
1851 3460 2109 3542 adjiciasnare.

1243 3572 1406 3644 peccatum
1419 3581 1514 3643 super
1525 3569 1695 3643 peccatum.
1706 3564 1746 3622 Et
1751 3563 1983 3639 pinguedinem

1242 3685 1313 3742 qum
1323 3664 1425 3739 oper-tt
1438 3670 1584 3721 ventrem.
1595 3660 1651 3722 Per
1661 3667 1805 3722 ventrem
1822 3659 1982 3721 interdum

1243 3761 1275 3822 in
1295 3759 1466 3842 Scripturis
1482 3778 1571 3822 mens
1587 3758 1778 3837 designatur,
1795 3758 1883 3838 juxta
1898 3759 1983 3840 qnod

1242 3859 1395 3941 scriptum
1411 3867 1479 3920 est:
1496 3858 1540 3918 llx
1556 3865 1645 3919 utero
1661 3865 1734 3919 ante
1750 3855 1918 3918 lucilerum
1935 3875 1985 3937 ge·
2010 3879 2110 3924 rems.

1243 3959 1297 4020 uui
1317 3966 1355 4020 tc.
1369 3958 1426 4018 Et:
1440 3957 1587 4019 Doctrina
1603 3975 1672 4018 mea
1689 3955 1820 4038 pulchra
1837 3955 1896 4017 tibi
1911 3956 1982 4032 erit,
2010 3971 2110 4012 rmus.

1242 4077 1338 4139 qrmm
1357 4056 1516 4136 acceperis
1533 4074 1600 4117 cam
1619 4055 1650 4116 in
1668 4062 1777 4130 ventre
1795 4062 1859 4116 tuo.
1877 4054 1985 4136 ltaque
2000 4036 2031 4076 ¹⁸·

1242 4157 1403 4238 pinguedo
1423 4163 1567 4216 ventrem
1588 4153 1748 4236 operiens,
1771 4152 1909 4234 intelligi
1931 4172 1986 4235 po-

443 4257 494 4310 tur
512 4265 519 4310 :
538 4247 603 4311 imo
624 4257 655 4311 et
677 4250 834 4332 quidquid
860 4251 1037 4332 spiritualis
1053 4253 1129 4314 boni
1153 4253 1184 4315 in
1203 4252 1226 4312 D
1243 4263 1303 4317 test
1319 4253 1455 4317 carnalis
1471 4251 1601 4315 allectio
1617 4260 1756 4315 montem
1772 4251 1958 4315 obscurans.

443 4364 576 4428 corpore
586 4356 635 4410 est
650 4367 706 4429 per
722 4349 964 4410 redundantiam
980 4369 1017 4412 ex
1030 4352 1186 4432 superiori

442 4446 557 4509 animae
572 4455 672 4529 parte,
689 4456 784 4528 atque
800 4449 968 4510 moralium
986 4459 1074 4512 actus
1091 4451 1187 4514 virtu-

443 4552 521 4622 tum,
534 4563 605 4626 quae
621 4545 653 4606 in
670 4546 822 4608 sensitivo
838 4547 980 4630 appetitu
993 4568 1061 4612 csse
1077 4550 1187 4612 dicuu-

442 4651 504 4721 tur,
521 4644 588 4706 sive
608 4663 665 4727 per
685 4645 867 4722 essentiam,
886 4646 953 4709 sive
974 4667 1030 4729 per
1055 4648 1188 4731 impres-

442 4742 582 4820 sionem,
609 4743 720 4825 pietati
744 4745 905 4807 adscribat
930 4745 1061 4822 divinae,
1090 4756 1121 4810 et
1154 4749 1186 4810 iu

441 4841 564 4904 cultum
589 4841 691 4924 ipsius
712 4843 987 4926 reverentiamque
1009 4855 1183 4909 convertat.

491 4943 578 5002 Duos
606 4963 696 5001 rencs
720 4962 795 5002 curn
823 4945 919 5020 adipe
942 4966 1004 5023 qrro
1033 4955 1187 5021 tegeretur

440 5040 515 5110 itia,
532 5049 562 5099 et
577 5041 750 5100 reticulum
759 5042 881 5116 jecoris
896 5063 969 5102 cum
986 5047 1184 5106 renunculis

440 5137 498 5200 Per
513 5155 616 5214 ranae,
634 5137 667 5199 in
690 5137 807 5219 quibus
823 5138 909 5220 viget
931 5140 1062 5203 luxuria
1087 5140 1187 5205 lomes

441 5255 497 5299 seu
513 5235 721 5314 incentivum,
734 5238 836 5319 major
846 5239 1106 5320 concupiscentia
1123 5261 1188 5303 cav-

442 5334 493 5400 uis
508 5334 717 5418 exprimitur3
740 5355 797 5420 per
822 5339 1026 5416 renunculos,
1044 5339 1140 5423 primi
1156 5349 1187 5404 ct

1282 4357 1321 4415 St
1336 4375 1435 4431 repra
1450 4355 1552 4430 fuerit
1563 4354 1633 4429 ejus
1645 4354 1772 4412 oblatio.
1785 4351 1842 4414 Per
1857 4371 1985 4434 capram

1242 4472 1357 4535 corpus
1374 4451 1494 4534 pcccati
1514 4470 1569 4512 scu
1593 4450 1780 4513 sensualitas
1797 4449 1984 4532 explicatur,

1242 4571 1312 4633 quae
1323 4550 1489 4614 offerenda
1500 4550 1665 4624 cstDco,ut
1678 4548 1881 4612 exhibeamus
1892 4569 1987 4613 mem·
2000 4567 2110 4612 amau

1243 4652 1300 4714 bra
1329 4658 1436 4712 nostra
1462 4668 1549 4711 arma
1574 4647 1706 4729 justitiae
1731 4649 1804 4725 Deo,
1829 4657 1986 4730 quatenus

1242 4748 1325 4810 inter
1341 4766 1394 4810 eos
1411 4754 1638 4828 computemur,
1658 4746 1829 4828 dequibus
1845 4747 1986 4828 loquitur

1241 4846 1380 4908 Paulus:
1404 4845 1461 4920 Qui
1483 4854 1588 4908 autem
1618 4853 1693 4908 sunt
1713 4845 1840 4920 Christi,
1858 4866 1986 4909 carnem
2002 4857 2111 4904 cnara-‚et
2132 4895 2133 4910 ,

1242 4965 1330 5008 suam
1348 4943 1579 5008 crucifixerunt
1595 4965 1667 5007 cum
1684 4944 1770 5009 vitiis
1788 4954 1820 5009 et
1841 4946 1988 5029 concupi-

1242 5045 1382 5108 scentiis.
1606 5041 1610 5049 '

1281 5144 1423 5225 Denique
1439 5143 1546 5206 omnia
1562 5145 1621 5206 ista
1631 5145 1694 5207 Deo
1706 5143 1751 5207 sic
1762 5141 1940 5220 offerenda,
1954 5145 1986 5208 in

1242 5262 1297 5304 ara
1312 5243 1417 5305 cordis
1434 5242 1664 5306 inflammanda
1681 5251 1754 5306 sunt
1770 5243 1919 5306 incendio
1935 5263 1988 5306 ca·

1244 5341 1363 5416 vitatis;
1381 5351 1467 5406 etex
1488 5341 1608 5406 eisdem
1629 5341 1817 5405 nutriendus
1837 5351 1884 5405 est
1905 5341 1988 5422 ignis
