4309 6259
423 504 481 568 262
775 522 949 567 auxnnnvvo
970 523 1001 567 nv
1023 522 1091 567 car.
1114 520 1168 565 xix
1191 521 1328 568 navmcv.
1352 543 1392 552 -
1412 524 1483 568 aar.
1506 524 1613 570 xxxvn

423 701 471 754 est
493 693 768 774 spiritualisque
788 694 960 774 aliqnando
980 701 1028 756 est
1048 712 1067 755 a
1090 694 1163 768 Deo,
1181 692 1343 756 haudivit
1368 714 1498 758 corvum
1525 695 1642 777 saepius
1668 695 1885 758 crocitantem.
1912 694 1965 757 Se

422 791 672 872 quiangelorum
689 790 1166 872 ministerioaliquadormienti
1221 792 1337 868 cundo,
1365 793 1536 856 instinctus
1567 795 1730 856 brutorum
1755 803 1803 856 est
1827 813 1844 856 a
1870 813 1964 855 eausa

424 889 552 967 revelat,
570 891 745 952 seeundum
761 890 845 969 qnod
865 891 980 971 loseph
1000 889 1080 952 dixit
1100 889 1166 969 regi
1222 890 1380 972 spirituali
1410 891 1505 967 bona,
1533 891 1653 954 seilicet
1679 892 1751 968 Deo,
1776 892 1826 954 vel
1852 891 1964 970 angelo

278 981 403 1042 Genium
423 989 548 1071 AEgvpti
566 988 659 1063 :Quat
683 987 824 1050 lecturus
846 997 894 1050 est
913 989 1005 1063 Deus,
1027 989 1167 1051 ostendit
1222 997 1341 1066 saneto,
1359 997 1393 1050 ut
1408 990 1579 1052 descensus
1595 989 1750 1052 columbae
1770 1009 1866 1071 super
1881 989 1965 1051 Chri·
1977 1012 2086 1056 velare,

423 1087 757 1149 Pharaoni.lnterdum
768 1105 844 1150 vero
854 1106 893 1150 ex
907 1087 1093 1169 operatione
1103 1087 1167 1149 dia·
1222 1097 1304 1149 stum
1327 1087 1532 1169 baptizatum,
1551 1097 1581 1150 et
1607 1087 1775 1150 instinctus
1797 1087 1885 1150 corvi
1909 1088 1962 1168 qui
2004 1105 2028 1146 nr
2039 1107 2080 1158 aa,

422 1186 498 1262 boli,
516 1185 571 1266 qui
595 1185 831 1248 indormientis
853 1185 1165 1266 imaginativasimi-
1221 1185 1308 1266 pavit
1333 1186 1444 1247 liliam.¹
1469 1187 1628 1249 interdum
1654 1204 1728 1248 vero
1753 1195 1800 1248 cst
1825 1205 1843 1247 a
1869 1205 1964 1248 eausa
1979 1172 2052 1216 ’Μ’

421 1285 573 1347 litudines
603 1290 698 1365 atque
727 1284 949 1365 phantasmata
979 1283 1106 1360 format,
1129 1304 1166 1347 ex
1221 1284 1378 1365 spirituali
1395 1284 1884 1365 mala,videlieetdmmone,qui
1901 1286 1962 1346 Deo

420 1401 557 1464 quorum
573 1380 691 1442 intuitu
712 1381 873 1444 dormiens
895 1381 1001 1444 lutura
1020 1383 1164 1463 quasdam
1221 1383 1424 1465 permittente
1439 1392 1544 1447 movet
1558 1383 1730 1464 aliquando
1746 1385 1838 1446 bruta
1854 1385 1893 1444 ad
1908 1383 1964 1444 ho·

421 1479 704 1564 praenoseittquod
720 1479 856 1541 maxime
872 1480 922 1541 his
937 1480 1094 1559 contingit
1110 1481 1165 1561 qui
1220 1482 1343 1542 minum
1359 1481 1573 1562 deceptiones,
1591 1482 1698 1562 ltaque
1718 1481 1901 1563 hujusmodi
1918 1481 1964 1542 di·

420 1599 492 1641 eum
515 1577 712 1640 daemonibus
735 1587 827 1658 paota
849 1578 977 1641 habent.
1003 1578 1035 1640 st
1058 1578 1165 1659 itaque
1220 1579 1383 1643 vinatione
1398 1581 1445 1641 uti
1466 1580 1561 1641 latius
1580 1599 1677 1660 qnam
1698 1599 1731 1642 se
1746 1579 1887 1642 extendit.
1910 1599 1965 1660 per

420 1675 553 1740 somniis
578 1675 651 1755 quis
675 1684 792 1751 utatur,
810 1684 904 1757 prout
927 1676 1103 1756 procedunt
1127 1696 1166 1739 ex
1221 1687 1376 1755 naturam,
1390 1688 1442 1740 aut
1459 1699 1515 1761 per
1531 1679 1646 1742 divinae
1662 1679 1869 1762 providentia)
1884 1679 1966 1742 ordi-

420 1775 612 1838 revelatione
642 1773 786 1855 angelica
810 1793 865 1836 seu
898 1775 1020 1847 divina,
1047 1784 1103 1836 aut
1128 1793 1165 1837 ex
1221 1798 1305 1854 nem,
1324 1779 1579 1859 superstitiosum
1600 1787 1756 1841 censetur.
1778 1778 1840 1840 Nee
1856 1778 1965 1841 obviat

420 1893 515 1937 causa
540 1871 676 1935 naturali
704 1872 887 1947 intrinseca,
914 1892 969 1935 sen
994 1874 1089 1936 etiam
1115 1893 1166 1935 ex·
1183 1874 1205 1935 B
1221 1876 1271 1939 his
1291 1878 1376 1958 qnod
1396 1878 1512 1960 loseph
1534 1877 1615 1939 dixit
1637 1877 1698 1939 sibi
1722 1897 1784 1940 non
1805 1896 1876 1940 esse
1891 1897 1965 1941 eon·
1996 1893 2091 1934 nenne.

422 1972 559 2034 trinseca
585 1971 802 2052 eorporali,in
825 1979 980 2051 quantum
1002 1991 1036 2035 se
1063 1979 1166 2054 potest
1222 1976 1360 2038 similem
1382 1976 1412 2037 in
1437 1976 1612 2055 augurandi
1634 1976 1776 2038 seientia.
1793 1976 1858 2038 lloe
1878 1976 1963 2038 enim
1980 1959 2009 1996 ¹³·

421 2070 589 2133 extendere
599 2070 700 2132 virtus
716 2069 899 2149 hujusmodi
915 2089 1028 2145 causae,
1039 2088 1103 2133 non
1119 2079 1167 2132 est
1222 2075 1409 2154 (secundum
1427 2075 1652 2154 augustinum)
1665 2075 1737 2154 jooo
1751 2074 1898 2136 assernit.

422 2169 578 2232 divinatio
597 2167 718 2242 illicita,
737 2166 813 2248 quia
828 2167 874 2229 sie
893 2168 1009 2249 loseph
1025 2187 1063 2230 ex
1081 2186 1168 2232 reve
1261 2173 1306 2234 Ex
1326 2173 1375 2234 his
1392 2181 1515 2236 constat
1534 2173 1672 2253 qualiter
1687 2173 1852 2234 intendere
1873 2172 1967 2234 liccat

422 2268 541 2330 latione
556 2266 665 2328 divina
680 2265 826 2347 exposuit
843 2267 968 2328 somnia
984 2267 1165 2343 Pharaonis,
1222 2271 1354 2332 somniis
1370 2280 1424 2333 aut
1439 2271 1591 2350 auguriis.
1606 2270 1779 2350 Augurium
1797 2278 1903 2332 tamen
1920 2291 1967 2332 se·

288 2375 408 2426 '’vr-rutt
422 2375 454 2430 et
478 2365 587 2428 Daniel
611 2363 735 2427 somnia
759 2364 1048 2427 Nabuchodonosor
1070 2367 1165 2446 regis.
1222 2369 1359 2431 eundum
1377 2387 1577 2431 communem
1594 2369 1723 2430 modum
1739 2368 1904 2449 loquendi,
1919 2387 1966 2430 so-

276 2443 353 2494 “'‘⁹'
422 2465 551 2545 (beista
566 2463 698 2525 materia
714 2462 970 2545 pulchreseribit
986 2463 1018 2524 in
1035 2464 1166 2545 speciali
1224 2475 1277 2528 nat
1307 2467 1338 2528 in
1365 2467 1489 2529 vitium.
1517 2467 1572 2528 Est
1600 2475 1704 2528 autem
1736 2465 1964 2548 periculosum,

422 2570 557 2626 tractatu
567 2560 916 2642 Boetius‚)—hmplius
927 2562 1165 2638 advertendum,
1224 2565 1397 2646 presertim
1421 2564 1632 2647 simplicibus,
1649 2565 1811 2626 attendere
1828 2565 1964 2641 somnia,

421 2661 507 2743 quod
532 2660 638 2723 avium
664 2659 831 2735 motiones,
850 2659 986 2740 garritus
1010 2669 1042 2722 et
1063 2670 1167 2723 motus
1222 2663 1299 2744 qnia
1323 2663 1355 2724 in
1382 2663 1428 2752 eis
1458 2663 1642 2742 contingere
1666 2663 1833 2745 multiplex
1864 2671 1967 2745 potest

421 2773 516 2845 atquc
530 2762 714 2826 consimiles
729 2781 836 2824 earum
853 2761 1168 2844 dispositionesmsse
1225 2762 1361 2825 lallaeia.
1378 2762 1508 2845 Propter
1523 2763 1608 2843 qued
1625 2763 1779 2844 seriptum
1796 2770 1843 2824 est
1859 2762 1894 2823 in
1911 2762 1966 2824 Ee-

422 2880 486 2925 non
499 2861 605 2922 valent
616 2879 718 2922 causae
735 2859 915 2922 futurorum
926 2870 1097 2923 eventuum
1114 2870 1167 2923 ant
1222 2860 1400 2923 clesiastieo
1423 2881 1429 2924 :
1452 2860 1581 2923 Somnia
1605 2860 1761 2922 extollunt
1786 2860 1967 2941 impruden·
2007 2875 2088 2946 neeri.-

421 2969 548 3022 actuum
565 2957 775 3020 humanorum
786 2958 872 3020 :ideo
888 2959 914 3020 si
928 2977 966 3021 ex
983 2958 1046 3020 illis
1061 2958 1168 3022 lutura
1222 2965 1281 3020 tea.
1307 2957 1399 3031 Onesi
1425 2959 1480 3039 qni
1505 2957 1715 3039 apprehendit
1737 2957 1895 3034 umbram,
1920 2978 1967 3020 se
1981 2953 2044 2981 '¹¹¹⁹'
2058 2942 2095 2978 ¹'‘'

421 3057 529 3138 aliqua
545 3064 793 3138 praenoscantur,
810 3056 870 3118 boe
892 3065 939 3118 est
962 3056 1166 3138 inquantum
1185 3054 1206 3117 C
1222 3057 1361 3118 eundum
1387 3056 1445 3120 hoe
1468 3055 1549 3118 visio
1574 3055 1781 3118 somniorum.
1807 3055 1967 3119 Divinatio

421 3155 558 3234 garritus
589 3172 645 3215 sen
670 3171 764 3215 voces
794 3173 830 3217 ac
856 3162 961 3216 motus
992 3163 1065 3216 sunt
1090 3155 1168 3218 elle·
1222 3153 1351 3230 erroris,
1375 3163 1407 3216 et
1430 3154 1562 3235 auguria
1587 3153 1761 3229 mendacia,
1786 3161 1817 3216 et
1842 3154 1967 3217 somnia

421 3261 491 3315 etus
507 3252 716 3333 quarumdam
737 3270 913 3329 causarum,
931 3273 1002 3334 quae
1025 3254 1073 3316 vel
1098 3273 1170 3317 eau—
1224 3251 1503 3328 malefacientium,
1525 3252 1648 3315 vanitas
1670 3260 1727 3314 est.
1752 3251 1838 3313 Siout
1861 3261 1968 3332 partu-

422 3358 559 3424 sentent
569 3348 662 3411 etiam
675 3360 936 3430 praecognoscunt
946 3351 1070 3414 tuturos
1081 3372 1170 3416 even-
1223 3350 1345 3425 rientis,
1367 3369 1421 3412 eor
1441 3359 1529 3412 tunm
1552 3349 1733 3431 phantasias
1756 3350 1885 3432 patitur,
1905 3349 1968 3410 nisi

424 3447 594 3518 tus.Causa
610 3465 684 3509 vero
700 3446 920 3528 operationum
936 3448 1170 3526 brutorum,est
1226 3449 1321 3510 luerit
1335 3448 1375 3511 ab
1390 3449 1552 3512 altissime
1569 3448 1684 3511 emissa
1700 3447 1847 3510 visitatio.
1858 3449 1901 3510 Ne
1917 3450 1969 3510 de

422 3546 552 3627 quidam
570 3545 739 3606 instinctus
758 3564 822 3626 quo
845 3555 1013 3608 moventur
1029 3568 1086 3629 per
1106 3568 1170 3611 mo·
1225 3548 1309 3608 deris
1321 3547 1353 3608 in
1371 3548 1435 3608 illis
1446 3567 1500 3610 eor
1516 3556 1604 3608 tuum
1616 3565 1622 3607 :
1633 3547 1749 3609 multos
1765 3547 1849 3608 enim
1862 3565 1969 3609 errare

423 3645 498 3705 dum
516 3651 635 3705 naturae
646 3651 677 3705 et
693 3643 798 3724 potius
808 3652 946 3723 aguntur
956 3664 1049 3725 quam
1062 3656 1168 3726 agunt,
1226 3631 1369 3709 lecerunt
1391 3645 1525 3719 somnia,
1543 3653 1572 3706 et
1598 3644 1783 3707 exciderunt
1803 3653 1968 3725 sperantes

424 3742 600 3804 secundnm
615 3742 855 3816 Damascenum‚
870 3743 1021 3822 queniam
1038 3763 1168 3807 snorum
1225 3744 1258 3804 in
1275 3743 1336 3821 eis

423 3849 550 3903 actuum
569 3858 631 3901 non
648 3839 766 3902 habent
781 3839 970 3902 dominium.
982 3843 1168 3923 lluJ'usmodi
1265 3840 1413 3921 Sequitur
1431 3859 1438 3904 ζ
1458 3844 1567 3920 Neque
1583 3843 1617 3901 r'n
1635 3844 1810 3900 rotundum
1826 3845 1970 3900 attende-

423 3947 528 4000 autem
551 3937 720 3999 instinctus
742 3945 790 3999 est
812 3937 939 4018 duplex.
953 3939 1039 4001 Unus
1062 3960 1171 4023 corpo·
1226 3943 1300 4000 bitis
1325 3961 1460 4010 comem,
1487 3960 1544 3998 nee
1568 3942 1689 3999 radetis
1714 3942 1856 4000 barbam.
1882 3939 1970 4001 Circa

425 4036 511 4112 ralis,
528 4035 604 4117 quia
624 4054 723 4115 quum
744 4034 837 4097 bruta
860 4054 923 4098 non
946 4037 1084 4100 habeant
1108 4039 1168 4101 nisi
1225 4039 1286 4101 hoe
1301 4038 1345 4100 ait
1360 4037 1469 4099 Glossa
1487 4054 1493 4098 :
1513 4037 1600 4100 Sicut
1616 4037 1738 4098 laoinnt
1754 4036 1893 4099 Barbari.
1911 4038 1969 4099 De-

424 4134 563 4196 animam
580 4132 764 4195 sensitivam
781 4141 876 4212 atque
892 4136 1056 4214 organicas
1072 4138 1167 4214 vires,
1224 4136 1278 4199 bet
1300 4136 1384 4198 enirn
1404 4136 1541 4216 quisque
1563 4154 1632 4198 esse
1655 4143 1821 4198 contentus
1844 4142 1970 4197 natura·

424 4231 589 4311 subjacent
613 4229 818 4311 dispositioni
843 4233 985 4312 eorporis
1007 4234 1170 4297 continen-
1185 4233 1209 4295 D
1226 4235 1308 4296 libus
1330 4234 1537 4311 ornamentis,
1560 4253 1600 4295 ne
1622 4234 1799 4296 Creatorem
1825 4233 1969 4296 videatur

425 4328 634 4404 tis‚videlieet
648 4326 927 4403 aeris,inlluentiis
942 4349 1069 4412 quoque
1080 4333 1171 4395 coele·
1224 4351 1372 4396 accusare
1389 4341 1538 4412 tanquam
1556 4332 1762 4412 impotentem
1779 4349 1859 4412 opus
1876 4351 1966 4393 sunm

426 4428 521 4489 stium
538 4446 718 4508 corporum.
737 4425 851 4507 Sicque
866 4429 1010 4508 quaedam
1027 4430 1169 4492 actiones
1224 4430 1380 4513 perlicere
1394 4453 1400 4503 ;
1419 4448 1477 4491 nee
1494 4429 1587 4490 debet
1602 4429 1674 4510 quis
1690 4429 1723 4489 in
1740 4429 1890 4491 honorem
1908 4431 1968 4491 dre

425 4526 591 4589 brutorum
617 4544 686 4587 esse
711 4533 844 4606 possunt
872 4525 1051 4589 futurorum
1079 4529 1169 4608 signa
1225 4547 1353 4590 nronum
1371 4527 1537 4590 cincinnos
1555 4526 1677 4590 nutrire
1696 4537 1727 4590 et
1749 4527 1867 4602 lovere,
1885 4528 1966 4589 sicut

425 4633 608 4700 eventuum,
622 4624 654 4685 in
669 4632 823 4704 qnantum
840 4623 1041 4705 dispositioni
1059 4627 1170 4706 praedi·
1225 4627 1352 4688 student
1373 4625 1486 4707 pagani
1508 4645 1677 4707 puerorum
1699 4626 1803 4708 capita
1817 4626 1967 4689 daemoni-

424 4734 548 4787 etorum
570 4740 738 4804 eorporum
759 4721 1010 4785 conformantur.
1028 4725 1104 4786 Nam
1132 4746 1170 4788 ex
1224 4725 1283 4785 bus
1310 4723 1430 4786 ellerre
1447 4741 1454 4784 :
1472 4724 1558 4804 qnod
1582 4723 1634 4785 bie
1660 4723 1796 4785 maxime
1822 4723 1967 4805 probibe-

425 4820 585 4905 praedietis
601 4820 704 4883 causis
725 4819 818 4882 bruta
839 4832 1035 4901 cognoscunt
1056 4824 1167 4900 multa,
1224 4831 1286 4884 tur.
1299 4822 1369 4883 Hae
1385 4821 1494 4883 Glossa
1515 4821 1658 4903 sequitur
1675 4840 1682 4883 :
1699 4822 1760 4883 lsta
1779 4839 1854 4900 ergo
1873 4822 1966 4902 jussit

423 4939 495 5001 qum
515 4927 635 4981 naturae
654 4936 763 4980 eorum
786 4919 963 4981 necessaria
983 4929 1116 4998 exstant,
1136 4931 1169 4983 nt
1225 4920 1377 4983 Dominus
1393 4920 1512 5002 populo
1531 4920 1563 4980 in
1579 4921 1820 4982 detestationem
1837 4919 1968 4983 idolola-

424 5027 498 5082 sunt
513 5017 749 5080 immutationes
760 5037 798 5077 ex
809 5016 912 5078 ventis
922 5026 954 5080 et
970 5018 1170 5099 pluviisUn-
1226 5028 1355 5094 tuarum,
1378 5017 1431 5098 qni
1458 5037 1581 5080 comam
1603 5017 1809 5080 attendebant
1834 5020 1967 5081 rotunde

423 5119 462 5180 de
478 5119 515 5179 ad
533 5116 608 5178 talia
628 5115 823 5197 praesciente
838 5115 1040 5177 considerare
1060 5119 1167 5179 avium
1224 5118 1257 5178 in
1281 5115 1396 5197 eapitis
1419 5135 1506 5198 gyro,
1525 5123 1556 5177 et
1579 5116 1708 5177 barbam
1733 5137 1820 5179 suam
1843 5117 1967 5180 abrase-

423 5215 559 5297 garritus
570 5233 606 5276 ae
618 5222 736 5294 gestus,
746 5231 809 5274 non
826 5221 875 5274 est
891 5214 1166 5294 superstitiosum:
1225 5223 1319 5288 runt3
1337 5233 1472 5294 quornm
1489 5213 1583 5276 etiam
1604 5216 1782 5277 sacerdotes
1804 5215 1836 5276 in
1854 5215 1965 5277 ritibus

423 5322 458 5375 ut
472 5311 583 5393 siquis
598 5311 682 5373 dieat
698 5310 831 5372 imbrem
847 5309 911 5372 cito
928 5309 1168 5393 luturnm‚quia
1225 5313 1291 5374 suis
1306 5311 1551 5374 vulneraverunt
1571 5332 1604 5374 se
1622 5313 1705 5375 lerro
1726 5315 1882 5394 usquead
1899 5333 1966 5375 san-
