4309 6259
416 493 475 560 200
803 508 977 557 manuario
997 509 1028 557 ut
1050 509 1119 557 car.
1142 507 1163 556 x
1184 509 1320 558 taurici.
1343 531 1384 546 -··
1404 513 1475 561 aar.
1499 512 1575 562 xun

455 686 545 750 Circa
560 687 627 750 haee
650 685 791 768 loquitur
806 683 1002 766 Augustinus
1020 702 1027 748 :
1046 683 1079 747 Si
1095 701 1158 747 non
1175 681 1201 744 A
1216 685 1369 767 speciales
1394 696 1500 769 partes
1531 689 1688 772 deputata
1713 709 1751 754 ex
1780 689 1859 772 lege.
1891 692 1960 752 ft'bi

417 787 508 850 licuit
523 787 569 850 eis
584 785 695 848 bibere
710 785 821 847 vinum
832 793 864 847 et
878 783 1023 860 siceram,
1033 783 1161 864 quando
1215 787 1302 846 enim
1317 795 1347 846 et
1362 789 1471 847 tiberis
1489 789 1552 848 tais
1568 791 1706 866 reposita
1721 801 1797 852 sant
1819 790 1961 853 membra

416 886 591 967 ingressuri
607 893 697 948 erant
716 882 967 958 tabernaculum,
985 901 1065 964 quos
1086 900 1163 963 quo·
1217 882 1348 965 prefata
1362 889 1401 946 de
1416 888 1528 946 hostiis
1544 890 1743 949 salutaribus
1757 890 1904 967 filioram
1924 892 1962 950 fs-

417 985 496 1047 tidie
511 1003 640 1046 neeesse
654 991 722 1045 erat
737 983 817 1044 illud
833 981 952 1045 intrare
967 989 999 1044 et
1013 980 1162 1044 accedere
1217 987 1295 1054 raet,
1314 982 1346 1043 id
1362 991 1410 1045 est
1425 984 1463 1046 de
1478 984 1625 1066 pacificis
1641 986 1765 1064 hostiis,
1783 988 1822 1050 de
1846 987 1962 1069 quibus

418 1087 457 1149 ad
473 1083 582 1160 altare,
600 1083 654 1145 ubi
671 1081 814 1164 quotidie
835 1080 1088 1157 sacrificabatur,
1106 1098 1163 1142 eur
1218 1089 1342 1162 poterat
1357 1080 1545 1146 mulieribus
1568 1083 1691 1165 aliquid
1713 1083 1802 1161 dari;
1825 1107 1859 1146 eo
1880 1090 1963 1167 quad

419 1203 494 1264 ergo
509 1201 573 1245 non
595 1181 675 1244 dixit
696 1181 849 1257 Dominus
871 1180 1022 1255 breviter,
1044 1178 1163 1241 Vinum
1219 1201 1349 1240 arreum
1364 1191 1393 1241 ei
1406 1192 1515 1260 pectas
1530 1194 1560 1244 et
1574 1185 1685 1262 adipes
1701 1186 1760 1264 qai
1780 1197 1964 1246 mercaretur

419 1302 483 1344 non
499 1281 637 1358 bibetis;
654 1281 709 1343 sed
730 1279 864 1356 addidit,
882 1278 1012 1353 Quando
1033 1277 1164 1340 intrabi-
1219 1279 1255 1338 in
1271 1279 1425 1350 aitari,id
1441 1287 1489 1342 est
1505 1300 1600 1362 super
1615 1281 1714 1346 altare
1729 1282 1917 1360 holocausti,
1927 1285 1964 1348 de

419 1381 472 1457 tis,
488 1385 575 1444 etet
594 1380 643 1442 An
665 1378 740 1461 quia
762 1398 857 1441 causa
882 1376 1099 1441 conbibendi
1123 1385 1164 1439 ta·
1219 1376 1337 1456 quibus
1353 1378 1502 1460 adipibus
1524 1379 1568 1442 nil
1589 1380 1751 1458 edebatur,
1772 1385 1965 1443 elevaverint

419 1481 521 1543 conda
536 1497 600 1541 non
616 1487 693 1554 erat,
703 1485 733 1539 et
748 1475 896 1554 maxime,
914 1476 1067 1558 quoniam
1084 1476 1165 1538 Deus
1220 1497 1328 1536 eoram
1343 1480 1492 1550 Dareine,
1506 1478 1539 1540 id
1554 1487 1612 1556 est,
1624 1479 1746 1543 ratione
1762 1480 1965 1544 sacerdotalis

367 1644 373 1662 ι
421 1578 608 1660 praesciebat
627 1576 743 1638 multos
764 1584 883 1657 postea,
907 1574 1003 1638 etiam
1024 1593 1166 1637 summos
1221 1573 1324 1637 officii
1348 1585 1535 1658 competunt
1556 1577 1648 1642 vobis
1670 1577 1720 1642 bae
1739 1574 1857 1661 partes,
1874 1580 1965 1660 enjus

421 1673 1022 1755 sacerdotes,luturosunotempore,id
1038 1681 1165 1736 estnon
1221 1671 1324 1736 officii
1351 1676 1538 1740 auctoritate
1568 1677 1720 1760 competit
1750 1678 1965 1741 sacerdotibus

421 1795 478 1858 per
498 1774 743 1850 successionem,
760 1773 816 1854 qui
837 1772 987 1835 universo
1008 1772 1056 1833 illi
1074 1771 1167 1833 mini·
1222 1790 1275 1834 eas
1285 1790 1391 1834 eoram
1403 1773 1466 1836 Deo
1478 1772 1591 1850 levare,
1599 1775 1675 1837 dum
1688 1774 1846 1838 sacrificia
1856 1776 1967 1839 saluta-

421 1874 518 1937 sterio
534 1873 676 1936 vicissim
696 1872 906 1948 deservirent,
923 1880 955 1933 et
976 1879 1050 1933 tunc
1071 1869 1168 1934 serri—
1183 1871 1206 1932 B
1224 1869 1269 1931 ria
1285 1869 1479 1950 offeruntur,
1493 1873 1576 1936 sicut
1591 1873 1754 1937 multoties
1769 1874 1891 1936 dictum
1908 1883 1964 1938 est.

422 1973 485 2035 turi
501 1973 535 2034 in
551 1971 765 2047 tabernaculo,
783 1971 894 2033 vinum
912 1988 976 2032 uon
991 1968 1167 2031 bibebantl
1271 1972 1363 2030 Ineter
1387 1973 1454 2032 liae
1479 1973 1607 2033 bircam
1632 1973 1690 2051 qui
1714 1975 1839 2034 oblatas
1859 1975 1968 2052 suerat

422 2072 493 2134 llaec
522 2070 728 2152 Augustinus.
760 2069 984 2132 Verumtamen
1013 2069 1052 2131 ad
1083 2067 1168 2130 istud
1220 2086 1280 2144 pro
1302 2079 1430 2144 peceato
1457 2068 1560 2150 plebis
1587 2088 1643 2132 seu
1669 2069 1842 2152 principis,
1868 2092 1968 2150 qnam

423 2170 550 2235 ridetur
565 2169 704 2233 breviter
719 2168 782 2232 diei
799 2187 903 2250 posse,
921 2169 1006 2249 quod
1022 2167 1168 2249 quamvis
1223 2177 1376 2244 otiarer-et
1403 2171 1535 2245 Moyses,
1554 2168 1585 2230 id
1611 2176 1658 2230 est
1683 2187 1794 2232 carnes
1816 2167 1898 2232 hirci
1924 2169 1969 2230 sic

424 2269 565 2351 quotidie
577 2267 701 2331 fiebant
718 2268 749 2329 in
763 2267 882 2349 templo
898 2265 1070 2341 sacrificia,
1089 2266 1170 2327 mul·
1225 2263 1405 2328 immolati:
1425 2267 1482 2328 has
1499 2285 1637 2349 namque
1656 2267 1818 2348 querebat
1837 2267 1967 2349 Moyses,

424 2366 576 2450 tiplieatis
592 2375 698 2428 tamen
714 2364 943 2442 sacerdotibus,
962 2363 1082 2445 singuli
1105 2381 1169 2426 non
1224 2362 1263 2424 ad
1286 2363 1458 2427 videndum
1483 2384 1523 2428 an
1550 2366 1582 2427 iu
1603 2384 1659 2429 esu
1684 2384 1792 2428 earum
1817 2365 1970 2430 laxasset

424 2467 686 2529 ministraverunt
700 2464 844 2546 quotidie
860 2465 892 2525 iu
908 2463 1031 2527 eodem.
1049 2463 1082 2525 ln
1099 2461 1172 2525 soli·
1226 2471 1364 2538 servata;
1383 2475 1532 2525 anassem
1547 2467 1675 2543 reperit,
1693 2464 1769 2546 quia
1786 2472 1886 2527 totum
1902 2483 1971 2528 eor-

425 2565 537 2628 tndine
552 2570 658 2626 autem
675 2564 781 2626 deerat
794 2563 917 2626 vinum.
1226 2577 1286 2641 pus
1301 2561 1371 2642 ejus
1388 2561 1450 2624 fuit
1467 2561 1612 2625 relictum
1629 2562 1662 2624 in
1679 2563 1753 2644 igne
1769 2581 1806 2625 ex
1827 2562 1971 2626 inadver-

466 2669 605 2726 Loentns
618 2672 663 2723 est
673 2666 796 2740 Moyses
811 2666 855 2723 ad
864 2665 976 2724 Aaron
990 2671 1020 2723 et
1031 2665 1173 2724 Eleazar
1226 2659 1326 2722 tentia
1352 2661 1560 2740 sacerdotum,
1578 2661 1633 2743 qui
1656 2680 1792 2725 moerorc
1810 2669 1842 2724 et
1868 2663 1972 2725 turba-

426 2773 456 2824 οῖ
471 2765 621 2824 Ithamar
636 2764 723 2840 filios
744 2762 814 2838 ejus
835 2762 1001 2840 quierant
1021 2761 1172 2820 residui:
1228 2756 1314 2820 tione
1339 2758 1476 2822 confecti
1500 2759 1630 2824 fuerunt
1645 2779 1684 2822 ex
1702 2759 1850 2823 horribili
1870 2769 1971 2823 morte

324 2885 327 2889 ’
432 2863 543 2923 Tollite
556 2862 755 2938 sacrificium
769 2863 855 2940 quod
869 2861 1027 2920 remansit
1037 2862 1077 2919 eie
1093 2861 1174 2920 odia·
1228 2857 1488 2920 consacerdotum
1514 2867 1545 2921 ct
1570 2857 1703 2920 fratrum
1728 2876 1868 2921 suorum.
1899 2862 1972 2920 Ira·

429 2961 515 3020 tione
529 2960 676 3029 Domini,
694 2957 726 3018 id
742 2965 801 3034 est,
819 2964 923 3039 partes
939 2955 1172 3019 sacrificiorum
1230 2965 1340 3036 iusque
1358 2955 1404 3018 ira
1423 2975 1479 3038 per
1499 2956 1602 3019 zelum
1623 2967 1734 3017 eontra
1755 2958 1840 3034 filios
1859 2959 1971 3018 Aaron

428 3057 520 3122 vohis
536 3058 702 3139 deputatas
718 3056 864 3138 accipite,
876 3067 905 3116 et
920 3059 1073 3116 comedite
1088 3058 1174 3116 iliad
1189 3059 1211 3122 C
1228 3055 1286 3132 qai
1300 3065 1533 3125 remanserant,
1544 3057 1591 3116 nit
1607 3076 1618 3114 .·
1636 3056 1700 3115 Car
1714 3075 1779 3116 non
1794 3055 1971 3114 conacdistis

428 3159 545 3236 absque
558 3158 728 3233 fermento,
744 3154 777 3216 id
797 3163 845 3216 est
866 3173 939 3216 cum
954 3153 1073 3236 azymis
1089 3153 1176 3235 pani·
1228 3155 1365 3213 bostiam
1376 3174 1438 3231 ,tn-o
1450 3164 1578 3232 peccam
1594 3154 1630 3214 in
1646 3157 1844 3225 locosancto,
1863 3153 1894 3213 id
1911 3159 1969 3228 est,

429 3257 500 3332 bus,
510 3257 614 3332 juata
635 3258 738 3314 altare
757 3253 933 3316 holocausti
959 3252 992 3315 in
1014 3253 1095 3316 atrio
1118 3272 1173 3315 seu
1228 3269 1285 3312 cur
1301 3270 1366 3314 non
1381 3251 1458 3314 satis
1474 3251 1661 3334 tempestive
1671 3250 1887 3314 manducastis
1903 3269 1987 3334 par·

430 3355 463 3416 in
480 3354 606 3429 exedra,
623 3352 684 3415 hoc
705 3359 754 3414 est
773 3350 964 3415 domuncula
984 3352 1030 3415 ibi
1054 3353 1115 3414 sita
1135 3352 1174 3414 ad
1230 3358 1276 3412 tes
1291 3349 1373 3413 hirei
1389 3368 1446 3432 pro
1462 3359 1591 3433 peccato
1606 3349 1888 3432 oblati,deputatas
1903 3347 1970 3412 esui

430 3452 758 3532 comedendumqaia
769 3462 1172 3513 sarietamsanctoramest.
1229 3457 1346 3526 vestro,
1360 3471 1432 3530 qaae
1446 3461 1558 3511 salicta
1580 3459 1763 3511 sanctorem
1777 3459 1832 3522 est,
1849 3459 1879 3510 et
1893 3452 1972 3510 data

433 3554 604 3614 Comedetis
619 3561 726 3613 autem
744 3553 778 3611 in
795 3555 981 3611 locosancto
995 3551 1061 3632 Jam
1077 3550 1173 3627 dicto,
1230 3551 1327 3618 arabis,
1352 3559 1386 3609 at
1407 3551 1537 3625 portetis
1561 3550 1767 3628 iniquitatem
1789 3550 1973 3610 multitudi-

431 3647 644 3730 quodannis
663 3660 708 3710 est
730 3651 788 3709 tibi
802 3660 831 3710 et
851 3651 933 3727 filiis
954 3651 1019 3709 tais
1037 3653 1077 3709 eie
1093 3651 1176 3710 obla·
1229 3651 1292 3718 nis,
1310 3647 1342 3709 id
1368 3654 1425 3724 est,
1444 3646 1573 3709 solliciti
1595 3646 1664 3708 sitis
1680 3646 1742 3709 Deo
1767 3646 1973 3710 reconciliare

432 3752 573 3811 tionibus
588 3750 735 3818 Domini,
752 3748 847 3810 idest
867 3756 972 3830 partes
988 3748 1081 3812 vobis
1101 3767 1176 3811 con·
1230 3764 1295 3824 coS,
1313 3764 1370 3828 pro
1391 3745 1506 3827 quibus
1528 3745 1653 3809 oblatus
1675 3753 1722 3808 est
1744 3744 1864 3822 uirens,
1880 3745 1972 3827 quasi

431 3868 535 3912 cessas
561 3867 599 3911 ex
620 3847 734 3910 hostiis
750 3867 808 3929 pro
831 3856 971 3930 peccato,
995 3867 1034 3910 ex
1058 3847 1176 3929 quibus
1230 3864 1340 3908 eorum
1358 3853 1486 3926 peccata
1501 3853 1608 3907 essent
1623 3847 1901 3921 vestraeiroyetis
1912 3865 1973 3924 pro

431 3949 492 4011 soli
507 3949 685 4011 sacerdotes
700 3948 793 4010 edere
808 3955 964 4029 poterant,
982 3964 1047 4010 nou
1063 3965 1176 4009 uxores
1229 3965 1265 4004 ea
1283 3946 1317 4004 in
1341 3953 1503 4021 conspeetu
1520 3944 1667 4012 Domini,
1682 3949 1792 4023 utpote
1813 3942 1927 4005 devote
1940 3950 1973 4004 et

432 4056 463 4110 et
480 4045 556 4110 filiae
572 4047 766 4122 eorumdem,
785 4046 867 4108 sleut
882 4047 921 4108 de
934 4045 1048 4108 hostiis
1064 4044 1177 4128 pacifi-
1231 4049 1582 4124 reverenter,tauquam
1600 4042 1631 4102 in
1648 4040 1700 4104 llei
1719 4041 1887 4122 prasentia
1902 4059 1974 4104 con-

432 4147 488 4222 cis,
506 4146 545 4207 de
560 4144 677 4226 quibus
692 4145 896 4227 subjungitur
918 4161 924 4206 :
949 4147 1175 4207 Peetnsentnm
1231 4140 1356 4204 stitutit
1367 4144 1548 4219 prasertim
1573 4161 1673 4221 quiem
1695 4143 1733 4200 (ie
1754 4142 1913 4218 sangnine
1934 4143 1974 4200 it-

432 4265 556 4325 qaoqae
580 4247 666 4323 qaod
679 4245 822 4304 oblatum
841 4254 896 4316 est,
917 4255 947 4305 et
962 4265 1093 4305 aninum
1117 4247 1177 4325 qni
1191 4245 1216 4306 D
1231 4244 1296 4301 iias
1313 4261 1375 4301 noa
1390 4243 1432 4301 sit
1448 4243 1577 4302 iliatam
1595 4242 1685 4300 intra
1700 4242 1832 4310 Sancta,
1849 4238 1909 4302 hoc
1925 4247 1972 4300 est

431 4351 598 4421 separatas
619 4351 674 4411 ast,
692 4340 725 4401 id
741 4350 787 4402 est
803 4349 931 4423 pectora
947 4349 979 4405 et
993 4360 1098 4405 armos
1120 4361 1176 4406 seu
1230 4339 1264 4401 in
1290 4339 1395 4422 ipsum
1417 4338 1655 4402 tabernaculum
1674 4337 1713 4400 ad
1734 4335 1910 4400 linieudnm
1934 4355 1973 4400 ex

432 4440 592 4516 humeros,
606 4439 668 4516 vol,
680 4448 716 4501 ut
730 4439 792 4502 alia
807 4440 903 4504 babet
916 4440 1093 4517 translatio,
1106 4441 1177 4504 bra·
1230 4458 1268 4503 eo
1283 4437 1381 4502 altare
1397 4438 1623 4521 thymiamatis,
1641 4436 1722 4500 sicut
1739 4435 1837 4499 fiebat
1850 4436 1890 4498 de
1905 4455 1973 4499 san·

432 4539 504 4603 ebia
526 4538 757 4602 sacrificiorum
778 4539 988 4621 pacificorum
1012 4540 1103 4603 vobis
1130 4560 1177 4603 re·
1231 4538 1327 4619 guine
1344 4538 1435 4600 vituli
1450 4556 1508 4620 pro
1524 4546 1653 4619 peceato
1674 4535 1784 4618 populi
1804 4533 1971 4612 immolati,

432 4639 652 4721 posita,adetis
668 4641 702 4698 in
716 4642 780 4699 ioco
793 4641 1005 4699 mundissimo
1017 4639 1083 4721 jam
1100 4659 1177 4721 prae-
1231 4646 1266 4699 ut
1281 4637 1414 4700 habetur
1429 4643 1543 4718 quarto
1558 4634 1708 4717 capitulo.
1727 4634 1759 4697 Si
1775 4642 1880 4696 antem
1897 4631 1973 4695 fuis·
1998 4652 2060 4697 aa.
2071 4647 2137 4728 aar}

432 4736 698 4812 fa10‚tuetsiiii
721 4738 771 4797 iai
789 4747 818 4796 et
832 4739 914 4813 filice
935 4747 997 4798 trare
1015 4748 1128 4810 terunt,
1145 4746 1177 4800 et
1232 4744 1279 4799 set
1307 4736 1346 4798 dc
1376 4735 1530 4815 sanguine
1559 4732 1640 4796 hirci
1670 4732 1765 4813 hujus
1791 4730 1912 4794 illatum
1938 4731 1971 4793 in

431 4837 543 4900 eadem
565 4835 688 4899 ratione
709 4852 834 4898 uxores.
851 4835 954 4898 Aaron
980 4844 1085 4899 amen
1112 4855 1175 4900 non
1232 4835 1355 4912 Sancta,
1374 4832 1486 4895 fuisset
1501 4841 1588 4896 entra
1603 4839 1715 4908 castra,
1734 4839 1768 4893 ut
1783 4830 1910 4906 dieitur,
1927 4839 1974 4894 to-

431 4935 548 5016 legitur
573 4933 658 4996 filias
683 4932 848 5011 habuisse,
876 4935 931 4996 sed
962 4933 1021 4996 suh
1047 4935 1177 5000 nomine
1233 4934 1337 4996 taliter
1353 4931 1650 4996 comburendusla't
1665 4933 1906 4992 cormanacum
1921 4933 1974 4990 de-

431 5035 532 5096 Aaron
557 5033 707 5112 dirigitur
721 5050 833 5111 ,sermo
858 5032 952 5095 etiam
973 5034 1013 5096 ad
1032 5043 1176 5117 posteros
1231 5036 1372 5094 bari-atis
1389 5036 1424 5094 in
1439 5033 1637 5102 sanatriario,
1656 5030 1687 5092 id
1703 5029 1800 5092 estin
1821 5029 1901 5092 atrio
1917 5047 1974 5092 seu

432 5133 512 5213 ejus.
544 5131 727 5194 Sacerdotes
752 5140 856 5194 autem
883 5131 922 5195 de
946 5133 1090 5214 partibus
1115 5132 1176 5196 sibi
1231 5133 1346 5196 exedra
1361 5131 1543 5194 sanctuarii.

431 5228 601 5310 deputatis,
628 5229 814 5292 dividebant
843 5237 875 5292 et
898 5230 1177 5294 communicabant
1271 5233 1445 5308 Respondit
1466 5233 1576 5291 Aaron
1596 5246 1654 5311 pro
1675 5226 1755 5289 filiis
1776 5225 1842 5289 suis
1863 5235 1894 5290 et
1915 5245 1973 5308 pro

432 5326 584 5390 uxoribus
597 5326 663 5390 suis
679 5336 710 5390 et
723 5326 865 5407 filiabus,
875 5328 991 5411 quibus
1007 5349 1072 5393 non
1087 5339 1178 5394 erant
1232 5349 1265 5394 se
1284 5347 1292 5392 ε
1319 5332 1430 5392 Oblata
1451 5339 1495 5391 est
1519 5329 1611 5390 bodie
1629 5329 1766 5389 'uictima
1785 5347 1847 5406 pro
1865 5347 1975 5406 pecca
