4309 6259
484 561 486 564 Ι
580 490 753 537 ENthth'l'lO
775 490 805 536 lN
827 490 894 536 GAP.
919 490 949 535 Vl
969 491 1165 539 rehabebunt.
1187 512 1228 524 ·-
1248 494 1319 540 ΛΒΤ.
1342 496 1375 541 xl

1683 479 1746 542 aas
1821 434 1823 437 ,

195 662 306 726 avium
325 661 445 725 offeret
463 664 526 725 Deo
548 680 605 743 pro
621 660 808 724 remissione
823 659 944 740 pcccati
959 660 985 723 A
1000 661 1073 724 tulit
1088 670 1193 725 autem
1209 664 1269 727 hoc
1284 663 1503 728 holocaustum
1519 665 1558 728 ad
1574 665 1630 728 Dei
1646 666 1744 730 hone·

195 761 343 837 Nazaraei,
369 772 399 822 ct
423 766 564 822 atteram
587 763 624 819 in
647 763 880 830 holocaustam,
904 760 943 822 ad

194 860 409 922 reverentiam
426 859 600 940 majestatis
611 858 729 920 divum
744 847 841 939 quam
857 857 945 920 inho-

195 958 322 1020 nerat'it
335 983 342 1033 3
362 969 391 1018 et
406 959 631 1035 iimrecabitar
643 977 704 1034 pre
719 978 767 1026 eo,
782 959 861 1035 qaia
875 977 945 1034 pce

192 1059 281 1118 cavit
295 1077 394 1133 saper
410 1066 548 1126 niortno,
560 1074 617 1137 per
634 1054 837 1137 praesentiam
854 1073 943 1116 suam

192 1155 233 1216 ad
250 1154 441 1218 morientem
456 1163 512 1216 aut
528 1163 701 1228 mertuum,
710 1153 799 1233 juxta
815 1171 943 1214 sensum

194 1261 405 1334 praetactum3
424 1253 473 1316 vel
495 1272 552 1334 per
571 1254 702 1316 modum
726 1251 888 1333 peccantis
912 1269 944 1312 se

191 1351 307 1414 habuit
322 1375 329 1427 3
346 1351 398 1414 vel
424 1351 520 1414 alicui
542 1350 645 1432 culpae
672 1370 736 1412 sue
763 1349 866 1412 iuerat
892 1350 945 1411 ad-

193 1450 414 1528 scribendum,
432 1450 518 1532 quod
538 1450 600 1512 [leo
624 1449 828 1531 permittente
846 1449 945 1511 conti-

193 1549 239 1630 git
256 1549 284 1611 ci
303 1549 367 1612 tale
384 1568 449 1612 suae
465 1548 713 1611 consecrationis
728 1547 941 1610 obstaculum.

193 1651 485 1728 Sanctificabitqac
507 1658 605 1726 capnt
626 1649 696 1725 ep'as
717 1649 771 1707 (tic
793 1649 862 1717 ille,
879 1663 944 1726 que

193 1747 257 1810 lleo
280 1747 327 1809 sic
351 1747 587 1822 reconciliatur,
607 1744 657 1809 vel
680 1764 737 1827 per
759 1763 874 1826 squam
899 1744 943 1806 lu·

999 779 1076 836 rem,
1102 762 1158 842 qui
1182 763 1319 825 contulit
1340 763 1484 827 Nazaraao
1509 764 1665 846 perlicere
1688 766 1744 830 ob-

999 862 1191 924 servantiam
1208 867 1360 925 suem.Et
1373 885 1462 924 ovem
1478 869 1669 926 anniculam
1679 885 1742 943 pro

995 971 1134 1035 parcente,
1152 961 1184 1022 id
1200 971 1247 1023 cst
1263 981 1320 1043 pre
1336 962 1440 1044 culpis
1455 983 1534 1044 quas
1550 963 1678 1025 interim
1695 965 1743 1026 in·

998 1058 1146 1133 currit‚ct
1156 1062 1289 1120 arietem
1301 1064 1550 1122 immacalatam
1561 1062 1593 1123 in
1605 1065 1743 1124 hostiam

995 1159 1181 1234 pacificam,
1199 1177 1256 1239 pro
1280 1159 1455 1238 gratiarum
1479 1160 1604 1223 actione
1627 1162 1667 1222 de
1691 1160 1743 1224 be

999 1254 1128 1318 noticiis
1143 1256 1205 1318 sibi
1221 1258 1357 1339 desuper
1372 1259 1465 1334 datis,
1476 1259 1651 1339 praesertim
1669 1267 1744 1321 tem-

999 1372 1075 1434 pore
1098 1373 1162 1417 suae
1184 1357 1444 1432 consecrationis,
1466 1365 1562 1438 atque
1585 1374 1643 1438 pro
1666 1376 1743 1438 pace

998 1452 1183 1514 aternitatis
1211 1461 1242 1515 et
1266 1473 1341 1516 vera
1368 1454 1469 1516 salute
1495 1453 1637 1517 finaliter
1662 1455 1744 1517 obti-

999 1550 1124 1612 nendis.
1151 1550 1247 1614 Perre
1270 1551 1416 1630 Magister
1442 1553 1474 1613 in
1500 1552 1643 1614 historiis
1667 1552 1740 1615 ait:

997 1646 1098 1720 Quum
1116 1649 1304 1731 simpliciter
1318 1650 1449 1732 ponitur
1463 1653 1561 1720 aries,
1577 1651 1688 1713 debuit
1703 1653 1742 1715 ed

998 1747 1105 1808 minus
1120 1767 1189 1809 essa
1205 1749 1340 1810 duorum
1356 1767 1523 1825 annorum,
1542 1759 1576 1811 ut
1593 1749 1670 1812 dicit
1685 1751 1741 1812 He·

191 1844 359 1908 strationis
370 1853 543 1928 purgatum
559 1854 589 1904 et
599 1845 793 1904 consecrabit
804 1845 940 1903 Domino
958 1845 980 1905 B
997 1843 1110 1907 bracus
1131 1849 1317 1907 Canistrnm
1332 1869 1456 1927 praeque
1467 1868 1594 1925 panum
1609 1869 1740 1926 asyme-

189 1947 259 2004 dics
268 1946 486 2021 separationis
500 1945 581 2020 ejus,
589 1942 621 2004 id
632 1949 689 2016 est,
699 1942 845 2004 sacerdes
862 1959 940 2022 prae-

190 2039 256 2104 lato
273 2041 339 2104 ritu
356 2039 490 2117 alliciet,
507 2041 593 2122 quod
609 2039 789 2103 observatio
806 2057 869 2120 qua
885 2039 939 2100 Na-

186 2159 308 2203 zaraeos
324 2140 473 2203 observat
493 2157 530 2201 ee
550 2157 621 2220 quaa
641 2139 670 2200 ci
690 2158 728 2200 ex
749 2137 817 2217 lege
833 2136 939 2218 injun-

185 2246 236 2301 cta
252 2247 340 2314 sunt,
358 2237 419 2301 erit
436 2237 552 2319 placita
567 2237 628 2300 [leo
644 2236 685 2298 ab
702 2255 740 2298 ca
755 2235 806 2298 die
822 2255 885 2316 qua
900 2236 939 2297 de

187 2356 272 2401 novo
283 2336 558 2400 consecrationem
575 2355 664 2398 suam
682 2334 803 2416 incepit
819 2353 874 2416 per
886 2333 940 2396 ite-

190 2445 291 2498 ratam
309 2454 441 2498 suorum
461 2434 662 2497 abrasionem
685 2433 823 2514 pilorum
847 2450 854 2493 :
877 2451 940 2513 qua

190 2534 418 2598 observatione
438 2533 593 2596 dividitor
614 2551 633 2594 a
657 2531 819 2595 communi
839 2531 941 2593 homi-

192 2653 270 2695 num
294 2633 371 2694 vita.
391 2638 532 2710 offerens
557 2631 626 2711 ipse
651 2632 797 2693 sacerdes
819 2650 941 2707 apnnm

191 2729 466 2810 aniciealnm,qui
482 2729 604 2792 scilicet
616 2747 678 2790 nen
696 2729 737 2789 sit
753 2729 835 2789 ultra
846 2728 941 2790 unius

189 2829 268 2892 anni
290 2837 429 2904 etatem,
444 2847 504 2904 pro
520 2837 648 2904 peccato
664 2825 799 2888 Nazaraei
819 2846 825 2888 :
843 2844 939 2907 quem

190 2947 310 3009 egnum
332 2925 464 2989 adduxit
484 2925 648 2986 Nazaraeos
669 2924 709 2986 ad
731 2925 938 2986 sacerdotem.

994 1943 1116 2014 ramin
1127 1944 1245 2025 quibus
1255 1944 1402 2008 videlieet
1414 1963 1478 2006 nen
1489 1954 1536 2007 θεῖ
1547 1945 1740 2009 fermentum

994 2041 1181 2119 admixtum,
1203 2045 1262 2123 qai
1280 2046 1441 2121 conspersi
1453 2046 1520 2104 sint
1535 2049 1612 2116 oleo,
1629 2053 1739 2126 utpote

994 2140 1089 2202 oleati
1106 2141 1138 2202 in
1155 2160 1212 2203 sua
1228 2141 1427 2223 pistretienc‚
1443 2152 1472 2201 et
1488 2146 1610 2218 lapana
1624 2145 1739 2223 absque

994 2240 1151 2315 fermento
1173 2250 1281 2310 ancta,
1307 2239 1338 2301 id
1361 2247 1409 2302 est
1432 2238 1498 2314 lita,
1521 2244 1598 2302 elce.
1615 2240 1739 2321 Lagona

995 2345 1069 2398 sunt
1095 2357 1192 2418 panes
1217 2338 1272 2400 lati
1297 2357 1333 2400 ac
1359 2345 1482 2413 tonucS,
1500 2338 1555 2419 qui
1579 2337 1739 2401 interdum

996 2441 1086 2496 tortae
1110 2443 1274 2497 vocantur,
1299 2434 1366 2512 l'el,
1395 2445 1430 2497 ut
1455 2435 1555 2516 aliqui
1580 2444 1736 2512 asserunt,

996 2541 1069 2594 sunt
1085 2552 1183 2615 panes
1200 2553 1238 2596 er
1254 2533 1359 2596 simila
1375 2534 1458 2597 cocti
1479 2534 1511 2595 in
1527 2534 1630 2596 calida
1644 2553 1738 2615 aqua.

996 2634 1043 2692 Ac
1058 2634 1218 2692 libamina
1232 2634 1449 2709 sinpnlcrnm,
1468 2633 1499 2694 id
1522 2641 1570 2694 est
1590 2633 1740 2695 materias

997 2728 1135 2810 liquidas
1154 2738 1186 2791 et
1204 2729 1412 2806 humectatas,
1430 2748 1500 2810 quae
1517 2729 1740 2793 offerebantur

996 2845 1067 2887 cum
1085 2825 1222 2907 panibus
1242 2824 1307 2887 illis
1327 2834 1359 2888 et
1380 2824 1519 2905 lagenis3
1541 2847 1613 2906 qnae
1632 2831 1739 2902 offeret

994 2927 1138 2984 sacerdos
1162 2945 1270 2984 coram
1294 2927 1446 2994 Domine,
1470 2924 1619 2987 videlicet
1644 2943 1739 3006 super

190 3027 308 3108 Sicque
330 3043 388 3108 pro
410 3030 539 3106 peccato
562 3022 698 3086 Nazaraei
720 3021 941 3085 efferebantur
956 3026 978 3091 G
995 3022 1093 3085 altare
1112 3022 1299 3098 holocausti,
1321 3024 1465 3102 olfaciet
1481 3033 1739 3100 comproperan-

144 3203 150 3214 ·
189 3123 353 3188 sacrificia
368 3123 443 3199 duo,
461 3121 611 3184 videlicet
634 3141 696 3183 una
718 3122 786 3183 avis
809 3121 941 3203 praeiata

189 3233 220 3287 ct
242 3241 357 3303 agnus.
376 3222 431 3284 Vel
455 3239 555 3300 agnus
579 3220 639 3282 istc
660 3219 858 3282 oflerebatur
883 3238 939 3302 pre

190 3321 327 3403 reliquis
354 3321 426 3400 ejus
451 3318 602 3400 pcccatis,
628 3326 683 3380 aut
708 3337 765 3399 pro
790 3317 940 3380 omnibus

190 3420 300 3482 simul.
317 3419 396 3481 Nam
413 3437 514 3479 unum
530 3417 663 3478 mortale
680 3416 748 3478 sine
762 3415 860 3478 altero
877 3435 939 3479 non

190 3517 367 3580 dimittitur
382 3517 411 3578 ei
432 3515 487 3597 qui
510 3514 601 3597 plura
622 3513 728 3576 habet.
745 3519 798 3574 Ita
819 3525 937 3586 tarsen,

191 3629 226 3680 at
240 3620 312 3678 <ties
323 3617 461 3693 priores,
471 3613 526 3696 qui
543 3613 755 3695 pollutionem
772 3631 941 3695 praecesse

191 3725 265 3778 runt
281 3717 347 3798 jam
364 3712 594 3789 dictam‚irriti
607 3717 703 3789 fiant,
716 3711 748 3773 id
764 3719 812 3773 est
827 3711 940 3773 cessati

190 3825 221 3878 et
236 3813 332 3896 quasi
348 3809 474 3886 iniecti,
495 3817 529 3871 ut
544 3809 659 3891 patuit.

232 3919 343 3985 Quam
358 3913 428 3971 dics
438 3929 515 3989 qnos
525 3930 566 3968 en
577 3919 646 3968 coto
656 3913 849 3980 decreverat,
859 3929 941 3969 cern-

187 4015 377 4090 ptebnntar,
394 4008 426 4069 id
447 4016 505 4084 est,
523 4006 664 4088 impletis
686 4006 799 4069 diebus
822 4006 939 4088 quibus

190 4109 342 4193 promisit
361 4108 425 4170 Deo
445 4105 576 4187 speciali
601 4105 772 4168 devotione
792 4106 912 4168 servire
930 4116 944 4180 ;'

995 3131 1036 3191 to,
1052 3141 1151 3200 qaam
1166 3123 1203 3181 in
1218 3124 1437 3181 holocaustam
1453 3142 1464 3181 .·
1480 3121 1513 3182 id
1533 3129 1593 3197 est,
1615 3129 1737 3203 partem

993 3237 1103 3282 eorum
1119 3237 1190 3301 quae
1205 3218 1290 3281 dicta
1305 3227 1390 3295 sunt,
1402 3218 1518 3282 oilerct
1533 3237 1591 3301 pro
1606 3226 1735 3300 peccato

994 3315 1140 3392 Nazaraei,
1153 3316 1236 3378 sieut
1250 3334 1435 3397 expressum
1450 3326 1509 3395 est,
1518 3326 1550 3379 et
1563 3324 1684 3398 partem
1702 3315 1735 3376 in

994 3412 1214 3477 holocaustum
1230 3433 1268 3475 ex
1283 3422 1372 3496 parte
1388 3414 1500 3496 ipsius.
1513 3416 1656 3476 Arietem
1667 3434 1739 3475 cero

994 3514 1174 3574 immolabit
1189 3515 1328 3572 hostiam
1338 3515 1513 3590 pacificam
1527 3516 1666 3574 Domino
1680 3533 1739 3594 pre

994 3609 1147 3686 Neaerae,
1165 3611 1257 3691 cujus
1272 3611 1468 3674 consecratio
1484 3620 1532 3674 est
1547 3610 1652 3688 linita,
1667 3616 1739 3691 offc-

994 3729 1067 3768 rens
1086 3710 1186 3768 simul
1206 3709 1387 3770 canistrum
1408 3729 1614 3787 azymorum,
1637 3711 1671 3773 id
1690 3720 1739 3772 est

994 3826 1120 3889 azymos
1140 3825 1238 3889 panes
1261 3806 1294 3867 in
1316 3806 1454 3889 cophino
1471 3808 1602 3890 positos,
1614 3819 1644 3870 et
1660 3813 1738 3872 tiba-

995 3909 1087 3967 mina
1101 3928 1174 3986 qaoe
1191 3927 1232 3965 eea
1251 3926 1337 3967 more
1355 3908 1521 3978 debentur,
1538 3907 1570 3970 id
1591 3916 1650 3985 est,
1668 3929 1739 3991 quat

993 4015 1181 4068 consuetum
1204 4023 1241 4066 ac
1258 4003 1408 4067 debitum
1430 4013 1478 4068 est
1503 4006 1597 4069 simul
1622 4007 1736 4071 efferri

993 4124 1066 4167 cum
1087 4102 1222 4186 pacifica
1244 4103 1358 4179 hostia,
1375 4103 1464 4183 juxta
1480 4104 1559 4167 illud
1575 4105 1706 4170 Levitici
1725 4127 1732 4171 :

189 4213 329 4272 addiscet
339 4204 583 4277 enm,videlicet
593 4204 935 4280 sacerdosNazaraeum,
952 4206 977 4267 [l
992 4202 1049 4277 Qui
1065 4201 1164 4265 ollert
1179 4200 1341 4264 victimam
1361 4201 1571 4283 pacificorum
1586 4205 1731 4285 Domino,
1749 4225 1873 4278 aarum

188 4308 243 4390 qui
271 4313 393 4368 statute
417 4311 558 4383 tempore
580 4301 783 4383 comparebat
806 4301 936 4378 ibidem,

188 4411 232 4468 aet
253 4407 374 4466 ostiam
396 4402 599 4468 tabernaculi
618 4402 761 4479 federis,
777 4399 809 4461 id
831 4409 879 4462 est
898 4402 938 4462 ad

189 4506 298 4569 lecum
314 4500 388 4565 atrii
403 4499 488 4562 circa
502 4499 603 4560 altare
619 4497 794 4560 holocausti
805 4522 812 4573 3
824 4509 854 4558 et
869 4505 940 4576 offe-

189 4615 236 4665 ret
262 4602 458 4664 oblatienem
482 4599 552 4674 ejas
576 4598 725 4667 Domino,
754 4595 786 4658 id
816 4605 874 4674 cst,
902 4617 939 4660 ea

190 4723 261 4786 quae
288 4699 453 4761 Nazaraeus
478 4694 609 4758 adduxit
629 4695 668 4757 ad
694 4694 938 4775 immolandum,

191 4796 376 4864 immolabit
397 4813 456 4876 pro
478 4812 515 4856 co
538 4794 694 4869 sacerdos,
708 4815 830 4870 apaam
847 4799 943 4856 anni-

191 4905 307 4961 culum
332 4897 595 4962 immacalatam,
621 4891 651 4952 id
678 4899 726 4954 est
751 4911 814 4955 nen
840 4893 943 4959 desor-

191 5015 293 5071 mem,
321 4991 455 5066 lindum,
481 4997 719 5052 monstruosum
743 4999 798 5053 aut
824 4991 943 5072 langui-

192 5097 280 5171 dum,
289 5095 326 5152 in
338 5089 662 5168 holocaustamqued
675 5085 736 5150 luit
746 5089 941 5152 sacrificium

193 5190 421 5274 dignissimum
447 5205 454 5250 :
479 5188 564 5250 unde
589 5205 648 5250 nec
673 5206 787 5269 pecora
812 5187 943 5252 feminei

193 5311 291 5356 sexus
305 5296 454 5372 poterent
464 5287 497 5348 in
513 5284 732 5348 holocaustum
748 5285 874 5350 olierri.
887 5289 944 5350 Ob

321 5421 354 5474 T.
372 5421 397 5471 2.

992 4299 1108 4362 oileret
1126 4298 1221 4360 simul
1242 4299 1416 4362 libamenta
1434 4300 1515 4380 ejus,
1534 4301 1664 4366 Posscnt
1683 4304 1736 4366 hic

992 4399 1092 4461 mults
1107 4397 1206 4478 quaeri
1224 4405 1256 4459 et
1274 4397 1338 4459 dici
1357 4398 1397 4460 de
1417 4398 1595 4461 rationibus
1614 4410 1646 4464 et
1660 4422 1735 4484 qua-

993 4497 1137 4558 litatibus
1161 4504 1192 4558 et
1221 4496 1378 4557 mensuris
1404 4496 1635 4561 sacrificiorum
1661 4501 1734 4565 isto·

995 4613 1075 4671 rum,
1093 4595 1133 4656 de
1156 4593 1273 4674 quibus
1294 4612 1389 4675 super
1410 4593 1586 4657 Leviticum
1611 4598 1732 4661 dictum
1768 4621 1855 4665 roiam

994 4701 1041 4756 est
1056 4693 1184 4774 copiose
1201 4713 1208 4756 :
1226 4690 1344 4754 idcirco
1360 4701 1554 4773 pertranseo.

1033 4796 1121 4853 Tana
1135 4794 1270 4851 radetur
1281 4793 1460 4854 nazaram
1471 4803 1546 4852 ante
1557 4798 1676 4856 ostiam
1690 4808 1736 4858 ta·

995 4892 1162 4953 bernacnti
1185 4891 1316 4966 foederis
1339 4891 1469 4949 coesarie
1489 4898 1735 4958 consecrationis

995 5013 1073 5063 san,
1091 4990 1124 5050 id
1145 4996 1203 5064 est,
1221 4987 1329 5069 capilli
1352 4986 1477 5068 capitis,
1493 5007 1585 5070 quea,
1603 4994 1739 5059 durante

998 5109 1054 5152 sua
1064 5087 1312 5162 consecratione,
1321 5086 1457 5167 portavit
1468 5106 1532 5149 nen
1544 5109 1641 5168 rasos,
1650 5093 1738 5157 abra-

997 5189 1114 5251 dentur
1124 5186 1156 5247 in
1168 5185 1294 5266 signum
1306 5185 1391 5266 quod
1401 5187 1598 5252 consecratio
1608 5210 1666 5252 sua
1677 5191 1741 5253 luit

999 5286 1103 5361 linita,
1120 5284 1286 5365 redireqoe
1306 5282 1410 5364 potuit
1428 5284 1580 5348 advitam
1597 5307 1739 5352 commu-

1586 5421 1616 5472 23
