4309 6259
564 496 737 545 uuannnrrc
758 497 789 541 uv
810 497 879 544 car.
903 497 933 541 vr
954 496 1149 543 uuusucnuu.
1172 515 1213 525 -
1233 496 1304 543 nur.
1328 497 1360 542 ει
1673 480 1730 545 351

187 667 312 734 levibus
328 668 435 730 causis
453 667 569 750 incipit
584 667 731 730 dubitare
752 668 790 730 de
811 667 933 731 bouita-
947 665 972 727 l
988 665 1089 748 spicio
1111 665 1183 729 talis
1205 675 1254 729 est
1273 667 1369 749 culpa
1390 667 1544 745 mortalis,
1568 688 1668 750 quum
1691 671 1733 732 sit

187 773 215 828 te
230 766 385 830 alterius:
406 775 437 830 et
457 767 517 830 boc
539 775 586 829 est
609 766 733 829 veniale
755 775 930 848 peccatum,
988 759 1099 826 contra
1123 765 1297 842 caritatem,
1316 785 1373 828 nce
1396 765 1437 828 sit
1457 765 1526 829 sinc
1548 777 1732 851 contemptu

185 865 350 946 pertinens
376 867 416 928 ad
443 865 649 928 tentationem
676 866 860 928 humanam.
885 865 934 928 Sc·
989 863 1136 944 proximi.
1155 863 1279 926 Tertius
1299 865 1415 944 gradus
1435 872 1493 940 est,
1511 865 1586 927 dum
1607 868 1680 947 quis
1695 887 1733 930 cn

184 965 321 1041 cundus,
339 966 415 1027 dum
432 983 470 1026 ex
492 963 616 1027 levibus
638 963 742 1026 causis
757 970 811 1025 aut
834 961 933 1039 siguis
989 960 1171 1042 suspicione
1186 962 1330 1043 procedit
1344 964 1382 1025 ad
1398 963 1529 1026 alterius
1544 966 1735 1029 condemua-

184 1061 303 1143 aliquis
315 1082 373 1144 pro
389 1072 476 1126 certo
493 1070 578 1124 tenet
594 1069 626 1124 et
641 1061 738 1124 sentit
759 1060 878 1124 malum
893 1061 933 1122 de
991 1060 1109 1123 tionem
1125 1079 1161 1122 ac
1177 1060 1377 1142 punitionem
1395 1079 1402 1124 :
1419 1071 1451 1124 et
1467 1061 1527 1124 boc
1542 1065 1671 1143 gravius
1686 1073 1735 1126 est

184 1161 285 1224 altero
303 1179 311 1223 :
329 1170 360 1224 ot
377 1161 404 1222 si
421 1162 538 1224 malum
558 1160 636 1222 illud
657 1169 704 1222 est
722 1159 864 1236 mortale,
883 1179 934 1220 su·
989 1157 1161 1240 predictis,
1178 1167 1209 1220 cl
1225 1158 1344 1222 directe
1359 1168 1469 1222 contra
1483 1161 1652 1240 justitiam.

790 1586 1114 1673 ARTICULUS
1153 1588 1214 1672 XI

227 1866 419 1914 bazctaua'rto
444 1866 619 1912 trursuatls
642 1864 779 1909 corruunt
802 1862 887 1908 sexul
911 1863 917 1908 :
943 1862 1131 1916 Locutusoue
1154 1863 1207 1907 EST
1227 1863 1359 1909 nolimus
1381 1865 1388 1909 :
1412 1865 1462 1910 vlu
1484 1866 1551 1911 Sll'li
1572 1867 1693 1913 tibulus.

257 2148 384 2210 Ulutll
401 2156 475 2208 sunt
492 2145 683 2218 excellenter
699 2143 787 2219 boni,
806 2160 869 2205 non
888 2158 937 2203 so
955 2139 978 2199 B
993 2140 1075 2203 riosa
1095 2160 1146 2204 res
1168 2150 1216 2204 est
1232 2143 1353 2222 vinum,
1371 2153 1402 2208 et
1422 2148 1616 2212 tumultuosa
1635 2151 1737 2214 ebrie

188 2145 254 2348 O
268 2248 335 2310 lum
356 2246 748 2326 observantespraeeepta,
766 2241 822 2304 sed
841 2239 936 2304 etiam
993 2249 1050 2301 tas.
1072 2244 1206 2302 Acetum
1228 2264 1270 2301 en
1289 2246 1365 2305 oino
1388 2255 1419 2305 et
1437 2267 1477 2306 ex
1502 2251 1643 2324 quot-ibet
1667 2254 1737 2312 olio

185 2345 478 2429 supererogationis
489 2362 586 2426 opera
597 2348 779 2406 exercentes
791 2357 799 2402 ε
813 2347 845 2402 et
860 2337 937 2400 talia
988 2340 1170 2416 potione,id
1186 2349 1234 2403 est
1249 2342 1288 2405 de
1299 2362 1500 2426 quocumque
1511 2354 1587 2427 potu
1601 2347 1737 2411 inebria-

178 2445 317 2526 .quidam
334 2452 433 2523 agunt
448 2462 485 2506 err
502 2441 569 2506 solo
585 2443 670 2505 bono
685 2438 863 2523 proposito;
881 2436 936 2500 alii
993 2437 1057 2500 tivo
1073 2439 1264 2516 conlectum,
1274 2451 1305 2502 et
1318 2443 1482 2522 quidquid
1496 2448 1535 2504 de
1550 2467 1615 2506 nvo
1630 2449 1737 2524 enori-

185 2551 292 2606 autcm
315 2561 353 2604 cx
378 2551 463 2619 voto,
481 2541 536 2624 qui
561 2541 593 2604 in
619 2539 718 2603 veteri
735 2539 936 2602 Testamenta
992 2539 1105 2609 mitur,
1128 2559 1193 2599 non
1217 2541 1333 2611 bibent,
1353 2549 1462 2622 utpote
1488 2561 1546 2605 uec
1566 2553 1733 2624 agrestam.

186 2642 383 2706 vocabantur
412 2641 564 2718 Nazaraei,
599 2640 655 2722 qui
688 2640 937 2719 interpretantur
997 2633 1079 2698 biens
1107 2649 1256 2708 recentes,
1280 2642 1442 2720 siccasque
1468 2663 1533 2706 non
1559 2649 1736 2717 comedent,

186 2741 301 2818 sancti,
320 2740 370 2803 vcl
393 2740 557 2816 florentes,
579 2747 633 2801 aut
652 2737 879 2817 germinantes,
897 2734 936 2795 de
991 2727 1066 2816 q'uia
1077 2735 1110 2797 in
1123 2735 1238 2799 talibus
1249 2746 1297 2801 est
1306 2738 1428 2820 aliquid
1444 2741 1484 2803 de
1494 2741 1561 2803 vini
1576 2743 1695 2823 vigore,
1705 2754 1738 2806 et

186 2838 305 2921 quibus
322 2858 409 2902 nunc
423 2839 538 2920 agitur.
556 2836 618 2899 llil
634 2845 739 2899 autem
762 2842 837 2897 suut
858 2851 936 2915 prae
991 2834 1030 2896 ad
1057 2835 1123 2897 vini
1149 2843 1259 2917 potum
1280 2835 1446 2913 alliciuut;
1470 2843 1594 2901 eunctis
1611 2846 1734 2915 diebus,

185 2937 281 3020 cipue
302 2937 390 3015 mali,
407 2937 464 3019 qui
487 2955 545 2998 nee
570 2943 727 3018 praeeepta
751 2932 934 3007 observant,
991 2936 1107 3012 quidus
1130 2955 1171 2993 en
1191 2946 1261 2995 voto
1275 2938 1413 2997 Domino
1437 2950 1674 3002 consecrantur.
1692 2942 1736 3004 Ex

63 3049 143 3101 sens,
159 3054 171 3093 ε
187 3055 245 3099 nec
261 3037 410 3116 graviora
426 3035 529 3100 vitant
545 3035 698 3111 facinora,
716 3033 799 3095 sicut
814 3029 936 3093 adulte-
991 3032 1051 3095 hoc
1075 3041 1210 3110 constat,
1227 3035 1312 3115 quod
1334 3054 1419 3098 nunc
1442 3036 1484 3097 sit
1508 3056 1612 3101 sermo
1630 3039 1670 3102 de
1689 3041 1736 3102 cis

114 3146 119 3155 “
187 3144 306 3212 rantes,
325 3134 499 3216 dequibus
515 3133 548 3196 iu
559 3131 751 3215 precedenti
769 3137 935 3193 tractatum
990 3131 1046 3212 qui
1062 3131 1198 3194 Nazaraei
1214 3141 1304 3195 erant
1318 3134 1357 3196 ad
1369 3140 1506 3216 tempus,
1516 3144 1549 3197 ul
1566 3137 1667 3200 adulti
1680 3139 1735 3220 qui

187 3243 235 3296 cst
257 3233 411 3317 capitulo.
428 3231 491 3295 Alii
511 3232 617 3294 medio
638 3231 733 3293 modo
756 3249 789 3293 se
804 3227 933 3291 habeut.
991 3219 1120 3312 proprio
1135 3238 1209 3293 voto
1228 3232 1267 3293 ad
1287 3239 1410 3294 certum
1432 3242 1557 3316 tempus
1573 3253 1736 3300 consecra-

185 3332 224 3394 L't
243 3349 321 3412 crgo
343 3331 491 3413 opposita
512 3331 603 3412 juxta
623 3349 656 3392 se
682 3329 795 3410 posita,
818 3327 935 3390 clarius
953 3318 1067 3395 Cbant
1092 3348 1126 3392 se
1145 3330 1289 3393 Domino.
1307 3330 1413 3412 Aliqui
1434 3352 1509 3396 vero
1532 3344 1624 3397 eraut
1643 3335 1736 3398 Naza-

183 3431 378 3507 elucescant,
397 3438 564 3512 postquem
585 3429 616 3490 in
638 3426 829 3510 precedenti
850 3425 936 3508 capi·
991 3428 1044 3490 rrei
1055 3447 1216 3509 peremne
1233 3437 1357 3511 tempus
1368 3430 1442 3494 vitae
1458 3451 1533 3509 sue,
1546 3433 1597 3497 vcl
1614 3444 1735 3498 exvoto

185 3530 252 3594 tulo
269 3530 308 3592 de
324 3528 474 3611 pessimis
489 3528 609 3591 dictum
626 3535 683 3604 est,
703 3545 787 3588 nunc
802 3526 842 3588 de
857 3523 935 3606 opti·
989 3528 1142 3608 parentis,
1158 3537 1193 3589 ut
1214 3528 1357 3604 Samucl3
1385 3530 1433 3594 vel
1450 3550 1488 3593 ex
1507 3533 1735 3598 commissione
1749 3562 1756 3605 ι
1766 3563 1879 3618 ΒΜ,

177 3629 245 3706 ,nris
261 3627 424 3690 recitetur.
988 3635 1019 3689 et
1035 3627 1228 3691 revelatione
1243 3627 1362 3704 divina,
1381 3636 1415 3690 ut
1431 3629 1576 3707 Samson,
1595 3641 1631 3693 ut
1646 3641 1733 3715 patet
1754 3661 1879 3714 onnam,

221 3731 427 3806 Loentnsqne
440 3735 485 3786 est
500 3728 660 3787 Dominus
676 3746 687 3784 .·
712 3727 767 3784 Vir
782 3725 849 3784 sive
864 3743 933 3784 rnn-
989 3726 1022 3788 in
1042 3724 1125 3788 libro
1141 3725 1286 3789 iudicum
1303 3750 1310 3799 ;
1328 3726 1376 3789 νει
1403 3746 1442 3789 ex
1463 3730 1593 3810 proprio
1615 3740 1697 3809 voto,
1714 3751 1733 3795 a
1748 3727 1768 3768 ⁵·

178 3831 256 3899 tier,
272 3847 376 3907 quum
391 3828 528 3905 fecerint
553 3834 662 3885 cotum
679 3833 714 3884 nt
735 3826 935 3901 sanctificen·
990 3833 1132 3906 tempore
1146 3843 1210 3906 quo
1226 3833 1389 3887 voverunt.
1401 3829 1569 3906 Quidquid
1582 3851 1624 3888 esc
1638 3833 1734 3893 cinea

182 3937 249 3996 rur,
261 3925 295 3987 id
311 3933 370 4001 cst,
388 3943 488 4006 quum
505 3923 658 3999 voverint,
672 3922 755 4003 quod
772 3921 884 3984 divino
899 3941 934 3984 se
987 3945 1050 3983 esse
1064 3933 1179 4000 potest,
1197 3926 1236 3983 ob
1251 3944 1315 3984 noo
1327 3943 1423 4000 presso
1449 3925 1616 4004 inclusiva,
1635 3949 1734 4009 nsqire

179 4024 282 4088 cultui
295 4023 525 4105 mancipabuut
536 4021 618 4084 ultra
630 4020 773 4083 debitum
786 4019 864 4099 legis
877 4039 934 4102 per
988 4026 1032 4084 od
1046 4025 1192 4092 ocinum,
1203 4022 1235 4083 id
1251 4030 1298 4084 est
1312 4033 1447 4102 granum
1468 4044 1546 4101 uve,
1564 4025 1733 4104 inclusive,

179 4123 333 4186 exercitia
363 4119 664 4203 supererogationis,
691 4119 832 4182 vacando
862 4137 933 4180 ora·
987 4142 1052 4182 non
1067 4124 1229 4181 comedent
1243 4138 1254 4181 :
1270 4121 1361 4203 quasi
1383 4121 1518 4201 dicatur,
1535 4123 1583 4185 Nil
1605 4144 1735 4207 prorsus

181 4221 337 4298 tionibus,
358 4220 492 4301 iejuniis
517 4227 571 4282 aut
594 4217 828 4294 consimilibus,
851 4228 881 4278 et
902 4238 934 4277 so
959 4297 962 4299 -
989 4239 1027 4282 cx
1042 4218 1149 4282 fructu
1164 4219 1238 4282 vitis
1253 4220 1438 4299 gnrstabuut,
1451 4230 1487 4283 ut
1502 4241 1558 4304 per
1573 4223 1736 4288 abstinen-

181 4323 347 4382 ootnerint
366 4321 505 4381 Domino
528 4338 722 4387 consecrare,
738 4317 767 4380 ci
790 4336 846 4399 per
869 4336 935 4399 spe
988 4318 1065 4380 tiam
1082 4326 1146 4380 tam
1162 4316 1359 4398 diligentem,
1376 4319 1415 4381 ad
1432 4321 1548 4383 mentis
1563 4322 1736 4404 proficiant

180 4420 297 4484 cialem
324 4416 569 4481 sanctimoniam
594 4416 804 4490 adherendo,
822 4438 842 4476 o
860 4419 935 4476 vino
990 4403 1171 4498 puritatem.

180 4531 210 4580 et
224 4520 320 4590 omni
329 4519 416 4597 quod
425 4518 587 4576 inebriare
593 4525 707 4592 potest,
720 4517 933 4587 abstinebunt,
951 4516 974 4577 ll
1031 4518 1127 4578 Omni
1149 4527 1286 4593 tempore
1304 4520 1519 4593 separationis
1537 4541 1617 4592 sure,
1631 4541 1695 4603 qua
1716 4540 1735 4584 a

181 4627 216 4682 ut
227 4636 286 4699 per
296 4616 390 4678 talem
403 4613 629 4677 abstinentiam
640 4613 859 4694 adipiscantur
868 4632 936 4695 gra·
990 4614 1153 4676 communi
1179 4613 1345 4676 bominum
1367 4615 1433 4677 vita
1453 4634 1487 4679 se
1506 4617 1654 4680 dividunt
1678 4638 1735 4701 per

68 4733 167 4806 nanta,
182 4718 261 4780 tiam
277 4714 480 4794 ampliorem,
498 4711 581 4775 sicut
596 4711 635 4774 dc
650 4711 786 4787 ltanlcle,
803 4713 936 4794 ejusque
991 4713 1129 4795 speciale
1159 4712 1347 4793 obsequium
1379 4713 1449 4792 Dei,
1480 4721 1638 4778 nocareto
1669 4739 1735 4779 non

54 4799 116 4841 '⁰¹¹³'
176 4815 283 4888 ,sociis
308 4813 426 4895 legitur
456 4811 585 4874 lactum.
612 4810 729 4873 Vinum
755 4829 883 4891 quoque
905 4821 936 4875 et
992 4813 1142 4874 transibit
1162 4831 1259 4888 snper
1280 4823 1378 4890 capnt
1396 4812 1480 4889 ejus,
1497 4812 1528 4874 id
1549 4823 1607 4891 est,
1626 4815 1730 4879 crines

182 4925 280 4998 potus
296 4911 508 4977 inebriativus
523 4910 563 4972 ad
579 4909 719 4972 carnalia
735 4909 936 4987 incitantra-
990 4931 1064 4974 suos
1090 4931 1154 4974 uon
1181 4910 1275 4973 laciet
1299 4929 1357 4973 nec
1382 4910 1545 4992 permittet
1568 4911 1734 4977 Nazaraeus

183 5016 304 5077 tionem
322 5010 525 5085 obnubilant,
538 5017 570 5070 et
581 5008 762 5070 divinorum
780 5008 935 5070 inducunt
989 5009 1111 5086 abradi,
1122 5031 1221 5089 osque
1235 5013 1279 5070 od
1294 5013 1485 5086 completum
1498 5011 1586 5071 ctr'ern
1602 5033 1663 5091 quo
1673 5016 1734 5074 Do-

180 5113 395 5185 oblivionem,
407 5108 674 5190 quemadmodum
686 5105 764 5169 Osee
780 5106 935 5188 propheta
989 5111 1303 5176 ntinoconseorotnr,
1315 5106 1416 5182 idest,
1430 5124 1596 5188 quousque
1608 5118 1733 5191 tempus

53 5225 166 5280 tamnu.
181 5220 318 5276 ‘testatur
336 5227 343 5272 :
362 5208 479 5272 Vinum
496 5215 526 5270 ct
548 5204 685 5268 ebrietas
707 5213 738 5268 et
764 5204 934 5270 fornicatio
989 5227 1054 5271 suae
1078 5205 1328 5269 consecrationis
1354 5205 1395 5266 sit
1423 5203 1566 5268 linitum.
1593 5211 1733 5269 Sanctus

53 5314 166 5372 ‘tend-
180 5310 335 5376 auferunt
364 5325 430 5370 cor.
463 5305 611 5370 Salomon
642 5321 800 5385 quoque:
834 5303 935 5368 Luxu·
983 5301 1733 5384 erit,idcstDeospecialiterdeputatusvacans
