4309 6259
409 470 468 533 llll
814 495 991 542 arnoeano
1012 496 1043 541 ιιι
1063 496 1314 543 ramnraucnnu.
1338 518 1378 527 -
1398 498 1469 545 aar.
1493 500 1547 545 vm

410 658 533 724 tutione
549 664 666 726 summi
681 664 837 748 principis
853 666 951 729 Deum
967 668 1152 748 deprecans,
1169 666 1194 728 b
1209 667 1265 748 qui
1289 667 1502 751 imperaturus
1522 678 1570 733 est
1592 669 1694 745 vobis,
1712 668 1808 732 Filios
1830 676 1953 731 vostros
1977 684 2107 738 reema

263 763 331 868 spu·
333 777 395 814 ¹¹¹¹¹¹
410 755 490 817 dixit
508 775 515 819 :
532 759 698 823 Provideat
712 762 865 825 Dominus
882 764 961 826 Deus
982 764 1154 845 spirituum
1211 766 1310 843 tollet,
1328 769 1366 830 ad
1382 770 1581 850 tyrannidem
1598 769 1745 852 pertinet,
1769 788 1827 831 nec
1843 768 1955 829 diviua
1970 749 2002 788 ¹¹·

291 856 297 867 ’
411 853 569 920 universae
593 859 709 935 carnis,
726 859 889 923 bominem
914 861 969 944 qui
996 861 1038 923 sit
1059 881 1155 943 super
1211 866 1411 930 institutione
1435 868 1592 931 sancitum
1618 876 1675 932 est.
1689 869 1748 931 Sed
1769 866 1955 951 predicitur

276 968 396 1013 urana
410 952 649 1017 multitudinem
666 956 758 1020 banc,
769 957 884 1039 Sicque
898 978 955 1041 per
965 958 1154 1022 electionem
1210 966 1374 1047 usurpatio
1389 985 1511 1047 regum,
1529 967 1584 1049 qui
1602 976 1755 1050 potestate
1773 966 1954 1041 abutentes,

262 1032 388 1145 ffilffl·
411 1050 552 1113 divinam
578 1055 744 1117 ordinatus
766 1064 814 1119 est
834 1057 938 1120 losue.
955 1059 998 1120 De
1019 1058 1155 1138 singulis
1210 1063 1249 1125 ad
1271 1064 1488 1126 crudelitatem
1513 1063 1697 1127 flectuntur.
1719 1064 1823 1128 Potest
1849 1072 1956 1125 tamen

410 1166 538 1230 quoque
552 1151 714 1232 judicibus
728 1155 784 1235 qui
801 1164 872 1236 post
886 1156 980 1219 losue
993 1166 1095 1233 erant,
1113 1156 1156 1219 le
1211 1180 1264 1223 rex
1280 1162 1400 1243 absque
1417 1164 1584 1244 tyrannide
1599 1163 1686 1226 lilios
1702 1163 1813 1245 populi
1831 1161 1955 1235 tollere,

284 1264 396 1315 aaran..
409 1247 496 1328 gitur
513 1252 598 1332 quod
615 1253 767 1315 Dominus
783 1255 948 1318 suscitavit
963 1256 1081 1337 populo
1098 1256 1156 1318 sal·
1210 1279 1328 1341 cosque
1345 1260 1489 1324 tribunos
1500 1270 1531 1325 et
1540 1262 1742 1325 centuriones
1752 1260 1957 1333 constituere,

263 1331 283 1381 ⁹²
295 1331 327 1379 ¹⁰³
337 1331 369 1372 ¹⁵·
412 1356 565 1427 vaterem,
583 1358 615 1413 et
636 1352 722 1432 qnod
745 1352 876 1434 spiritus
892 1354 946 1416 Dei
969 1362 1035 1416 erat
1054 1354 1087 1416 in
1109 1355 1156 1435 ip-
1210 1378 1246 1421 ae
1262 1359 1362 1439 multa
1378 1379 1396 1421 a
1412 1360 1530 1442 populo
1545 1360 1681 1441 exigere,
1700 1368 1828 1441 propter
1843 1376 1959 1440 pronu-

411 1445 467 1507 sis.
484 1446 573 1510 Unde
595 1449 782 1514 electionem
806 1454 889 1532 regis
909 1472 973 1517 non
994 1454 1156 1517 commisit
1211 1458 1346 1519 randum
1363 1457 1483 1521 bonum
1500 1477 1681 1521 commune.

412 1544 564 1607 Dominus
579 1549 711 1630 populo,
728 1551 784 1612 sed
804 1552 865 1614 sibi
882 1554 1030 1629 servavit,
1047 1572 1156 1634 quem·
1250 1556 1404 1637 Denique,
1421 1557 1597 1619 secundum
1614 1555 1837 1636 augustinum,
1857 1572 1957 1637 popu-

279 1661 396 1711 naam,
411 1644 582 1710 admodum
603 1647 636 1709 in
652 1648 895 1713 Deuteronomio
915 1650 1032 1713 dicitur
1050 1668 1058 1712 ε
1076 1652 1154 1714 Eum
1211 1654 1260 1715 lus
1282 1662 1331 1717 ost
1354 1662 1455 1718 coetus
1478 1654 1704 1730 multitudinis,
1722 1652 1803 1735 juris
1826 1672 1957 1716 conser-

266 1728 299 1768 ¹⁵·
411 1745 585 1808 constitues
602 1746 894 1829 tibiregem,quem
911 1748 1062 1812 Dominus
1073 1750 1154 1813 Deus
1211 1753 1407 1816 vatione*ct
1431 1752 1568 1815 utilitate
1593 1751 1720 1815 virtutis
1743 1752 1894 1829 sociatus,
1913 1750 1957 1813 vi·
1982 1776 2111 1815 man-u

413 1851 487 1907 tuus
501 1844 645 1926 elegerit.
1174 1854 1196 1915 B
1211 1851 1325 1914 delicet
1341 1859 1376 1913 ut
1398 1850 1644 1914 communicatio
1660 1850 1825 1914 bominum
1843 1858 1956 1912 mutuo

451 1943 599 2018 Quamvis
620 1953 726 2008 autem
749 1947 871 2028 optima
891 1947 1078 2028 gubernatio
1100 1967 1155 2031 po-
1210 1952 1305 2032 justis
1335 1950 1502 2033 praeceptis
1532 1951 1706 2014 ordinetur.
1735 1949 1957 2013 Communica-

412 2043 480 2125 puli
503 2043 544 2105 sit
565 2053 600 2107 ut
621 2064 678 2127 per
699 2064 804 2125 regem
826 2056 951 2127 regatur
972 2048 1048 2128 (tale
1068 2050 1155 2111 enim
1211 2051 1255 2113 tio
1280 2058 1384 2112 autem
1411 2050 1576 2112 bominum
1603 2068 1677 2127 una,
1705 2048 1744 2112 lit
1767 2048 1956 2112 auctoritate

413 2142 566 2222 regimen,
593 2152 723 2225 propter
748 2142 901 2208 unitatem
927 2148 1076 2227 regentis,
1103 2149 1156 2211 de
1211 2150 1414 2233 principum3
1444 2148 1507 2210 alia
1528 2167 1614 2225 vero,
1638 2148 1766 2230 propria
1791 2146 1956 2209 voluntate

412 2250 568 2304 monstrat
582 2242 746 2324 potissime
761 2245 902 2324 regimen
919 2246 1076 2324 divinum,
1092 2267 1156 2329 quo
1211 2249 1406 2331 privatarum
1435 2265 1653 2329 personarum.
1676 2248 1738 2309 Lex
1766 2263 1842 2327 ergo
1872 2246 1956 2307 circa

413 2360 496 2403 rmus
513 2342 594 2403 Deus
609 2343 764 2405 mundum
786 2343 966 2424 gubernat),
984 2345 1034 2408 lex
1050 2355 1155 2410 tamen
1212 2357 1379 2427 utramque
1394 2345 1714 2409 communicationem
1732 2344 1885 2427 populum
1901 2344 1954 2406 Dei

413 2460 478 2505 non
494 2440 651 2504 concessit
671 2440 718 2504 eis
740 2460 845 2522 regem
868 2462 885 2505 a
908 2443 1068 2527 principio
1083 2465 1155 2509 cum
1212 2447 1412 2512 sullicienter
1428 2448 1573 2511 instituit.
1591 2448 1706 2511 Statuit
1721 2447 1806 2511 enim
1821 2447 1953 2529 judiees,

414 2539 558 2623 plenaria
572 2548 737 2621 potestate,
753 2541 808 2602 sed
821 2542 961 2622 judicem
980 2561 987 2604 :
1004 2545 1157 2624 quoniam
1213 2548 1294 2611 sicut
1320 2547 1352 2610 in
1369 2547 1609 2611 Deutemnomio
1635 2548 1750 2627 legitur
1767 2567 1774 2611 :
1793 2546 1956 2626 Magistros
1987 2566 2056 2609 our.
2067 2580 2108 2609 m.

415 2657 560 2719 regnum,
579 2647 708 2721 propter
723 2657 869 2720 magnam
886 2650 1072 2723 potestatem
1091 2644 1156 2723 regi
1212 2654 1244 2709 et
1267 2646 1389 2727 judices
1414 2646 1588 2709 constitues
1616 2645 1649 2707 in
1675 2646 1824 2708 omnibus
1856 2644 1957 2727 portis
1973 2632 2005 2671 ¹⁸·

414 2757 608 2815 concessam,
631 2738 670 2800 dc
690 2736 778 2801 lacili
794 2738 828 2800 in
848 2740 1049 2821 tyrannidem
1064 2744 1158 2806 verti·
1213 2745 1288 2821 tuis,
1307 2754 1341 2807 ut
1364 2744 1508 2826 judicent
1533 2744 1688 2827 populum
1711 2745 1797 2824 justo
1821 2742 1955 2824 judicio.

413 2846 475 2899 tur.
488 2838 596 2917 llagna
611 2837 697 2901 enim
713 2845 868 2919 potestate
883 2837 965 2901 bene
980 2839 1038 2916 uti,
1055 2842 1158 2923 perle-
1252 2843 1341 2906 Circa
1358 2842 1573 2924 possessiones
1589 2860 1665 2905 vero
1680 2842 1835 2923 optimum
1853 2850 1912 2917 est,
1924 2849 1959 2902 ut

413 2944 536 3000 ctorum
552 2944 610 2998 est.
628 2936 707 3009 Quia
721 2954 795 3016 ergo
809 2936 907 3000 ludaei
928 2939 1072 3002 crudeles
1087 2960 1158 3004 ava·
1213 2943 1277 3005 sint
1302 2942 1472 3019 distincta,
1489 2959 1630 3022 ususque
1655 2960 1763 3003 carum
1785 2940 1901 3022 partim
1918 2938 1959 3001 sit

413 3036 505 3117 rique
536 3034 672 3112 lucrant,
704 3034 857 3099 facillime
872 3038 927 3099 ad
957 3039 1157 3119 tyrannidem
1174 3042 1196 3104 G
1214 3042 1361 3125 proprius
1377 3039 1570 3122 possidenti,¹
1582 3048 1613 3102 et
1629 3040 1743 3122 partim
1767 3038 1956 3101 communis.

413 3134 574 3198 declinare
595 3142 752 3217 poterant.
775 3134 820 3197 Ad
836 3134 1000 3199 vitandum
1017 3156 1092 3219 ergo
1107 3159 1160 3222 pe
1213 3142 1275 3203 Lex
1290 3158 1366 3221 ergo
1381 3138 1491 3202 divina
1515 3138 1655 3200 instituit
1677 3136 1867 3201 divisionem
1887 3154 1959 3219 pos-

415 3234 635 3312 riculum,non
651 3234 808 3298 concessit
824 3234 869 3297 eis
879 3236 1032 3299 Dominus
1042 3257 1157 3318 regem.
1214 3240 1402 3315 sessionum,
1421 3238 1503 3301 sicut
1524 3236 1556 3299 in
1577 3234 1721 3299 Numeris
1736 3235 1851 3315 legitur
1869 3256 1875 3299 :
1895 3236 1959 3317 Ego
2004 3259 2075 3301 ιι...

415 3334 525 3397 Postea
548 3352 623 3396 vero
647 3332 739 3418 quasi
765 3333 935 3413 indignans
960 3356 1065 3418 regem
1088 3356 1161 3401 con·
1215 3338 1287 3401 dedi
1305 3336 1396 3400 vobis
1414 3344 1528 3399 terram
1545 3336 1578 3397 in
1601 3333 1846 3417 possessionem,
1863 3327 2109 3415 quam¹¹¹¹'“·³³³‘⁸

418 3431 523 3503 cessit,
532 3431 800 3512 quemadmodum
815 3432 854 3494 cd
871 3432 1048 3496 Samuelem
1063 3436 1158 3501 dixit:
1215 3445 1299 3500 sorte
1314 3434 1474 3498 dividetis.
1494 3434 1531 3494 Et
1547 3452 1587 3496 ne
1603 3432 1719 3495 divisio
1734 3431 1806 3494 talis
1826 3450 1891 3495 non
1914 3452 1960 3495 re·

271 3547 403 3603 ineantur,
420 3531 488 3593 Non
515 3539 546 3593 te
569 3530 765 3612 abjecerunt,
792 3532 848 3593 sed
873 3551 934 3608 me,
962 3552 1002 3595 ne
1031 3553 1160 3615 regnem
1214 3535 1321 3615 gulata
1336 3532 1464 3615 periret,
1479 3532 1639 3595 ordinavit
1653 3539 1688 3593 ut
1703 3529 1848 3613 pluribus
1870 3531 1960 3593 dare-

418 3649 513 3712 super
534 3648 600 3693 eos.
617 3628 754 3692 lnstituit
771 3637 877 3692 tamen
900 3639 936 3692 ut
950 3631 1035 3695 circa
1054 3652 1160 3713 regem
1216 3642 1267 3696 tur
1296 3630 1454 3713 possessio
1484 3630 1589 3707 latior,
1622 3627 1824 3711 paucioribus
1853 3637 1958 3691 autem

284 3747 401 3797 Deusara.
416 3729 599 3811 eligendum
611 3736 829 3810 exspectarent
840 3729 984 3793 divinum
995 3730 1159 3813 judicium,
1215 3730 1396 3813 angustiam
1420 3747 1458 3792 ne
1478 3729 1573 3792 etiam
1595 3726 1812 3809 possessiones
1832 3726 1866 3788 in
1889 3745 1959 3809 por·
1973 3750 2108 3792 amn-,za

271 3813 304 3854 ¹⁵·
416 3838 447 3892 et
464 3846 503 3890 ne
519 3825 661 3888 lacerent
678 3842 782 3902 regem
798 3825 929 3888 alterius
945 3827 1059 3907 gentis.
1071 3828 1162 3893 Tales
1216 3840 1346 3915 petuum
1367 3828 1556 3903 vendantur,
1575 3827 1629 3890 scd
1651 3834 1791 3907 temporo
1813 3834 1900 3888 corto
1920 3826 1958 3887 ad
1974 3812 2097 3919 fiili*

420 3945 559 4007 namque
584 3942 697 4007 parum
723 3922 813 3986 allici
839 3924 942 3987 solent
967 3927 1086 4007 populo
1110 3930 1161 3991 cui
1215 3927 1368 4012 pristinos
1378 3943 1575 4007 possessores
1591 3932 1834 3999 reverterentur,
1848 3942 1890 3985 ne
1900 3940 1961 3987 sor·

270 4044 402 4089 rumicen.
417 4022 1008 4109 praeliciunturDrdinavitquoquene
1020 4044 1073 4088 rex
1084 4028 1162 4089 mul·
1217 4029 1296 4090 tium
1311 4024 1560 4089 confunderetur
1576 4023 1703 4085 divisio.
1720 4021 1849 4103 Propter
1874 4022 1962 4103 quod

418 4124 577 4206 tiplicaret
601 4140 711 4185 currus
737 4129 768 4183 et
792 4140 902 4202 equos,
930 4141 1042 4187 uxores
1066 4132 1161 4206 atque
1216 4126 1312 4189 etiam
1339 4122 1499 4186 ordinavit
1525 4130 1559 4183 ut
1589 4120 1724 4203 proximi
1755 4120 1962 4183 succederent

417 4221 545 4286 divitias
564 4241 571 4284 :
591 4220 666 4283 talia
688 4220 774 4283 enim
797 4220 996 4284 occasionem
1017 4224 1161 4304 praebent
1176 4222 1200 4283 D
1217 4222 1377 4299 morienti,
1390 4220 1605 4301 mulieresque
1615 4218 1773 4281 nuberent
1782 4236 1847 4280 suae
1858 4217 1961 4279 tribus
1985 4238 2106 4281 ruam

417 4318 624 4401 relinquendi
647 4318 817 4399 justitiam.
843 4318 983 4381 lnstituit
1006 4321 1101 4383 etiam
1126 4330 1162 4384 nt
1216 4320 1413 4384 bominibus.
1431 4318 1508 4393 Quia
1524 4336 1599 4380 vero
1615 4316 1830 4399 possessiones
1853 4315 1963 4397 aliquo
1977 4303 2107 4407 {¹¹³¹”l

418 4419 520 4501 legem
536 4417 690 4498 cogitaret
704 4416 857 4497 quotidie,
877 4417 909 4478 in
925 4417 980 4480 Dei
997 4419 1110 4484 timore
1131 4429 1162 4483 et
1216 4420 1310 4483 modo
1325 4417 1442 4481 debent
1463 4435 1532 4479 esse
1556 4434 1752 4490 communes,
1769 4414 1964 4477 concedeba-

417 4516 600 4581 obcdientia
615 4517 859 4599 perseverando,
874 4524 905 4577 ct
921 4536 961 4579 ne
981 4536 1037 4599 por
1053 4537 1162 4600 super·
1217 4528 1268 4581 tur
1288 4526 1323 4579 ut
1343 4513 1564 4596 unusquisque
1578 4513 1704 4575 vineam
1728 4512 1822 4574 amici
1843 4510 1965 4591 ingres·
1988 4535 2107 4577 naama

418 4617 502 4680 biam
525 4624 651 4677 tumens
673 4613 834 4694 subjectos
856 4623 1073 4678 contemneret
1094 4617 1162 4679 sive
1217 4637 1282 4693 sus,
1300 4614 1466 4678 comedere
1482 4620 1588 4694 posset
1610 4619 1765 4692 quantum
1789 4610 1818 4673 ei
1835 4609 1965 4673 sullice
1980 4599 2014 4639 ²⁴·

417 4713 624 4796 opprimeret.
643 4712 763 4775 Divisio
778 4720 884 4774 autem
896 4714 985 4793 regni
997 4714 1160 4777 lsraelitici
1217 4713 1455 4790 retdummodn
1467 4711 1512 4774 nil
1526 4729 1632 4773 secum
1648 4708 1790 4772 ellerret.
1804 4708 1962 4795 Quantum

419 4814 452 4875 in
477 4830 604 4895 poenam
630 4831 649 4873 a
672 4812 736 4874 Deo
761 4810 891 4874 inducta
915 4820 974 4888 est,
996 4812 1073 4893 quia
1098 4812 1162 4875 lre-
1217 4832 1292 4877 vero
1314 4812 1352 4874 ad
1379 4829 1544 4892 pauperes,
1564 4809 1745 4871 institutum
1770 4815 1838 4871 erat
1860 4816 1896 4869 ut
1917 4805 1965 4869 eis

419 4918 554 4994 quenter
567 4918 678 4973 corrtra
693 4929 826 4989 regnum
843 4910 940 4973 David
961 4909 1080 4991 injuste
1100 4910 1165 4972 liti·
1218 4909 1373 4992 manipuli
1390 4908 1480 4971 obliti
1496 4916 1528 4970 et
1544 4906 1677 4983 fructus,
1696 4904 1811 4968 racemi
1835 4922 1964 4985 quoque
1990 4927 2107 4974 ranam,

293 5032 348 5076 oeae
360 5044 402 5082 nu,
419 5011 546 5093 gabant.
564 5009 683 5071 Idcirco
698 5028 755 5090 pcr
769 5008 847 5071 Osco
862 5008 1014 5071 Dominus
1030 5009 1074 5071 ait
1087 5027 1094 5071 :
1107 5010 1164 5072 Da·
1219 5015 1429 5083 remanentes,
1454 5005 1722 5087 relinquerentur.
1746 5001 1853 5065 Voluit
1877 5002 1962 5063 enim
1981 4992 2050 5031 ’Μ’-

273 5098 306 5138 ¹¹·
419 5109 460 5171 bo
478 5107 534 5169 tibi
555 5126 661 5187 regem
684 5108 717 5168 in
741 5106 849 5170 lurore
863 5125 945 5169 meo.
963 5108 1000 5168 Et
1020 5108 1162 5170 iterum:
1220 5109 1269 5170 lex
1288 5108 1326 5169 ad
1348 5112 1491 5166 mutuam
1517 5103 1719 5165 dilectionem
1746 5100 1895 5162 inducero
1912 5117 1966 5181 po

273 5229 403 5279 racana.
420 5208 482 5289 lpsi
500 5214 724 5287 regnaverunt,
732 5214 764 5269 ct
780 5224 843 5269 non
859 5225 896 5269 ex
912 5224 973 5268 me.
986 5206 1074 5279 Quod
1090 5226 1165 5270 vcro
1220 5204 1343 5288 pulum,
1371 5203 1453 5265 sicut
1478 5202 1522 5264 ait
1547 5200 1716 5283 Apostolus
1744 5216 1750 5260 :
1777 5198 1834 5272 Qui
1860 5198 1966 5278 diligit
1982 5224 2107 5265 ema,

420 5306 525 5388 primo
539 5306 659 5385 llegum
682 5305 827 5380 babetur,
845 5304 908 5368 lloc
928 5304 989 5367 erit
1009 5304 1061 5384 jus
1081 5304 1165 5384 regis
1220 5302 1412 5387 proximum,
1425 5301 1527 5381 legem
1544 5298 1699 5381 implevit.
1712 5296 1843 5359 Dilectio
1858 5304 1965 5358 autem
