4309 6259
548 516 722 562 maranno
744 516 774 561 m
796 515 864 561 usn.
887 514 985 561 xxxin
1006 515 1202 562 nouanonmr.
1227 534 1265 545 -
1286 518 1358 563 uns.
1381 518 1410 563 ιι
1688 500 1746 565 tot

199 685 290 748 Moab
313 695 378 750 tam
402 685 491 749 urbis
516 704 612 767 quam
634 685 809 767 provinciae
830 683 987 747 nomenti
1004 693 1055 747 tus
1077 693 1136 762 est,
1154 684 1277 749 scilicet
1296 686 1380 749 ultra
1399 687 1579 762 lordsnem.
1596 687 1642 751 Ad
1664 689 1750 770 quod

200 793 261 847 est.
288 788 380 847 Unde
401 790 530 863 opressi,
553 796 709 847 venerunt
731 788 769 846 in.
793 788 950 863 Duplum·
1004 783 1175 847 dicendum
1192 784 1328 863 videtur,
1338 787 1424 867 quod
1441 794 1524 849 terra
1537 786 1685 849 Chanaan
1701 806 1751 850 ea-

199 887 240 944 de
259 887 396 962 Dapltca
415 887 452 945 in
473 888 566 947 Aius.
590 883 658 946 istm
678 884 859 947 mansiones
884 882 950 945 lue·
1006 883 1094 966 pitur
1109 884 1162 947 hic
1177 893 1314 962 extense,
1326 903 1385 968 pro
1401 893 1465 949 tota
1480 885 1602 949 scilicet
1616 895 1702 949 terra
1716 886 1750 948 in

200 991 277 1045 runt
302 982 337 1045 in
363 983 489 1046 deserto
511 983 578 1047 Sin.
600 984 633 1045 ln
656 983 823 1045 mansione
843 990 949 1045 autern
1007 1000 1071 1063 qua
1085 984 1204 1065 posteri
1219 984 1369 1048 Chansan
1389 984 1452 1046 iiiii
1470 985 1568 1048 Cbam
1588 984 1751 1049 habitave-

87 1102 101 1131 τ
141 1103 183 1141 m,
201 1082 258 1147 Sin
274 1083 380 1166 primo
399 1082 508 1146 datum
529 1090 577 1146 est
598 1100 725 1158 manna,
744 1082 828 1157 utin
844 1082 949 1145 Exodo
1005 1091 1089 1145 runt.
1107 1083 1171 1146 Rex
1186 1092 1292 1147 autem
1307 1085 1390 1146 brad
1407 1083 1523 1148 iuitdo
1538 1085 1896 1158 seminers-orn.x.n.

200 1182 332 1264 legitur.
347 1185 540 1263 Epressique
553 1186 593 1243 de
606 1184 701 1254 Aius,
718 1184 755 1243 in
770 1182 950 1259 ltapltidim
1005 1200 1099 1260 naon,
1117 1191 1152 1245 ut
1168 1182 1202 1245 in
1216 1182 1330 1247 Genesi
1345 1183 1539 1247 continetur.

198 1284 349 1355 ficetum
365 1280 504 1339 tentoria
519 1276 603 1359 :qui
624 1276 713 1339 locus
735 1284 784 1339 est
804 1276 900 1339 etiam
916 1276 949 1337 in
1045 1278 1191 1353 Profecti
1221 1282 1260 1338 de
1285 1289 1390 1340 monte
1420 1282 1500 1351 Hor,
1533 1282 1750 1341 castrametati

199 1378 328 1441 deserto
349 1375 416 1454 Sin,
440 1377 616 1439 seeundum
637 1375 801 1451 Glossom3
823 1378 881 1437 ubi
895 1394 950 1455 po
1004 1384 1081 1436 suut
1096 1378 1133 1437 in
1149 1380 1306 1438 Salmone
1315 1402 1330 1450 ,·
1343 1380 1421 1439 inde
1435 1388 1592 1439 ommmtnt
1611 1380 1648 1439 in
1663 1380 1752 1441 Pau

193 1480 278 1555 pulo
293 1497 382 1558 aqua
396 1478 506 1554 defuit
520 1478 565 1537 ad
580 1477 762 1547 bibendum,
784 1482 816 1537 et
832 1474 878 1538 ibi
893 1474 951 1537 llo
1006 1494 1082 1537 non.
1095 1475 1164 1539 ista
1175 1476 1245 1538 dum
1255 1475 1449 1554 mansiones,
1461 1478 1637 1540 secundum
1648 1476 1753 1541 Hiero

94 1586 123 1627 t·
199 1576 310 1639 minus
333 1574 437 1658 primo
458 1574 568 1639 eduxit
589 1593 704 1655 aquam
728 1574 768 1637 do
792 1582 892 1655 petra,
915 1582 951 1635 ut
1006 1592 1149 1654 nymum,
1167 1573 1201 1636 in
1216 1574 1328 1638 ordine
1343 1575 1483 1639 historia
1500 1593 1563 1639 non
1583 1574 1752 1654 habentur,

197 1675 353 1739 scribitur
368 1674 402 1737 in
417 1673 535 1737 Exodo.
553 1675 760 1753 Profectiqne
774 1676 814 1733 de
827 1675 950 1750 Raphi—
1005 1674 1060 1735 sed
1077 1673 1231 1756 scriptum
1247 1682 1296 1737 est
1310 1692 1368 1757 pro
1383 1675 1440 1752 eis,
1451 1675 1577 1755 Egressi
1591 1674 1631 1739 de
1646 1684 1755 1740 monte

195 1778 283 1845 dim,
297 1775 518 1835 castrametati
538 1782 614 1833 sunt
636 1774 673 1833 in
695 1775 815 1833 deserto
837 1774 947 1843 Sinai,
1004 1772 1077 1849 Hor,
1102 1792 1159 1855 per
1188 1774 1273 1837 viam
1302 1774 1399 1837 maris
1423 1773 1533 1852 Rubri,
1560 1774 1754 1838 circuierunt

196 1874 230 1936 id
254 1882 304 1937 est
323 1873 414 1955 juxta
433 1871 521 1935 Sinai
542 1879 682 1934 montom
705 1870 739 1932 in
760 1871 886 1933 deserto
908 1871 949 1931 si·
968 1880 1121 1944 fltomam
1141 1872 1240 1935 Edom
1262 1890 1269 1934 :
1288 1891 1326 1936 ox
1350 1891 1415 1955 quo
1438 1874 1627 1951 ostenditur,
1645 1892 1698 1937 eas
1718 1874 1752 1936 in

197 1980 280 2051 tum,
304 1971 361 2035 ubi
384 1972 560 2035 secundum
582 1970 809 2052 Hieronymum
834 1970 949 2032 duode·
1004 1971 1128 2035 linibus
1143 1980 1174 2035 et
1189 1972 1325 2036 circuitu
1339 1973 1439 2036 Edom
1454 1973 1573 2055 positas
1584 1992 1664 2038 esse.
1674 1976 1753 2037 Pro

196 2071 283 2134 eima
314 2072 439 2135 mansio
469 2069 541 2133 tuit.
568 2074 634 2132 Sed
656 2081 687 2131 et
710 2074 750 2131 de
772 2072 950 2131 solitudine
1002 2072 1142 2151 fectique
1156 2076 1196 2132 de
1210 2076 1363 2143 Pltunon,
1380 2076 1598 2134 castrametati
1616 2084 1693 2135 sunt
1712 2077 1749 2136 in

196 2162 350 2241 striato
361 2178 410 2233 est
425 2171 464 2232 de
478 2176 568 2251 parte
584 2168 639 2232 illa
655 2168 836 2232 solitudinis
847 2166 948 2230 monti
1004 2173 1113 2243 Obotlt,
1131 2180 1167 2233 ut
1181 2171 1335 2254 scriptum
1352 2180 1400 2236 est
1415 2190 1522 2253 supra.
1538 2175 1582 2233 lit
1596 2175 1635 2233 de
1651 2176 1748 2236 Obotlt
1775 2199 1894 2251 amn,

198 2270 318 2348 vicina,
331 2272 459 2348 epressi,
477 2279 634 2330 venerunt
651 2272 695 2329 ad
709 2271 856 2346 sepulcra
874 2269 949 2328 Con·
1002 2281 1159 2331 venerunt
1179 2274 1216 2333 in
1229 2273 1404 2345 Jeabarim,
1421 2294 1493 2354 quoe
1511 2282 1556 2333 est
1575 2273 1612 2332 iu
1626 2274 1748 2349 finibus
1764 2264 1796 2312 ¹⁰·
1808 2264 1841 2306 ¹¹·

196 2371 417 2448 cupiscentioe,
435 2367 467 2429 id
490 2376 538 2430 est
560 2367 600 2428 ad
623 2366 728 2430 locum
748 2365 794 2428 sic
814 2365 945 2441 dictum,
1002 2373 1231 2433 Moabitarum.
1241 2371 1305 2435 Hoc
1315 2374 1426 2436 eodem
1437 2369 1577 2454 capitulo
1593 2370 1747 2452 scriptum

79 2482 180 2534 suun,
195 2468 352 2551 quoniam
374 2466 420 2530 ibi
441 2466 585 2548 percussi
605 2472 728 2527 suntet
744 2464 872 2546 sepulti,
890 2463 945 2544 qui
1002 2468 1246 2552 expositumque
1268 2479 1326 2533 est.
1351 2460 1433 2533 Inde
1454 2481 1610 2532 venerunt
1631 2471 1668 2531 iu
1689 2472 1748 2531 Di-

83 2579 87 2593 '
121 2577 127 2587 “
195 2586 287 2631 esum
309 2566 456 2630 carnium
478 2564 748 2640 desideraverunt,
769 2570 805 2625 ut
825 2563 945 2625 dictum
1001 2571 1140 2646 bonpad,
1159 2572 1236 2630 inde
1258 2572 1294 2631 in
1317 2572 1662 2632 Helmondebtatltaim.
1686 2569 1747 2632 ista

195 2676 243 2731 esi
268 2685 376 2748 supra.
394 2666 600 2744 Profecliqtte
622 2663 707 2740 inde,
728 2665 947 2723 castrametati
1002 2669 1132 2731 nomina
1154 2685 1220 2731 non
1241 2678 1315 2732 sunt
1336 2678 1410 2733 ante
1432 2668 1601 2752 descripta,
1627 2666 1688 2733 Sed
1711 2676 1746 2729 ut

60 2772 155 2861 „llil-111.
164 2778 180 2827 ι
193 2776 273 2827 sunt
293 2768 331 2826 iu
350 2766 519 2835 Haseroth,
537 2770 569 2825 ct
594 2761 640 2824 ibi
665 2761 761 2824 Maria
785 2769 816 2824 et
841 2761 944 2823 Aaron
1000 2766 1045 2829 ait
1059 2767 1278 2850 Hieronymus,
1296 2787 1354 2850 pro
1372 2768 1418 2831 eis
1438 2768 1554 2849 legitur
1573 2787 1679 2851 supra,
1698 2768 1746 2830 ri-

61 2864 77 2879 ”
194 2864 340 2928 oblocuti
356 2870 431 2925 suni
445 2862 553 2945 Moysi,
563 2868 598 2923 ui
613 2879 709 2943 supra
723 2858 869 2921 habitum
884 2867 942 2922 est.
1000 2875 1113 2933 xerunt
1135 2866 1270 2930 tentoria
1292 2867 1325 2929 in
1346 2867 1514 2944 Jaabarim,
1532 2874 1564 2929 et
1585 2867 1660 2930 inde
1679 2885 1745 2930 mo-

194 2964 318 3027 Deinde
343 2962 377 3024 in
400 2969 487 3023 textu
509 2960 618 3022 multae
640 2958 822 3021 mansiones
842 2958 945 3041 expri—
999 2973 1285 3043 ventes,yenerunt
1294 2967 1334 3028 ad
1349 2973 1520 3029 torrentem
1531 2965 1743 3048 Zared,quem
1756 2986 1889 3040 ruanis.

195 3071 339 3139 muntur,
357 3060 396 3124 de
415 3059 534 3142 quibus
556 3066 630 3121 ante
648 3057 716 3121 baec
736 3057 770 3119 in
791 3064 877 3120 textu
897 3058 944 3119 nil
961 3059 983 3123 C
999 3063 1227 3145 relinquentes,
1245 3064 1458 3128 castrametati
1474 3072 1549 3126 sunt
1563 3070 1673 3128 contra
1687 3065 1742 3127 lir-

194 3162 324 3244 legitur.
999 3182 1074 3227 non.
1110 3168 1270 3225 Venerunt
1293 3167 1338 3226 ad
1361 3173 1481 3225 montes
1505 3165 1656 3235 Abarim,
1685 3163 1741 3227 ubi

236 3257 385 3337 Profecti
398 3257 438 3316 rte
452 3255 827 3331 normannicarum
842 3255 878 3314 itt
894 3256 944 3313 de
998 3266 1108 3341 postea
1124 3257 1294 3322 defunctus
1309 3266 1358 3321 ιιι
1371 3257 1502 3340 Moyses,
1515 3268 1628 3319 contra
1642 3260 1741 3330 Nato,

193 3368 318 3419 sertum
329 3354 474 3417 Siniste
485 3354 573 3416 locus
584 3360 631 3415 est
641 3351 754 3415 aliusa
769 3351 943 3436 prehabito
999 3358 1030 3419 id
1046 3364 1094 3419 est
1109 3376 1147 3419 ex
1161 3358 1295 3421 adverso
1310 3357 1371 3421 loci
1387 3376 1443 3420 seu
1456 3356 1575 3420 montis
1591 3356 1637 3421 sie
1652 3357 1739 3420 dieti.

196 3457 267 3520 loco
278 3454 430 3535 Sin‚quia
441 3451 566 3515 diversa
582 3450 650 3515 loca
665 3452 848 3533 frequenter
859 3451 942 3514 idem
999 3456 1073 3519 lnde
1090 3457 1291 3517 transierunt
1311 3459 1355 3517 ad
1374 3457 1567 3534 campestria
1586 3460 1680 3520 Moab
1693 3478 1744 3519 su

195 3555 317 3617 habent
332 3551 546 3617 vocabulum:
565 3554 671 3613 tamen
687 3560 723 3613 ut
737 3550 781 3613 ait
796 3550 945 3632 Hierony·
996 3575 1061 3633 pra
1081 3558 1257 3615 Jordanem
1280 3564 1392 3615 contra
1413 3558 1552 3628 Jericlto,
1574 3554 1607 3618 id
1632 3564 1681 3618 est
1706 3574 1744 3619 ex

196 3672 280 3729 muS,
293 3653 364 3715 loca
379 3650 440 3713 ista
454 3648 667 3712 diversimode
683 3648 876 3712 scribuntur.
886 3649 945 3711 Un-
1000 3652 1147 3735 opposito
1170 3652 1259 3714 urbis
1279 3651 1377 3730 illius,
1395 3651 1479 3715 inter
1493 3672 1590 3735 quam
1605 3662 1637 3716 et
1657 3652 1744 3718 lilios

196 3752 237 3815 de
253 3748 472 3831 subjungitur,
485 3751 552 3810 brec
566 3757 611 3808 est
628 3749 725 3809 Cocles
736 3769 747 3807 :
762 3767 781 3809 a
796 3766 860 3829 quo
875 3748 946 3810 loco
1000 3750 1094 3814 lsrael
1121 3750 1184 3813 tuit
1206 3750 1364 3813 lordonis.
1392 3754 1505 3832 Ibique
1528 3755 1746 3813 castrametati

197 3848 288 3913 missi
306 3848 440 3911 luerunt
458 3845 685 3929 exploratores,
703 3854 735 3908 et
755 3845 800 3907 ibi
821 3854 947 3909 mortua
1000 3859 1077 3910 sunt
1096 3853 1136 3910 de
1155 3852 1355 3910 Bctlrsimotlt
1374 3870 1474 3930 usque
1498 3852 1688 3921 Abetsatim,
1713 3850 1745 3913 id

197 3958 246 4012 est
256 3947 364 4023 Maria,
375 3954 411 4008 ut
420 3944 542 4009 dictum
559 3954 606 4009 est
622 3944 762 4028 capitulo
773 3944 944 4017 viccsimo;
1001 3956 1050 4011 est
1071 3967 1128 4029 per
1148 3946 1287 4030 spatium
1309 3947 1394 4028 quod
1414 3946 1477 4010 fuit
1496 3948 1579 4011 inter
1599 3949 1661 4012 duo
1678 3948 1746 4012 loca

197 4057 229 4111 et
244 4053 379 4110 vocatur
392 4045 489 4107 etiem
505 4045 666 4107 desertum
675 4044 808 4120 Pharan,
818 4050 947 4126 propter
1002 4047 1048 4110 sic
1062 4054 1255 4128 nuncupata.
1273 4046 1340 4109 Non
1356 4054 1461 4109 tomen
1477 4054 1602 4129 oportet
1621 4054 1744 4129 putare,

75 4159 96 4199 .’
128 4146 283 4229 .1u,quod
309 4164 406 4227 supra
431 4142 585 4226 scriptum
610 4150 658 4206 est
686 4159 693 4203 :
716 4142 878 4205 Proiectus
901 4150 948 4205 est
1001 4146 1087 4228 quod
1103 4145 1330 4226 occupaverint
1347 4153 1448 4209 totum
1468 4144 1529 4208 hoc
1548 4146 1698 4228 spatium,
1716 4154 1748 4209 et

78 4244 84 4252 “
99 4253 104 4264 “
198 4243 340 4328 populus
355 4243 395 4305 de
409 4240 574 4319 Haseroth,
592 4240 667 4303 fixis
685 4240 830 4303 tentoriis
847 4241 880 4302 in
895 4241 948 4303 de-
962 4250 987 4311 Ι)
1002 4244 1102 4325 aliqui
1118 4244 1333 4325 dicunt,quod
1348 4243 1411 4306 tria
1424 4243 1575 4306 milliaria
1589 4244 1629 4307 de
1644 4243 1748 4327 spatio

198 4352 285 4407 serto
306 4343 442 4419 Pharan,
466 4341 523 4404 ubi
545 4341 670 4405 locutus
696 4348 744 4403 est
768 4341 946 4403 Dominus:
1002 4350 1249 4425 occupaverunt.
1275 4341 1382 4404 Refert
1411 4350 1516 4405 tamen
1546 4342 1636 4425 Lyra,
1661 4342 1748 4422 quod

199 4443 286 4505 ttitta
310 4441 395 4505 viros
418 4440 474 4522 qui
496 4440 699 4504 considerent
723 4448 850 4503 terram.
868 4443 949 4501 lude
1003 4441 1086 4503 inter
1100 4441 1164 4503 duo
1179 4441 1246 4502 haec
1261 4439 1332 4502 loca
1345 4448 1436 4503 erant
1450 4440 1618 4503 duodecim
1635 4439 1749 4502 millia-

199 4551 360 4603 venerunt
375 4543 412 4602 iu
428 4550 568 4602 montem
583 4543 663 4612 Hor,
676 4540 708 4601 id
724 4541 827 4603 estad
843 4540 948 4602 locum
1003 4540 1070 4616 ria;
1087 4540 1143 4602 sod
1164 4557 1228 4601 non
1247 4538 1343 4601 habet
1361 4538 1580 4621 apparentiam
1595 4539 1681 4620 quod
1697 4557 1749 4601 oo-

68 4646 183 4700 trusam.
199 4641 229 4703 ei
253 4639 399 4705 ricinum
419 4639 479 4701 :in
501 4656 565 4722 quo
588 4646 695 4701 monte
711 4637 881 4701 defunctus
901 4646 950 4700 est
1003 4645 1200 4722 cupaverunt
1210 4636 1424 4714 totmilliaria,
1435 4636 1497 4699 nisi
1509 4636 1644 4700 forsitan
1655 4637 1749 4701 valde

199 4740 305 4803 Aaron
330 4747 362 4802 et
386 4738 542 4821 sepultus,
566 4736 648 4799 sieut
674 4757 768 4820 supra
793 4738 947 4820 scriptum
1003 4756 1111 4821 parva.

68 4840 474 4917 tut-111.=.est.Aucttvttque
491 4840 701 4909 Chananeus,
719 4846 779 4901 etc.
797 4837 882 4900 lstud
898 4856 949 4899 su·
1048 4838 1120 4906 libi,
1135 4833 1258 4899 scilicet
1282 4835 1316 4897 in
1337 4833 1567 4917 campestribus
1589 4835 1689 4912 Moab,
1707 4840 1749 4896 to

199 4958 258 5021 pra
288 4936 519 5020 scriptumest
547 4944 642 5017 atque
672 4936 862 5019 expositum.
889 4936 949 5001 Sed
1003 4946 1096 4997 cutus
1118 4946 1163 4996 est
1186 4937 1345 4996 Dominus
1369 4938 1413 4995 art
1438 4937 1581 5013 Moysen,
1608 4934 1747 4998 dicens:

199 5038 302 5119 quatri
319 5043 434 5119 potest,
451 5034 589 5116 qualitor
605 5034 801 5099 Chananeus
821 5036 881 5098 iste
897 5055 950 5099 rex
1004 5037 1150 5112 Prcccipc
1159 5035 1241 5110 filiis
1251 5037 1353 5095 [unet
1366 5044 1397 5094 et
1410 5036 1466 5094 dic
1479 5036 1523 5093 ad
1536 5038 1749 5105 eos.·Quondo

201 5137 285 5199 Arad
301 5135 463 5198 habitasse
479 5134 830 5197 dicat-uradmeridiom
847 5135 880 5196 in
892 5143 951 5197 tor·
1007 5135 1204 5195 transieritis
1226 5135 1414 5203 Iordanem,
1442 5134 1602 5193 intrantes
1630 5144 1751 5194 terram

202 5256 236 5299 ra
257 5235 420 5311 Chanaan,
436 5252 536 5315 quum
560 5233 805 5297 terraChanaan
827 5234 952 5297 dicatur
1008 5236 1174 5302 Cleonaon,
1205 5232 1393 5306 dispudite,
1423 5230 1455 5291 id
1485 5239 1533 5293 ost
1564 5230 1747 5306 interficite,

178 5348 181 5359 “
203 5344 290 5398 terra
305 5331 541 5415 promissionis,
560 5340 647 5396 extra
662 5350 759 5414 quam
776 5332 835 5395 ista
851 5351 953 5397 mora·
1005 5340 1133 5391 cunctos
1158 5331 1349 5389 murmures
1374 5338 1467 5391 terra
1492 5331 1595 5390 iltius.
1616 5328 1664 5392 Ab
1689 5327 1749 5392 hac
