4309 6259
397 499 454 567 tto
795 518 968 567 aununarro
990 518 1021 564 m
1042 517 1110 564 aar.
1134 515 1156 560 u
1178 514 1314 562 terrun.
1336 537 1378 549 -
1398 517 1469 564 aar.
1495 519 1547 564 vnr

399 693 491 757 datis.
501 694 641 760 Dulcedo
656 702 762 757 autem
778 691 979 774 significatur
996 710 1053 774 per
1068 690 1141 767 mel,
1157 688 1424 768 Aprimitiaram
1444 693 1582 772 fraqam
1601 700 1733 752 itteram
1749 690 1887 752 Domino
1902 693 1944 753 de

257 806 385 858 etartaxis,
400 813 498 876 quum
516 795 549 857 in
565 793 786 858 Ecclesiastico
796 791 957 874 Sapientia
972 790 1067 867 dicat,
1077 789 1144 872 spi·
1196 791 1293 866 spicis
1308 793 1415 851 adbuc
1431 792 1620 862 virentibus,
1638 791 1770 851 torrebis
1784 809 1837 850 eas
1855 791 1940 868 igni,

253 873 286 913 ²⁷·
400 893 481 955 ritus
497 913 586 956 meus
601 912 697 975 super
712 892 774 954 mel
790 890 909 964 dulcis3
923 889 1076 971 sapiditas
1091 908 1144 952 ve·
1197 887 1229 949 id
1245 895 1303 964 est,
1322 908 1435 970 perum
1455 889 1623 952 combures
1637 913 1644 962 ;
1660 899 1690 950 et
1704 890 1888 966 eonfrinyes
1904 891 1942 949 in

401 1011 436 1054 ro
458 1011 514 1074 per
538 992 741 1067 fermentum,
759 991 844 1072 quod
871 989 1018 1071 sapidum
1041 987 1145 1051 eliioit
1197 1007 1315 1046 morem
1333 990 1447 1067 farris.
1466 988 1626 1050 Torrendo
1648 1006 1784 1069 namque
1804 986 1944 1050 excutie-

401 1109 527 1172 pauem.
544 1092 639 1154 Porro
664 1089 855 1153 mordacitas
880 1088 1064 1168 designatur
1089 1105 1145 1168 per
1198 1086 1315 1149 bantur
1335 1103 1432 1165 grana
1455 1086 1615 1169 spicarum
1638 1087 1780 1150 nondum
1805 1095 1943 1150 matura-

402 1189 469 1264 sal;
486 1188 663 1252 amaritudo
685 1208 742 1270 per
764 1188 849 1264 thus,
866 1187 952 1268 quod
975 1185 1082 1248 acerbi
1100 1203 1146 1246 sa·
1198 1204 1280 1262 rum,
1301 1193 1396 1266 atque
1420 1204 1551 1248 excussa
1578 1185 1815 1264 frangebantur.
1833 1189 1875 1248 Et
1894 1189 1945 1247 sie

401 1289 488 1371 poris
503 1297 561 1350 est.
580 1287 842 1351 inconvenienter
857 1304 932 1365 ergo
951 1291 1146 1368 preceptum
1199 1287 1307 1363 offeres
1324 1287 1493 1363 primitius
1513 1296 1584 1346 teas
1599 1287 1750 1357 Domino,
1768 1284 1889 1348 seilicet
1905 1304 1946 1348 ex

402 1387 583 1463 videtur,ut
598 1386 660 1448 mel
673 1394 705 1449 et
718 1386 910 1448 fermentum
927 1384 959 1446 in
976 1381 1146 1446 sacrificiis
1199 1382 1307 1462 granis
1323 1382 1369 1445 sic
1385 1382 1622 1446 fractis.Fiebat
1636 1392 1741 1446 autem
1758 1383 1877 1446 oblatio
1888 1403 1947 1466 per

403 1504 466 1548 non
483 1494 654 1566 ponantur,
669 1484 723 1546 sed
739 1483 784 1545 sal
801 1492 833 1546 et
849 1483 989 1545 thnsdd
1006 1481 1148 1545 hecale·
1201 1501 1330 1544 manum
1351 1482 1523 1546 sacerdotis
1544 1501 1617 1545 eum
1632 1481 1775 1545 oratione
1791 1501 1849 1564 pro
1864 1481 1948 1546 elie

403 1584 522 1645 aauder
538 1602 633 1664 super
649 1581 788 1659 tertium,
801 1590 833 1644 et
844 1582 979 1645 Thomas
995 1581 1028 1642 iu
1045 1579 1148 1662 prima
1202 1589 1302 1658 rente,
1320 1589 1351 1644 et
1372 1601 1445 1644 cum
1468 1581 1561 1644 laude
1582 1580 1637 1644 Dei
1660 1580 1712 1643 eui
1734 1579 1944 1644 oflerebatur.

404 1683 551 1745 secundae
565 1681 767 1764 respondent,
777 1682 861 1762 quod
876 1679 1069 1742 fermentum
1083 1697 1146 1742 non
1202 1685 1356 1740 Fontibus
1381 1700 1478 1758 saper
1502 1702 1540 1742 eo
1563 1685 1669 1741 oleum
1692 1690 1722 1740 et
1747 1683 1820 1741 ibas
1845 1683 1948 1759 impo-

404 1780 610 1857 oliercbatur,
634 1780 711 1862 quia
736 1782 770 1841 in
796 1778 964 1842 sacrifieiis
990 1778 1148 1842 idolorum
1204 1801 1293 1850 oens,
1309 1784 1388 1859 quio
1403 1783 1519 1841 oblatio
1534 1781 1669 1841 Domini
1683 1789 1738 1851 est,
1751 1778 1785 1841 id
1799 1787 1847 1842 est
1862 1778 1947 1843 obla·

405 1878 516 1942 oilerri
538 1879 669 1955 solebat,
687 1888 718 1941 et
738 1878 976 1960 corruptionem
996 1876 1148 1940 doctrina.
1166 1878 1188 1938 B
1205 1879 1248 1942 tio
1264 1879 1348 1942 iacta
1367 1899 1442 1942 vero
1462 1881 1536 1956 Deo,
1554 1879 1608 1960 qui
1633 1879 1666 1941 in
1689 1878 1755 1940 suis
1778 1878 1947 1942 sacrifieiis

405 1996 461 2040 seu
476 1977 592 2040 mentis
604 1976 871 2059 putrefactionem
882 1977 1149 2058 designatquem-
1203 1979 1308 2042 oleum
1325 1988 1355 2040 et
1373 1979 1445 2040 tbus
1457 1978 1555 2060 jussit
1566 1977 1683 2060 apponi
1696 1985 1947 2060 propteroausas

309 2100 321 2128 r
336 2100 389 2138 nu,
404 2078 576 2140 admodum
592 2076 625 2137 in
642 2075 813 2157 Evangelio
828 2075 872 2138 ait
888 2075 1149 2139 Salvatorzcave
1203 2095 1379 2159 expressas.
1403 2083 1448 2138 Do
1472 2099 1537 2158 qao
1562 2077 1722 2140 oblatione
1746 2078 1895 2148 adolebit,
1914 2075 1947 2140 id

286 2180 293 2194 '
404 2176 640 2238 tealermeuto
650 2174 879 2238 Pharisaeorum
896 2185 927 2237 et
941 2175 1146 2238 Herodisliel
1203 2184 1251 2238 est.
1267 2177 1475 2258 superaltare
1491 2175 1656 2252 cremabit,
1672 2179 1815 2237 sacerdos
1832 2177 1868 2236 in
1883 2197 1948 2237 me-

404 2294 530 2357 quoque
552 2274 748 2356 prohibitum
770 2282 817 2336 est
840 2275 903 2338 Deo
925 2273 1048 2350 olierri,
1070 2292 1149 2355 quo·
1203 2279 1341 2335 moriam
1358 2279 1514 2346 miinoris,
1530 2275 1562 2337 id
1585 2283 1633 2338 est
1655 2276 1694 2337 ad
1716 2275 1788 2352 hoc,
1806 2282 1840 2337 ut
1859 2275 1948 2338 obla-

404 2374 488 2436 niam
507 2373 597 2435 lalsis
612 2373 674 2434 diis
690 2372 925 2448 immolabatur,
941 2380 971 2434 et
987 2373 1147 2435 carnalem
1204 2373 1248 2436 tio
1264 2374 1323 2436 ista
1339 2394 1410 2457 quaa
1426 2383 1458 2438 et
1473 2394 1589 2436 munus
1606 2382 1747 2452 vocatur,
1760 2374 1835 2456 quia
1849 2394 1867 2436 a
1882 2376 1947 2438 Deo

401 2473 598 2555 voluptatem
615 2471 787 2551 signifieat,
806 2491 876 2553 quae
892 2471 942 2533 bis
958 2479 1082 2553 oportet
1098 2473 1148 2535 de·
1202 2475 1319 2536 donata
1334 2482 1392 2552 est,
1409 2483 1440 2537 et
1455 2473 1485 2537 ei
1500 2493 1609 2537 rursus
1625 2473 1836 2536 sacrificando
1850 2474 1948 2536 dona-

402 2590 482 2648 esse,
499 2571 555 2652 qui
572 2570 705 2652 placitas
720 2571 783 2632 Deo
798 2569 919 2632 hostias
935 2570 1068 2651 cupiunt
1089 2571 1148 2633 im·
1203 2582 1273 2636 tur:
1292 2573 1331 2635 ad
1353 2574 1423 2650 hoc,
1446 2574 1589 2655 inquam,
1607 2581 1642 2634 ut
1663 2572 1783 2636 oblatio
1803 2572 1946 2635 muneris

401 2671 532 2733 molare.
551 2669 601 2732 Sal
625 2688 699 2733 vero
724 2669 932 2744 offerebatur,
954 2669 1106 2750 quoniam
1129 2691 1147 2733 a
1201 2672 1296 2754 hujus
1319 2681 1499 2755 acceptetur
1519 2693 1537 2734 a
1561 2671 1702 2735 Domino.
1720 2670 1867 2735 adolebit
1888 2671 1947 2734 ita-

402 2768 636 2851 putrefactione
666 2777 697 2831 et
727 2767 931 2850 corruptione
961 2778 1143 2851 praeservat.
1201 2791 1264 2852 que
1277 2783 1405 2849 protem
1420 2775 1524 2849 farris
1539 2774 1652 2851 fracti,
1662 2770 1701 2833 id·
1710 2779 1758 2834 est
1772 2789 1946 2852 granorum

401 2868 565 2932 Sacrificio
579 2876 684 2930 autem
701 2867 767 2945 Dei,
785 2867 901 2930 debent
916 2887 974 2930 suo
990 2868 1085 2931 modo
1101 2868 1147 2930 in·
1201 2869 1302 2933 instar
1329 2871 1422 2932 larris
1450 2870 1634 2947 fractorum,
1652 2881 1681 2931 et
1702 2872 1764 2930 otei
1785 2891 1822 2931 oo
1844 2879 1945 2931 totam

401 2975 549 3050 corrupta
564 2975 596 3030 et
611 2967 736 3048 integra
751 2985 830 3029 esse.
845 2967 929 3028 Thus
950 2985 1078 3048 quoque
1098 2968 1146 3031 oi·
1202 2972 1274 3030 tire-s
1290 2969 1354 3032 illis
1370 2969 1563 3051 appositum.
1581 2969 1850 3043 Quemadmodum
1866 2987 1944 3032 vero

400 3066 572 3142 ferebatur,
590 3064 665 3146 quia
687 3074 717 3128 et
740 3065 856 3127 mentis
878 3065 1091 3143 devotionem,
1114 3069 1181 3132 etC
1199 3068 1269 3131 oleo
1289 3068 1390 3151 pietas
1410 3077 1440 3132 et
1460 3069 1639 3134 devotionis
1660 3068 1830 3150 pinguedo,
1849 3067 1944 3149 spiri-

398 3165 490 3228 bonae
516 3164 609 3227 lamas
633 3164 775 3238 odorem,
793 3172 823 3226 et
844 3164 1041 3246 paenitentia
1061 3167 1144 3228 desi·
1198 3166 1357 3248 tualisque
1372 3167 1547 3230 consolatio
1563 3167 1780 3248 designantur,
1794 3167 1883 3248 juxta
1902 3165 1942 3227 il-

398 3272 475 3343 gnat
496 3262 753 3325 amaritudinem.
770 3263 855 3324 Thus
877 3262 998 3344 quippe
1023 3264 1142 3346 pingue
1197 3265 1263 3341 lud,
1280 3264 1454 3328 Prudentes
1472 3265 1612 3346 virgines
1627 3273 1817 3348 acceperuut
1833 3265 1940 3328 oleum
1954 3292 2116 3346 nariam.

398 3361 658 3442 odoriferumque
670 3361 866 3438 consistit,et
881 3370 986 3424 nmen
999 3382 1141 3426 amarum
1198 3362 1231 3425 in
1255 3365 1338 3428 vasis
1361 3365 1427 3427 suis
1450 3385 1522 3427 cum
1546 3364 1768 3447 lampadibus;
1786 3364 1938 3446 itemquo,
1954 3357 1979 3397 ⁴·

398 3460 493 3522 babet
509 3479 664 3541 saporem.
1196 3462 1292 3524 Unxit
1307 3471 1339 3526 te
1352 3465 1435 3526 Deus
1453 3464 1534 3526 Dens
1554 3472 1627 3525 tuus
1648 3463 1718 3527 oleo
1739 3463 1875 3526 laetitia:
1892 3463 1940 3528 sic
1954 3489 2005 3535 Ρ..
2016 3499 2116 3546 ψῃ,

437 3558 609 3635 Postremo,
627 3559 831 3640 subjungitur
847 3560 886 3622 de
901 3561 1062 3624 oblatione
1077 3563 1142 3644 spi·
1197 3563 1301 3640 thure,
1318 3561 1495 3626 redolentia
1518 3564 1609 3626 lamae
1632 3572 1663 3625 et
1684 3562 1941 3644 compunctionis

397 3677 506 3720 carum
523 3657 706 3720 virentium.
725 3658 800 3720 Nam
818 3658 966 3741 primitie
982 3668 1073 3723 terrae
1090 3681 1142 3723 na·
1196 3661 1374 3724 amaritudo
1399 3663 1630 3744 exprimuntur.
1653 3661 1761 3726 Merito
1786 3661 1883 3742 igitur
1904 3661 1940 3725 in

398 3755 565 3833 scentiam,
576 3764 622 3818 ter
638 3755 858 3819 offerebantur
873 3756 907 3819 iu
924 3759 1138 3836 annoPrim0,
1197 3759 1366 3822 sacrifieiis
1386 3761 1440 3823 Dei
1460 3763 1548 3842 jussa
1569 3769 1643 3823 sunt
1661 3761 1758 3843 poni:
1776 3761 1941 3843 quiscum

398 3853 558 3916 inPascba
574 3855 801 3917 desirantibus
817 3856 932 3938 spicis;
946 3857 1139 3936 seeundo,in
1196 3858 1324 3941 pietate,
1352 3860 1592 3942 abundantique
1617 3859 1797 3938 devotione,
1821 3868 1852 3922 et
1876 3861 1943 3943 spi-

396 3953 579 4015 Pentecoste
599 3953 638 4015 de
659 3952 793 4035 panibus
814 3953 942 4034 lrugum
962 3974 1138 4031 novarum3
1197 3957 1303 4020 rituali
1329 3957 1502 4036 alacritate,
1522 3968 1617 4041 atque
1639 3979 1712 4024 cum
1734 3959 1826 4023 bone
1848 3958 1942 4024 tama

398 4051 501 4128 tertio,
524 4050 557 4112 in
580 4051 661 4114 iesto
678 4051 977 4132 tabernaculorum,
994 4053 1140 4134 frugibus
1196 4057 1293 4121 odore
1318 4066 1349 4120 et
1373 4059 1504 4121 cordiali
1531 4059 1733 4139 contritione,
1759 4057 1944 4123 sacrifican-

395 4150 461 4232 jam
483 4149 636 4215 collectis.
655 4152 695 4211 Si
716 4161 823 4213 ortem
845 4153 997 4213 abitatoris
1020 4174 1140 4216 menas
1195 4157 1271 4218 dum
1288 4166 1334 4218 est
1349 4157 1423 4220 Deo.

930 4540 1256 4629 ARTIGULUS
1293 4543 1401 4628 Vlll

716 4789 907 4838 ctetanarlo
933 4789 1121 4838 salntreatts
1147 4791 1279 4839 stbsuett
1305 4793 1443 4839 carnoti
1471 4793 1607 4840 SECUNDl.

459 5045 577 5106 Niara
593 5064 694 5124 quiem
709 5046 859 5106 obtulerit
874 5047 1075 5118 oblationem,
1091 5049 1133 5108 si·
1149 5050 1174 5112 D
1188 5063 1260 5109 caro
1282 5046 1382 5126 magis
1403 5065 1499 5128 quam
1520 5045 1637 5126 anima,
1655 5047 1731 5129 quia
1750 5048 1933 5113 carnalibus

465 5144 546 5202 rar'lo
564 5145 627 5202 orit
644 5144 713 5220 ejas
731 5145 858 5205 oblatio.
881 5143 1043 5226 Scriptura
1064 5145 1131 5210 haec
1187 5144 1289 5228 magis
1300 5163 1396 5226 quam
1410 5143 1630 5228 spiritualibus
1646 5155 1721 5208 sunt
1733 5145 1854 5210 intenti
1862 5147 1933 5211 Pau·

388 5240 522 5323 loquens
537 5241 577 5303 do
592 5260 768 5323 pauperum
783 5241 955 5320 oblatione,
973 5252 1058 5307 recte
1073 5244 1128 5322 ait,
1188 5263 1280 5328 peres
1298 5253 1403 5307 autem
1425 5244 1551 5326 spiritu,
1569 5245 1646 5328 quia
1665 5245 1784 5308 divinis
1805 5257 1930 5325 vacant,

339 5409 348 5424 ,
387 5340 501 5402 Anima
515 5359 616 5422 quum
632 5340 793 5404 obtulerit.
812 5341 930 5406 Diuites
950 5343 1036 5406 enim
1057 5353 1131 5407 sunt
1187 5344 1294 5408 anima
1328 5344 1541 5426 appellantur.
1573 5344 1706 5408 Possunt
1738 5354 1843 5409 tamen
1874 5365 1932 5430 per
