4309 6259
532 532 706 579 manuario
727 532 758 578 ut
781 531 849 577 GAP.
871 530 927 577 xlrl
946 530 1143 578 humarentur.
1163 551 1202 560 -
1223 531 1295 576 aar.
1317 528 1395 576 mil
1673 503 1733 570 395

185 714 285 784 atque
304 714 452 764 muratas
467 703 584 784 :quasi
605 703 723 779 dicant,
733 703 802 766 Non
818 702 936 766 valebi-
950 702 975 763 Α
991 702 1103 765 scribit
1121 720 1128 764 :
1146 702 1295 765 Hebraus
1311 701 1441 783 exponit
1456 701 1513 779 sic,
1531 701 1626 764 Terra
1641 699 1732 762 inlir-

184 823 261 864 xnus
291 803 356 864 illis
389 803 536 865 resistere
560 819 567 863 :
595 802 679 882 quod
705 807 935 882 consequenter
990 810 1115 879 maest,
1134 821 1192 864 nec
1214 801 1331 864 hahere
1347 801 1467 864 diutius
1484 801 1611 862 vivaces
1631 799 1733 862 homi-

182 901 361 963 declarant.
380 904 522 978 Stirpem
539 903 690 972 Erractm,
708 909 818 981 utpote
833 899 935 962 borni·
990 919 1046 962 nes
1062 909 1177 982 potest,
1191 901 1240 964 vel
1257 900 1333 983 quia
1348 900 1429 962 nulli
1443 899 1529 980 genti
1547 898 1662 962 licebat
1676 898 1732 960 diu

182 1019 245 1060 nes
260 999 439 1080 giganteos,
462 1001 607 1059 ur'dimus
623 1001 679 1059 lbi.
698 1002 831 1060 Amalec
845 1001 935 1059 dabi-
989 999 1133 1062 habitare
1156 999 1189 1061 in
1204 1008 1398 1081 eapropter
1420 998 1603 1080 trequentes
1626 1015 1733 1078 super·

182 1101 278 1158 tatia
292 1096 933 1178 rmem'dr'eidestpopulusdmalecitarum
989 1098 1188 1160 venientium
1199 1097 1466 1180 impugnationes.
1483 1097 1572 1159 Unde
1586 1094 1731 1158 Ezechiel

182 1195 279 1258 raldc
311 1195 494 1271 bellicosus,
523 1204 665 1258 moratur
695 1195 727 1257 in
758 1195 851 1277 plaga
880 1214 934 1256 au·
989 1196 1191 1258 securitatem
1212 1196 1268 1257 diu
1293 1195 1456 1258 babitandi
1481 1196 1515 1256 in
1539 1213 1577 1257 ea
1595 1193 1732 1276 pacifice

182 1294 288 1370 strali,
307 1313 364 1376 per
387 1313 483 1374 quam
508 1293 682 1374 ingressuri
703 1313 855 1369 essemus,
879 1294 933 1355 sed
989 1294 1156 1376 pollicens,
1174 1295 1320 1377 praedixit
1340 1295 1399 1357 hoc
1418 1293 1625 1376 opprobrium
1644 1291 1732 1355 aule-

183 1401 317 1474 propter
341 1392 470 1454 illorum
494 1391 708 1454 resistentiam
731 1410 794 1454 non
817 1391 934 1474 poteri·
989 1394 1123 1455 rendum
1145 1394 1186 1455 ab
1207 1412 1244 1456 ea
1261 1411 1268 1455 :
1285 1394 1352 1456 Non
1375 1392 1550 1469 vocaberis,
1569 1391 1728 1473 inquiens,
1765 1411 1850 1456 aseer.

181 1511 279 1564 mus;
300 1493 454 1552 tractam
473 1502 502 1550 et
521 1493 682 1552 Jedusceus
702 1501 732 1550 et
751 1493 934 1552 Amorrra-
988 1491 1071 1554 ultra
1090 1492 1269 1554 devoratrix
1286 1492 1393 1574 populi
1412 1491 1468 1552 tui.
1485 1491 1588 1553 Potest
1602 1491 1730 1552 demum
1745 1489 1814 1582 {1¹⁸⁴
1830 1479 1863 1528 η’

181 1611 222 1650 tes
247 1592 280 1650 ia
306 1592 470 1650 rnomtam's
487 1608 499 1650 :
519 1588 610 1668 quasi
637 1588 755 1664 dicant,
778 1589 822 1649 Ex
845 1588 932 1651 omni
987 1599 1019 1652 et
1035 1608 1093 1671 pro
1108 1590 1385 1653 commendatione
1402 1598 1492 1652 tarra
1507 1588 1730 1670 exponi,quod

180 1696 274 1767 parte
296 1686 553 1769 inexpugnabilis
569 1694 618 1750 est
633 1695 665 1748 ct
681 1685 933 1767 inaggressibilis
988 1688 1066 1751 adeo
1093 1687 1177 1750 bona
1201 1688 1254 1764 sit,
1281 1689 1366 1770 quod
1391 1687 1499 1749 nullus
1523 1687 1601 1749 velit
1624 1686 1665 1749 ab
1694 1706 1732 1750 ea

179 1785 289 1847 nobis.
987 1785 1152 1849 discedere
1165 1813 1173 1863 ;
1191 1787 1246 1849 sed
1262 1787 1317 1867 qui
1334 1787 1367 1848 in
1383 1806 1419 1849 ea
1435 1794 1586 1862 moratur,
1600 1785 1633 1847 in
1649 1804 1685 1848 ea
1700 1793 1732 1848 et

222 1883 279 1946 llis
294 1883 424 1959 auditis,
435 1885 532 1966 eoepit
548 1884 639 1966 plebs
655 1884 694 1947 de
705 1884 863 1965 adjutorio
879 1883 932 1947 Dei
951 1887 974 1947 B
989 1885 1154 1948 meriatur.
1167 1889 1313 1963 Populus
1327 1907 1420 1965 quern
1435 1885 1733 1962 maismacensem

178 1981 343 2046 diflidens
358 1991 413 2045 aut
436 2001 500 2045 non
521 2001 665 2064 sperans,
682 1990 793 2045 contra
807 1983 933 2064 Moysen
986 1986 1333 2045 ceroestaturceestJbi
1343 1986 1733 2062 ar'dr'masmoastraqam

180 2100 398 2144 murmurare.
429 2081 509 2143 llinc
539 2079 686 2143 subditur
713 2100 720 2144 ε
747 2086 839 2142 Inter
867 2084 934 2142 baec
986 2085 1064 2142 dam
1078 2084 1228 2159 fitiorum
1245 2085 1347 2151 Euae,
1364 2081 1395 2142 id
1413 2089 1462 2143 cst
1481 2081 1733 2162 gigantesenor-

180 2181 280 2239 t'aleh
301 2198 384 2240 rrnus
406 2179 653 2260 exploratorum,
672 2188 765 2242 natus
787 2179 827 2242 de
847 2179 933 2241 tribu
987 2179 1048 2240 mis
1065 2179 1308 2259 magnitudinis,
1325 2179 1381 2260 qui
1397 2189 1487 2242 erant
1503 2179 1733 2243 monstratione

177 2277 480 2354 Juda‚compcscerrs
495 2280 848 2357 intermarpepatt,qut
858 2280 933 2338 orie·
986 2286 1018 2341 et
1041 2279 1252 2342 admiratione
1278 2279 1448 2358 condigni;
1470 2282 1587 2360 quibus
1607 2299 1734 2356 compo-

178 2378 280 2436 batur
295 2386 406 2436 contra
425 2379 568 2453 Moysen,
584 2375 676 2456 quasi
689 2376 757 2457 ipse
772 2376 933 2456 deceperit
986 2380 1063 2450 ruti,
1082 2380 1177 2457 quasi
1193 2381 1320 2439 locustae
1335 2380 1538 2449 videbamur,
1555 2377 1587 2440 id
1604 2386 1652 2440 est
1666 2377 1733 2440 val-

178 2483 212 2536 et
230 2473 384 2556 periculis
401 2473 584 2556 exposuerit
599 2492 664 2550 eos,
682 2477 730 2535 ait
747 2496 759 2534 .·
775 2478 933 2536 Asremta-
987 2476 1026 2538 de
1045 2475 1152 2558 exigui
1172 2486 1204 2539 et
1225 2475 1359 2538 inlirmi.

179 2594 254 2633 mres
273 2583 305 2634 et
325 2575 549 2650 possideamus
575 2583 695 2633 terram
721 2573 814 2636 uobis
834 2594 852 2635 a
871 2575 932 2638 Deo
1025 2575 1118 2636 Juxta
1133 2575 1285 2656 mysticus
1303 2575 1494 2650 intellectuS,
1517 2573 1731 2656 exploratores
1752 2589 1880 2664 sensam.

178 2671 394 2752 promissam,
422 2673 579 2750 pacatam
608 2675 784 2748 poterimus
814 2672 932 2735 auxilio
986 2671 1156 2753 designant
1171 2672 1404 2753 predicatores,
1422 2673 1478 2753 qui
1494 2673 1676 2754 diriguntur
1690 2675 1730 2736 ad
1744 2657 1819 2696 ’ω’

176 2769 503 2850 Omnipotentis‚non
518 2767 642 2830 viribus
654 2768 781 2846 nostris,
791 2773 933 2832 obtinere
986 2769 1252 2833 considerandum
1265 2771 1368 2851 qualis
1384 2769 1426 2832 sit
1438 2781 1521 2833 terra
1537 2769 1646 2833 linalis
1661 2789 1733 2853 pro

177 2889 265 2928 earn.
291 2869 365 2928 Alii
387 2888 459 2927 vero
485 2868 711 2948 exploratores,
737 2868 866 2950 dempto
885 2868 933 2932 Jo·
986 2867 1149 2930 missionis
1179 2886 1323 2949 superna
1352 2868 1536 2945 Jerusalem,
1566 2869 1732 2949 paradisus

179 2985 251 3042 sue,
264 2966 321 3047 qui
336 2969 386 3046 (ut
402 2966 550 3048 sequenti
570 2965 704 3028 habetur
719 2967 874 3048 capitulo)
888 2967 932 3030 ai·
986 2966 1181 3042 coelestis,ut
1192 2967 1261 3047 ejus
1272 2965 1543 3029 universalitatem
1555 2974 1587 3029 et
1597 2967 1731 3048 gloriam

180 3063 329 3127 firmavit
360 3063 455 3128 verba
480 3063 587 3139 Colch,
614 3065 787 3125 dicebant:
805 3068 932 3144 Nequa-
949 3070 971 3133 C
988 3065 1161 3146 predicent
1186 3064 1329 3146 undique
1350 3064 1583 3128 habitatoribus
1607 3067 1729 3128 mundi.

177 3186 282 3244 quarn
293 3168 338 3225 aa
347 3167 600 3242 buncpopulam
612 3169 755 3226 vetemus
765 3169 932 3226 ascendere
987 3163 1046 3226 Sed
1063 3163 1145 3226 sicut
1161 3163 1254 3245 pauci
1265 3163 1499 3245 exploratorum
1516 3163 1646 3227 stabiles
1662 3183 1732 3246 per-

178 3281 255 3325 eum
282 3261 404 3325 aflectu
430 3261 583 3337 victoria,
602 3265 681 3342 quia
702 3264 821 3339 sortior
842 3265 931 3323 nodis
986 3271 1171 3324 manserunt
1182 3261 1215 3323 in
1224 3261 1374 3323 virtutum
1387 3261 1607 3325 constantiact
1617 3262 1731 3343 spesic

176 3371 236 3422 est.
254 3359 410 3423 Excaecati
433 3359 496 3436 isti,
516 3377 579 3422 non
599 3360 804 3423 attendebant
830 3359 931 3423 omni·
985 3360 1078 3422 multi
1101 3361 1156 3442 qui
1178 3362 1216 3423 ad
1239 3361 1375 3424 aliorum
1396 3360 1537 3441 regimen
1557 3381 1594 3424 ac
1615 3361 1732 3423 doctri-

178 3457 358 3540 potcntiam
376 3459 511 3534 Doi,nec
526 3477 623 3540 opera
637 3458 707 3538 ejus
724 3458 930 3541 inAEgyptios
986 3478 1058 3521 nam
1075 3460 1257 3535 mittuntur,
1282 3460 1365 3522 inter
1379 3458 1460 3522 alios
1480 3459 1728 3532 subvertuntur;

180 3556 277 3620 iacta.
306 3561 590 3635 Detraseruntquc
621 3567 724 3630 terme,
755 3560 894 3619 dicentes
918 3580 929 3618 .·
984 3565 1016 3620 et
1036 3577 1073 3620 ex
1100 3557 1244 3640 inspectu
1270 3559 1434 3638 gigantum
1460 3567 1630 3634 terrentur,
1654 3559 1728 3621 dum

182 3662 284 3719 Terra
300 3677 398 3736 qaam
416 3659 641 3726 lustravimus,
656 3660 788 3717 devorat
807 3659 930 3718 hadita·
986 3655 1215 3718 tentationibus
1239 3657 1420 3718 dromonum
1446 3664 1477 3718 et
1501 3656 1731 3738 persecutioni·

178 3767 262 3816 tores
280 3775 366 3824 satos,
388 3754 420 3815 id
441 3762 500 3830 est,
525 3762 588 3816 l'am
610 3753 726 3816 fertilis
746 3763 793 3817 est
814 3764 844 3817 et
866 3763 928 3817 tam
984 3753 1044 3815 bus
1061 3762 1267 3834 tyrannorum
1284 3752 1487 3833 dejiciuntur.
1496 3754 1673 3835 apportant
1689 3762 1730 3816 ta-

178 3853 288 3928 lortis‚
306 3860 342 3913 ut
360 3851 429 3915 sine
445 3851 610 3932 sanguinis
625 3852 785 3915 effusione
799 3853 928 3916 delendi
984 3871 1056 3914 men
1069 3853 1108 3913 de
1120 3851 1133 3912 l
1136 3851 1277 3913 ructibus
1287 3859 1378 3913 terrea
1389 3852 1562 3934 promissae,
1575 3871 1676 3933 quum
1690 3853 1730 3915 de

176 3962 211 4016 et
236 3951 376 4015 obtineri
403 3970 465 4014 non
492 3951 607 4013 valeat.
635 3951 672 4012 Et
697 3952 844 4032 quamvis
868 3952 929 4015 hoc
983 3949 1373 4031 plenitudinecoelestium
1389 3950 1578 4030 gaudiorum
1594 3969 1730 4031 evange

179 4050 243 4112 tuit
259 4049 402 4113 laudatio
425 4050 532 4131 potius
556 4068 651 4130 quam
668 4050 821 4113 detractio
839 4059 929 4114 terrae
983 4046 1091 4110 lizant.
1104 4046 1211 4109 Nihilo
1225 4047 1332 4108 minus
1343 4048 1434 4128 quasi
1450 4048 1622 4111 detrahunt
1637 4058 1728 4112 terra

177 4148 280 4226 illius,
295 4157 401 4211 tarnen
417 4156 571 4230 quantum
588 4148 626 4210 ad
645 4147 731 4209 lilios
751 4147 855 4224 lsrael,
868 4147 928 4210 luit
983 4146 1117 4222 coelesti,
1129 4145 1205 4207 dum
1217 4164 1317 4226 quarn
1333 4145 1470 4210 diliicile
1485 4147 1606 4210 sileam
1623 4147 1729 4229 acqui·

176 4246 347 4322 detractio,
374 4254 406 4308 ot
430 4254 587 4328 quantum
617 4246 655 4308 ad
683 4245 927 4309 similitudinem
942 4249 967 4309 D
983 4244 1649 4326 rere‚praadieant,exclamantes:Regnum
1666 4263 1728 4308 cte
1756 4267 1874 4318 natam,

177 4344 330 4420 effectus,
347 4343 510 4407 oblocutio
526 4344 778 4424 quaedam:quia
793 4363 929 4425 perver-
982 4342 1086 4405 lorum
1116 4340 1181 4403 vim
1213 4341 1347 4422 patitur,
1375 4351 1407 4405 et
1436 4342 1568 4406 violenti
1600 4343 1728 4425 rapiunt
1743 4333 1776 4373 ¹³·

179 4443 220 4506 ha
236 4442 294 4505 illa
309 4451 474 4504 verterunt
491 4440 570 4503 liliis
593 4442 687 4505 lsrael
706 4450 822 4504 terram
839 4443 926 4505 illam
982 4441 1071 4503 illud.
1095 4441 1208 4520 Sicquc
1223 4440 1315 4501 multi
1331 4441 1422 4522 quasi
1438 4451 1638 4503 murmurant
1652 4461 1727 4505 con-

179 4542 212 4604 in
239 4541 523 4616 abominationem,
551 4550 769 4623 contemptum
794 4549 826 4603 et
851 4561 928 4603 nau·
981 4549 1029 4601 tra
1053 4538 1225 4614 Christum,
1252 4540 1338 4619 quod
1365 4548 1427 4600 tam
1458 4540 1588 4601 arduam
1616 4539 1727 4603 lecerit

51 4661 161 4714 ria-,sa
177 4660 279 4716 seam,
305 4639 395 4720 juxta
420 4639 511 4715 illud,
538 4639 596 4702 Pro
621 4639 723 4702 nihilo
748 4639 927 4702 habuerunt
981 4638 1065 4699 viam
1091 4636 1214 4712 salutis,
1243 4645 1371 4717 tamque
1402 4636 1572 4700 diiiicilem
1602 4638 1726 4700 dederit

177 4748 297 4802 terram
317 4737 575 4801 desiderabilem.
597 4737 730 4812 Quidam
750 4746 856 4801 tamen
878 4757 927 4801 ex·
981 4734 1095 4814 legem.
1112 4735 1208 4798 Porro
1229 4754 1286 4816 per
1304 4735 1399 4798 Calcb
1414 4744 1446 4798 et
1460 4736 1553 4798 Josuc
1568 4735 1724 4814 designati

177 4844 316 4919 ponunt,
343 4835 487 4898 dicentes
518 4837 602 4917 quod
632 4837 780 4899 dixerunt
811 4845 926 4898 terram
981 4841 1055 4895 sunt
1079 4833 1302 4914 predicatores
1334 4833 1448 4896 fervidi
1474 4841 1506 4896 et
1530 4842 1723 4910 constantes,

177 4936 269 4997 illam
291 4953 361 4997 esse
383 4934 630 5016 pestilenticam‚
649 4935 832 5016 frequenter
848 4934 928 4998 inie-
980 4933 1035 5014 qui
1062 4931 1201 4994 lideliter
1220 4932 1383 4995 declarant
1407 4931 1603 5010 hominibus,
1628 4952 1724 5015 quam

175 5043 274 5108 ctam,
294 5031 338 5094 ita
354 5033 438 5113 quod
463 5033 656 5096 habitatores
673 5033 743 5113 ejus
759 5051 822 5095 non
839 5032 927 5096 vive-
980 5049 1054 5092 rere
1073 5031 1181 5093 omnia
1204 5031 1328 5113 possint
1351 5031 1383 5093 in
1406 5050 1444 5094 eo
1464 5031 1519 5114 qui
1542 5031 1629 5114 ipsos
1651 5051 1725 5095 con·
1738 5060 1870 5116 Petraea.

177 5140 249 5195 rent
270 5131 339 5194 diu.
357 5130 503 5212 llagister
528 5131 561 5193 in
586 5131 729 5194 historiis
753 5131 836 5195 circa
859 5132 926 5196 hac
981 5127 1078 5192 lortat
1098 5138 1129 5191 et
1149 5129 1290 5211 adjuvat.
1740 5126 1772 5166 ¹³·
