4309 6259
564 495 738 543 manuario
759 495 790 542 ru
811 496 879 542 aar.
903 495 934 541 vr
954 493 1151 542 uuuunoauu.
1173 515 1214 526 -
1233 497 1304 543 aar.
1327 495 1371 544 un
1668 477 1729 542 35³5

180 667 380 730 sacerdotum
405 667 493 731 fusas
513 685 570 750 pro
591 667 721 750 populo.
740 668 861 749 Exque
876 685 930 749 pa·
944 667 970 728 Α
985 667 1105 730 caciam
1121 667 1299 730 sortiuntur
1316 688 1323 732 :
1342 668 1461 732 idcirco
1476 676 1551 731 sunt
1571 669 1728 731 honoran-

179 767 335 847 tet,quod
350 766 510 830 orationes
528 775 560 828 et
576 765 814 829 benedictiones
831 785 932 828 sacer·
985 765 1029 842 di,
1050 775 1082 828 et
1107 766 1258 828 exorandi
1283 775 1318 829 ut
1342 776 1434 830 orent
1458 786 1516 849 pro
1540 765 1678 828 aliialii
1703 765 1730 827 si

178 865 301 940 dotum,
330 865 362 926 in
389 873 545 947 quantum
571 873 644 926 sunt
671 864 782 927 vicarii
807 865 874 940 Dei,
900 871 931 926 et
986 863 1135 926 virtuosae
1160 864 1225 926 sint
1248 865 1512 941 conversationis,
1530 864 1660 944 majoris
1684 864 1730 926 vi·

178 981 367 1026 communes
388 963 529 1026 ministri
551 961 655 1045 plebis
677 962 789 1044 ipsius,
808 963 841 1024 in
864 980 932 1043 per·
985 961 1069 1041 geris
1093 970 1169 1024 sunt
1190 961 1377 1040 oblationes,
1396 963 1566 1039 orationes,
1584 970 1616 1025 ct
1638 962 1731 1025 bene·

179 1080 257 1124 sona
273 1062 514 1125 communitatis
536 1069 676 1140 agentes,
695 1079 841 1142 maguam
859 1059 931 1122 effi·
986 1059 1142 1123 dictiones
1157 1079 1279 1123 eorum.

735 1485 1056 1573 ARTICULUS
1095 1489 1182 1572 XII

565 1762 722 1808 uxrostrlo
751 1760 939 1806 srltttrttutls
969 1760 1105 1806 destrunt
1135 1763 1225 1808 nutus
1254 1765 1352 1810 satri.

248 2047 299 2106 IR
313 2045 381 2104 sinc
392 2044 523 2111 mulier,
538 2062 639 2122 quarn
655 2042 791 2118 fecerint
812 2048 928 2099 notum.
950 2037 1106 2116 floscula,
1117 2040 1475 2128 intelliguntur,quibus
1491 2050 1651 2132 appetitus
1666 2073 1732 2118 non

249 2143 308 2206 Per
323 2141 496 2215 Nazaraeos,
514 2139 670 2220 designati
691 2147 764 2200 sunt
785 2136 930 2199 homines

179 2240 375 2320 evangelica
401 2238 619 2321 perfectionis,
638 2237 812 2320 presertim
839 2234 928 2310 casti,

180 2339 293 2416 sobrii,
312 2337 489 2420 prasertim
505 2337 562 2418 qui
578 2336 761 2415 evangeliea
775 2341 931 2397 conantur

180 2437 318 2503 consilia
333 2435 520 2518 adimplere.
538 2433 809 2508 Quemadmodum
825 2441 930 2494 autern

180 2557 238 2620 per
253 2537 418 2599 Nazaraeos
435 2533 524 2598 omui
545 2542 687 2615 ternpore
703 2533 777 2595 rita
792 2551 857 2594 sure
874 2550 930 2592 seu

181 2635 342 2717 usquead
367 2641 512 2708 mortem,
531 2631 743 2714 praefiguratae
765 2637 840 2692 sunt
862 2628 932 2690 reli-

178 2735 277 2813 giosre
309 2751 465 2815 persone,
492 2750 564 2811 quae
594 2729 691 2793 vitam
722 2719 929 2791 monasticam

180 2832 377 2916 profitentur
402 2840 434 2894 et
459 2838 587 2893 servant
617 2829 781 2911 usquead
807 2827 931 2890 obitum

985 2146 1033 2198 est
1048 2138 1254 2219 reficiendus,
1273 2145 1326 2207 scd
1344 2147 1579 2229 reprimendus.

1026 2241 1167 2300 Sanctus
1187 2245 1261 2312 erit,
1285 2257 1439 2306 crescente
1463 2253 1593 2310 caesarie
1614 2254 1732 2330 capitis

985 2337 1066 2412 rjus.
1084 2337 1233 2428 Caesaries
1253 2342 1378 2423 capitis,
1396 2354 1445 2407 est
1463 2347 1653 2426 germinatio
1677 2350 1733 2413 bo-

987 2451 1099 2497 narum
1116 2438 1370 2518 meditationum,
1383 2442 1571 2526 piarumque
1587 2446 1733 2512 affectio

976 2552 1063 2595 vnum
1088 2535 1121 2596 in
1145 2538 1241 2601 corde
1267 2557 1275 2600 ε
1301 2540 1420 2621 quibus
1445 2541 1728 2624 invalescentibus,

987 2630 1083 2694 home
1108 2631 1147 2695 fit
1172 2644 1310 2714 sanctus,
1328 2648 1458 2720 propter
1482 2642 1566 2722 quod
1592 2643 1733 2707 increata

987 2729 1148 2811 Sapientia
1169 2743 1365 2799 contestatur
1382 2755 1389 2799 :
1408 2738 1548 2802 Eruditis
1573 2740 1730 2806 intersum
1761 2759 1878 2809 araur.

987 2828 1244 2908 cogitationibus
1271 2837 1379 2911 Super
1403 2847 1567 2898 mortuum
1592 2861 1658 2902 non
1685 2846 1734 2902 in-
1748 2823 1781 2863 ¹²·

181 2951 294 3006 suum;
314 2930 358 2992 ita
374 2947 430 3010 per
440 2928 602 2990 Nazaraeos
616 2928 657 2989 ad
667 2935 788 2989 certum
806 2934 932 3006 ternpus
983 2930 1161 3002 praelietur.
1179 2929 1333 3003 Quoniam
1352 2932 1382 2995 ei
1403 2935 1459 3015 qui
1481 2954 1537 3016 per
1554 2937 1631 3001 vitia
1651 2957 1733 3001 mor-

180 3028 325 3112 expressi
342 3035 418 3090 sunt
431 3024 676 3102 christifideles,
695 3025 750 3105 qui
766 3042 803 3086 ex
819 3041 933 3106 prope
988 3033 1060 3087 tuus
1085 3035 1192 3089 mente
1212 3037 1271 3106 est,
1290 3049 1352 3092 non
1375 3032 1470 3095 debet
1491 3033 1588 3111 uniri,
1606 3035 1734 3100 confor-

181 3128 243 3192 sito
255 3146 314 3190 seu
330 3124 543 3208 promissione
555 3124 718 3186 racantad
735 3131 860 3203 tempus
871 3120 933 3203 spi·
988 3124 1103 3187 mando
1119 3143 1153 3187 se
1173 3125 1221 3187 illi
1241 3126 1274 3188 in
1297 3146 1501 3213 quocumque
1521 3132 1647 3197 illicito.
1666 3137 1732 3198 Nec

179 3225 356 3292 ritualibus
386 3223 546 3287 exercitiis
576 3230 733 3286 certarum
766 3221 930 3294 virtutum,
946 3212 968 3275 C
986 3242 1082 3299 staprr
1094 3226 1200 3300 patris
1215 3227 1347 3304 quidem
1361 3238 1391 3288 et
1406 3232 1534 3300 matris,
1544 3232 1675 3308 fratris,
1686 3254 1732 3294 ao

179 3324 387 3400 abstinenda,
401 3321 844 3405 peregrinando,orando,aut¹
860 3337 934 3400 pau·

181 3423 317 3506 peribus
339 3421 564 3484 ministrando.
583 3420 618 3481 Hi
642 3438 753 3483 omnes
774 3417 883 3481 avino
903 3424 932 3479 ct

178 3522 272 3585 ‚omni
290 3519 493 3596 inebriativo,
505 3517 739 3599 carnaliterque
756 3517 933 3580 delectante

181 3622 303 3684 debent
326 3618 454 3702 penitus
476 3617 646 3692 abstinere,
664 3616 724 3679 boc
744 3623 793 3679 est
815 3615 855 3677 ab
879 3615 934 3676 im-

183 3717 387 3784 moderantia
407 3716 642 3792 universorum,
660 3735 730 3796 qua
752 3723 878 3795 gustum
902 3722 933 3774 et

184 3828 305 3884 tactum
323 3815 509 3880 oblectant:
532 3815 617 3895 quod
634 3823 664 3876 et
683 3812 832 3895 praelatis,
850 3811 935 3894 prin-

183 3917 314 4001 cipibus
329 3924 427 3996 atque
446 3913 609 3994 judicibus
630 3911 789 3994 praecipue
805 3919 852 3974 est
873 3931 934 3974 ser-

56 4037 169 4083 ratum,
185 4017 342 4090 vandum,
365 4013 456 4094 juxta
477 4011 557 4073 illud
574 4010 841 4074 Proverbierum:
865 4010 935 4073 Noli

50 4103 66 4144 ⁴¹
76 4107 94 4144 ⁵·
184 4113 317 4196 regibus
332 4113 408 4174 dare
420 4109 624 4191 viuum,quia
640 4109 764 4171 nullum
780 4118 934 4172 secretum

183 4213 242 4277 ubi
268 4218 382 4291 regnat
406 4208 561 4282 ebrietas;
589 4227 628 4270 ne
655 4205 737 4271 forte
762 4206 883 4284 bibant,
905 4215 936 4270 et

182 4310 421 4376 obliviscantur
443 4307 650 4388 judiciorum,
667 4315 699 4369 et
722 4315 845 4369 mutent
863 4326 937 4369 cau-

987 3323 1133 3400 rorisquc
1153 3323 1270 3399 funere
1288 3329 1594 3392 contaminabitur:
1614 3329 1646 3391 id
1671 3340 1730 3409 est,

989 3418 1109 3481 nullius
1119 3429 1413 3505 quantumcumque
1422 3426 1594 3508 propinqui
1605 3438 1659 3492 aut
1668 3428 1733 3492 cari

989 3517 1170 3581 inordinato
1193 3519 1314 3584 affectu
1340 3541 1374 3585 se
1398 3523 1592 3605 inquinabit,
1611 3546 1669 3590 nec
1693 3528 1734 3590 de

990 3614 1119 3677 illorum
1137 3626 1238 3681 morte
1254 3638 1309 3681 seu
1325 3639 1527 3703 quacumque
1541 3625 1733 3689 adversitate

990 3713 1236 3778 immoderanter
1266 3717 1454 3797 tristabitur,
1482 3739 1522 3784 ne
1547 3740 1604 3802 per
1629 3723 1690 3786 boe
1715 3743 1734 3785 a

991 3811 1128 3892 puritate
1147 3822 1180 3877 et
1197 3814 1370 3878 stabilitate
1390 3818 1670 3900 contemplationis
1690 3829 1733 3884 at·

991 3929 1052 3992 que
1077 3911 1252 3992 apuritate
1277 3914 1455 3976 retrahatur
1479 3915 1581 3979 divini
1602 3919 1731 3982 amoris.
1812 3948 1815 3952 ⁴

990 4012 1053 4071 Sin
1064 4020 1172 4071 autern
1183 4021 1329 4070 mortuus
1338 4012 1442 4088 [tuerit
1451 4016 1615 4092 quispiam
1629 4020 1733 4080 subito

990 4129 1099 4169 coram
1113 4129 1159 4179 co,
1180 4109 1212 4171 id
1228 4117 1287 4186 est,
1305 4109 1332 4171 si
1347 4108 1465 4193 aliquis
1485 4130 1523 4175 eo
1537 4115 1734 4196 approbante

991 4215 1134 4271 autnon
1165 4206 1359 4289 impediente
1384 4228 1443 4292 pro
1468 4229 1572 4292 posse,
1600 4223 1670 4277 ruat
1701 4215 1734 4278 in

991 4316 1155 4390 peccatum
1176 4307 1320 4386 mortale,
1338 4312 1507 4386 polluetur
1521 4323 1618 4389 caput
1632 4335 1736 4388 conse-

184 4431 254 4474 sam
282 4407 425 4470 filiorum
451 4405 612 4488 pauperis.
626 4410 761 4466 Acetum
784 4427 825 4465 cu
848 4408 934 4478 nine,
951 4409 1145 4477 iterationis
1166 4407 1247 4485 ejus,
1265 4406 1297 4469 id
1321 4416 1380 4484 est,
1398 4426 1488 4471 mens
1508 4409 1578 4490 ejus
1603 4411 1666 4475 Deo
1690 4415 1736 4476 di-

183 4519 260 4587 eta,
279 4508 312 4570 id
338 4515 396 4582 est,
419 4504 667 4568 amaritudinem
692 4523 764 4585 quae
785 4523 822 4567 ex
848 4506 937 4568 vino

184 4608 288 4672 lentia
302 4603 394 4686 sequi
415 4603 505 4680 solet,
522 4611 579 4665 aut
597 4603 693 4666 aliarn
714 4622 843 4685 pravam
866 4603 936 4666 libi-

183 4708 298 4770 dinem
324 4699 544 4776 concomitari,
572 4719 636 4764 non
662 4699 725 4762 sibi
751 4700 937 4783 impriment

64 4821 169 4877 aaran
185 4823 245 4868 uec
262 4799 444 4886 admittent,
453 4817 552 4881 quum
568 4799 654 4860 dicat
668 4797 855 4878 Apostolus:
868 4799 937 4862 Om-

53 4887 80 4927 ³¹·
182 4904 236 4966 nis
264 4899 455 4974 amaritudo,
473 4897 531 4974 ira,
557 4895 736 4976 indignatio
760 4904 792 4960 et
816 4897 936 4962 clamor

183 5001 322 5066 tollatur
342 5017 361 5059 a
383 4995 486 5060 vobis
508 4998 591 5058 Uvas
615 5005 752 5056 recentes
777 4998 937 5077 siccasque

57 5117 169 5168 nunna
183 5121 252 5164 nora
264 5093 536 5158 comedentsicut
551 5112 607 5175 per
622 5093 733 5156 vinum
749 5093 883 5172 luxuria,
894 5095 938 5159 ita

185 5218 243 5281 per
273 5213 352 5258 uvas
376 5199 519 5256 recentes
549 5191 744 5275 praeambula
768 5201 800 5255 et
825 5191 938 5256 incita·

184 5303 300 5361 menta
321 5291 465 5368 luxuriae,
482 5301 560 5373 puta
584 5290 760 5374 amplexus,
778 5297 882 5354 tactus
907 5303 937 5356 et

991 4513 1070 4582 cata,
1089 4504 1122 4567 in
1141 4504 1341 4568 consimilem
1362 4505 1481 4569 decidit
1500 4507 1638 4589 culpam,
1657 4511 1734 4592 quia

991 4624 1055 4668 non
1076 4604 1180 4667 solum
1205 4611 1307 4666 morte
1326 4604 1414 4682 digni
1439 4613 1513 4666 sunl
1534 4607 1589 4686 qui
1612 4607 1735 4670 faciunt
1749 4627 1834 4676 nm,
1847 4626 1880 4668 aa.

991 4703 1078 4781 talia,
1096 4703 1151 4765 scd
1174 4702 1270 4765 etiam
1290 4701 1345 4784 qui
1365 4703 1569 4765 consentiunt
1591 4703 1737 4769 facienti·

991 4804 1062 4866 bus.
1084 4801 1162 4864 llinc
1184 4819 1293 4863 rursus
1314 4800 1456 4882 loquitur
1474 4801 1589 4865 Paulus
1606 4821 1615 4865 :
1632 4804 1735 4870 Nolite
1768 4823 1881 4879 apaan

991 4900 1228 4966 communicare
1249 4897 1400 4981 operibus
1423 4897 1630 4964 infructuosis
1653 4911 1737 4967 tenc·
1751 4888 1785 4933 ¹¹·

992 5001 1133 5074 brarum,
1159 4997 1260 5078 magis
1290 5006 1395 5060 autern
1426 4998 1616 5080 redarguite.
1645 5005 1737 5070 Quod

992 5101 1085 5159 radet
1100 5098 1189 5156 illico
1204 5097 1241 5155 in
1255 5099 1367 5156 eadem
1380 5098 1447 5165 die,
1462 5095 1495 5158 id
1514 5104 1572 5175 est,
1591 5099 1737 5179 protinus

993 5194 1173 5279 poenitebit,
1197 5202 1229 5256 et
1253 5192 1461 5272 cogitationes
1481 5194 1737 5278 affectionesque

995 5311 1109 5377 pravas
1123 5293 1163 5356 de
1182 5293 1277 5356 corde
1293 5309 1350 5354 suo
1365 5291 1515 5372 abjiciet3
1536 5301 1569 5356 et
1582 5294 1675 5376 aquis
1691 5294 1738 5356 lu·
1844 5309 1847 5314 ’
