4309 6259
595 467 770 517 manuario
791 469 822 515 nr
844 470 911 517 rna.
935 470 998 517 xxv
1019 470 1121 519 nxoor.
1144 492 1185 503 -
1205 474 1276 520 aar.
1299 476 1316 520 1.
1691 456 1731 519 δῦ

179 639 267 703 niam
284 642 461 705 secundum
478 641 708 705 humanitatem
719 649 926 724 assumptam,
943 640 1080 720 heuper
1100 647 1342 708 caudelabrum.
1364 646 1422 710 Per
1441 654 1564 728 septam
1584 646 1731 709 lucernas

179 758 306 803 summe
322 740 496 823 dirigibilis
517 749 548 804 et
573 740 787 804 infallibiliter
813 741 928 802 ductus
984 759 1038 803 scu
1060 741 1223 823 lampades
1243 744 1402 821 ardentes,
1420 743 1644 824 intelliguntur
1663 763 1731 826 sep

178 846 228 901 est
242 858 261 901 a
274 838 394 921 Spiritu
408 841 531 919 Sancto,
544 850 575 905 et
591 840 848 924 persecutionum
864 858 929 921 poe
982 847 1045 903 tem
1067 840 1152 903 dona
1173 840 1310 923 Spiritus
1332 842 1449 921 Sancti,
1472 862 1543 926 quae
1565 862 1730 925 nunquam

179 957 359 1021 uarumque
388 940 505 1003 ictibus
530 941 570 1004 ad
596 938 839 1003 resurrectionis
864 939 927 1020 glo
983 936 1136 1001 informia
1151 948 1236 1017 sunt,
1253 942 1309 1004 sed
1332 942 1462 1004 caritate
1485 940 1675 1005 formantur.
1692 941 1730 1003 Et

178 1036 259 1099 riam
281 1046 329 1101 est
352 1040 535 1121 perductus.
554 1042 682 1101 Hostile
704 1042 775 1117 ejus
795 1049 825 1100 et
844 1043 928 1099 cata·
983 1036 1169 1118 plenissime
1195 1038 1325 1101 fuerunt
1350 1040 1383 1102 in
1405 1040 1542 1117 Christo,
1564 1038 1620 1121 qui
1639 1040 1730 1121 juxta

178 1140 402 1215 messappiae
417 1148 447 1198 et
461 1141 699 1217 spbar-arama
715 1139 789 1199 titia
803 1157 844 1197 aa
859 1138 927 1215 ipso
983 1135 1166 1199 Zachariam
1192 1138 1380 1219 prophetam
1407 1148 1456 1201 est
1482 1138 1578 1221 lapis,
1606 1138 1639 1201 in
1664 1158 1729 1220 quo
1742 1161 1875 1216 Zoana.

173 1237 396 1310 procedentia.
413 1235 532 1299 Hastile
546 1235 674 1313 Christi,
687 1244 736 1299 est
751 1255 828 1298 crux
844 1236 924 1316 ejus,
983 1235 1150 1297 suntoculi
1162 1243 1296 1318 septem.
1311 1237 1399 1311 Quod
1410 1237 1537 1318 plenius
1547 1223 1728 1319 exprimens

177 1352 242 1413 qua
257 1332 336 1396 vicit
351 1343 383 1397 ct
405 1334 578 1417 prostravit
599 1334 797 1399 adversarios
820 1334 928 1395 huma·
982 1332 1076 1396 isaias
1095 1351 1102 1395 :
1120 1333 1316 1415 Requiescet,
1334 1334 1451 1417 inquit,
1464 1354 1558 1418 super
1573 1354 1647 1399 eum
1662 1334 1729 1417 Spi·
1757 1358 1857 1412 rama.

177 1450 227 1494 uae
252 1431 377 1495 salutis.
402 1432 522 1497 Calami
548 1441 623 1495 sunt
653 1432 730 1495 libri
758 1431 928 1514 Scripturae
982 1432 1063 1493 ritus
1085 1432 1222 1510 Domini,
1241 1432 1377 1514 Spiritus
1400 1432 1565 1516 sapientie
1583 1442 1615 1496 et
1636 1432 1729 1496 intel-

178 1530 342 1594 cauonicae
357 1530 433 1595 novi
449 1532 656 1608 Testamenti,
674 1552 730 1595 seu
745 1530 929 1614 predicato
982 1529 1095 1607 lectus
1112 1539 1172 1594 etc.
1199 1531 1256 1595 Per
1280 1535 1481 1594 emunctoria
1507 1531 1729 1613 intelliguntur

178 1646 228 1691 res
243 1637 341 1711 atque
356 1630 508 1713 discipuli
529 1631 609 1713 ejus.
628 1630 745 1713 Scyphi
763 1638 837 1692 sunt
852 1628 929 1693 cali-
981 1629 1079 1692 verba
1093 1629 1304 1711 correptionis
1320 1629 1479 1708 fraterne,
1497 1639 1528 1694 et
1550 1630 1729 1713 disciplima

176 1747 239 1791 ces.
258 1728 433 1810 sphaerulae
449 1726 523 1793 sunt
538 1729 711 1799 reditiones
727 1728 871 1793 cordium
887 1728 928 1791 ad
980 1728 1074 1809 justa
1095 1728 1314 1805 correctionis,
1331 1747 1388 1811 per
1408 1747 1478 1810 qua
1499 1728 1663 1813 superflua
1682 1748 1731 1791 re-.

176 1827 344 1910 proprium
361 1826 494 1905 fontem,
511 1848 584 1911 quaa
605 1829 684 1891 dum
698 1836 927 1891 convertuntur
945 1826 967 1887 B
982 1834 1141 1889 secantur.
1168 1827 1225 1889 Per
1246 1827 1451 1891 exstinctoria
1472 1845 1559 1905 vero,
1576 1827 1730 1911 patientia

175 1927 215 1990 ad
235 1945 310 1989 eum
333 1940 352 1988 a
372 1945 436 2008 quo
457 1926 585 1991 condita
606 1936 691 2004 sunt,
710 1926 803 2009 quasi
829 1926 928 1989 circu·
981 1932 1013 1987 et
1028 1926 1209 1989 emendatio
1224 1944 1334 1989 eorum
1350 1925 1405 2008 qui
1421 1925 1637 2008 corripiuntur
1652 1946 1659 1989 :
1672 1925 1729 2008 qui

176 2024 243 2086 lum
275 2044 332 2087 seu
357 2024 550 2107 spherulam
583 2025 717 2089 faciunt.
745 2025 826 2088 Lilia
851 2044 927 2089 vero
981 2022 1056 2084 dum
1078 2042 1168 2085 suam
1188 2022 1422 2106 correptionem
1443 2032 1541 2105 atque
1562 2022 1729 2089 correctio

176 2131 252 2186 sunt
266 2132 358 2187 actus
373 2124 575 2202 humilitatis,
593 2144 665 2207 quae
681 2123 782 2187 instar
798 2123 928 2186 humili·
981 2140 1055 2185 nem
1071 2130 1232 2203 gratanter
1254 2141 1291 2185 ac
1308 2121 1466 2204 patienter
1480 2121 1670 2205 suscipiunt,
1683 2141 1729 2185 se

177 2222 251 2284 tatis
268 2222 425 2299 redolent,
443 2230 474 2285 et
494 2224 533 2286 ad
550 2224 713 2306 propriam
738 2222 927 2305 parvitatem
981 2240 1042 2302 que
1057 2221 1240 2297 emendant,
1252 2219 1416 2283 turbidum
1435 2219 1561 2285 fumum
1583 2229 1616 2284 at
1633 2220 1728 2285 vitio·

177 2320 401 2385 reflectuntur.
428 2321 541 2385 Omnia
570 2322 631 2385 ista
661 2320 928 2405 profluxerunta
982 2338 1054 2381 rum
1076 2318 1223 2382 foetorem
1247 2319 1474 2401 praescindunt.

61 2448 162 2507 ..aaut
177 2420 353 2497 Salvatoro,
370 2420 428 2502 qui
452 2420 486 2483 in
508 2421 613 2485 medio
639 2419 869 2504 discipulorum
894 2440 928 2483 se
1016 2420 1155 2497 Inspice.
1167 2429 1196 2480 et
1206 2420 1261 2498 fac
1270 2421 1448 2480 secundum
1457 2422 1634 2496 exemplar,
1643 2421 1730 2500 quod

176 2518 358 2596 collocavit,
376 2527 473 2601 atque
487 2520 526 2583 ad
547 2527 669 2602 partem
686 2527 855 2601 utramque
870 2539 928 2581 sua
983 2518 1042 2579 tibi
1056 2518 1094 2577 io
1109 2526 1216 2578 moute
1237 2526 1453 2579 monstratum
1471 2527 1526 2579 est.
1544 2515 1596 2580 Sic
1616 2525 1648 2581 et
1671 2536 1729 2582 nos

175 2618 260 2681 dona
279 2615 426 2679 diffudit.
444 2622 485 2679 In
511 2621 579 2695 ipso
605 2627 714 2679 autem
735 2620 927 2679 candelabro
980 2614 1132 2678 universa
1155 2634 1227 2696 quae
1252 2614 1387 2695 agimus,
1406 2632 1553 2678 exercere
1576 2614 1729 2679 debemus

176 2726 272 2778 eruut
282 2725 426 2796 quatuor
435 2719 561 2795 scyphi,
571 2716 604 2779 id
620 2724 669 2780 est
680 2725 818 2797 quatuor
828 2716 927 2779 Evan-
982 2714 1156 2777 secundum
1172 2712 1289 2777 Christi
1304 2714 1494 2791 doctrinam,
1505 2713 1682 2796 jussionem
1697 2722 1729 2777 ct

175 2815 335 2897 galiorum
351 2814 516 2893 doctrinar,
534 2834 573 2879 ex
590 2814 709 2896 quibus
725 2823 874 2897 potantur
890 2816 927 2878 fi·
980 2813 1209 2895 operationem,
1227 2812 1284 2893 qui
1299 2812 1522 2875 universorum
1541 2812 1725 2891 electorum,

175 2914 296 2977 delium
317 2912 434 2977 anima)
460 2913 494 2975 in
519 2913 654 2977 Christo.
673 2914 707 2975 ln
732 2912 850 2995 quibus
874 2914 928 2977 do
980 2910 1190 2993 omniumque
1204 2910 1359 2973 virtutum
1379 2909 1660 2993 praeclarissimum
1679 2921 1728 2974 est

175 3013 287 3076 ctrinis
319 3020 395 3074 sunt
424 3012 601 3094 spbar-ula,
629 3012 782 3094 quoniam
811 3014 926 3076 docent
940 3010 962 3075 C
980 3009 1141 3091 exemplar
1157 3008 1190 3071 in
1206 3008 1393 3086 monte,hoc
1408 3016 1457 3072 est
1471 3007 1504 3071 in
1514 3008 1656 3073 Ecclesia
1671 3028 1727 3073 seu

175 3111 367 3175 raditionem
383 3110 500 3175 mentis
516 3111 549 3173 in
565 3112 676 3188 Deum,
690 3110 773 3174 sicut
788 3111 821 3173 in
837 3120 926 3175 motu
980 3107 1150 3170 altitudine
1172 3106 1363 3187 evangelicae
1387 3106 1552 3184 doctrinae,
1576 3106 1626 3171 vel
1650 3126 1727 3172 con-

176 3210 325 3273 oirculari
342 3209 382 3272 fit
397 3210 518 3273 reditus
538 3211 577 3273 ad
594 3218 750 3293 punctum
774 3210 926 3291 egressio
981 3205 1198 3288 templationis
1209 3204 1415 3284 sublimitate,
1424 3204 1517 3270 nobis
1527 3205 1726 3289 propositum

177 3308 235 3371 nis.
253 3312 298 3372 at
318 3311 406 3383 litia,
424 3308 458 3371 id
477 3317 526 3372 cst
547 3327 644 3391 opera
664 3308 857 3372 humilitatis
878 3309 926 3392 ip·
980 3314 1011 3369 et
1026 3314 1202 3369 ostensum.
1226 3374 1229 3377 ,

176 3408 241 3471 sius
262 3406 393 3471 Domini
416 3406 599 3472 Salvatoris.
617 3408 651 3470 ln
673 3408 804 3472 calamis
819 3417 925 3471 autem
1019 3404 1192 3481 Postremo,
1211 3422 1267 3486 per
1290 3423 1433 3467 mensam
1456 3403 1598 3487 itemque
1613 3406 1727 3472 cando

176 3505 312 3587 singulis
328 3505 462 3569 fuerunt
476 3514 541 3569 tres
564 3506 687 3589 scyphi,
705 3506 781 3588 quia
798 3506 831 3569 in
849 3526 926 3571 uno·
980 3503 1117 3580 labrum,
1144 3502 1296 3580 Ecclesia,
1314 3503 1379 3566 imo
1405 3521 1604 3585 unaquaque
1627 3503 1728 3568 eccle

175 3624 304 3688 quoque
330 3623 406 3668 vere
432 3603 523 3668 fideli
552 3613 601 3669 est
626 3605 767 3687 cognitio
793 3624 925 3669 summe
980 3602 1107 3665 siastica
1124 3620 1260 3683 persona
1275 3602 1390 3664 devota
1404 3602 1540 3684 desuper
1556 3601 1724 3682 illustrata,
1833 3602 1837 3609 '

175 3703 353 3781 Trinitatis,
372 3703 488 3767 notitia
508 3703 665 3785 simplicis
685 3704 824 3781 deitatis,
842 3712 873 3767 ct
888 3704 926 3766 l'i-
979 3708 1084 3783 potest
1109 3699 1257 3780 intelligi,
1282 3700 1315 3761 in
1342 3707 1497 3781 quantum
1519 3700 1728 3782 spiritualiter

176 3802 230 3865 dos
252 3800 424 3865 dominice
440 3800 682 3866 incarnationis,
700 3802 757 3865 Vel
773 3810 836 3865 tres
859 3822 925 3885 scy·
979 3798 1086 3863 reficit
1099 3797 1180 3862 alios
1196 3798 1388 3861 salutaribus
1403 3798 1653 3875 documentis,ct
1667 3798 1727 3862 vir-

177 3900 241 3982 phi,
254 3909 330 3962 sunt
342 3900 425 3963 calix
437 3900 607 3982 passionis,
620 3900 704 3963 calix
715 3900 923 3983 poenitentiae,
978 3906 1083 3960 tutum
1098 3896 1265 3979 exemplis,
1282 3916 1319 3960 ac
1339 3895 1477 3979 Spiritus
1496 3896 1604 3960 Sancti
1623 3905 1728 3980 septe·

176 3999 257 4061 calix
288 3997 519 4062 consolationis
543 3999 703 4063 internae:
729 3998 846 4081 quibus
871 4000 924 4081 pia
979 3996 1068 4058 nario
1093 3996 1270 4072 decoratur,
1297 3994 1418 4057 habens
1443 3994 1477 4057 in
1499 4013 1534 4058 sc
1558 3994 1726 4059 duodecim

177 4115 379 4178 unaqueque
395 4116 486 4159 meus
502 4099 642 4179 potanda
657 4106 715 4175 cst,
729 4097 774 4160 ita
789 4105 823 4159 ut
839 4097 925 4161 Chri·
979 4093 1203 4177 Apostolorum
1219 4093 1407 4171 doctrinam,
1424 4113 1461 4157 ac
1475 4093 1727 4159 conversationis

176 4195 215 4256 sti
232 4194 417 4277 passionem
443 4203 599 4273 sectetur,
611 4195 646 4257 in
664 4195 861 4277 poenitentire
876 4216 925 4259 ac
939 4199 964 4260 l)
979 4211 1089 4257 corum
1105 4201 1136 4256 et
1157 4192 1384 4256 miraculorum
1410 4191 1568 4258 notitiam.
1588 4194 1632 4256 Dc
1657 4192 1727 4256 istis

177 4292 261 4355 tibus
284 4300 480 4369 exerceatur,
503 4292 613 4375 sicque
637 4294 677 4356 ad
697 4293 925 4358 consolationis
979 4300 1175 4375 pertranseo,
1202 4291 1355 4373 quoniam
1380 4290 1415 4354 in
1439 4292 1559 4371 Glossa,
1591 4291 1727 4373 aliisque

175 4390 294 4455 divinae
308 4398 438 4471 gustum
455 4392 625 4474 pertingat.
978 4391 1116 4455 divorsis
1141 4390 1327 4455 tractatibus
1352 4391 1481 4475 copiose
1505 4392 1674 4470 habentur,
1695 4401 1728 4455 et

215 4492 329 4551 Facies
343 4500 373 4551 et
394 4494 544 4552 lucernas
563 4500 690 4569 septem,
713 4502 743 4553 et
754 4511 853 4569 pones
873 4515 925 4557 eos
979 4489 1056 4554 alibi
1073 4489 1174 4552 multa
1189 4489 1264 4553 inde
1278 4489 1464 4573 conscripsi.
