4309 6259
422 472 461 535 76
802 499 976 547 manuario
996 500 1026 545 111
1048 500 1117 545 cnr.
1141 498 1238 545 xxrm
1257 497 1359 545 axonr.
1381 516 1422 527 —
1442 497 1514 543 aar.
1537 496 1585 541 111

461 665 613 732 Praeterea
627 672 869 747 advertendum,
880 672 966 752 quod
981 671 1060 753 Lyra
1075 669 1166 733 affir-
1180 670 1206 732 A
1220 669 1316 745 dicat,
1333 688 1404 750 qua
1418 668 1538 749 bloyses
1554 666 1588 729 in
1604 674 1691 728 textu
1706 682 1771 727 non
1786 661 1907 739 scribit,
1924 679 1965 724 ex

420 774 487 828 mat
500 768 609 832 decem
626 770 726 833 fuisse
741 770 948 833 sacerdotalia
963 770 1165 845 vestimenta,
1221 769 1281 832 hoe
1303 777 1407 830 tamen
1429 785 1493 829 non
1510 766 1654 847 sequitur
1673 764 1759 845 quod
1772 760 1868 843 ttoyst
1887 778 1966 822 con-

420 883 556 946 quorum
572 878 709 950 quatuor
719 870 902 933 communia
916 877 1007 931 erant
1022 870 1167 931 sacerdo
1221 867 1366 943 tradicat,
1378 866 1555 949 prasertim
1565 884 1664 947 quum
1679 864 1798 945 hlopses
1812 861 1875 923 alia
1893 877 1965 922 esse

421 964 506 1027 tibus
521 974 616 1048 atque
638 967 798 1050 pontifici,
814 968 878 1031 alia
897 987 951 1031 sex
971 968 1049 1030 dicit
1065 966 1166 1029 fuisse
1222 986 1285 1029 non
1302 974 1406 1045 neget,
1425 984 1483 1027 nec
1502 984 1576 1027 eum
1596 962 1779 1025 exclusione
1802 960 1963 1041 loquatur.

421 1062 550 1145 propria
565 1066 725 1147 pontifici,
744 1066 865 1129 scilicet
881 1067 1022 1129 tunicam
1037 1066 1167 1148 hyacin-
1220 1065 1340 1128 Deinde
1354 1064 1447 1127 valde
1462 1062 1630 1145 probabile
1643 1070 1702 1136 est,
1718 1059 1805 1141 quod
1819 1056 1966 1139 pontifex

422 1161 555 1241 thinam,
588 1165 863 1246 superhumerale,
897 1165 1065 1241 rationale,
1097 1164 1161 1227 bal·
1220 1163 1332 1225 habuit
1347 1163 1458 1225 tiaram
1473 1160 1606 1223 alterius
1620 1156 1850 1241 dispositionis,
1866 1174 1964 1238 quam

421 1268 519 1338 teum,
537 1261 665 1324 mitram
686 1262 927 1345 hyacinthinam
947 1282 1002 1325 seu
1017 1262 1164 1339 cidarim,
1220 1263 1399 1325 sacerdotes
1422 1261 1587 1323 minores:
1610 1258 1759 1320 similiter
1777 1256 1863 1337 quod
1886 1254 1966 1317 alte-

421 1368 453 1421 et
472 1379 600 1423 auream
621 1361 784 1423 laminam.
802 1362 839 1423 Et
862 1363 894 1423 in
915 1362 976 1424 isto
995 1362 1111 1441 allegat
1130 1381 1167 1424 ac
1220 1361 1287 1422 rius
1302 1358 1523 1441 dispositionis
1538 1356 1685 1420 habuerit
1695 1355 1834 1418 balteum
1850 1372 1964 1415 unum.

422 1458 566 1539 sequitur
594 1459 776 1541 losephum‚
808 1460 983 1541 praesertim
1013 1461 1166 1542 quoniam
1220 1462 1350 1534 Rursus,
1363 1458 1494 1521 sicutex
1509 1457 1706 1539 praeinducta
1721 1453 1817 1535 hujus
1831 1450 1965 1534 capituli

421 1557 575 1638 losephus
592 1557 652 1620 luit
667 1559 706 1621 de
721 1578 837 1640 genere
853 1560 1064 1635 sacerdotum,
1081 1579 1169 1621 man·
1221 1558 1419 1640 expositione
1438 1557 1503 1637 jam
1521 1553 1636 1637 patuit,
1653 1553 1757 1615 littera
1773 1560 1875 1632 potest
1894 1550 1967 1631 jux-

422 1655 527 1736 sitque
543 1656 575 1717 in
591 1656 763 1721 Jerusalem
780 1659 914 1721 durante
930 1658 1049 1740 templo
1064 1660 1168 1720 aemi-
1222 1667 1253 1719 ta
1271 1655 1399 1737 losephi
1423 1654 1634 1717 intentionem
1654 1652 1781 1733 exponi.
1800 1650 1963 1733 Siquidem

423 1752 554 1817 nisterio
579 1756 790 1834 sacerdotum,
807 1757 917 1837 sicque
941 1756 1061 1839 pluries
1087 1758 1167 1820 vidit
1221 1765 1390 1839 postquam
1415 1755 1535 1836 bloyses
1563 1752 1643 1814 dixit
1667 1752 1700 1813 in
1726 1751 1788 1813 isto
1811 1750 1965 1831 capitulo,

422 1863 608 1917 ornamenta
638 1874 758 1931 eorum,
786 1864 915 1938 propter
939 1856 1024 1937 quod
1049 1856 1167 1919 certius
1183 1860 1206 1920 B
1220 1855 1329 1917 Facies
1344 1853 1496 1916 laminam
1512 1852 1552 1914 de
1566 1870 1643 1914 auro
1658 1850 1842 1932 purissimo,
1858 1849 1967 1911 eterit

422 1951 525 2034 potuit
542 1972 578 2015 ea
589 1953 780 2016 describere.
798 1953 877 2016 llinc
892 1954 937 2016 ait
952 1964 983 2017 et
998 1956 1079 2017 Beda
1094 1974 1101 2016 :
1118 1953 1168 2017 lo
1221 1974 1317 2037 super
1333 1954 1445 2015 tiaram
1468 1952 1641 2014 imminens
1658 1949 1755 2012 fronti
1777 1947 1942 2031 pontificis
1956 1973 1965 2023 ;

423 2051 552 2130 sephus‚
570 2051 625 2132 qui
643 2060 748 2114 stante
763 2052 866 2115 adhuc
887 2052 1007 2133 templo
1022 2061 1053 2115 et
1073 2053 1167 2133 legali
1221 2054 1355 2129 addidit,
1371 2052 1468 2114 Porro
1490 2050 1569 2112 filiis
1584 2049 1688 2113 Aaron
1715 2048 1839 2111 tunicas
1864 2048 1967 2111 lineas

422 2150 636 2227 observantia,
654 2150 744 2227 vixit,
768 2170 867 2231 quum
893 2161 975 2215 esset
996 2152 1167 2231 degenere
1221 2153 1349 2235 parabis
1366 2159 1397 2213 et
1413 2150 1535 2213 balteos
1554 2168 1592 2212 ac
1609 2148 1714 2211 tiaras.
1733 2148 1766 2209 ln
1785 2146 1901 2228 quibus
1917 2167 1968 2210 sa-

423 2248 633 2325 saeerdotum,
652 2250 754 2329 potuit
772 2268 899 2312 omnem
921 2251 1049 2313 modum
1066 2270 1168 2313 sacer-
1222 2253 1263 2314 tis
1285 2251 1413 2314 videtur
1435 2250 1581 2323 innuere,
1598 2247 1749 2310 distincte
1769 2264 1803 2309 se
1818 2246 1904 2328 loqui
1925 2247 1969 2309 de

423 2346 539 2410 dotalis
554 2349 733 2411 ornamenti
750 2367 813 2411 non
830 2350 932 2411 solum
950 2350 1094 2429 legendo,
1112 2350 1167 2413 sed
1223 2352 1302 2414 tiara
1318 2348 1494 2432 pontificis,
1506 2356 1537 2411 et
1552 2349 1592 2410 de
1608 2346 1687 2409 tiara
1701 2346 1910 2409 sacerdotum.
1923 2346 1970 2409 Si-

423 2446 518 2509 etiam
544 2446 682 2510 videndo
707 2466 908 2528 cognoscere.
933 2450 1040 2530 ltaque
1057 2468 1169 2511 secun-
1221 2450 1341 2512 militer
1362 2457 1531 2531 postquam
1551 2447 1636 2509 circa
1661 2446 1855 2527 principium
1870 2446 1968 2527 hujus

332 2608 339 2621 ,
424 2546 499 2607 dum
515 2544 698 2625 losephum‚
717 2543 778 2606 fuit
794 2546 911 2628 duplex
932 2546 1068 2623 balteus,
1085 2566 1168 2608 unus
1221 2548 1354 2631 capituli
1376 2548 1468 2622 dixit,
1484 2547 1556 2608 flac
1577 2553 1670 2609 erunt
1685 2545 1875 2607 vestimenta
1894 2565 1968 2627 quaa

424 2643 635 2719 sacerdotum,
652 2644 732 2707 alter
749 2644 936 2726 pontificis;
954 2646 1070 2728 duplex
1090 2663 1169 2727 quo
1223 2648 1343 2710 facient
1362 2647 1466 2709 Aaron
1488 2644 1577 2707 fratri
1600 2653 1665 2721 tuo,
1683 2642 1836 2706 rationale
1860 2652 1892 2707 et
1912 2664 1968 2706 au-

423 2760 486 2823 que
502 2741 591 2817 tiara,
610 2761 673 2804 una
693 2744 903 2821 sacerdotum,
921 2744 983 2806 alia
999 2764 1073 2809 vero
1090 2763 1169 2827 pon·
1222 2745 1455 2828 perhumerale,
1470 2744 1610 2807 tunicam
1626 2751 1657 2805 et
1677 2742 1794 2805 lineam
1810 2742 1966 2819 strictam,

424 2839 535 2902 tificis.
554 2840 778 2905 Verumtamen
795 2842 846 2904 his
863 2844 1053 2907 contradicit
1067 2844 1167 2907 Rabbi
1222 2845 1356 2908 cidarim
1375 2853 1407 2906 et
1428 2843 1589 2917 balteum;
1607 2842 1734 2904 tandem
1759 2841 1845 2904 eirca
1865 2841 1968 2905 finem

423 2939 547 3015 Paulus,
572 2949 604 3002 et
623 2940 692 3003 ait:
716 2941 872 3023 Iosephus
894 2960 957 3005 non
979 2952 1027 3005 est
1049 2944 1084 3006 in
1108 2944 1168 3007 hoc
1222 2943 1355 3026 capituli
1373 2962 1458 3005 nune
1474 2940 1704 3022 adjecit,Filiis
1723 2940 1826 3002 Aaron
1844 2941 1968 3004 tunicas

424 3037 494 3101 loco
520 3040 687 3117 tenenduS,
710 3040 835 3102 etiamsi
858 3041 899 3102 sit
921 3040 960 3103 de
982 3060 1098 3122 genere
1121 3042 1204 3105 sa-C
1223 3044 1325 3105 lineas
1347 3041 1475 3124 parabis
1497 3050 1529 3103 et
1550 3040 1683 3103 balteos
1701 3038 1815 3120 Sicque
1837 3040 1877 3101 de
1897 3039 1969 3102 illo-

424 3137 596 3201 cerdotali:
615 3138 804 3201 contradicit
819 3139 905 3202 enim
922 3140 1020 3202 textui
1036 3140 1169 3203 manile
1224 3161 1294 3204 rum
1319 3140 1434 3203 balteis
1458 3139 1609 3201 distincte
1629 3139 1752 3201 locutus
1772 3145 1830 3200 est.
1849 3138 1969 3201 Postre-

425 3244 488 3309 ste;
509 3254 581 3297 narn
598 3246 702 3299 vestes
721 3237 925 3319 pontificales
951 3248 1023 3300 sunt
1044 3248 1167 3302 tanturn
1223 3259 1276 3303 mo
1291 3240 1356 3303 dici
1374 3247 1490 3321 potest,
1507 3239 1593 3320 quod
1612 3236 1659 3298 illi
1680 3237 1735 3319 qui
1752 3244 1875 3318 ponunt
1896 3246 1968 3300 octo

425 3342 508 3411 octo,
526 3344 621 3416 prout
643 3344 805 3416 ponuntur
828 3336 860 3397 in
884 3337 987 3417 prima
1008 3340 1167 3417 secundae,
1223 3348 1410 3403 ornamenta
1430 3337 1652 3413 sacerdotalia,
1679 3334 1847 3398 nominant
1875 3355 1913 3399 ea
1934 3336 1968 3398 in

424 3433 601 3515 quaestione
619 3434 686 3497 toa.
1223 3457 1350 3520 genere,
1369 3456 1432 3501 non
1458 3437 1492 3498 in
1516 3435 1622 3518 specie
1644 3434 1800 3506 ultimata,
1818 3434 1863 3496 ita
1882 3436 1968 3515 quod

465 3532 555 3595 Circa
571 3533 637 3595 haec
653 3534 750 3595 verba
763 3533 862 3596 llabbi
873 3534 960 3596 Pauli
978 3554 1049 3598 reor
1064 3537 1169 3599 dicen·
1224 3538 1354 3601 nomine
1364 3536 1461 3599 baltei
1473 3534 1656 3615 intelligunt
1668 3552 1779 3596 zonam
1791 3542 1971 3615 utramque:

427 3632 607 3712 dum,quod
619 3632 774 3712 losephus
786 3652 848 3696 non
864 3634 1053 3698 contradicit
1070 3638 1168 3699 textui
1223 3636 1371 3698 similiter
1386 3636 1515 3698 nomine
1533 3634 1631 3708 tiarae,
1644 3640 1812 3712 utramque
1827 3632 1967 3693 mitram.

426 3729 606 3809 manifeste,
626 3730 690 3794 imo
706 3751 764 3794 nec
780 3732 903 3795 occulte
917 3734 985 3796 sive
1001 3734 1166 3815 implicite.
1224 3736 1305 3798 Reda
1320 3754 1460 3815 quoque,
1477 3734 1597 3808 Glossa,
1615 3740 1645 3793 et
1662 3730 1855 3793 Scholastica
1870 3731 1970 3795 histo

425 3828 501 3891 Nam
518 3830 592 3892 dato
612 3831 697 3911 quod
718 3830 825 3913 aliqua
846 3833 885 3895 de
900 3834 1097 3895 ornamentis
1118 3834 1169 3895 his
1224 3834 1283 3908 ria,
1299 3833 1437 3914 losepho
1452 3830 1633 3895 consentire
1648 3836 1876 3891 monstrantur.

971 4263 1295 4349 ARTICULUS
1335 4265 1428 4348 LVI

666 4538 704 4581 tlh
731 4537 900 4583 SPllll'l’llAhl
927 4538 1057 4583 utusbutt
1084 4539 1221 4585 currunt
1247 4539 1377 4584 vtcxslttt
1402 4538 1510 4584 octavi
1536 4538 1726 4584 tnrulxuct'u.

494 4816 517 4877 E
539 4815 672 4897 mystica
690 4814 803 4877 horum
825 4814 1061 4896 significatione
1081 4826 1113 4879 et
1133 4817 1171 4879 fi·
1186 4818 1210 4879 1)
1226 4818 1343 4880 vestitu
1359 4826 1537 4895 testaretur,
1550 4838 1585 4881 se
1599 4836 1669 4880 esse
1684 4818 1868 4880 ministrum
1879 4818 1970 4880 Crea-

503 4913 670 4994 guratione
696 4933 732 4977 ae
755 4912 887 4988 ratione,
905 4915 1050 4977 doctores
1070 4917 1170 4980 multa
1227 4917 1304 4978 toris
1315 4917 1544 4980 universorum.
1552 4918 1641 4979 Unde
1656 4918 1689 4978 in
1707 4917 1789 4980 libro
1800 4915 1970 4997 Sapientia

424 5012 638 5087 conscribunt,
649 5013 688 5074 de
703 5011 820 5093 quibus
830 5012 860 5074 S.
871 5012 1006 5075 Thomas
1022 5013 1055 5075 in
1067 5014 1169 5095 prima
1226 5016 1376 5079 habetur:
1388 5017 1420 5078 ln
1432 5025 1520 5079 veste
1532 5016 1659 5098 poderis
1670 5017 1782 5091 Aaron,
1791 5015 1969 5096 descriptus
1995 5036 2129 5093 Sanam.

425 5112 582 5187 secundae,
601 5112 777 5193 quastione
794 5112 861 5188 toa,
881 5111 997 5174 latetur
1016 5131 1022 5174 :
1042 5114 1075 5175 ln
1101 5114 1171 5177 istis
1226 5125 1290 5179 erat
1307 5115 1395 5178 orbis
1414 5124 1579 5178 terrarum.
1597 5116 1674 5179 Nam
1693 5114 1857 5177 feminalia
1872 5114 1967 5191 linea,
1982 5102 2022 5145 ³⁴⁶

426 5211 622 5275 ornamentis
644 5211 870 5290 designabatur
892 5212 1060 5294 dispositio
1083 5213 1171 5275 orbis
1227 5215 1374 5278 similiter
1387 5202 1985 5295 tunicalineastrieta,figurabantter·¹

426 5320 593 5387 terrarum,
606 5309 697 5391 quasi
714 5310 857 5393 pontifex
874 5330 931 5375 suo
946 5320 1060 5376 ornatu
1075 5321 1171 5393 atque
1226 5333 1293 5376 ram
1308 5334 1346 5378 ex
1362 5335 1426 5396 qua
1441 5314 1584 5377 nascitur
1595 5313 1713 5387 linum;
1725 5312 1971 5377 circumvolutio
