4309 6259
550 511 724 559 manuario
746 512 776 557 ur
797 512 866 557 cnr.
889 512 910 557 ιι
931 512 1165 559 numunorrorm.
1188 534 1228 544 —
1249 515 1320 561 aar.
1344 515 1378 561 ιιι
1676 494 1737 559 tet

190 689 256 759 tur,
272 701 368 763 quam
391 683 545 747 Dominus
567 684 703 748 contulit
725 683 802 747 liliis
823 684 890 761 Lot,
908 682 981 746 idA
1034 686 1209 763 Surpentes
1226 708 1300 765 erpo
1324 688 1364 751 de
1388 686 1561 751 solitudine
1584 685 1683 763 Moab,
1700 696 1766 747 nt·

190 790 240 843 est
255 781 436 863 posteritati
453 792 534 847 natae
550 803 588 847 ex
602 784 660 847 Lot
675 802 732 866 per
748 782 854 846 lilium
871 784 940 865 ejus
995 786 1206 847 transiremus
1222 796 1393 856 torrentem
1403 788 1681 856 Zared,eenimus
1694 788 1739 844 ad

76 895 174 943 cam.
190 878 444 960 primogenitum
461 880 590 945 nomine
605 882 704 960 Moab,
717 882 866 963 deditque
882 890 940 945 ter·
993 903 1078 943 eum.
1107 883 1151 946 lle
1175 902 1239 965 quo
1264 893 1404 948 torrente
1426 884 1617 947 dictumest
1641 901 1737 965 ειιρει

191 996 261 1039 ram
282 977 365 1041 hanc
384 978 528 1042 Moabitis
549 980 672 1043 meritis
693 982 751 1043 Lot
770 980 868 1063 patris
888 998 940 1043 ec·
994 979 1073 1043 illud
1103 981 1313 1045 Numerorum
1340 1000 1347 1045 :
1375 982 1447 1044 Filii
1471 982 1565 1045 lsrael
1595 981 1737 1045 fixerunt
1763 1007 1882 1057 neam,

190 1092 276 1153 rum,
295 1077 346 1140 vel
366 1078 463 1140 etiam
482 1080 606 1142 meritis
623 1080 766 1157 Abrahae,
783 1099 856 1142 cum
875 1098 939 1161 quc
994 1079 1130 1143 tentoria
1149 1081 1183 1142 in
1203 1081 1377 1145 solitudine
1396 1100 1467 1163 quea
1482 1080 1613 1162 respicit
1626 1072 1784 1155 Moab;'¹¹·
1796 1072 1830 1114 ¹²·

59 1188 174 1241 renuas.
190 1174 249 1238 Lot
261 1176 425 1258 propriam
438 1185 553 1240 terram
565 1178 705 1261 reliquit.
717 1181 836 1251 Emim,
849 1178 940 1241 idest
993 1176 1067 1240 inde
1088 1187 1245 1243 venerunt
1264 1180 1303 1242 ad
1325 1178 1627 1245 terrentemZared.
1650 1182 1737 1238 Tem-

57 960 83 998 ti.

190 1272 340 1337 homines
363 1275 409 1338 sic
429 1276 544 1353 vocati,
566 1278 643 1358 quia
664 1276 823 1340 terribiles
849 1285 940 1339 erant
988 1296 1052 1353 pus
1066 1287 1176 1339 numm
1190 1298 1251 1358 quo
1266 1280 1505 1340 ambulavimus
1518 1279 1737 1339 deCadesbar·

189 1372 345 1454 adspectu
363 1391 371 1436 :
390 1373 494 1436 Emim
512 1376 643 1458 quippe,
661 1376 835 1439 secundum
852 1375 939 1440 Glos-
991 1395 1032 1435 ne
1055 1396 1154 1455 usque
1178 1378 1222 1436 ad
1246 1379 1421 1437 tramitum
1446 1376 1596 1439 torrentis
1618 1378 1737 1445 Zered,

188 1471 794 1553 sam,interpretaturterribilis;primi
803 1477 939 1552 fuerant
993 1474 1132 1549 eripiare
1155 1484 1221 1535 oeta
1246 1495 1409 1535 annorum
1434 1476 1503 1553 fuit
1525 1494 1537 1534 .·
1562 1490 1626 1536 non
1652 1472 1736 1553 quod

186 1572 384 1631 habitatores
408 1572 489 1649 ejus,
516 1571 576 1635 hoc
601 1581 663 1651 cst,
690 1581 765 1637 ante
788 1573 938 1636 Moabitas
993 1577 1040 1633 tot
1063 1570 1157 1632 annis
1182 1570 1304 1634 luerint
1328 1572 1361 1633 in
1385 1572 1538 1635 continuo
1563 1578 1652 1634 motu
1681 1577 1737 1631 aut

187 1666 379 1730 habitabant
396 1669 429 1730 in
450 1677 534 1733 terra
554 1670 620 1748 illa,
636 1675 779 1751 populus
799 1692 938 1749 maenus
992 1667 1113 1733 directo
1128 1686 1297 1749 progressu
1313 1671 1353 1733 de
1367 1688 1432 1733 unc
1448 1669 1577 1733 illorum
1591 1669 1735 1732 locorum

187 1784 336 1843 numero,
363 1778 392 1828 et
417 1770 549 1829 vatr'dus
574 1769 688 1833 robore
712 1768 881 1851 corporali,
908 1780 937 1830 et
992 1766 1030 1827 ad
1045 1766 1145 1828 alium
1166 1766 1282 1845 locum,
1299 1768 1354 1831 sed
1375 1787 1459 1849 sape
1480 1776 1513 1830 et
1532 1766 1587 1829 diu
1607 1766 1736 1847 quieve-

189 1876 256 1927 tam
271 1869 415 1926 ermetem
430 1872 561 1945 statura,
578 1878 615 1928 ut
628 1871 669 1928 de
682 1870 823 1929 Enaeim
837 1869 937 1946 stirpe
955 1866 978 1927 B
993 1872 1068 1927 runt
1088 1864 1165 1928 hinc
1188 1865 1273 1942 inde,
1291 1873 1323 1929 et
1344 1873 1461 1929 terram
1481 1866 1580 1929 Edem
1603 1864 1736 1929 circuie-

187 1966 286 2043 puasi
302 1965 453 2041 gigantes
471 1968 689 2037 crederentur,
707 1966 739 2028 id
760 1974 819 2043 est,
836 1985 937 2047 quan·
992 1970 1087 2037 runl3
1110 1966 1209 2025 donec
1229 1973 1471 2039 consumeretur
1489 1966 1593 2024 omnis
1609 1984 1737 2042 conpre-

188 2062 282 2125 tituta
303 2068 335 2123 et
357 2061 471 2125 robore
491 2063 612 2126 similes
637 2072 727 2127 erant
751 2063 831 2127 tiliis
853 2065 937 2127 Euae
988 2062 1078 2138 patio
1092 2063 1262 2122 bominum
1276 2064 1465 2123 bettanrum
1474 2064 1737 2133 ciceastris,sicut

190 2180 248 2224 seu
263 2160 396 2223 Enacim
410 2162 560 2241 gigantis,
579 2162 623 2225 ita
639 2164 724 2244 quod
744 2162 939 2245 putabantur
985 2160 1160 2238 juraverat
1171 2162 1340 2221 Drmiam.
1351 2163 1528 2241 Postquam
1542 2170 1651 2221 autem
1665 2163 1738 2221 uni-

191 2279 210 2322 a
233 2260 346 2321 multis
366 2259 433 2321 nati
455 2278 493 2323 ex
516 2260 572 2325 illo
595 2261 734 2342 gigante,
752 2262 791 2324 de
816 2280 879 2343 quo
904 2261 936 2325 in
993 2259 1078 2318 versi
1092 2260 1276 2319 ceciderunt
1286 2269 1482 2336 pupnetores
1503 2256 1536 2321 in
1558 2258 1662 2341 prima
1683 2278 1738 2322 nu·

124 2386 177 2421 aa.
192 2358 403 2420 Numerorum
424 2357 507 2420 libro
522 2357 606 2422 lacta
625 2367 673 2421 est
693 2358 823 2422 mentio.
841 2363 939 2421 Deni—
993 2355 1170 2418 meraticna
1192 2356 1361 2433 numerati,
1379 2362 1503 2417 loeutus
1518 2368 1564 2419 est
1579 2360 1738 2419 Dominus

83 2465 89 2475 '
191 2478 254 2535 pue
274 2458 426 2518 Moabitae
446 2462 611 2535 appellant
630 2478 680 2518 eos
699 2460 822 2529 limam,
840 2457 871 2519 id
891 2466 940 2521 est
994 2458 1037 2517 ad
1052 2476 1114 2525 me,
1129 2456 1259 2516 diceris:
1278 2460 1325 2517 Tu
1340 2474 1414 2518 cum
1429 2456 1549 2538 populo
1565 2464 1618 2519 tuo
1634 2466 1738 2518 trans-

191 2552 366 2631 terribiles,
389 2554 541 2636 quoniam
564 2555 666 2633 vultu,
694 2563 815 2618 statura
837 2563 868 2619 ct
891 2575 939 2620 ro-
994 2554 1065 2626 ibis,
1089 2552 1121 2615 id
1146 2560 1195 2615 est
1219 2552 1355 2615 transire
1380 2552 1527 2635 incipies,
1546 2557 1651 2627 bodie,
1673 2554 1735 2631 vel,

190 2653 268 2715 bore
284 2660 376 2715 crant
391 2652 561 2715 terribiles,
994 2650 1156 2713 Transibis
1173 2651 1279 2729 bodie,
1297 2651 1330 2714 id
1350 2660 1399 2715 est
1418 2652 1451 2714 in
1472 2652 1563 2715 brevi
1582 2672 1638 2715 seu
1659 2661 1738 2716 tem-

229 2754 273 2812 In
288 2752 366 2812 Scir
375 2762 494 2822 autem,
502 2750 562 2814 hoc
578 2759 627 2814 est
641 2750 674 2813 in
690 2752 837 2829 idumaea,
845 2754 939 2829 prius
994 2767 1070 2831 pore
1092 2749 1164 2827 istc,
1187 2752 1338 2811 terminos
1357 2752 1463 2823 Moab,
1480 2754 1590 2812 urbem
1607 2753 1739 2816 nomine

189 2849 422 2909 habitaverunt
433 2852 583 2911 Harrei:
593 2850 650 2931 qui
666 2851 842 2913 secundum
853 2852 939 2931 quod
993 2851 1042 2909 Ar
1057 2868 1069 2908 :
1085 2847 1124 2910 de
1139 2865 1202 2927 qua
1216 2846 1417 2927 jamdictum
1432 2857 1491 2925 εει,
1504 2856 1536 2911 et
1549 2848 1634 2913 circa
1649 2849 1738 2912 illam

190 2946 320 3028 legitur,
338 2946 383 3009 ite
397 2946 501 3010 vocati
519 2956 604 3024 sunt,
622 2948 698 3030 quia
717 2956 749 3011 et
768 2947 831 3029 ipsi
848 2966 939 3011 encr-
994 2944 1249 3026 pertransierunt
1272 2945 1432 3023 israelitae,
1457 2964 1520 3009 non
1546 2965 1603 3028 ρει
1627 2948 1737 3011 urbem

189 3045 302 3107 mitate
324 3044 469 3125 corporis
490 3054 582 3108 crant
607 3046 778 3110 horribiles
792 3072 799 3123 3
822 3049 939 3127 quibus
955 3042 977 3105 C
995 3043 1104 3119 illam3
1120 3053 1150 3104 et
1164 3046 1315 3105 accedens
1330 3045 1367 3105 in
1382 3046 1494 3105 uicina
1507 3046 1653 3123 fitiorum
1662 3048 1739 3107 Am-

188 3144 335 3221 eapuisis
358 3153 454 3223 atque
477 3146 604 3215 deletis,
623 3146 854 3205 habitaverunt
872 3146 940 3222 fitia·
994 3162 1081 3213 mon,
1103 3162 1179 3202 cave
1197 3162 1239 3201 ne
1254 3161 1380 3221 pupnes
1394 3153 1508 3203 contra
1521 3162 1582 3215 eos,
1599 3164 1656 3204 nec
1670 3163 1737 3203 mo-

189 3245 282 3305 esea
298 3263 309 3302 :
325 3240 359 3303 id
380 3248 440 3318 est,
458 3242 628 3323 posteritas
651 3243 745 3320 Esau,
766 3242 940 3306 auxiliante
994 3242 1100 3301 rearis
1110 3243 1154 3301 ad
1164 3241 1448 3317 praetiumeadem
1464 3240 1665 3321 rationeque
1681 3260 1738 3304 nec

192 3341 267 3417 Deo,
284 3338 429 3403 Horrsos
450 3338 524 3403 illos
547 3340 752 3422 expugnavit,
769 3350 801 3404 ει
822 3348 939 3404 terram
994 3346 1106 3402 contra
1125 3338 1287 3402 Moabitas.
1312 3342 1386 3401 Non
1407 3342 1496 3401 enim
1516 3342 1598 3401 dabo
1620 3341 1679 3401 tibi
1699 3343 1740 3404 cte

192 3457 303 3502 eorum
320 3437 482 3518 possedit;
499 3440 583 3500 sient
597 3441 675 3517 fecit
683 3443 788 3501 Israel
802 3442 839 3501 in
855 3450 940 3501 terra
996 3449 1082 3500 berra
1103 3439 1249 3516 filiorum
1271 3440 1422 3499 Ammon.
1449 3442 1545 3500 Terra
1563 3440 1739 3517 pipantum

188 3537 395 3615 pamasnonis
409 3557 487 3598 suae.
500 3536 532 3599 Si
548 3536 610 3600 hoc
623 3536 791 3619 exponitur
805 3538 845 3600 de
860 3536 941 3599 liliis
994 3546 1146 3615 reputata
1169 3545 1214 3597 est
1236 3534 1325 3615 regio
1346 3536 1621 3614 Ammonitarum3
1647 3548 1677 3599 et
1702 3541 1738 3599 in

151 3668 178 3705 a,
193 3635 287 3697 lsrael
302 3633 360 3715 qui
376 3642 492 3697 terram
508 3634 730 3716 promissionis
746 3634 942 3699 hereditare-
978 3684 979 3687 ι
995 3637 1067 3714 ῖρεα
1077 3636 1157 3695 otim
1172 3636 1402 3695 habitaverunt
1413 3637 1740 3715 pipantes,qimsAm-

125 3746 131 3757 '
194 3740 280 3811 runt,
297 3731 477 3795 interiectis
493 3732 526 3793 in
542 3731 788 3810 eaChananaeiS,
807 3732 888 3796 sicut
907 3733 941 3795 in
996 3733 1127 3793 monitae
1141 3741 1256 3792 occant
1270 3734 1664 3811 Zomaommim,papuius
1674 3755 1741 3795 ma-

193 3830 278 3894 librc
307 3830 402 3893 losuc
432 3829 584 3893 recitatur
612 3848 618 3892 :
647 3829 828 3909 dicendum,
855 3832 940 3913 quod
991 3850 1078 3909 pam
1099 3839 1130 3889 et
1155 3833 1278 3890 multus
1300 3838 1330 3889 et
1346 3849 1489 3907 procerae
1510 3833 1740 3909 tonpitudinis,

193 3930 313 4012 Moyses
330 3928 411 3990 dixit
432 3928 494 3992 hoe
514 3946 602 3993 more
617 3929 815 4011 prophetico,
838 3931 877 3993 de
892 3929 942 3992 lu·
995 3930 1078 3990 sieut
1108 3928 1260 3999 linaeim,
1287 3948 1363 4008 paros
1390 3930 1509 3989 denaia
1532 3931 1690 3991 Dominam
1718 3954 1739 3993 a

192 4035 264 4091 turo
288 4026 424 4107 loquens
446 4045 504 4108 ρει
526 4027 658 4089 modum
679 4026 841 4109 praeteriti.
863 4027 941 4090 Nam
995 4028 1081 4107 sarie
1104 4046 1228 4098 earum,
1254 4033 1365 4108 utpote
1393 4026 1668 4104 Ammonitarum,
1683 4029 1739 4110 qui

192 4124 263 4207 ipsc
279 4124 420 4201 vivente,
437 4122 501 4186 lilii
516 4124 612 4189 lsrael
626 4132 743 4188 terram
758 4125 942 4207 promissio
996 4126 1050 4189 Dei
1066 4124 1187 4188 auxilio
1202 4124 1276 4186 illos
1289 4123 1405 4187 vicisse
1420 4133 1599 4188 censentur.
1609 4129 1740 4189 Heraens

192 4222 243 4284 nis
259 4222 396 4302 ingressi
413 4239 476 4285 nen
493 4230 577 4285 sunt.
596 4222 628 4285 Si
648 4241 724 4287 vero
745 4222 941 4305 intelligatur
956 4224 982 4286 Ι)
996 4244 1120 4305 quoque
1134 4224 1193 4304 qui
1207 4224 1397 4285 babitabant
1412 4225 1449 4283 in
1464 4226 1628 4297 Haserim,
1642 4223 1674 4286 id
1692 4233 1740 4288 εει

191 4322 231 4383 de
253 4318 403 4383 tribubus
419 4320 529 4383 liuban
550 4328 582 4383 et
603 4320 668 4383 Gad
691 4328 787 4401 atque
808 4320 941 4383 dimidia
996 4322 1029 4383 in
1052 4331 1136 4385 terra
1152 4320 1198 4383 sic
1221 4329 1416 4402 nuncupata,
1433 4341 1533 4402 usque
1550 4324 1673 4385 Gazam
1689 4342 1741 4385 ur-

192 4418 279 4482 tribu
298 4417 452 4495 Manasse,
469 4436 541 4499 quae
559 4426 633 4481 ante
652 4418 749 4500 hujus
770 4417 844 4481 libri
867 4438 941 4482 con·
996 4421 1069 4483 bem
1092 4418 1274 4495 Pbilistiim,
1301 4422 1498 4497 Cappadoces
1518 4424 1714 4498 amputarunt
1728 4442 1740 4481 .·

192 4516 401 4599 scriptionem
427 4516 637 4580 obtinuerunt
662 4534 758 4596 regna
780 4516 884 4581 Sebon
909 4528 941 4580 ει
995 4519 1054 4597 qui
1067 4518 1184 4595 epressi
1198 4518 1464 4594 deCappadoeia,
1478 4521 1664 4580 deleverunt
1677 4538 1737 4581 eos.

192 4616 247 4695 Og,
264 4615 312 4678 sic
331 4623 381 4677 εει
400 4613 574 4678 historialis
598 4616 748 4679 narratio.
769 4616 875 4694 Porro,
893 4636 941 4680 se
1035 4618 1168 4693 surpite
1177 4623 1207 4674 et
1218 4616 1354 4675 tramite
1365 4623 1534 4677 carenum
1544 4618 1669 4679 Arnon.
1679 4616 1740 4679 lsta

193 4714 340 4777 cundum·
355 4712 510 4789 classem,
529 4712 597 4776 Scir
620 4720 668 4776 est
688 4732 781 4776 mons
804 4714 836 4775 in
858 4722 940 4778 terra
995 4722 1069 4777 sunt
1084 4714 1182 4776 verba
1196 4711 1251 4775 oei
1266 4712 1307 4774 ad
1321 4710 1409 4774 filios
1424 4711 1529 4790 lsrael,
1542 4712 1658 4794 quibus
1672 4714 1739 4796 jus-

193 4813 304 4888 Edom,
324 4809 358 4872 in
383 4829 447 4892 quo
473 4810 630 4875 habitavit
651 4811 733 4875 Esau
756 4812 789 4873 in
812 4812 940 4893 regione
994 4813 1036 4877 sit
1051 4818 1225 4875 torrentem
1241 4809 1332 4872 illum
1349 4810 1622 4893 transirellequo
1636 4820 1739 4876 trans·

65 4917 179 4973 caxae.
193 4910 365 4985 Gabalena,
392 4907 449 4971 ubi
476 4917 549 4971 ante
578 4909 735 4974 habitavit
763 4910 938 4988 Ghorrsms,
995 4911 1041 4974 itu
1066 4909 1187 4972 dictum
1211 4915 1260 4971 est
1282 4907 1368 4971 circa
1392 4907 1471 4972 illud
1495 4908 1735 4975 Numerorum:

195 5026 291 5089 quem
318 5005 482 5075 interiecit
502 5006 772 5071 Chcdorlabcmcr
797 5027 851 5071 ιειι
872 5009 941 5071 ΕΙε-
994 5006 1213 5071 castrametati
1229 5014 1304 5068 sunt
1318 5014 1428 5070 contra
1442 5006 1561 5069 Arnon.
1575 5006 1736 5088 Siquidem
1750 5033 1882 5086 renisu.

194 5106 358 5181 mitarum,
374 5111 411 5166 ut
426 5102 459 5165 in
475 5103 589 5167 Genesi
609 5104 749 5185 legitur:
772 5105 827 5187 qui
850 5125 941 5170 mons
995 5106 1105 5168 Arnon
1127 5102 1281 5166 terminus
1303 5112 1352 5167 εει
1372 5102 1472 5167 Moab.
1497 5104 1585 5167 Sicut
1607 5104 1683 5168 lecit
1703 5104 1737 5167 in

193 5205 233 5269 ab
248 5204 333 5266 Esau
349 5202 454 5284 piloso
474 5210 513 5287 et,
525 5202 663 5285 hispido,
682 5222 797 5267 nomen
814 5206 891 5281 Scir,
909 5206 941 5269 id
996 5202 1076 5267 mari
1093 5200 1210 5277 Rubro,
1228 5201 1275 5264 sic
1297 5200 1393 5264 faciet
1415 5200 1449 5264 in
1468 5202 1664 5267 torrentibus
1683 5204 1740 5266 Ar-

193 5311 242 5367 est
256 5300 366 5385 pilosi,
383 5300 517 5383 accepit.
997 5319 1073 5376 non,
1093 5306 1152 5362 ete.
1169 5302 1251 5361 Eece
1272 5300 1411 5369 tradidi,
1433 5298 1466 5362 id
1490 5309 1549 5379 εει,
1572 5318 1631 5382 ριο
1651 5310 1739 5365 certo
