4309 6259
430 463 490 526 ata

789 480 964 527 manuario
984 482 1016 525 ln
1037 481 1105 526 CAP.
1129 479 1181 526 xvt
1201 480 1338 526 tttvtatct.
1362 501 1402 511 -
1421 481 1492 526 ΑΜ.
1516 482 1609 528 XXXIV

431 669 496 731 que
517 650 649 732 mystice
669 651 849 726 edocemur,
871 669 912 712 ne
934 650 1176 730 incomprehen-
1191 648 1215 710 Α
1230 649 1306 711 dum
1322 649 1438 712 Christi
1457 662 1586 734 propter
1608 671 1665 715 nos
1686 653 1833 716 crucifixi
1854 655 1966 719 virtute

285 769 417 816 nsanos.
432 749 539 811 sibilia
559 749 614 811 Dei
634 749 755 830 judicia
775 749 978 830 perscrutari,
995 758 1027 812 ct
1048 768 1085 811 ea
1104 768 1175 830 que

431 847 509 910 fidei
530 857 615 924 sunt,
633 848 790 910 discutere
810 867 1038 929 presumamus
1059 849 1176 910 irreve-

431 956 547 1023 renter,
565 946 782 1023 immoderate,
800 955 854 1008 aut
869 947 1005 1018 curiose,
1023 966 1122 1027 quum
1141 947 1173 1008 in

296 1065 415 1113 eoam,
430 1045 608 1108 Proverbiis
624 1045 766 1107 dicatur:
784 1045 872 1107 Sicut
887 1045 941 1125 qui
958 1045 1020 1106 mol
1037 1045 1176 1108 comedit

283 1129 316 1169 ²⁷·
429 1143 578 1219 multum,
596 1162 659 1206 nou
681 1151 730 1205 est
752 1143 780 1205 ei
803 1144 943 1218 bouum;
965 1144 1010 1206 sic
1030 1143 1086 1225 qui
1107 1164 1175 1225 per-

428 1249 583 1303 scrutator
599 1249 647 1303 est
662 1241 848 1321 majestatis,
861 1241 1059 1322 opprimetur
1074 1261 1092 1303 a
1108 1242 1174 1322 glo-

301 1351 411 1401 Ercttn.
427 1340 485 1401 ria.
503 1340 535 1401 ln
552 1339 773 1402 Ecclesiastico
788 1357 934 1420 quoque:
950 1340 1071 1403 autom
1088 1348 1117 1404 tc
1134 1361 1173 1403 nc

280 1414 306 1454 ²²
326 1416 358 1456 ²³·
427 1438 602 1518 quesieris,
620 1447 651 1500 et
668 1438 799 1500 tortiora
819 1447 850 1500 te
869 1457 910 1501 ne
931 1447 1087 1502 scrutatus
1109 1439 1173 1503 luc-

426 1536 491 1610 ris3
515 1537 570 1598 sed
592 1556 663 1617 que
686 1537 836 1618 precepit
857 1537 915 1600 tibi
935 1539 1026 1614 lleus,
1044 1537 1100 1600 illa
1119 1558 1171 1602 co-

425 1633 491 1714 gita
506 1653 641 1715 semper.
659 1634 725 1697 Non
742 1642 790 1696 θεῖ
805 1635 889 1697 enim
913 1635 971 1696 tibi
992 1654 1120 1699 necesse
1136 1656 1173 1698 ca

425 1750 497 1813 que
512 1732 698 1795 abscondita
708 1741 793 1809 sunt,
803 1732 911 1796 videre
926 1733 1027 1797 oculis
1044 1734 1117 1796 tuis.
1132 1739 1171 1796 Ia.

1230 754 1261 811 et
1276 749 1409 826 meritis,
1423 750 1559 826 veniam,
1576 752 1709 831 gratiam
1724 761 1756 814 et
1771 753 1904 816 salutem
1919 755 1968 818 ob·

1230 847 1332 910 tinore
1349 867 1525 928 precamur.
1549 849 1700 912 Similiter
1714 851 1845 914 arietem
1862 853 1968 916 immo

1229 946 1331 1008 lamus
1347 946 1380 1007 in
1395 947 1627 1025 holocaustum,
1645 949 1719 1011 dum
1740 951 1966 1014 amarissimam

1229 1045 1409 1126 passionem
1430 1047 1502 1108 Filii
1526 1047 1578 1110 Dei
1602 1057 1829 1128 presentamus
1852 1058 1967 1113 eterno

1228 1143 1310 1206 Patri
1326 1163 1398 1206 cum
1414 1144 1585 1224 gratiarum
1602 1146 1726 1209 actione
1742 1147 1886 1228 perenni.
1908 1153 1967 1210 ltr-

1228 1244 1303 1302 nlca
1320 1245 1407 1302 linea
1424 1246 1584 1304 vestietur.
1603 1244 1645 1306 De
1665 1245 1822 1326 spirituali
1844 1245 1968 1326 signifi-

1228 1340 1333 1403 cantia
1358 1341 1470 1404 harum
1497 1342 1738 1405 sacerdotalium
1765 1345 1914 1419 vestium,
1939 1355 1967 1406 θῖ

1227 1438 1364 1519 qualiter
1379 1439 1551 1502 virtutihus
1571 1459 1627 1522 per
1646 1461 1698 1503 eas
1719 1441 1850 1521 signatis
1867 1443 1968 1504 omnis

1227 1536 1464 1613 Christilidelis‚
1482 1538 1658 1619 presertim
1679 1539 1711 1601 in
1733 1540 1830 1602 sacris
1846 1540 1968 1603 Ordini-

1226 1634 1285 1696 bus
1307 1635 1510 1711 constitutus,
1535 1636 1576 1698 sit
1598 1639 1768 1716 ornandus,
1793 1640 1827 1700 in
1849 1639 1968 1720 exposi-

1227 1735 1312 1796 tione
1328 1734 1459 1815 capituli
1476 1735 1578 1796 octavi
1593 1745 1641 1798 θεῖ
1655 1755 1847 1818 expressum.

425 1833 509 1890 nacha
523 1834 680 1908 apparebo
695 1852 792 1909 super
805 1837 984 1892 oromatum.
1002 1831 1170 1894 Oraoulum
1190 1833 1212 1894 B
1269 1835 1493 1912 Susceperam
1518 1835 1557 1893 ab
1581 1837 1735 1896 universa
1758 1839 1967 1896 arcullt'tudr'nc

425 1936 474 1991 est
490 1927 559 2010 ipsa
574 1928 726 2006 Ecclesia,
744 1949 898 2011 mensque
912 1932 1036 2006 devota,
1055 1949 1111 1993 seu
1128 1931 1172 1994 lo-

425 2045 482 2089 cus
508 2026 702 2108 quicumque
723 2027 886 2104 cretionis,
909 2028 942 2090 in
964 2028 1082 2110 quibus
1104 2049 1172 2110 gra-

426 2124 541 2186 tiarum
557 2125 651 2199 actio,
665 2143 725 2188 vox
741 2126 855 2202 laudis,
873 2133 967 2208 atque
983 2127 1091 2206 ignite
1106 2145 1172 2189 ora·

425 2222 522 2284 tionis
547 2223 666 2285 oblatio
696 2224 903 2286 immolantur
926 2225 1101 2311 Altissimo.
1125 2226 1170 2288 lbi

292 2331 411 2383 teor-nr.
426 2321 553 2384 Creator
577 2331 708 2404 apparet
732 2321 765 2383 in
792 2324 888 2386 nube.
907 2323 1059 2386 Videmus
1084 2325 1170 2388 enim

280 2398 313 2438 ¹²·
426 2439 482 2501 per
498 2420 663 2501 speculum
680 2421 712 2482 in
728 2421 907 2501 enigmate.
924 2422 986 2485 Nec
1006 2423 1098 2485 aliter
1119 2442 1171 2503 po·

426 2527 488 2581 test
502 2518 594 2581 nobis
611 2520 716 2582 lucere
732 2520 839 2581 radius
855 2520 936 2582 lucis
952 2530 1088 2598 eterne,
1108 2522 1169 2583 nisi

426 2617 627 2680 sensibilium
644 2617 741 2680 luerit
756 2619 933 2700 specierum
946 2620 1170 2683 circumtectus

426 2714 594 2779 velamine.
613 2716 717 2779 Nubes
739 2736 847 2779 rursus
865 2726 914 2780 θεῖ
928 2718 1044 2780 Christi
1061 2720 1171 2782 huma-

426 2815 520 2893 nitaS,
549 2834 638 2877 sacra
667 2815 839 2898 Scriptura,
866 2817 1052 2897 predicator
1081 2819 1170 2881 verbi

302 2931 404 2986 Patttpp.
425 2912 572 2989 coelestis,
590 2914 685 2977 homo
705 2915 876 2991 virtuosus,
893 2916 986 2997 cujus
1005 2935 1171 2979 conversa-

1225 1934 1305 1990 duos
1325 1934 1430 1991 hircos
1446 1951 1508 2009 pro
1524 1942 1662 2009 peccato.
1685 1932 1742 1995 Pcr
1761 1933 1886 1996 hircum
1907 1953 1967 1997 uno

1227 2029 1320 2091 modo
1337 2039 1464 2091 notatur
1479 2048 1552 2092 caro
1566 2030 1693 2108 Christi,
1712 2040 1840 2112 propter
1861 2033 1969 2094 simili*

1227 2128 1370 2190 tudinem
1396 2147 1484 2191 suam
1510 2148 1582 2191 cum
1609 2148 1704 2191 carne
1733 2131 1880 2211 peccati;
1907 2131 1967 2194 alio

1226 2228 1319 2289 modo
1339 2245 1412 2290 caro
1439 2236 1545 2290 nostra
1568 2229 1742 2304 immunda,
1759 2229 1968 2294 sensitirusvc

1224 2325 1391 2408 appetitus
1399 2326 1465 2389 Non
1476 2335 1582 2388 autem
1594 2325 1716 2389 sullicit
1725 2328 1764 2389 ad
1777 2337 1917 2391 nostram
1929 2349 1969 2392 sa·

1226 2425 1371 2497 lutem,ut
1382 2424 1526 2505 superior
1542 2433 1648 2488 noster
1665 2425 1843 2507 passionem
1853 2427 1967 2490 Christi

1225 2540 1283 2603 pro
1299 2522 1415 2584 nostris
1432 2523 1736 2604 transgressionibus
1752 2524 1867 2587 ollerat
1878 2526 1965 2600 Patri

1226 2620 1288 2682 nisi
1304 2621 1432 2684 inducat
1448 2641 1506 2684 nos
1520 2623 1560 2685 ad
1577 2623 1646 2700 hoc,
1665 2633 1699 2684 ul
1715 2623 1879 2706 proprium
1896 2644 1968 2706 quo

1225 2738 1287 2801 que
1299 2738 1414 2802 corpus
1425 2721 1534 2784 divino
1545 2721 1717 2783 subdamus
1727 2722 1898 2803 obsequi0;
1912 2743 1968 2786 uec

1225 2838 1334 2879 rursus
1351 2817 1472 2881 suflicit
1495 2813 1630 2882 servitus
1651 2829 1768 2896 nostra,
1788 2820 1849 2882 nisi
1867 2822 1968 2884 virtus

1224 2925 1256 2978 θῖ
1276 2917 1425 2979 meritum
1446 2917 1602 3000 passionis
1618 2918 1777 2999 Unigeniti
1798 2919 1853 2982 lJei
1875 2921 1966 2983 nohis

279 3008 308 3046 ¹¹¹·
324 2997 357 3038 ²⁰·
425 3010 470 3074 tio
491 3020 539 3074 est
560 3012 593 3073 in
613 3013 714 3074 coelis.
733 3013 789 3075 Per
808 3033 879 3095 que
899 3014 1006 3077 omnia
1023 3015 1116 3078 nobis
1136 3015 1167 3076 in
1183 3021 1205 3084 G
1224 3016 1511 3078 communicentur.
1533 3016 1706 3098 Utrumque
1725 3016 1822 3098 igitur
1843 3018 1964 3080 hircum

425 3110 492 3173 vita
513 3111 572 3172 hac
594 3111 724 3187 relucet,
747 3111 929 3190 innotescit,
946 3123 1078 3195 apparet
1102 3113 1169 3177 Om-

290 3229 410 3280 nem,
426 3208 586 3289 nipotens.
603 3208 719 3272 Omnes
744 3210 862 3272 etenim
887 3210 1034 3274 homines
1059 3211 1169 3277 vident

278 3293 304 3334 ²⁵
425 3306 535 3383 Deum,
559 3307 779 3388 unusquisque
800 3308 942 3372 intuetur
963 3312 1085 3392 procul.
1110 3313 1168 3376 Ve-

426 3412 604 3467 rumtamen
634 3405 795 3468 interdum
825 3409 997 3488 anagogica
1027 3420 1169 3474 contem-

426 3503 566 3584 platione
580 3512 675 3585 atque
696 3504 835 3568 theorica
854 3506 1008 3578 claritate,
1026 3510 1168 3572 elevatur

424 3611 455 3663 θῖ
470 3603 593 3684 rapitur
607 3621 698 3666 mens
712 3623 858 3667 amorosa
872 3614 903 3668 θῖ
919 3626 998 3688 pura
1013 3607 1046 3668 in
1058 3609 1166 3686 Deum,

300 3710 408 3762 acor-nr,
424 3699 550 3763 dicente
564 3699 716 3781 Apostolo
734 3718 741 3762 :
758 3701 820 3765 Nos
839 3712 945 3766 autem
966 3705 1103 3768 revelata
1124 3706 1168 3768 ta-

279 3774 311 3814 ¹⁸'
423 3797 472 3860 cie
486 3798 621 3878 gloriam
636 3799 763 3862 Domini
781 3802 991 3882 speculantes.

481 3898 627 3956 Vitulum
656 3903 763 3974 offeret
789 3920 850 3977 pro
877 3912 1004 3978 peccato
1029 3913 1058 3962 et
1083 3906 1167 3968 arte-

424 4005 484 4054 tcm
506 3997 541 4055 in
564 3998 794 4058 holocaustum.
812 3999 938 4060 Vitulus
958 4019 1016 4080 pro
1036 4011 1166 4082 peccato

421 4089 568 4166 ollcrtur,
595 4093 670 4154 dum
699 4112 773 4156 caro
803 4095 958 4159 indomita
986 4109 1018 4161 et
1047 4100 1165 4162 lasciva

1223 3113 1359 3194 accipiat
1375 3114 1401 3176 is
1417 3115 1472 3195 qui
1492 3123 1616 3196 preest,
1634 3124 1789 3196 quatenus
1805 3116 1866 3178 sibi
1882 3135 1966 3180 com-

1223 3212 1330 3274 missis
1348 3213 1578 3294 indulgentiam
1599 3222 1630 3276 et
1650 3214 1784 3276 salutem
1804 3225 1962 3295 procuret.

1223 3311 1364 3392 Denique
1384 3331 1440 3393 per
1460 3331 1589 3394 caprum
1612 3313 1812 3376 emissarium
1836 3313 1869 3374 iu
1891 3314 1964 3377 soli-

1224 3409 1365 3472 tudinem
1382 3410 1526 3484 missum,
1544 3419 1673 3491 peccata
1689 3411 1797 3492 populi
1819 3430 1963 3493 superse

1221 3508 1429 3594 bajulantem,
1442 3509 1584 3572 Christus
1600 3509 1810 3589 significatur,
1821 3511 1854 3571 in
1868 3530 1962 3592 quom

1221 3607 1311 3669 Pater
1326 3607 1432 3689 posuit
1448 3606 1631 3687 iniquitates
1646 3607 1789 3670 omnium
1800 3617 1960 3671 nostrum:
1992 3635 2024 3678 a.
2036 3639 2100 3684 aaa.

1221 3706 1276 3787 qui
1302 3705 1448 3786 hajulans
1473 3705 1534 3766 sibi
1557 3725 1693 3776 crucem.
1710 3706 1818 3780 exivit,
1841 3716 1872 3769 et
1893 3727 1963 3789 que

1223 3823 1285 3866 non
1303 3804 1418 3885 rapuit,
1437 3803 1551 3878 solvit3
1569 3813 1664 3886 atque
1681 3805 1712 3867 in
1732 3813 1840 3868 monte
1855 3806 1963 3869 Calva-
1978 3833 2099 3875 Pennus

1222 3901 1276 3963 rie
1293 3901 1412 3963 rabidis
1431 3901 1563 3964 canibus
1579 3911 1609 3964 et
1624 3902 1831 3965 atrocissimis
1852 3903 1962 3966 hostiis
1993 3931 2104 3974 Parum,

1220 4000 1382 4081 expositus
1396 3999 1409 4060 l
1411 4001 1456 4061 uit
1471 4001 1510 4062 ad
1526 4001 1817 4082 devorandum,qui
1833 4021 1962 4083 aperuc-
1980 3996 2014 4042 ¹³·
2026 3996 2057 4034 ¹¹·

1221 4105 1295 4160 runt
1320 4118 1511 4180 supereum
1537 4117 1592 4161 ora
1616 4118 1682 4176 sua,
1710 4100 1960 4181 exprobrantes3
1985 4128 2105 4175 Jeme,

421 4189 497 4269 jugo
517 4189 687 4270 subjicitur
705 4191 894 4274 discipline,
912 4205 944 4257 et
958 4196 1101 4278 jejuniis
1121 4199 1166 4260 vi-
1182 4203 1205 4264 D
1220 4206 1508 4279 percusseruntque
1528 4197 1689 4260 maxillam
1706 4198 1787 4279 ejus,
1804 4208 1836 4262 et
1856 4199 1962 4262 satiati

422 4285 518 4366 giliis,
537 4287 763 4369 laboribusque
782 4293 955 4373 castigatur
970 4295 1162 4372 salubribus,

421 4392 516 4464 atque
537 4385 577 4449 ab
602 4387 689 4450 omni
715 4387 894 4452 refrenatur
919 4393 1082 4474 voluptate
1107 4395 1165 4457 ini-

298 4497 374 4542 mar.
386 4514 406 4551 v,
421 4501 494 4562 qua.
507 4484 600 4547 Porro
615 4485 671 4566 qui
688 4487 727 4548 ad
742 4487 900 4550 Christum
917 4499 992 4552 sunt
1005 4493 1165 4574 pertinen-

274 4563 307 4603 ἰ·
420 4588 477 4656 ῖθε,
495 4581 555 4645 hoc
577 4583 686 4665 utique
712 4587 806 4649 modo
827 4606 955 4651 carnem
978 4610 1068 4652 suam
1090 4612 1163 4655 cum

419 4678 506 4741 vitiis
527 4689 559 4744 θῖ
579 4682 849 4765 concupiscentiis
873 4687 1078 4768 crucifigunt.
1097 4691 1163 4766 Quo

343 4785 350 4798 ’
417 4786 513 4858 patet,
531 4799 627 4860 quam
651 4782 745 4863 pauci
768 4802 841 4846 vere
863 4784 1035 4848 Christiani
1057 4791 1162 4851 cousi-

416 4884 511 4938 stant.
529 4878 619 4941 Aries
640 4888 746 4942 autem
771 4882 803 4942 iu
823 4881 1042 4947 holocaustum
1063 4886 1161 4951 oller-

416 4982 474 5051 tur,
482 4975 558 5037 dum
574 4977 719 5057 superior
734 4998 808 5058 pars
822 4980 937 5044 anime
952 4982 1160 5048 inferioribus

413 5072 536 5135 viribus
547 5075 692 5156 prebens
703 5077 864 5153 ducatum,
874 5079 984 5144 divino
999 5083 1100 5146 cultui
1118 5095 1158 5149 to-

412 5170 517 5234 taliter
532 5191 605 5234 cum
621 5171 876 5238 iullammationc
891 5177 1031 5241 caritatis
1054 5183 1158 5246 valida

411 5269 621 5351 mancipatur.
649 5269 789 5333 Vitulum
819 5292 946 5356 quoque
975 5277 1154 5357 offerimus,

1220 4305 1295 4358 sunt
1311 4296 1414 4377 poenis
1433 4297 1544 4378 ipsius.

1259 4399 1491 4474 Assamptoqae
1507 4396 1682 4455 thuribulo.
1701 4395 1757 4458 Per
1779 4395 1839 4458 hoc
1862 4396 1966 4458 thuri·

1217 4492 1328 4554 bulum
1346 4501 1449 4573 potest
1466 4491 1599 4572 intelligi
1616 4511 1670 4555 cor
1685 4493 1867 4570 humanum,
1876 4496 1965 4575 quod

1218 4591 1417 4672 implendum
1433 4597 1480 4652 cst
1497 4590 1608 4672 prunis
1624 4590 1744 4669 altaris,
1761 4591 1794 4654 id
1814 4601 1862 4654 est
1881 4592 1965 4655 inci-

1219 4689 1366 4750 tamentis
1382 4687 1484 4750 divini
1499 4687 1617 4751 amoris
1635 4697 1667 4752 θῖ
1686 4699 1803 4753 sancte
1818 4689 1965 4754 dilectio-

1217 4787 1267 4849 nis
1292 4786 1447 4866 objcctis3
1470 4786 1676 4868 thymiamate
1700 4806 1835 4870 quoquc,
1859 4788 1964 4851 idest

1217 4884 1459 4947 meditationum
1482 4893 1513 4947 ct
1534 4886 1713 4948 orationum
1737 4885 1901 4963 suavitate,
1922 4907 1963 4950 ac

1215 4980 1391 5045 redolentia
1413 4981 1503 5044 hone
1528 4983 1782 5064 excrnplarisque
1806 4982 1906 5060 lame,
1923 4993 1963 5046 ut

1213 5101 1288 5144 cura
1303 5080 1457 5142 habeatur
1476 5081 1515 5143 de
1534 5080 1619 5144 bono
1636 5082 1775 5145 nomine.
1793 5082 1961 5163 Quumque
1992 5111 2104 5155 menas,

1213 5199 1268 5243 cor
1285 5178 1380 5240 tuerit
1393 5178 1442 5239 his
1456 5179 1897 5260 repletum,introducendum
1908 5191 1961 5243 est
1980 5177 2012 5214 ¹⁵·

1212 5277 1244 5340 in
1261 5277 1539 5358 contemplationis
1556 5286 1712 5342 secretum
1732 5278 1815 5341 ultra
1833 5279 1955 5354 velum,
