4309 6259
433 490 493 555 242

794 506 967 553 auannnrto
988 506 1019 551 ut
1040 506 1109 551 CAP.
1132 504 1184 550 xvt
1205 504 1341 551 tavtrlnt.
1364 524 1405 534 -
1424 505 1495 552 ΛΒΤ.
1519 505 1617 552 XXXIII

433 681 487 742 sed
503 682 588 762 quod
604 683 772 762 quamdam
789 679 1043 755 inidoneitatem,
1059 678 1100 740 ad
1117 678 1177 740 hoc
1192 675 1219 737 Α
1232 681 1378 756 fitiorum
1394 683 1508 747 Israel,
1524 677 1613 759 juxta
1628 699 1756 742 sensum
1775 698 1861 742 nunc
1877 677 1975 739 intro-

431 780 516 859 quod
544 781 577 841 in
607 799 645 843 eo
672 789 895 843 exercerentur
919 779 1044 854 divina,
1073 776 1179 840 incur-

432 879 474 939 rit
498 897 535 940 cx
561 879 673 943 vitiis:
700 878 969 961 quemadmodum
996 875 1177 939 materiales

430 977 573 1041 ecclesias
602 987 804 1053 consecratae,
832 978 983 1039 dicuntur
1012 995 1068 1058 per
1099 975 1177 1040 vitia

430 1078 574 1157 quadam
591 1076 624 1138 in
640 1077 688 1139 eis
704 1085 826 1158 patrata
841 1075 1063 1151 contaminari,
1082 1085 1113 1137 et
1131 1094 1175 1137 re·

429 1175 653 1237 conciliatione
662 1175 866 1256 egeratuxta
882 1182 1068 1256 praetactum
1081 1175 1176 1236 ctiam

431 1273 537 1350 ritum,
555 1275 666 1337 altaria
690 1282 797 1336 nostra
819 1274 852 1334 in
874 1273 926 1335 die
941 1273 1046 1336 Coenae
1068 1274 1176 1334 lavan-

430 1384 491 1438 tur.
506 1381 609 1438 Juoeta
624 1381 711 1438 hunc
725 1380 829 1437 ritum
850 1379 949 1456 saciet
970 1379 1173 1437 tabernaculo

430 1477 617 1545 testimonii,
639 1475 699 1538 hoc
723 1483 771 1538 cst
792 1475 941 1537 exteriori
966 1476 1046 1556 parti
1073 1476 1176 1537 taber-

429 1574 545 1650 naculi,
562 1578 648 1654 quod
667 1580 774 1652 fimum
789 1585 834 1634 est
849 1577 934 1634 iuter
949 1596 998 1634 eos
1014 1577 1050 1635 in
1067 1577 1170 1635 rnadt'o

426 1675 563 1733 sortium
578 1674 790 1734 habitationis
805 1694 929 1742 corurn,
949 1673 1026 1754 quia
1047 1693 1105 1754 per
1121 1693 1174 1753 gy-

429 1788 498 1830 rum
522 1771 592 1850 cjus
618 1771 815 1845 habitabant,
841 1779 873 1833 et
898 1780 1001 1833 castra
1028 1769 1174 1851 ligabant

1234 778 1375 839 ductum.

1273 878 1449 955 Postquam
1464 879 1690 938 emundaverit
1704 879 1931 937 sanctuarium
1945 887 1974 935 ct

1235 977 1517 1035 tabernaculumet
1527 978 1640 1036 altore.
1655 975 1875 1037 Sanctuarium
1886 983 1916 1038 et
1934 984 1977 1036 ta-

1233 1072 1450 1150 bernaculum,
1484 1074 1659 1155 saepissime
1697 1093 1755 1157 pro
1786 1074 1897 1137 eodem
1928 1094 1976 1136 su-

1233 1179 1373 1234 muntur.
1392 1172 1450 1234 Sed
1471 1173 1546 1253 quia
1569 1193 1654 1236 nunc
1678 1173 1899 1255 exprimuntur
1915 1173 1976 1234 dis·

1233 1271 1341 1348 tincta,
1360 1290 1416 1352 per
1432 1272 1648 1334 sanctuarium
1671 1273 1912 1352 intelligendum
1929 1281 1977 1334 est

1234 1369 1381 1431 Sanctum
1394 1379 1574 1431 sanctorum
1588 1394 1595 1444 ;
1608 1389 1665 1451 per
1678 1369 1916 1432 tabernaculum
1928 1389 1977 1432 ve

1234 1486 1278 1543 ro,
1291 1467 1428 1530 exterior
1438 1487 1511 1549 pars
1524 1468 1730 1544 tabernaculi,
1744 1488 1814 1549 quac
1826 1469 1974 1532 Sanctum

1233 1575 1387 1628 vocatur:
1406 1587 1462 1649 per
1483 1568 1578 1648 quod,
1596 1567 1692 1630 etiam
1713 1567 1888 1630 includitur
1902 1567 1977 1630 alta-

1233 1683 1266 1727 re
1288 1665 1502 1746 thymiamatis
1525 1666 1622 1727 situm
1649 1667 1681 1728 in
1706 1685 1769 1740 co;
1798 1685 1853 1748 par
1880 1667 1977 1729 altare

1232 1772 1350 1841 autem,
1363 1764 1461 1826 altare
1471 1764 1647 1826 holocausti
1659 1764 1743 1845 qnod
1754 1773 1821 1826 erat
1834 1764 1866 1825 in
1883 1763 1975 1826 atrio.

428 1867 606 1931 israeliticae
623 1869 742 1932 tribus:
756 1869 817 1931 hoc
832 1877 891 1944 est,
909 1869 1052 1951 pontifex
1068 1871 1175 1950 expia·
1197 1862 1218 1922 Β
1237 1867 1325 1924 Tunc
1348 1866 1460 1941 offerat
1485 1864 1613 1924 hircum
1638 1866 1808 1925 viventem.
1833 1863 1920 1926 Sicut
1944 1863 1975 1923 in

429 1965 477 2028 bit
500 1975 631 2048 septena
655 1968 823 2048 sanguinis
846 1968 1059 2049 adspersione·
1074 1969 1176 2031 taber-

429 2062 577 2124 naculum
594 2063 678 2124 istud
688 2063 835 2138 exterius,
845 2062 928 2124 sicut
943 2061 1023 2123 illud
1040 2062 1175 2125 interius

428 2178 447 2220 a
461 2160 528 2221 suis
543 2161 712 2240 contagiis.
1038 2235 1043 2244 ‚

478 2265 598 2326 Nullus
627 2266 796 2325 bominum
821 2266 864 2324 st't
890 2267 926 2323 iu
953 2267 1172 2335 tabernaculo,

426 2362 1174 2446 quaudopontiseoeinpracticturaonctucrt'um,

426 2467 536 2540 utpote
562 2459 675 2521 Sancta
700 2467 892 2531 sanctorum,
921 2459 954 2519 in
978 2460 1171 2526 solennitate

426 2556 485 2623 hac
501 2558 690 2639 expiationis
704 2577 760 2620 scu
776 2558 1023 2638 propitiationis,
1035 2569 1069 2618 ut
1086 2571 1171 2636 repet

422 2674 483 2730 pro
497 2676 530 2714 aa
543 2666 573 2715 at
584 2675 645 2732 pro
660 2659 766 2725 dorne,
777 2656 837 2718 hoc
853 2664 901 2717 cst
918 2655 1042 2718 lamilla
1056 2679 1129 2726 seca,
1142 2669 1172 2718 at

425 2772 484 2829 pro
505 2755 653 2814 uniuerso
670 2765 751 2814 coetu
768 2756 913 2832 filiorum
936 2756 1051 2823 Israel,
1071 2759 1170 2815 donec

426 2856 612 2928 &rediatur
628 2857 881 2916 tubernaculum.
894 2854 955 2915 Cur
971 2863 1077 2916 autem
1097 2863 1171 2918 tunc

427 2950 514 3012 solus
529 2971 599 3013 esse
614 2952 750 3014 debebat
765 2951 799 3013 in
817 2950 1172 3032 tabernaculo,possunt

1235 1961 1428 2023 Scholastica
1443 1961 1543 2024 lertur
1553 1962 1696 2037 historia,
1710 1980 1772 2024 non
1789 1969 1837 2024 cst
1852 1961 1978 2024 ereden-

1234 2061 1307 2121 dum
1325 2060 1526 2140 quibusdam,
1544 2061 1724 2125 dicentibus
1740 2063 1825 2143 quod
1842 2061 1914 2124 ideo
1930 2081 1977 2122 su-

1234 2176 1290 2238 per
1305 2159 1411 2221 hircos
1427 2178 1495 2222 sors
1507 2159 1701 2237 mittebatur,
1713 2169 1747 2221 ut
1762 2160 1896 2222 sciretur
1907 2159 1977 2240 quis

1233 2258 1367 2321 Domino
1383 2267 1466 2321 esset
1477 2259 1701 2335 immolandus,
1713 2268 1744 2322 et
1760 2259 1832 2340 quis
1848 2259 1974 2322 diaholo

1234 2358 1408 2421 mittendus
1439 2359 1472 2420 in
1498 2359 1702 2422 solitudinem
1728 2379 1801 2422 cum
1827 2359 1974 2442 peccatis.

1233 2457 1295 2519 Lex
1311 2457 1397 2519 enim
1409 2477 1472 2521 non
1485 2458 1640 2539 permittit
1652 2458 1818 2521 immolare
1830 2459 1891 2520 nisi
1902 2459 1974 2520 lleo.

1233 2554 1287 2615 Est
1307 2555 1403 2635 igitur
1420 2574 1557 2618 sensus:
1581 2555 1703 2619 Ollerat
1726 2557 1851 2618 hircum
1874 2557 1978 2620 viven-

1232 2659 1306 2729 tem,
1332 2652 1362 2716 id
1389 2662 1447 2729 est,
1472 2673 1578 2716 coram
1600 2655 1662 2718 [leo
1689 2654 1779 2716 illum
1807 2664 1977 2736 prasentct

1210 2752 1320 2832 ⁸juxta
1341 2752 1440 2814 altare
1462 2753 1494 2815 in
1518 2754 1599 2816 atrio
1623 2755 1663 2815 ad
1687 2752 1868 2816 iaciendum
1892 2754 1976 2817 circa

1230 2849 1354 2913 hircum
1370 2853 1454 2933 quod
1472 2851 1629 2914 subditur.
1642 2852 1710 2928 l'cl,
1723 2851 1854 2929 Oilerat,
1869 2853 1900 2916 id
1916 2863 1973 2929 est,

1231 2949 1360 3030 deputet
1384 2970 1456 3012 eum
1480 2953 1518 3012 ad
1544 2951 1660 3032 aliqua,
1677 2953 1717 3014 ad
1742 2952 1796 3014 hei
1822 2953 1975 3015 honorem

426 3050 663 3130 causaealiquae
682 3050 863 3130 assignari:
882 3051 921 3112 ad
941 3051 1170 3114 insinuandum
1193 3049 1214 3112 C
1231 3047 1405 3128 populique
1430 3050 1564 3112 salutem
1590 3051 1777 3132 spectantia,
1797 3051 1881 3113 sicut
1904 3051 1977 3112 sub-

426 3148 646 3211 excellentiam
662 3148 806 3229 ejusqui
819 3148 1010 3211 interDcum
1021 3158 1052 3211 et
1069 3158 1169 3212 totum

427 3246 580 3328 populum
611 3245 780 3322 mediabat,
810 3246 920 3327 sicque
946 3247 1027 3310 Deus
1053 3248 1087 3309 in
1113 3268 1171 3311 suo

426 3345 636 3407 honoraretur
651 3344 815 3418 ministro;
828 3344 900 3421 alia,
919 3354 955 3407 ut
971 3347 1109 3427 populus
1128 3348 1173 3409 in·

427 3442 520 3504 terim
542 3463 576 3504 se
597 3441 807 3517 humiliando,
831 3443 922 3522 quasi
946 3443 1113 3524 indignum
1138 3464 1171 3507 se

425 3538 632 3602 arbitraretur
643 3539 744 3602 sancti
761 3539 822 3602 loci
839 3540 992 3620 ingressu,
1002 3561 1169 3623 quousque

426 3658 483 3721 per
498 3657 535 3700 ea
549 3657 620 3720 quae
639 3637 784 3720 pontifex
804 3639 903 3718 gessit
918 3639 951 3701 in
972 3642 1165 3717 serretuario,

426 3743 686 3806 reconciliaretur
711 3744 799 3818 De03
829 3745 934 3819 tertia,
961 3754 996 3807 ut
1024 3746 1169 3826 pontilex

426 3840 467 3903 ab
482 3840 617 3904 aliorum
633 3842 768 3922 strepitu
783 3851 879 3924 atque
891 3844 1061 3924 praesentia
1076 3844 1168 3922 liber,

426 3959 499 4001 suas
514 3958 624 4020 preces
639 3959 676 4002 ac
690 3941 942 4002 ministrationes
959 3942 1104 4006 devotius
1121 3962 1170 4004 ex-

426 4042 738 4117 sequeretur.Quum
753 4049 861 4099 autam
877 4043 994 4100 euicrt't
1004 4041 1043 4102 de
1055 4041 1169 4103 Sancto

427 4143 608 4197 sanctorum
628 4139 672 4196 cd
691 4140 795 4196 altare
809 4140 895 4216 quod
909 4156 1016 4198 eoram
1032 4141 1170 4199 Domino

1229 3146 1384 3227 jungitur.

1269 3249 1312 3307 Et
1333 3251 1440 3325 posita
1465 3257 1602 3328 utraque
1626 3269 1727 3310 ruauu
1751 3269 1847 3325 super
1879 3260 1976 3326 caput

1228 3348 1310 3424 ejus,
1328 3355 1457 3427 propter
1472 3365 1582 3408 causas
1599 3346 1632 3407 in
1656 3346 1853 3428 expositione
1877 3349 1975 3430 primi
2007 3364 2102 3408 cati.

1228 3442 1361 3523 capituli
1388 3451 1495 3520 tactas,
1514 3444 1554 3506 oh
1576 3463 1656 3524 quas
1681 3444 1895 3506 communiter
1919 3465 1975 3526 po-

1230 3543 1325 3604 nebat
1339 3561 1469 3603 manum
1492 3543 1639 3606 sacerdos
1655 3561 1750 3623 super
1777 3543 1895 3607 animal
1917 3545 1978 3605 im-

1229 3639 1423 3702 molandum.
1441 3640 1522 3702 Raro
1541 3649 1646 3704 tamen
1667 3641 1865 3723 exprimitur,
1886 3643 1973 3723 quod

1228 3747 1361 3818 utraque
1381 3759 1494 3801 manus
1519 3758 1614 3821 super
1636 3740 1715 3801 illud
1739 3742 1887 3822 ponenda
1902 3743 1947 3803 sit
1965 3767 1974 3812 ;

1228 3838 1283 3900 sed
1299 3838 1358 3900 hoc
1374 3857 1459 3900 nunc
1480 3838 1666 3919 explicatur,
1685 3839 1834 3919 quoniam
1853 3858 1911 3921 pro
1933 3849 1978 3903 to

1230 3936 1292 3997 tius
1308 3935 1417 4017 populi
1433 3936 1528 4017 culpa
1550 3936 1742 4016 ignoscenda
1764 3937 1887 4000 liehant
1901 3939 1977 4015 ista,

1228 4035 1978 4120 etutdcvotioscuattcntiopontilicisperhaec

1227 4133 1365 4215 amplius
1376 4134 1572 4196 excitaretur.
1581 4137 1778 4211 Confitectur
1788 4157 1896 4198 omnes
1911 4139 1979 4198 ini-

426 4245 483 4303 εει,
499 4236 559 4298 hoe
580 4244 628 4297 cst
652 4237 692 4298 ad
713 4236 812 4299 altare
834 4237 1060 4318 thymiamatis,
1083 4241 1169 4319 quod
1190 4233 1365 4311 unttotcc
1393 4235 1540 4308 filiorum
1570 4235 1683 4304 Israel,
1711 4232 1749 4310 idv
1771 4243 1829 4313 est,
1857 4234 1973 4316 culpas

428 4329 490 4392 luit
514 4332 547 4394 in
572 4333 719 4396 exteriori
745 4334 939 4396 tabernaculi
971 4345 1070 4417 parte,
1099 4357 1170 4418 quaa

427 4421 576 4493 Sanctum
599 4431 771 4494 vocabatur
795 4451 851 4495 seu
876 4433 1001 4510 Sancta,
1022 4445 1089 4494 oret
1108 4455 1168 4512 pro

425 4549 469 4599 sc,
486 4537 520 4590 ut
534 4529 593 4591 hac
609 4548 665 4592 sua
680 4531 823 4594 oratione
839 4530 897 4592 liat
917 4532 1018 4611 magis
1034 4532 1168 4595 idoneus

427 4646 516 4689 orare
533 4647 590 4708 pro
610 4628 693 4705 aliis,
710 4637 742 4690 ct
757 4637 861 4691 cetera
881 4629 920 4690 ad
936 4647 972 4691 sc
992 4631 1169 4710 spectantia

427 4726 582 4807 exsequi;
608 4737 637 4786 et
660 4737 825 4804 sumptum
847 4730 1043 4804 scrupuiucm
1070 4731 1167 4788 vituli

426 4835 520 4904 atqua
541 4828 638 4894 hirci,
655 4825 686 4885 id
711 4834 768 4901 est,
786 4824 908 4905 aliquid
934 4826 973 4887 de
999 4826 1167 4908 utriusque

427 4923 582 5003 sanguine
611 4942 756 4998 sumena,
781 4924 903 4999 fraudat
926 4945 1023 5001 super
1047 4945 1170 4984 corruta

426 5022 508 5097 ejus,
529 5029 637 5101 utpote
661 5020 770 5082 altaris
796 5021 1023 5101 thymiamatis
1039 5043 1098 5098 per
1114 5041 1174 5098 pp-

426 5141 500 5180 rum
512 5124 785 5198 :culsperpcnsquc
798 5123 902 5196 dr'pt'to
917 5123 1029 5196 septies
1046 5122 1085 5182 dc
1102 5140 1171 5182 san·

426 5217 523 5296 guine
544 5217 599 5279 illo
625 5225 890 5297 utroqueversus
914 5216 1013 5279 altare
1039 5219 1173 5292 hocer-

423 5317 493 5392 piet
518 5326 547 5375 ct
571 5317 747 5392 rarcctificet
772 5317 858 5375 illud
883 5318 923 5376 ab
949 5319 1171 5377 tannamtutts

1228 4347 1337 4392 corum
1361 4330 1393 4390 in
1413 4331 1522 4408 Deum,
1540 4348 1647 4394 coram
1663 4333 1726 4395 Deo
1746 4351 1819 4395 cum
1841 4333 1976 4396 humili-

1229 4436 1301 4502 tate,
1316 4429 1376 4490 hoc
1391 4437 1439 4491 est
1453 4430 1656 4508 contritione,
1670 4431 1836 4494 enuntiet:
1855 4440 1886 4495 et
1897 4451 1977 4496 con-

1230 4526 1325 4590 lessic
1347 4526 1401 4589 illa
1423 4545 1487 4588 non
1510 4527 1570 4590 luit
1593 4539 1825 4592 sacramentum
1850 4538 1903 4593 aut
1929 4552 1979 4595 sa-

1230 4626 1443 4704 cramentalis,
1464 4645 1501 4689 co
1524 4628 1618 4690 modo
1644 4647 1706 4709 quo
1732 4629 1765 4690 in
1791 4630 1981 4708 evangelica

1231 4723 1309 4802 lege,
1328 4744 1385 4787 nec
1403 4725 1446 4786 ita
1461 4726 1611 4788 distincta
1627 4735 1658 4790 et
1678 4727 1978 4792 circumstantiona-

1232 4833 1286 4896 ta,
1312 4834 1341 4883 rt
1366 4827 1520 4886 universa
1544 4829 1673 4897 delicto,
1700 4825 1760 4888 hoc
1785 4836 1832 4889 cst
1859 4826 1975 4909 culpas

1230 4921 1424 4998 omissionis
1442 4934 1536 5003 atquc
1553 4935 1681 5000 peccata
1699 4945 1809 4986 eorum
1828 4927 1979 4990 (1011111115-

1230 5019 1341 5083 sionIS.
1360 5026 1436 5090 Qum
1452 5025 1631 5098 iruprccoras
1647 5027 1748 5100 capiti
1762 5027 1842 5100 ejus,
1861 5023 1890 5086 id
1913 5037 1979 5100 est,

1231 5119 1381 5199 imputari
1398 5119 1487 5183 hirco
1507 5119 1553 5181 illi
1570 5140 1714 5198 exorans,
1734 5122 1823 5202 juxta
1844 5143 1978 5187 sensum

1231 5226 1426 5298 praetactum,
1449 5227 1479 5280 ct
1518 5219 1603 5282 intra
1635 5220 1838 5300 tangendum.
1866 5222 1980 5304 ltaque

1229 5315 1444 5379 confitebatur
1472 5318 1617 5398 pontilcx
1642 5338 1752 5382 omnes
1778 5320 1835 5383 has
1860 5325 1977 5404 populi
