4309 6259
577 521 750 567 nxxnmrro
772 522 802 567 ru
824 522 891 567 car.
915 519 980 567 xxx
1001 518 1103 565 axoni.
1125 537 1166 548 —
1186 516 1257 564 aar.
1280 517 1330 561 nx
1686 493 1725 554 87

175 693 301 757 offerri.
320 693 409 769 Quod
426 700 532 756 autom
554 710 626 754 eum
647 691 737 773 agnis
755 691 820 753 illis
835 690 925 753 anni·
940 689 965 751 A
982 688 1088 771 specie
1104 687 1195 769 panis
1216 696 1247 749 et
1269 686 1337 748 vini
1353 685 1457 747 fuerat
1475 682 1593 764 jugiter
1614 682 1726 743 immo-

175 793 271 871 cufis,
288 793 450 857 Christum
479 790 776 855 innocentissimum
802 788 926 870 signifi·
983 788 1107 865 landus,
1124 796 1155 849 et
1180 786 1397 849 indesinenter
1417 803 1502 845 nunc
1526 780 1726 845 immolaturi

177 894 340 969 cantibus,
354 892 449 955 simul
467 890 663 955 offerebatur
679 890 770 972 panis
786 909 824 952 ex
839 888 927 951 sirni-
982 888 1100 949 Verum
1116 887 1156 948 de
1171 885 1404 948 sacrificiorum
1419 881 1568 962 legalium
1594 878 1726 961 mystica

175 993 205 1056 la
221 1012 395 1076 conspersa
416 992 487 1056 oleo
510 990 624 1067 factus,
642 998 673 1052 et
694 990 805 1051 vinum
824 1009 830 1053 :
848 988 925 1069 quid
984 985 1230 1067 significatione,
1249 985 1283 1046 in
1298 982 1496 1070 expositione
1511 979 1643 1044 Levitici
1660 976 1726 1067 plo-

175 1091 264 1156 aliud
296 1091 464 1174 figuravit,
494 1090 556 1152 nisi
586 1090 670 1170 quod
695 1088 838 1151 Christus
868 1087 927 1149 sub
985 1084 1054 1148 nior
1070 1085 1131 1147 erit
1144 1091 1309 1149 tractatus.

725 1514 1049 1607 ARTICULUS
1092 1515 1190 1605 LIX

333 1798 525 1847 Exatxrtxxto
552 1799 727 1847 timebatis
754 1799 891 1845 ChPlTUhl
915 1798 1067 1843 rnloasnss
1089 1798 1096 1842 ἰ
1120 1797 1227 1846 FAClES
1251 1796 1369 1857 QUOQUE
1394 1794 1514 1845 AthflE
1539 1794 1580 1845 All
1644 1775 1649 1785 ’

765 1898 948 1947 aooattttottlt
969 1897 1143 1947 Tttl'tttnltn.

248 2184 272 2245 E
289 2182 539 2258 constructione,
561 2180 706 2259 materia,
724 2181 837 2259 forma,
855 2201 929 2244 con·
947 2185 969 2245 B
985 2182 1017 2243 id
1033 2190 1092 2259 est,
1109 2189 1214 2244 vectes
1232 2190 1390 2263 ponantur
1405 2202 1462 2263 prr
1476 2181 1622 2260 annulos,
1639 2193 1668 2244 ct
1684 2182 1728 2246 ita

249 2281 428 2345 sccratione
451 2280 560 2342 altaris
588 2280 812 2363 thymiamatis,
836 2289 868 2343 ct
890 2282 929 2344 de
985 2287 1088 2343 attare
1108 2293 1265 2359 portetur,
1290 2281 1418 2362 quando
1441 2282 1510 2345 loca
1532 2282 1728 2345 tabernaculi

179 2380 400 2446 oblationibus
416 2400 487 2461 quae
505 2378 627 2441 fiebant
647 2379 680 2441 in
697 2398 746 2455 co,
764 2399 849 2441 nune
865 2380 930 2459 agi·
985 2389 1059 2443 sunt
1075 2381 1226 2443 mutanda
1241 2380 1518 2461 progredientibus
1533 2380 1611 2442 filiis
1621 2381 1726 2444 lsrael.

182 2490 242 2544 fur.
260 2482 374 2543 lactes
396 2499 519 2559 quoquc
539 2484 643 2540 affare
667 2483 711 2539 ud
735 2483 929 2540 orfolcndrtnc
1025 2480 1115 2543 Circa
1131 2480 1197 2542 hate
1214 2479 1326 2542 scribit
1340 2480 1421 2561 Lyra
1438 2479 1659 2562 :Expositores
1675 2499 1729 2543 no

183 2582 376 2658 thymiama,
395 2577 427 2639 id
444 2586 491 2640 ost
506 2578 545 2639 ad
562 2577 632 2653 hoo,
647 2586 680 2639 ut
696 2578 859 2641 adoleatur
874 2596 929 2640 seu
986 2579 1041 2641 stri
1060 2579 1273 2641 communiter
1288 2578 1409 2656 dicunt,
1427 2580 1512 2660 quod
1528 2579 1561 2641 in
1577 2578 1728 2641 cornibus

183 2686 341 2743 cremetur
357 2677 391 2738 in
408 2695 445 2739 eo
463 2677 637 2759 thymiama
654 2676 722 2739 sive
744 2676 928 2751 incensum3
985 2677 1095 2741 altaris
1110 2678 1270 2759 pendebat
1285 2678 1437 2740 oraticula
1452 2678 1485 2740 in
1501 2680 1632 2741 modum
1652 2679 1728 2741 retis

182 2783 219 2839 dc
244 2780 346 2854 lignis
370 2778 471 2845 setim,
499 2794 569 2856 quaa
595 2774 806 2857 imputribilia
831 2784 862 2837 et
884 2776 931 2837 in-
987 2778 1081 2853 facta,
1109 2777 1140 2838 in
1167 2797 1230 2858 qua
1254 2778 1454 2859 ponebantur
1475 2778 1629 2841 carbones
1651 2778 1727 2854 vivi,

183 2874 369 2939 cremabilia
390 2873 600 2956 perhibentur
619 2898 626 2948 ;
644 2876 761 2934 fralaus
786 2876 930 2934 calatino
987 2877 1019 2938 in
1036 2877 1154 2958 quibus
1172 2876 1344 2959 thymiama
1360 2875 1598 2939 incendebatur.
1608 2877 1729 2939 Hebraei

183 2976 411 3054 longitudinis,
420 2984 449 3034 ct
465 2978 604 3033 alternam
621 2975 820 3045 lotitmffm's,
837 2977 873 3033 fd
887 2984 931 3033 cst
987 2995 1061 3039 vero
1082 2976 1203 3052 dicunt,
1224 2977 1311 3057 qnod
1331 2975 1375 3036 ibi
1397 2994 1460 3037 non
1481 2983 1548 3037 erat
1567 2975 1728 3052 craticula,

182 3078 463 3156 primiranqufrtm,
480 3083 508 3133 et
528 3076 608 3133 datos
630 3075 750 3133 creditos
766 3076 802 3133 fn
822 3075 933 3135 affilat—
986 3084 1018 3138 ct
1042 3076 1127 3156 quod
1153 3074 1186 3136 in
1211 3074 1329 3155 patella
1354 3074 1393 3135 de
1417 3073 1508 3135 altari
1534 3074 1732 3137 holocausto·

182 3178 267 3236 dr'nc.
280 3177 411 3235 Cor-nna
425 3193 465 3231 aa
478 3174 543 3249 ipso
551 3175 742 3249 procedent:
753 3172 813 3235 hoc
829 3180 886 3248 ost,
899 3171 932 3233 in
988 3194 1059 3237 rum
1085 3173 1311 3236 deferebantur
1335 3172 1490 3235 carbones
1514 3173 1672 3250 ardentes,
1700 3181 1730 3235 et

183 3272 307 3353 angulis
335 3270 555 3352 superioribus
571 3270 667 3350 hujus
690 3270 798 3332 altaris
814 3270 934 3333 omine·
989 3274 1021 3335 in
1047 3274 1157 3336 cadom
1182 3272 1299 3354 patella
1321 3271 1521 3334 cremabatur
1545 3272 1729 3353 thymiama.

184 3372 262 3434 bunt
278 3390 336 3435 seu
353 3368 582 3452 prominebant
597 3368 712 3450 aliquia
728 3370 798 3450 cjns
814 3378 930 3451 partes,
948 3377 970 3440 C
988 3373 1072 3436 Istud
1095 3390 1224 3453 quoque
1245 3370 1468 3433 rationabilius
1493 3379 1618 3452 reputat
1639 3372 1729 3454 Lyra.

184 3471 273 3553 qnasi
291 3469 399 3551 lignea
414 3467 560 3550 quodam
577 3468 764 3543 cernuat-'cl
782 3476 932 3549 tanquam

185 3569 315 3653 pomcfli
341 3586 400 3650 pro
426 3568 540 3629 decoro
560 3566 681 3627 altaris.
702 3568 877 3645 blattasque
898 3568 934 3625 fl-

186 3674 243 3730 11161
258 3688 341 3729 auro
352 3668 543 3744 parrr'sslmo,
562 3665 621 3727 hoc
642 3672 700 3741 cst,
719 3666 823 3727 aureis
845 3666 935 3727 lami-

187 3769 234 3829 nis
260 3766 387 3849 operics
415 3764 495 3827 illud
528 3763 617 3841 foriS,
647 3776 711 3825 tarn
742 3766 934 3825 craticulam

186 3870 266 3945 ty'zrs,
292 3886 392 3944 qztam
417 3865 560 3941 parietes
583 3884 641 3941 per
665 3864 853 3931 circuitum,
879 3862 934 3942 qui

187 3973 276 4029 erant
296 3982 335 4027 ex
357 3961 474 4025 tabulis
491 3980 547 4023 seu
572 3961 732 4024 asseribus
759 3961 839 4042 ligni
859 3981 936 4042 praa-

187 4064 255 4127 fati.
273 4061 439 4145 Siquidem
464 4061 562 4123 altare
587 4060 645 4123 hoo
672 4079 846 4124 concavum
869 4068 936 4123 erat

187 4172 281 4246 atque
306 4160 480 4244 portatile:
499 4160 608 4241 sicque
632 4178 689 4241 por
710 4168 846 4241 quatuor
863 4161 937 4241 'par-

187 4270 244 4337 tes‚
262 4263 364 4324 instar
381 4258 490 4322 scrinii
507 4258 643 4321 hahebat
660 4260 797 4340 parietes
814 4259 936 4339 ligneos

188 4360 243 4443 qui
270 4358 517 4423 deaurabantur.
535 4361 579 4420 Et
603 4380 737 4421 cortino.
764 4361 937 4439 Iba-r'esqoc

188 4463 218 4520 cf
232 4480 384 4521 coronam
402 4462 569 4519 aureolum
584 4478 645 4536 per
660 4479 793 4536 pyram.
811 4459 867 4521 Per
886 4478 938 4521 co-

990 3472 1045 3533 Por
1070 3468 1227 3532 foramina
1253 3488 1391 3550 namquo
1417 3469 1577 3532 craticulae
1601 3468 1733 3531 cecidis-

989 3576 1059 3631 sent
1079 3568 1224 3630 cincrum
1240 3566 1357 3630 favillae
1378 3586 1474 3648 snper
1488 3567 1598 3629 altare.
1617 3566 1676 3629 Sed
1692 3566 1733 3627 is-

990 3669 1044 3730 tud
1062 3686 1125 3729 non
1142 3666 1268 3729 videtur
1286 3666 1382 3728 textui
1398 3666 1602 3741 concordare,
1620 3665 1653 3726 in
1668 3684 1733 3746 quo

990 3767 1081 3831 sicut,
1097 3767 1161 3848 jam
1190 3764 1302 3846 patuit,
1326 3764 1518 3840 continetur,
1542 3764 1617 3825 Tam
1643 3764 1735 3826 crati·

990 3864 1094 3927 culam
1118 3866 1199 3945 ojus.
1221 3863 1267 3924 dd
1286 3863 1371 3943 quod
1394 3863 1474 3944 Lyra
1496 3863 1676 3943 respondet,
1700 3864 1734 3926 in

990 3965 1121 4027 llcbraeo
1136 3962 1259 4038 baberi,
1276 3961 1352 4023 Tam
1369 3968 1488 4022 tectum
1504 3961 1585 4040 eJus.
1602 3962 1667 4041 Ego
1682 3980 1736 4023 au-

993 4072 1056 4125 tom
1079 4062 1184 4137 credo,
1208 4061 1434 4141 hieronymum
1457 4059 1491 4120 in
1514 4059 1735 4123 transferendo

992 4162 1032 4223 ah
1048 4160 1201 4223 Hebraica
1217 4159 1349 4221 veritato
1365 4176 1428 4220 non
1446 4158 1623 4235 recessisse,
1637 4166 1669 4221 et
1684 4177 1736 4222 no-

984 4279 1066 4338 ‚mon
1093 4258 1172 4320 illud
1198 4257 1375 4332 flehraenm,
1401 4276 1547 4339 proquo
1575 4258 1737 4320 transtulit

992 4357 1191 4433 Craticulam,
1205 4374 1274 4418 esse
1289 4354 1434 4417 fortassis
1450 4356 1664 4437 aequivocum
1679 4377 1737 4420 nco

994 4455 1224 4520 inconveniens
1238 4463 1413 4536 reputatur,
1431 4456 1458 4515 si
1478 4455 1601 4535 aliquid
1622 4456 1739 4517 tenuis-

190 4578 300 4622 ronam
312 4558 395 4620 hanc
406 4556 598 4639 intelligitur
609 4558 753 4640 quadam
764 4557 936 4635 elevatura,
954 4567 978 4628 D
994 4558 1149 4620 simorum
1168 4553 1312 4617 cinerum
1334 4572 1428 4635 super
1443 4553 1543 4615 altare
1563 4553 1641 4615 illud
1658 4552 1739 4615 ruis-

191 4678 246 4721 seu
266 4657 393 4720 labrum
413 4656 648 4736 aliquantulum
670 4657 828 4719 elevatum
845 4676 940 4737 super

193 4757 301 4819 altaris
317 4754 485 4839 planitiem
501 4774 686 4837 pergyrum
703 4755 815 4837 ipsius,
836 4755 885 4818 rol
900 4755 940 4817 ad

196 4856 296 4939 ipsius
313 4853 579 4931 venustationem,
597 4854 647 4918 vel
664 4873 704 4917 ne
725 4873 822 4936 snpra
843 4854 940 4917 altaro

196 4956 308 5038 posita,
342 4954 481 5018 faciliter
510 4962 641 5035 possent
669 4954 827 5031 decidere,
849 4962 942 5036 prout

81 5072 183 5128 esum,
197 5054 278 5118 istud
295 5055 328 5117 in
344 5053 544 5136 expositione
565 5052 709 5116 vicesimi
732 5053 836 5135 quinti
859 5054 944 5135 capi-

78 5140 172 5184 itiatl.

201 5154 256 5217 tuli
274 5153 402 5235 plonius
419 5160 466 5214 cst
482 5170 678 5233 expressum.
692 5156 731 5213 Ει
746 5156 825 5211 decos
841 5173 945 5211 arrien-

200 5258 241 5315 166
261 5274 376 5315 azrrcos
394 5254 453 5312 snb
477 5271 593 5311 corono
605 5271 665 5328 por·
686 5252 818 5327 singulo
843 5254 944 5310 falcra

200 5351 293 5435 liujus
315 5350 438 5429 allaim,
456 5361 492 5411 ut
517 5351 741 5412 titillantium
765 5370 814 5409 cos
837 5359 944 5423 certon,

995 4665 1053 4719 set.
1078 4659 1168 4733 Ipsos
1189 4675 1313 4734 qnoque
1337 4663 1434 4713 vectes
1453 4654 1554 4730 facies
1574 4655 1615 4714 de
1640 4654 1739 4731 fr'ynfa

995 4758 1099 4827 actim,
1115 4764 1145 4815 ct
1160 4754 1342 4813 irracundi-'a

1036 4858 1203 4933 Parcasque
1217 4856 1321 4912 altore
1337 4850 1551 4932 thymiamatis
1567 4862 1678 4913 contro
1694 4873 1741 4912 ce·

998 4960 1067 5015 furo
1087 4956 1173 5033 quod
1192 4962 1267 5012 onte
1286 4971 1396 5011 arcam
1413 4954 1532 5029 pendet
1553 4953 1739 5012 testimonii.

999 5053 1132 5116 Sanctus
1157 5051 1367 5130 hieronymus
1394 5057 1426 5110 ct
1450 5048 1572 5111 Hebraei
1597 5068 1634 5111 ac
1657 5048 1742 5111 fose-

999 5151 1094 5234 phus‚
1106 5149 1218 5212 dieunt
1233 5147 1318 5209 istud
1334 5146 1433 5209 altare
1449 5146 1546 5209 situm
1563 5146 1662 5210 fuisse
1678 5166 1741 5210 non

1000 5250 1085 5311 intra
1110 5248 1223 5311 Sancta
1252 5254 1444 5323 sanctorum,
1472 5246 1526 5308 sed
1557 5245 1590 5307 in
1621 5245 1744 5309 Sanctis

1002 5368 1056 5413 seu
1077 5346 1224 5411 exteriori
1246 5344 1461 5421 tabernaculo,
1474 5365 1512 5407 ox
1532 5344 1678 5428 opposito
1694 5364 1745 5409 vc·
