4309 6259
544 524 719 571 unanasrto
741 527 772 571 ln
793 526 861 572 GAP.
884 527 947 573 XXV
967 528 1105 574 latraret.
1127 548 1167 558 -
1188 531 1259 576 Ant.
1282 532 1352 578 xlvt

1655 499 1717 580 ni

166 711 282 756 norum
309 695 453 776 ipsorum
473 713 633 776 agrorum,
646 716 741 778 quam
767 697 915 773 aliorum,
932 696 957 757 Α
973 697 1087 758 mirum
1100 709 1242 780 apparet,
1260 700 1490 782 qualiterterra
1506 703 1575 765 sino
1590 704 1714 766 cultura
1766 731 1770 740 ’

166 791 292 856 scilicet
315 813 492 876 pauperum
517 815 554 858 ac
578 797 755 859 brutorum.
773 796 812 858 Et
831 797 916 878 quod

166 892 205 954 de
230 892 317 972 agris
340 893 461 955 dictum
486 902 545 971 est,
559 895 598 957 dc
620 895 714 957 vinea
736 903 917 976 quoquest

166 990 295 1053 olivetis
319 999 367 1053 est
389 993 645 1072 intelligendum.
663 995 739 1057 Nam
761 994 861 1057 fertur
882 994 915 1056 in

167 1090 294 1153 littera:
308 1093 453 1168 Septimo
468 1103 578 1153 antem
593 1115 680 1155 anno
694 1093 916 1176 sabbatum-id

167 1198 213 1251 cst
229 1189 334 1269 quiea,
346 1191 409 1251 erit
426 1201 529 1264 terroe,
543 1194 753 1272 requietionis
768 1193 915 1262 Domini,

168 1287 263 1349 idest
281 1287 353 1349 talis
369 1287 472 1369 quies,
490 1298 526 1350 ut
545 1298 593 1351 est
612 1290 704 1370 quies
725 1290 758 1351 in
779 1291 915 1371 septimo

167 1387 219 1450 die
235 1387 454 1464 hebdomade,
473 1388 518 1451 ita
532 1389 619 1470 quod
635 1389 667 1450 in
686 1397 751 1452 tota
766 1398 850 1451 terra
866 1407 916 1452 ve·

168 1493 232 1547 stra
251 1486 429 1548 cessabitur
448 1486 490 1549 ab
509 1487 714 1567 agricultura,
735 1487 917 1550 seminatis

168 1604 214 1660 nc,
223 1593 256 1647 ct
266 1585 437 1648 messione.
446 1586 536 1648 Unde
551 1586 774 1669 subjungitur:
788 1591 915 1664 Aprum

168 1704 231 1744 non
246 1703 341 1754 seres,
357 1694 387 1743 et
405 1686 536 1744 cineam
553 1705 619 1744 non
636 1688 778 1762 putabis.
796 1687 839 1748 [lc
859 1684 915 1747 oli-

68 1788 72 1796 '
167 1789 238 1844 veto
252 1790 360 1845 autern
377 1780 417 1843 lit
436 1781 556 1845 mentio
572 1782 606 1844 in
621 1782 739 1846 Exodo.

972 805 1003 857 et
1028 798 1237 861 seminatione
1262 808 1384 881 poterat
1409 801 1565 866 notabiles
1591 802 1714 865 tructus

972 897 1161 975 producere,
1190 918 1227 960 ex
1256 898 1373 980 quibus
1403 918 1513 962 omnes
1543 901 1575 962 hi
1605 921 1713 964 vesce-

971 1003 1091 1072 rentur,
1110 995 1172 1058 nisi
1196 997 1278 1059 lert-e
1301 1007 1413 1061 natura
1434 1007 1525 1062 terre
1545 999 1632 1062 illius
1655 1000 1714 1064 hcc

970 1093 1095 1156 habeat.

1011 1192 1163 1256 Subditur
1184 1196 1222 1258 de
1242 1214 1327 1259 anno
1346 1197 1501 1278 jubileo':
1520 1200 1714 1261 Numerabis

970 1311 1094 1372 quoqne
1111 1295 1170 1353 tibi
1179 1305 1296 1372 septem
1307 1297 1520 1357 hebdomadas
1531 1317 1713 1358 annornm:

970 1409 1102 1472 quarum
1119 1391 1390 1455 hebdomadarum
1406 1393 1556 1474 quelibet
1571 1395 1714 1458 continet

971 1497 1091 1569 septem
1116 1508 1229 1566 annos,
1257 1491 1340 1553 sicut
1364 1490 1564 1555 hebdomada
1589 1493 1713 1556 dierum

970 1587 1112 1650 continet
1130 1597 1250 1670 septem
1272 1590 1340 1652 dies
1364 1608 1371 1651 :
1396 1590 1473 1652 hinc
1495 1591 1712 1673 subjungitur,

970 1687 1006 1744 id
1021 1695 1065 1745 est
1079 1688 1191 1762 sipties
1206 1697 1334 1764 septem,
1357 1689 1482 1770 supple,
1500 1707 1601 1752 annos
1619 1707 1625 1750 τ
1643 1711 1715 1770 quoe

969 1783 1177 1848 hebdomade
1187 1804 1344 1848 annorum
1354 1789 1467 1858 simut,
1473 1790 1603 1865 faciant
1614 1809 1714 1850 annos

207 1884 285 1950 θυαε
303 1890 416 1959 sponte
433 1883 544 1958 gignit
565 1883 697 1951 hamas,
719 1903 784 1942 non
807 1895 912 1945 metes.
932 1879 1191 1964 Bpnodropinta
1215 1905 1338 1946 nocem.
1361 1889 1404 1946 ut
1428 1891 1555 1963 clanges
1581 1889 1715 1948 baanna

167 1981 261 2048 Terra
278 1998 335 2041 scu
350 1977 418 2060 agri
434 1979 586 2041 dicuntur
601 1979 657 2042 illa
672 1989 786 2062 sponte
802 1983 915 2062 produ-

969 2003 1074 2044 mensc
1090 1985 1235 2061 septimo,
1252 1986 1376 2045 decima
1398 1987 1452 2044 ate
1474 1987 1591 2046 mensis
1613 1985 1712 2061 illius,

166 2097 248 2154 cere,
272 2096 344 2158 que
366 2077 436 2139 sine
455 2077 596 2140 humana
617 2078 741 2141 cultura
766 2079 912 2160 gignunt,
964 2083 1213 2159 propitiationis
1229 2092 1380 2160 temporo,
1396 2082 1428 2143 id
1444 2092 1502 2158 est,
1521 2083 1554 2164 in
1576 2103 1640 2166 quo
1662 2084 1714 2148 dc·

166 2178 233 2239 sive
248 2195 288 2239 ex
303 2175 525 2238 decidentibus
546 2176 655 2256 granis
676 2185 817 2256 segetum
837 2178 913 2240 anni

166 2275 368 2358 prioris,sive
378 2293 416 2336 ex
427 2273 537 2336 innata
548 2274 778 2338 secundatione.
786 2275 914 2339 Occulta

166 2373 286 2437 etenim
312 2373 459 2454 quedam
485 2373 608 2435 semina
634 2373 733 2437 latent
758 2374 791 2436 in
818 2376 914 2457 hujus

165 2472 279 2535 mundi
294 2471 458 2552 corporeis
473 2471 701 2534 elementis.Et
713 2494 793 2534 uvas
800 2476 917 2552 primi-

168 2574 292 2632 tiaram
309 2580 453 2641 tuarum,
464 2570 497 2632 id
512 2578 561 2632 est
578 2570 698 2652 primos
715 2572 823 2635 botros
841 2572 915 2635 vitis

168 2679 238 2745 tue,
247 2677 280 2730 et
294 2687 352 2750 per
363 2685 575 2749 consequens,
587 2687 646 2731 nec
661 2677 783 2732 ceteros
795 2669 828 2731 in
844 2679 916 2733 tuos

166 2788 243 2830 usus
265 2767 410 2850 precise,
428 2768 523 2846 qnasi
546 2769 748 2828 vindemiam
770 2790 836 2829 non
857 2776 917 2831 coi·

167 2866 297 2944 tz'pes,id
313 2872 372 2942 ast,
382 2874 418 2926 ut
428 2864 537 2944 colligi
553 2864 657 2927 solent
668 2885 738 2928 uve
749 2866 914 2930 vinearum

166 2965 237 3027 aliis
253 2963 486 3027 annisrlrmus
496 2966 587 3024 enim
596 2967 806 3044 requietionis
822 2977 915 3029 terrm

969 2179 1052 2242 cimo
1067 2180 1119 2243 die
1135 2189 1183 2243 est
1199 2179 1315 2243 festum
1332 2181 1540 2262 Expiationis,
1554 2191 1588 2245 ut
1604 2183 1714 2247 vicesi·
1741 2206 1858 2257 taxant.

968 2296 1021 2341 mo
1046 2279 1139 2341 tertio
1163 2279 1297 2342 habetur
1321 2280 1471 2361 capitulo,
1498 2283 1535 2341 in
1560 2284 1713 2343 aniverso

970 2388 1057 2438 terro
1078 2387 1196 2448 costra,
1220 2386 1350 2461 propter
1371 2378 1568 2441 imminentis
1590 2380 1714 2460 jubilei

970 2475 1205 2552 solennitatem,
1221 2484 1317 2558 atque
1344 2485 1378 2538 ut
1402 2495 1513 2540 omnes
1538 2497 1573 2541 se
1594 2497 1714 2561 prepa-

971 2582 1041 2638 rent
1065 2575 1105 2637 ad
1131 2573 1243 2636 illam:
1269 2575 1378 2658 sicque
1404 2576 1436 2636 in
1463 2577 1598 2639 diversis
1622 2585 1714 2641 terre

970 2672 1114 2756 partibus
1125 2681 1215 2736 erant
1225 2673 1333 2755 plures
1344 2674 1711 2754 buccinatoresTamen,

971 2782 1005 2835 ut
1021 2773 1053 2834 in
1074 2771 1267 2835 Scholastica
1287 2772 1437 2836 recitatur
1452 2773 1596 2852 historia,
1612 2775 1713 2858 aliqui

970 2873 1092 2947 dicunt,
1105 2870 1230 2952 Septem
1246 2871 1339 2933 annis
1353 2872 1520 2953 jubileum
1536 2875 1715 2956 preceden-

970 2972 1055 3034 tibus
1075 2969 1108 3031 in
1135 2969 1269 3048 singulis
1292 2969 1480 3046 neomeniis,
1499 2970 1531 3034 id
1553 2979 1602 3046 est
1622 2973 1714 3038 novis

166 3075 220 3125 est.
237 3067 304 3125 Sed
327 3061 449 3124 fructus
469 3062 596 3139 horum,
614 3071 691 3144 puta
712 3082 859 3144 agrorum
882 3074 914 3128 et
932 3069 953 3132 C
970 3067 1199 3144 lunationibus,
1220 3067 1409 3148 clangebant
1425 3068 1522 3145 tubis,
1541 3077 1572 3131 et
1592 3079 1713 3152 septem

167 3163 333 3225 vincarum
359 3161 496 3243 septimo
516 3179 601 3224 anno
623 3171 801 3240 nascenteS,
817 3175 913 3226 nant

168 3263 253 3320 cobis
268 3262 306 3320 in
322 3262 441 3330 cibam,
459 3258 608 3322 videlicet
631 3261 734 3320 tibist
754 3282 843 3321 sarco
860 3272 914 3322 tao

168 3371 196 3420 et
211 3361 342 3419 ancittae
358 3369 421 3419 tuoe
434 3368 465 3418 et
480 3361 678 3418 mercenario
696 3369 759 3430 tuo,
776 3369 806 3419 ot
820 3363 915 3420 artae-

168 3479 228 3528 nm,
244 3459 306 3536 qni
321 3459 554 3533 peregrinatur
568 3459 659 3534 apud
674 3477 738 3518 cos.
754 3461 914 3519 lumentis

969 3167 1082 3230 diebus
1098 3164 1259 3229 continuis
1274 3174 1347 3228 ante
1359 3165 1482 3246 jubilei
1499 3165 1712 3248 inceptionem

970 3264 1209 3329 solennizabant
1224 3263 1310 3325 tubis
1325 3263 1520 3344 clangentes.

1010 3361 1350 3442 Sanctifioabisqne,id
1366 3370 1425 3439 est,
1434 3364 1473 3425 ad
1489 3364 1589 3427 multa
1605 3364 1713 3429 divina

969 3459 1132 3524 ordinabis
1152 3467 1182 3522 ct
1206 3459 1394 3541 applicabis,
1413 3482 1537 3522 annam
1553 3466 1714 3543 quinqua·

170 3557 233 3615 tais
257 3565 288 3615 et
308 3556 477 3632 pecoribus
499 3575 510 3614 :
537 3553 569 3615 in
596 3555 703 3617 Exodo
728 3555 855 3632 dicitur,
883 3565 914 3619 et
965 3562 1136 3638 gesimam.
1163 3558 1207 3620 De
1233 3557 1398 3621 intellectu
1428 3559 1525 3640 hujus
1550 3561 1640 3623 verbi
1666 3571 1713 3624 est

167 3653 290 3728 bestiis,
318 3671 375 3734 par
405 3670 485 3732 quas
510 3651 733 3732 intelliguntur
762 3654 914 3717 animalia

169 3751 346 3825 silvestria3
364 3753 477 3810 ornnia
493 3772 565 3830 quta
585 3763 778 3822 noscantur,
794 3757 915 3831 praebc-

168 3854 247 3912 bant
269 3852 388 3910 erbam.
402 3849 546 3929 Denique
569 3858 672 3912 textus
695 3851 764 3928 iste,
784 3853 913 3936 dempto

168 3967 204 4011 so
224 3948 312 4030 quod
335 3946 391 4022 ait,
408 3947 447 4007 Et
467 3947 609 4023 advene,
628 3957 729 4025 sonat,
747 3969 783 4012 ac
805 3951 832 4012 si
853 3952 914 4015 ista

168 4055 280 4128 sponte
296 4044 472 4121 nascentia,
490 4044 592 4108 solum
615 4047 787 4127 redigenda
807 4059 914 4112 essent

168 4147 199 4207 in
215 4163 310 4207 usum
326 4142 529 4206 dominorum
547 4152 637 4207 terre
652 4145 685 4207 in
701 4165 763 4227 qua
779 4167 914 4211 nascun-

969 3658 1086 3739 duplex
1102 3657 1211 3738 opinio
1226 3657 1310 3738 apud
1329 3656 1475 3719 Hebreos
1490 3665 1585 3740 atque
1600 3657 1713 3724 Catho-

969 3758 1058 3833 licos,
1086 3755 1237 3837 quoniam
1264 3756 1394 3836 quidam
1425 3776 1481 3838 per
1510 3757 1595 3820 hunc
1619 3759 1713 3840 quin-

969 3854 1190 3938 quagesimum
1212 3873 1331 3916 annum
1357 3855 1539 3934 intelligunt
1563 3856 1712 3920 ultimum

969 3974 1088 4016 annum
1112 3953 1334 4036 predictarum
1356 3962 1475 4036 septem
1501 3954 1712 4018 hebdomada-

969 4073 1051 4130 rum,
1064 4053 1213 4116 videlicet
1227 4071 1345 4114 annum
1362 4053 1638 4134 quadragesimum
1654 4073 1711 4117 no-

969 4171 1045 4213 num
1054 4169 1061 4212 ε
1071 4169 1165 4231 quem
1177 4157 1282 4212 tamen
1290 4148 1589 4231 quinquagesimum
1597 4161 1713 4216 vocant

168 4254 228 4320 tur,
245 4251 277 4306 et
300 4241 549 4304 domesticorum
572 4242 684 4324 ipsius.
702 4244 817 4307 Textus
837 4267 913 4312 vcro
929 4256 953 4317 l)
969 4269 1025 4331 per
1040 4247 1309 4329 comparationem
1325 4249 1364 4310 ad
1385 4250 1614 4330 precedentem
1630 4250 1713 4331 jubi-

168 4342 265 4405 Exodi
291 4359 405 4403 sonare
431 4339 567 4416 videtur,
594 4341 686 4422 quasi
713 4351 813 4405 totum
834 4345 912 4409 illud

167 4449 249 4503 asset
270 4438 465 4521 pauperibus
481 4438 767 4520 derelinquendum
787 4462 824 4505 ac
840 4445 915 4506 bru-

167 4539 217 4600 tis.
230 4538 309 4600 Nam
320 4536 438 4599 dicitur
454 4537 610 4613 ibi,llnno
626 4539 762 4620 septimo
773 4541 914 4604 dimittes

168 4645 284 4700 terram
300 4644 333 4698 et
349 4634 549 4715 requiescere
566 4635 674 4712 iacies,
697 4646 732 4698 ut
746 4641 914 4703 comedant

167 4752 325 4817 pauperes
342 4733 452 4815 populi
470 4733 568 4809 tui,et
583 4735 739 4815 quidquid
755 4737 914 4819 reliquum

169 4833 277 4908 luerit,
294 4832 392 4895 edant
416 4831 525 4894 bestie
550 4833 629 4913 agri.
644 4833 689 4895 Ex
709 4836 827 4916 quibus
851 4856 915 4899 om·

167 4931 262 4994 nibus
288 4929 462 5009 colligitur,
490 4931 576 5011 quod
603 4931 726 4994 lructus
751 4933 915 5015 hujusmo

169 5030 199 5092 di
219 5038 313 5092 erant
332 5047 518 5092 communes
539 5029 611 5091 usui
627 5038 691 5092 tam
711 5031 928 5094 dominorum

169 5147 317 5208 agrorum
334 5135 366 5190 et
381 5127 627 5190 domesticorum
649 5128 801 5209 ipsorum,
819 5150 913 5211 quam

169 5228 378 5302 advenarum,
399 5244 575 5307 pauperum
601 5246 638 5289 ac
663 5228 840 5291 brutorum.
858 5231 916 5293 ve-

170 5333 348 5386 rumtamen
379 5332 414 5384 ut
439 5323 582 5404 loquitur
606 5324 812 5405 Augustinus,
839 5327 916 5389 satis

969 4348 1073 4422 lenm,
1093 4365 1148 4409 seu
1171 4346 1277 4427 potius
1301 4347 1341 4409 ad
1363 4347 1511 4409 ultimum
1532 4368 1651 4411 annum
1675 4349 1713 4410 il·
1809 4347 1810 4352 ’

969 4445 1108 4526 lius‚per
1119 4444 1330 4507 inclusionem
1341 4445 1712 4529 anniejusdemzsicquc

968 4563 1071 4607 annus
1087 4543 1235 4623 jubileus
1250 4543 1459 4605 concurrebat
1475 4563 1530 4607 seu
1545 4545 1630 4608 idem
1646 4555 1713 4608 erat

969 4662 1041 4705 cum
1057 4659 1141 4703 anno
1158 4640 1357 4703 remissionis
1373 4641 1526 4704 ultimate
1541 4642 1713 4706 hebdoma-

968 4741 1015 4802 de
1031 4739 1254 4821 predictorum
1277 4758 1445 4802 annorum.
1464 4739 1527 4802 Alii
1548 4761 1606 4822 per
1619 4741 1713 4823 quin·

969 4837 1189 4919 quagesimum
1221 4857 1339 4899 annum
1374 4837 1558 4919 intelligunt
1591 4859 1712 4902 annum

970 4936 1112 5018 proxime
1137 4935 1382 5017 subsequentem
1414 4935 1561 5017 prelatas
1591 4946 1711 5020 septem

968 5035 1182 5096 hebdomadas
1201 5051 1207 5095 :
1226 5041 1256 5096 et
1273 5035 1315 5096 ita
1331 5043 1393 5096 tam
1410 5035 1443 5096 in
1460 5036 1573 5099 ultimo
1589 5036 1644 5100 illo
1659 5057 1713 5099 an-

970 5152 1011 5196 no
1041 5141 1161 5214 septem
1192 5132 1462 5196 hebdomadarum
1492 5153 1548 5197 seu
1578 5136 1712 5216 quadra-

970 5230 1092 5312 gesimo
1117 5248 1212 5305 nono,
1240 5250 1333 5313 quam
1362 5232 1394 5293 in
1420 5251 1504 5295 anno
1532 5233 1713 5296 immediate

971 5337 1135 5410 sequente,
1154 5336 1262 5410 utpote
1277 5329 1418 5411 jubilaeo,
1437 5338 1519 5394 terra
1534 5331 1628 5394 lsrael
1644 5331 1714 5394 sab-
