4309 6259
449 484 509 548 702
865 495 1042 543 mruoonrro
1063 494 1095 539 m
1116 492 1366 539 rsurarnucnmr.
1391 512 1431 523 -
1451 494 1523 541 aar.
1547 494 1577 539 ιν

447 672 582 737 tionales
609 679 713 735 motus
736 669 992 742 contemnimus3
1020 674 1190 739 turturem,
1209 661 1322 725 amen
1349 664 1530 745 specialiter
1553 664 1687 745 contigit
1711 665 1751 727 ad
1773 662 1996 745 figurandum,

448 772 522 833 dum
535 769 711 833 castitatem
723 767 940 831 servamus.ln
956 763 1105 829 columba
1117 780 1194 843 qno·
1248 762 1334 841 quod
1357 761 1390 824 in
1412 762 1629 827 sacerdotibus
1650 762 1773 825 nullum
1789 762 1904 825 vitium
1929 781 2000 844 per-

448 889 511 951 que
536 878 567 932 et
595 876 728 943 turture,
750 868 885 930 duarum
912 874 1097 928 naturarum
1119 880 1194 925 oon·
1249 879 1377 925 manere
1402 862 1581 925 residerevc
1606 862 1711 926 debet.
1737 862 1842 925 Tertia
1866 881 1999 944 quoque

448 968 572 1050 junctio
595 966 832 1029 insinuabatur..
850 964 909 1027 Sed
933 982 990 1026 cur
1009 962 1113 1044 pisces
1130 978 1194 1022 non
1250 977 1322 1039 pars
1337 959 1434 1041 hujus
1449 959 1613 1037 sacrificii,
1627 961 1661 1023 in
1677 980 1770 1023 usum
1785 960 1996 1023 offerentium
2038 986 2087 1027 aa.
2103 998 2133 1030 tn,

448 1060 1132 1147 offerebautnrlRespondendum,qucniam
1150 1058 1195 1141 pi·
1250 1059 1467 1139 proveniebat,
1477 1060 1553 1141 quia
1569 1059 1714 1123 remissio
1725 1060 1828 1142 culpat
1838 1068 1889 1123 est
1902 1080 1922 1122 a
1933 1060 1997 1123 neo
2012 1053 2043 1096 ¹⁵¹
2055 1050 2087 1089 ¹⁶·

449 1185 519 1229 sccs
539 1185 578 1229 cx
599 1184 682 1247 aqua
703 1162 864 1237 abstracti,
880 1161 1027 1244 protinus
1052 1158 1196 1222 morian·
1250 1175 1306 1237 per
1321 1157 1485 1221 ministros
1504 1158 1664 1235 Ecclesia,
1682 1157 1929 1241 cooperantibus
1949 1157 1996 1221 eis

449 1272 511 1340 tur,
529 1283 605 1345 crgo
620 1264 653 1327 in
674 1262 793 1343 templo
808 1259 921 1325 offerri
946 1278 1009 1323 non
1033 1262 1192 1341 poterent.
1249 1254 1305 1335 qui
1327 1265 1548 1337 peccaverunt.
1573 1258 1678 1339 Adeps
1700 1275 1774 1320 vero
1794 1265 1826 1319 ct
1850 1257 1993 1337 sanguis,

450 1363 509 1427 Sed
533 1382 634 1446 quum
656 1362 738 1424 Deus
763 1361 805 1422 sit
827 1368 938 1421 auctor
960 1357 1044 1426 vitae,
1068 1364 1101 1418 et
1126 1354 1194 1435 ipsc
1251 1352 1370 1415 nullius
1392 1355 1464 1417 usui
1486 1355 1763 1430 concedebantur;
1787 1356 1843 1419 scd
1865 1356 1996 1435 sangnis

316 1474 435 1529 Supera,
449 1470 584 1526 mortem
600 1480 664 1525 non
681 1460 767 1535 fecit,
781 1477 885 1540 neque
901 1458 1024 1519 laetatur
1041 1455 1073 1516 in
1090 1452 1195 1535 perdi·
1250 1453 1290 1514 ad
1311 1453 1419 1516 altaris
1435 1454 1632 1536 crepidinem
1648 1454 1879 1518 effundebatur
1894 1456 1934 1517 ad
1951 1474 1997 1517 re

449 1560 769 1635 tiouevivorumcur
784 1575 848 1620 non
864 1555 969 1638 potius
985 1550 1195 1615 immolaban-
1251 1551 1426 1615 verentium
1448 1553 1514 1630 llci,
1532 1554 1629 1635 adeps
1651 1571 1727 1616 vero
1748 1554 1997 1617 comburebatur

450 1668 501 1722 tur
515 1660 545 1723 ci
566 1657 718 1721 animalia
733 1656 816 1732 viva,
834 1673 931 1736 quam
953 1660 1079 1715 mortua
1095 1658 1191 1731 atque
1250 1650 1283 1711 in
1301 1651 1384 1731 igne.
1397 1651 1494 1733 Cujus
1509 1672 1572 1715 una
1588 1652 1668 1716 ratio
1683 1652 1755 1729 fuit,
1769 1662 1929 1734 quatenns
1944 1671 1997 1735 po

448 1765 587 1821 cremata
602 1760 614 1817 l
629 1754 907 1837 Respondendum
926 1750 1002 1832 qnia
1017 1747 1136 1813 occisio
1159 1747 1195 1809 il·
1250 1750 1345 1832 polus
1360 1751 1415 1813 Dei
1430 1750 1470 1813 ab
1486 1750 1662 1814 idololatris
1678 1762 1908 1815 secerneretur.
1918 1751 1994 1815 Nam

451 1856 481 1919 la
504 1854 699 1936 significavit
723 1850 971 1915 destructionem
997 1847 1131 1931 peccati,
1165 1854 1195 1908 et
1214 1848 1236 1909 B
1252 1849 1425 1913 idololatra
1446 1850 1486 1913 de
1507 1850 1662 1929 sanguine
1681 1849 1883 1913 victimarum
1907 1850 1997 1913 bibe-

304 1969 435 2017 nomnaa.
450 1955 533 2036 quod
559 1952 705 2017 homines
727 1957 908 2034 peccatores
929 1957 1031 2010 morte
1051 1954 1126 2008 sunt
1149 1945 1194 2007 di·
1226 1948 1339 2025 bant,
1355 1947 1625 2030 comedebantque
1647 1950 1768 2031 adipes,
1790 1950 1996 2031 quemadmo

449 2054 515 2135 gni.
543 2052 616 2116 Erat
642 2052 737 2115 ctiam
765 2047 883 2113 occisio
909 2046 1099 2110 animalium
1130 2045 1190 2105 im·
1250 2047 1327 2109 dnm
1352 2046 1386 2108 in
1405 2046 1533 2110 Cantico
1555 2047 1793 2111 Deuteronomii
1816 2048 1994 2111 scribitur:

450 2152 652 2228 molatorum,
679 2150 784 2229 figura
807 2145 977 2211 occisionis
1002 2144 1119 2207 summi
1146 2163 1195 2206 sa-
1251 2145 1293 2207 De
1308 2164 1443 2226 quornm
1455 2145 1594 2208 victimis
1610 2146 1818 2209 comedebant
1833 2147 1955 2229 adipes,
1964 2155 1996 2209 ct
2012 2165 2130 2209 benamu

450 2251 578 2329 crificii,
596 2250 719 2314 scilicet
738 2247 866 2312 Christi.
884 2245 992 2308 Tradit
1012 2253 1118 2307 autem
1144 2242 1194 2306 lex
1250 2244 1921 2310 bibebantvinumlibaminum.Ratiovem
1931 2266 1997 2310 mo
2012 2233 2045 2271 ³⁸·

450 2351 621 2434 specialem
631 2350 761 2412 modum
771 2345 936 2411 occidendi
948 2342 1196 2424 immolataquia
1251 2341 1326 2405 ralis
1342 2342 1414 2420 fuit,
1430 2342 1506 2424 qnia
1522 2342 1687 2425 sanguinis
1707 2342 1827 2407 effusio
1843 2344 1996 2427 probibe-

450 2451 522 2515 aliis
546 2449 649 2514 modis
670 2445 837 2512 occidendi
857 2443 1002 2509 victimas
1028 2462 1102 2505 suas
1128 2450 1196 2504 ute-
1250 2441 1343 2504 batur
1364 2440 1490 2518 ludaeis,
1508 2441 1634 2505 dicente
1649 2441 1751 2523 Moyse
1773 2460 1781 2504 t
1803 2443 1872 2507 Non
1895 2443 1995 2506 stabis
2013 2454 2141 2523 mnata.

450 2550 566 2613 bantur
576 2547 801 2623 idololatrae,et
816 2544 992 2608 secundum
1001 2541 1103 2606 llabbi
1116 2541 1195 2623 lloy-
1250 2548 1361 2603 contra
1379 2540 1567 2621 sangninem
1583 2539 1719 2622 preximi
1736 2540 1793 2603 tui.
1811 2542 1902 2606 ilatio
1916 2562 1997 2625 qno-
2140 2544 2141 2559 ¹

451 2668 520 2727 sen,
537 2649 587 2711 lex
606 2646 736 2709 modum
757 2643 943 2724 elegitque
964 2640 1117 2704 animalia
1138 2638 1196 2701 mi·
1249 2658 1312 2720 quc
1327 2638 1461 2721 mystica
1475 2646 1552 2716 erat,
1565 2639 1642 2720 quia
1658 2657 1714 2721 per
1724 2639 1791 2701 brac
1806 2640 1997 2722 designaba-

453 2767 513 2811 nns
527 2753 728 2827 angerentur.
1251 2744 1302 2799 tur
1317 2737 1435 2801 effusio
1455 2737 1621 2818 sanguinis
1635 2737 1763 2821 Christi,
1782 2746 1813 2801 et
1835 2739 1997 2821 pinguedo

481 2848 535 2909 Est
544 2854 651 2909 autem
661 2842 831 2923 diligenter
840 2838 1196 2921 advertendumtriplex
1251 2835 1402 2912 caritatis
1416 2844 1545 2918 propter
1560 2854 1657 2917 quam
1673 2854 1732 2919 pro
1748 2836 1840 2900 nobis
1856 2838 1937 2901 mori
1954 2838 2000 2901 di-

453 2946 553 3009 luisse
574 2963 675 3027 genus
697 2939 929 3005 sacrificiorum
949 2938 1065 3003 veteris
1088 2938 1193 3019 legis:
1251 2942 1365 3014 gnatus
1380 2942 1439 2997 est.
1457 2935 1500 2997 [le
1516 2934 1629 2998 hostiis
1645 2942 1752 2997 autem
1769 2934 1926 3017 pacificis,
1945 2956 2000 3019 pe-

319 3055 372 3099 ber
378 3069 392 3106 ι
399 3059 438 3099 ³et
452 3063 587 3127 quornm
612 3042 751 3125 primum
773 3037 939 3102 dicebatur
959 3036 1192 3114 holocaustum,
1214 3038 1236 3103 C
1251 3032 1430 3095 olusculum
1440 3051 1612 3114 armosque
1622 3033 1731 3095 dexter
1742 3035 1914 3097 sacerdotis
1925 3036 1998 3098 usui
2015 3051 2122 3093 sesam

305 3131 351 3175 ⁸⁶⁹
452 3145 537 3225 quod
554 3152 654 3206 totum
668 3135 1019 3212 comburebatur‚velut
1034 3143 1135 3198 totum
1152 3135 1197 3197 in·
1250 3131 1496 3213 deputabantur,
1508 3132 1547 3193 ad
1558 3132 1788 3195 insinuandum
1799 3134 1885 3215 quod
1898 3117 2047 3198 sacer-³⁶*

452 3260 594 3306 censum.
622 3240 725 3321 lpsum
753 3253 889 3316 namque
912 3232 1109 3297 offerebatur
1134 3235 1197 3297 Deo
1251 3231 1378 3294 dotibus
1394 3232 1551 3314 sapientia
1569 3232 1674 3295 cordis
1691 3234 1870 3296 necessaria
1888 3243 1938 3297 est
1956 3237 1997 3298 ad

447 3339 632 3422 specialiter
647 3342 776 3418 propter
793 3332 1002 3396 reverentiam
1019 3332 1196 3414 majestatis
1252 3329 1473 3393 instruendum
1494 3330 1646 3412 populum
1664 3330 1718 3393 Dei
1741 3351 1748 3395 :
1773 3333 1858 3414 quod
1876 3331 1996 3413 figura-

452 3439 580 3515 diviuae‚
597 3444 692 3517 atque
711 3451 851 3496 amorem
876 3431 1029 3495 bonitatis
1048 3451 1113 3495 suae
1136 3432 1195 3493 im·
1252 3437 1303 3490 tur
1326 3447 1382 3510 per
1404 3438 1525 3510 pectus,
1542 3430 1627 3511 quod
1648 3438 1697 3493 ost
1721 3430 1886 3513 sapientiae
1911 3440 2000 3513 tegu-

451 3558 570 3602 mense
592 3555 599 3599 :
625 3544 657 3599 et
679 3532 891 3598 conveniebat
915 3532 1012 3595 statui
1038 3530 1195 3614 perfecto-
1252 3536 1406 3589 mentum.
1425 3528 1483 3591 Sed
1505 3536 1537 3590 et
1558 3548 1615 3610 per
1636 3548 1759 3591 armum
1781 3530 1928 3593 dextrum
1949 3550 2000 3595 os-

453 3659 534 3715 rum,
556 3636 611 3718 qui
636 3632 771 3699 consilia
794 3631 912 3696 Christi
937 3632 1110 3696 observant
1134 3651 1140 3695 :
1165 3640 1196 3694 et
1251 3626 1451 3702 tendebatur,
1468 3628 1554 3708 quod
1576 3626 1729 3691 fortitudo
1750 3627 1795 3691 eis
1818 3630 1998 3693 necessaria

452 3738 523 3801 ideo
539 3743 639 3800 totum
659 3731 917 3807 comburebatur,
933 3740 1091 3813 quatenns
1114 3731 1196 3794 sicut
1251 3725 1302 3801 sit,
1313 3744 1377 3806 qua
1387 3725 1513 3787 valcant
1528 3726 1749 3807 equanimiter
1761 3726 1843 3790 ferre
1858 3728 1996 3792 aliorum

452 3845 553 3900 toturn
563 3832 681 3897 animal
693 3832 726 3893 in
738 3847 886 3911 vaporem
898 3829 1197 3906 resolutumasceu-
1251 3821 1682 3905 detectus‚quemadm0du1n
1698 3825 1789 3889 docet
1804 3825 1995 3908 apostotus:

452 3935 509 4010 dit,
533 3933 579 3996 sic
600 3930 830 4010 designaretur,
856 3934 956 3990 totum
978 3927 1142 3991 bominem
1164 3936 1197 3990 et
1251 3920 1407 3985 Debemus
1424 3940 1480 3985 nos
1497 3921 1656 3987 firmiores
1679 3922 1883 3987 infirmorum
1899 3926 1998 3989 imbc-
2012 3939 2128 3983 amna

452 4032 559 4096 omnic
574 4049 645 4113 que
659 4029 729 4110 ejus
745 4035 830 4102 sunt,
845 4026 905 4089 fleo
920 4044 990 4088 csse
1005 4026 1197 4107 subjecte,et
1250 4020 1399 4085 cillitates
1415 4030 1551 4103 portare,
1569 4031 1601 4085 et
1616 4040 1680 4085 non
1697 4023 1789 4087 nobis
1804 4024 1941 4107 placere.

453 4132 559 4213 ipsum
582 4127 616 4191 in
632 4128 686 4189 llci
708 4143 849 4188 amorem
871 4143 1000 4206 prorsus
1021 4124 1138 4188 debere
1154 4142 1198 4187 re
1292 4119 1447 4194 Quoniam
1464 4139 1539 4183 vero
1554 4120 1774 4184 holocaustum
1794 4132 1862 4185 erat
1877 4124 1997 4203 dignis

453 4229 547 4305 solvi,
564 4236 596 4291 et
617 4244 743 4289 sursum
763 4223 871 4286 levari.
891 4223 1068 4285 Secundum
1096 4242 1196 4304 genus
1212 4226 1237 4287 D
1253 4218 1371 4280 simum
1396 4218 1540 4282 omnium
1568 4218 1812 4295 sacrificiorum,
1835 4221 1907 4284 ideo
1934 4242 1998 4285 ma-

454 4327 605 4392 sacrificii
621 4325 693 4402 fuit,
714 4322 800 4406 quod
820 4323 884 4385 Deo
898 4340 956 4404 pro
974 4330 1103 4403 peccato
1117 4322 1198 4385 offe-
1253 4316 1360 4379 sculus
1376 4316 1506 4379 solum
1498 4337 1530 4379 m
1547 4316 1766 4380 holocaustum
1786 4316 1995 4383 offercbatnr.

387 4427 593 4504 .r„rebatur
610 4431 740 4507 propter
755 4419 974 4483 remissionem
990 4420 1128 4501 peccati;
1144 4440 1197 4483 cu·
1252 4414 1414 4479 Columba
1437 4433 1566 4497 quoque
1589 4424 1620 4477 et
1649 4422 1786 4479 turtures
1817 4436 1881 4480 non
1907 4428 1996 4481 crant
2024 4428 2120 4532 orae:

345 4539 351 4552 '
453 4546 505 4608 Jus
515 4545 579 4588 una
594 4542 667 4607 pars
677 4518 934 4594 comburebatur
940 4526 973 4580 et
982 4518 1066 4580 alra
1059 4538 1092 4581 m
1105 4539 1198 4582 nsum
1254 4512 1316 4576 nisi
1332 4532 1507 4595 pauperum
1523 4513 1711 4589 oblationes,
1728 4514 1783 4595 qni
1807 4518 1929 4625 majora
1946 4495 2044 4581 ba·¹⁰'

453 4624 550 4688 cessit
569 4622 792 4686 sacerdotum:
810 4616 1085 4697 conveniebatque
1101 4619 1196 4681 statui
1255 4614 1329 4675 bere
1355 4630 1417 4675 non
1444 4621 1599 4693 poterant,
1627 4613 1712 4675 unde
1738 4613 1854 4677 necin
1884 4616 1995 4680 hostiis

453 4722 706 4807 proficientium,
723 4719 762 4781 ad
778 4715 1009 4796 designandum
1025 4718 1110 4796 quod
1128 4737 1198 4799 poc·
1254 4710 1399 4794 pacificis
1414 4710 1803 4793 offerebantur,quoniam
1820 4713 1932 4779 hostie
1947 4736 1997 4798 pa-

453 4832 596 4888 catorum
617 4818 763 4883 remissio
784 4835 803 4877 a
824 4815 887 4877 Deo
911 4813 949 4875 fit
974 4833 1031 4896 per
1053 4816 1198 4878 ministe·
1253 4811 1357 4875 cificae
1371 4810 1618 4873 immolabantur
1638 4812 1736 4890 gratis
1758 4820 1854 4893 atque
1870 4824 1996 4895 sponta-

455 4922 538 4986 rium
554 4919 763 4984 sacerdotum.
781 4914 840 4977 Sed
857 4914 985 4993 quando
1002 4913 1198 4976 sacrificinm
1255 4910 1391 4975 nceScd
1407 4929 1464 4992 pro
1481 4918 1610 4991 peccato
1625 4909 1856 4989 offerebantur,
1864 4931 1904 4976 eo
1913 4914 1993 4995 quod

321 5033 441 5088 urana
454 5020 652 5086 offerebatur
674 5034 731 5098 pro
752 5024 880 5096 peccato
902 5011 997 5077 totius
1018 5012 1129 5094 populi
1146 5022 1200 5074 aut
1255 5010 1418 5092 planctum
1444 5028 1501 5091 pro
1526 5017 1620 5071 cantu
1645 5008 1794 5087 habeant,
1811 5019 1844 5073 et
1870 5022 1994 5094 propter

308 5104 378 5144 ²¹⁵
448 5117 640 5192 sacerdotis,
657 5123 759 5178 totum
779 5112 1036 5177 comburebatur.
1056 5110 1088 5173 Si
1111 5110 1197 5173 enim
1255 5109 1456 5172 altitudinem
1473 5109 1522 5171 sui
1539 5108 1661 5171 volatus
1678 5110 1837 5173 sacrificio
1853 5111 1995 5175 holocau-

455 5227 530 5281 tnnc
546 5215 668 5298 aliquid
685 5214 754 5295 ejus
777 5212 891 5275 fnisset
912 5217 1099 5285 comestum,
1115 5209 1200 5272 idem
1256 5217 1376 5271 storum
1391 5206 1634 5271 conveniebant.
1653 5208 1877 5272 llolocaustum
1902 5211 1994 5291 igitur

449 5314 579 5391 fnisset,
597 5332 633 5377 ac
649 5312 676 5375 si
692 5330 756 5376 non
777 5310 890 5372 fnisset
905 5307 1057 5372 oblatum.
1075 5307 1140 5370 lloc
1157 5315 1201 5370 ta-
1257 5325 1417 5369 summum
1435 5325 1471 5369 ac
1491 5305 1630 5388 primum
1650 5306 1754 5370 locum
1778 5308 1863 5372 inter
1880 5308 1994 5374 sacrifi·
