4309 6259
483 535 658 582 manuario
680 536 710 580 ru
732 536 799 580 car.
825 534 910 580 xxxu
930 535 1164 583 nauranonornr.
1187 558 1227 569 -
1247 541 1318 586 aar.
1342 541 1425 588 xxxv
1665 525 1724 590 ddi

174 701 262 765 didit
286 703 423 784 linguas.
449 706 537 780 Quod
562 705 701 788 qualiter
726 705 844 769 iactum
872 706 924 781 sit,
942 705 1013 768 het
1028 725 1161 786 egressa
1181 711 1220 773 de
1246 711 1366 776 temore
1386 715 1468 794 ejus,
1486 713 1616 776 luerunt
1640 733 1725 777 sena·

175 798 318 864 diiiicile
329 810 378 866 est
388 803 567 882 intelligere
577 823 613 866 ac
624 805 925 880 docere,secundum
981 805 1071 886 ginta
1100 826 1165 870 sex.
1193 810 1309 886 Tertio,
1336 812 1487 892 quoniam
1518 811 1724 893 Septuaginta

175 901 264 980 quod
289 903 502 966 sextodecimo
525 904 714 966 de'Civilatc
737 903 791 965 llei
812 902 926 964 asserit
983 906 1356 971 transtulerunt:0mncs
1371 909 1485 972 animae
1500 911 1613 972 domus
1628 911 1725 974 Jacob

175 997 396 1076 Augustinus:
414 1001 472 1064 Per
492 1002 616 1082 linguas
631 1001 741 1064 divisae
755 1008 829 1062 sunt
845 1000 926 1062 sicut
982 1001 1110 1064 luerunt
1125 1007 1326 1087 septuaginta
1341 1008 1484 1089 quinque
1496 1029 1503 1073 :
1516 1028 1611 1091 quam
1628 1018 1727 1073 trans-

175 1096 299 1178 placuit
315 1099 389 1176 Deo,
402 1099 458 1181 qui
469 1100 529 1163 hoc
546 1101 649 1162 modis
664 1099 809 1174 occultis,
819 1098 925 1162 nohis·
981 1099 1132 1164 lationem
1160 1106 1349 1187 reprehendi
1377 1125 1441 1170 non
1465 1126 1573 1189 posse,
1601 1118 1725 1172 constat

175 1214 241 1275 que
257 1196 639 1280 incomprehensibilibus
658 1198 744 1262 lecit.
762 1197 855 1260 Facta
870 1197 925 1258 ita·
980 1217 1017 1260 ex
1042 1218 1080 1262 eo
1104 1203 1190 1282 quod
1216 1203 1334 1284 legitur
1359 1205 1392 1266 in
1417 1204 1514 1282 Actis,
1541 1206 1597 1267 uhi
1623 1207 1724 1271 Lucas

175 1313 241 1374 que
265 1294 454 1360 idiomatum
477 1297 727 1379 plurificatione,
745 1296 855 1360 divisit
873 1296 925 1358 Al·
980 1299 1174 1377 evangelista
1185 1300 1283 1364 relert
1293 1302 1339 1366 sic
1349 1302 1446 1366 verba
1457 1303 1540 1365 beati
1552 1313 1725 1386 protomar-

177 1393 324 1457 tissimus
344 1396 545 1478 septuaginta
560 1397 639 1458 duas
654 1403 764 1478 gentes
780 1394 851 1456 illas
868 1413 925 1477 per
981 1395 1058 1476 tyris
1083 1397 1234 1480 Stephani
1257 1417 1265 1461 ε
1289 1400 1414 1464 Mittens
1437 1401 1564 1484 loseph,
1591 1404 1869 1478 accersi-annin.

175 1491 305 1556 diversa
330 1493 458 1556 climata
479 1494 577 1572 urbia,
602 1503 634 1558 et
653 1493 812 1577 separavit
838 1493 924 1556 lilios
980 1493 1027 1556 vit
1041 1504 1164 1577 patrem
1180 1517 1273 1560 suum
1289 1498 1323 1560 in
1338 1499 1506 1562 animabus
1522 1501 1724 1583 septuaginta

176 1589 253 1654 Adae
270 1599 361 1656 natos
384 1611 441 1675 per
455 1593 520 1657 Noe
535 1601 567 1656 et
589 1593 675 1656 lilios
691 1593 771 1675 ejus,
789 1592 829 1654 ab
845 1590 926 1653 invi·
980 1591 1133 1674 quinque.
1147 1595 1194 1657 nd
1210 1595 1276 1659 hac
1291 1606 1398 1679 posset
1414 1597 1485 1678 quis
1501 1599 1617 1677 dicere,
1639 1602 1724 1682 quod

175 1708 248 1752 cem
265 1690 404 1772 loquela,
421 1690 629 1768 habitatione,
647 1690 801 1767 dominio,
819 1707 926 1771 quem·
982 1687 1143 1770 Scriptura
1160 1709 1223 1754 non
1240 1692 1320 1755 solet
1339 1701 1525 1775 computare
1545 1704 1600 1757 aut
1621 1697 1725 1779 expri-

50 1807 159 1859 mens.
174 1789 350 1854 admodum
368 1789 401 1852 in
411 1788 526 1853 Genesi
542 1790 659 1872 legitur
670 1808 676 1852 :
687 1790 761 1852 lnde
775 1787 926 1871 dispersit
981 1805 1067 1849 mere
1087 1789 1239 1852 minutias
1260 1809 1465 1854 numerorum
1481 1812 1517 1855 ac
1533 1802 1723 1877 temporum.

174 1905 232 1950 eos
247 1888 402 1952 Dominus
423 1908 518 1972 super
542 1888 655 1952 faciem
671 1896 857 1952 cunctarum
876 1905 925 1948 re·
941 1889 964 1951 Β
980 1884 1086 1962 Porro,
1104 1888 1179 1950 dum
1196 1891 1397 1972 septuaginta
1416 1891 1530 1956 anima
1545 1912 1601 1955 scu
1617 1912 1725 1975 perso

173 1987 321 2066 gionum,
981 2002 1028 2047 nae
1039 1985 1257 2051 domuslacoh
1267 1989 1597 2072 dicunturAEgyptum
1613 1992 1725 2055 intras

226 2089 401 2148 Constituit
431 2089 582 2148 terminos
606 2091 803 2166 populorum
821 2087 924 2162 jacta
980 2101 1024 2159 se,
1034 2093 1261 2167 computantur
1270 2094 1302 2149 et
1311 2088 1427 2169 loseph
1437 2107 1474 2151 ac
1485 2087 1547 2150 tilii
1559 2090 1726 2170 ejusNam

174 2205 353 2246 neumarum
374 2187 522 2264 filiorum
537 2189 649 2247 Israel.
672 2185 735 2248 Hoc
761 2184 794 2247 in
815 2183 925 2246 Glossa
979 2183 1094 2265 loseph
1117 2183 1195 2247 illuc
1219 2185 1351 2248 intravit
1371 2194 1402 2249 et
1424 2188 1487 2250 duo
1510 2187 1572 2249 lilii
1587 2190 1657 2271 ejus
1679 2190 1724 2253 ibi

175 2283 378 2346 interlineari
398 2284 568 2366 exponitur
589 2284 658 2346 sic:
681 2282 739 2346 Tot
758 2281 926 2346 constituit
980 2283 1140 2345 nascendo
1156 2283 1291 2363 ingressi
1307 2292 1507 2348 suntterram
1523 2285 1622 2349 illam.
1635 2289 1726 2352 Com-

175 2382 331 2446 Dominus
353 2382 496 2464 singulas
518 2390 640 2464 gentes,
657 2390 736 2464 quot
755 2390 846 2445 erant
861 2381 926 2442 sin·
979 2379 1104 2461 putatio
1124 2382 1253 2443 demum
1275 2381 1481 2464 Septuaginta
1501 2383 1724 2467 interpretum,

173 2481 259 2563 gula
282 2499 427 2564 personae
449 2480 483 2542 in
509 2480 628 2563 populo
651 2479 756 2557 lsrael,
774 2480 824 2543 vel
847 2487 925 2561 quot
980 2477 1188 2558 intelligenda
1217 2488 1266 2542 est
1295 2481 1469 2543 secundum
1497 2481 1723 2566 Hieronymum

47 2609 55 2622 ·
175 2582 329 2661 ingressae
350 2588 425 2642 sunt
439 2580 617 2662 AEgyptum‚
635 2578 666 2642 id
682 2587 731 2641 est
746 2578 925 2661 septuagin-
980 2595 1036 2657 per
1057 2576 1243 2660 prolepsim,
1266 2579 1298 2640 id
1322 2587 1371 2641 est
1391 2579 1664 2662 anticipationem,
1682 2585 1726 2646 ita

176 2688 218 2740 ta.
232 2677 321 2740 Unde
336 2685 368 2740 et
378 2677 432 2739 alii
444 2677 571 2740 dicunt:
581 2676 721 2740 Termini
733 2675 924 2758 populorum
979 2675 1065 2755 quod
1082 2686 1249 2739 numerant
1265 2675 1361 2739 etiarn
1375 2677 1520 2760 quinque
1536 2679 1622 2744 lilios
1639 2682 1724 2746 lilio·

174 2795 233 2840 seu
258 2775 371 2858 populi
396 2775 540 2838 distincti
563 2783 637 2836 sunt
659 2775 833 2837 secundum
855 2795 925 2858 sap
980 2791 1050 2835 rum
1064 2773 1192 2855 Joseph.

175 2874 321 2954 tuaginta
339 2873 476 2954 linguas,
492 2873 582 2954 juxta
598 2891 766 2935 numerum
782 2872 923 2936 liliorum
1028 2872 1181 2935 Praetcrea
1211 2871 1242 2934 S.
1272 2872 1441 2955 Gregorius
1470 2876 1602 2957 antiqua
1630 2888 1723 2944 utens

175 2972 271 3036 lsrael
297 2973 354 3055 qui
377 2973 576 3036 intraverunt
591 2972 760 3055 lllgyptum
785 2991 859 3035 curn
879 2974 925 3035 Ja-
981 2969 1630 3053 translatione:Statuit,inquit‚terminos
1646 2996 1723 3058 gen-

176 3071 249 3149 cob,
262 3070 317 3154 qui
334 3079 425 3135 erant
441 3069 652 3153 septuaginta,
664 3070 753 3151 juxta
770 3070 848 3132 illud
868 3067 961 3135 lle-C
980 3067 1059 3129 tium
1080 3067 1171 3148 juxta
1193 3087 1359 3132 nnmerum
1381 3071 1567 3150 angelorum
1582 3073 1648 3152 hei,
1666 3076 1722 3139 ubi

53 3182 82 3258 'a
97 3195 160 3234 ‚mr
177 3190 292 3234 naseos
307 3191 313 3235 :
331 3169 447 3233 Omnes
469 3168 585 3232 animae
605 3169 719 3232 domus
738 3169 833 3232 Jacob
854 3189 925 3252 qum
979 3165 1142 3248 Scriptura
1165 3167 1292 3230 videtur
1318 3168 1517 3248 significare,
1545 3171 1723 3238 ministeria

56 3264 71 3285 ¹¹
176 3271 330 3350 ingressae
354 3276 430 3330 sunt
448 3268 630 3349 lllgyptum,
649 3267 780 3330 luerunt
799 3277 925 3351 septua-
978 3264 1163 3345 angelorum
1188 3266 1334 3328 ordinata
1358 3286 1427 3330 esse
1452 3287 1548 3350 super
1578 3272 1720 3355 singulas

176 3369 268 3452 ginta
285 3394 293 3445 ;
310 3376 406 3448 atque
426 3367 601 3430 secundum
624 3366 685 3429 hoc
706 3365 836 3429 luerunt
854 3386 925 3449 sep
978 3371 1088 3446 gentes
1113 3365 1163 3427 vel
1189 3364 1345 3443 homines,
1363 3366 1481 3449 quibus
1505 3368 1651 3434 homines
1674 3391 1722 3438 re-

175 3468 322 3550 tuaginta
341 3465 452 3549 populi
469 3465 611 3527 distincti
629 3466 804 3528 secundum
820 3465 924 3528 diver·
977 3470 1094 3541 gantur
1107 3469 1139 3524 et
1154 3461 1376 3525 defendantur.
1387 3463 1529 3546 Superna
1545 3467 1631 3530 enirn
1646 3470 1723 3533 civi·

175 3587 227 3630 sas
257 3566 395 3646 linguas
422 3566 546 3645 ltaque,
572 3562 745 3626 Constituit
770 3564 923 3628 terminos
979 3567 1025 3622 tas
1036 3560 1091 3622 Dei
1108 3579 1146 3622 ex
1160 3560 1282 3639 angelis
1292 3569 1324 3623 et
1339 3562 1524 3626 homiuibus
1539 3572 1721 3646 constat,ad

175 3665 380 3750 populorum,
399 3663 430 3726 id
452 3671 510 3740 est,
536 3661 570 3724 in
592 3660 721 3744 praelata
743 3662 923 3743 linguarum
977 3678 1073 3740 quam
1091 3659 1170 3721 tanti
1185 3661 1404 3723 conscendunt
1418 3661 1720 3748 hominum,quanti

174 3763 411 3829 confusioneae
422 3760 689 3843 multiplicatione
698 3761 844 3823 distinxit
853 3779 923 3840 gen·
978 3757 1044 3819 illic
1061 3766 1281 3820 remanserunt
1302 3759 1498 3837 angelorum.
1516 3762 1587 3826 llaec
1606 3764 1719 3848 Grego-

175 3872 232 3942 tes,
246 3872 278 3927 et
293 3881 347 3926 eas
363 3859 554 3936 numeravit,
567 3878 740 3940 earumque
756 3860 920 3937 terminos,
978 3856 1055 3918 rius.
1071 3854 1134 3918 Alii
1150 3863 1257 3918 autern
1277 3856 1436 3934 dixerunt,
1453 3861 1539 3939 quod
1556 3869 1602 3924 tot
1617 3863 1721 3927 homi-

176 3963 207 4026 id
227 3970 277 4026 est
297 3959 382 4023 lines
404 3979 460 4022 seu
481 3957 706 4034 habitationes,
725 3967 780 4020 aut
803 3967 921 4021 certam
978 3973 1034 4017 nes
1050 3954 1268 4031 salvabuntur,
1285 3963 1363 4035 quot
1381 3957 1487 4037 angeli
1502 3973 1691 4026 corruerunt
1710 3985 1717 4030 :

174 4069 307 4144 quotam
323 4058 431 4141 posuit
445 4056 534 4137 juxta
545 4074 712 4118 numerum
725 4055 868 4120 liliorum
881 4057 923 4118 ls-
976 4053 1062 4134 quod
1077 4052 1246 4115 huselmus
1267 4053 1300 4114 in
1323 4053 1404 4117 libro
1424 4053 1486 4117 Cur
1506 4057 1587 4121 Deus
1609 4061 1716 4142 homo,

175 4159 252 4234 rael,
265 4156 321 4238 qui
337 4174 409 4219 cum
421 4153 516 4217 Jacob
532 4152 723 4217 introierunt
738 4154 918 4236 rllgyptum.
978 4151 1126 4234 reprobat
1147 4153 1234 4214 satis.
1252 4153 1401 4216 Homines
1416 4153 1537 4237 quippe
1559 4177 1623 4222 non
1645 4173 1721 4226 sunt

174 4259 292 4322 Verum
309 4255 383 4317 huic
399 4252 591 4336 expositioni
606 4251 714 4333 aliqua
729 4251 858 4316 obviare
873 4254 921 4315 vi·
936 4247 961 4308 1)
977 4250 1052 4314 lacti
1069 4252 1173 4314 solum
1189 4251 1228 4314 ad
1245 4253 1455 4333 reparandum
1478 4255 1603 4320 ruinam
1626 4280 1721 4343 ange-

173 4359 301 4420 dentur.
319 4353 471 4428 Primum,
489 4349 566 4432 quia
582 4350 758 4413 secundum
775 4350 922 4432 Augusti·
977 4350 1084 4427 licam,
1096 4350 1171 4432 quia
1184 4351 1243 4413 etsi
1259 4352 1364 4432 angeli
1381 4370 1444 4415 non
1460 4370 1655 4439 peccassent,
1674 4365 1721 4426 ni-

174 4475 252 4518 num
268 4450 483 4515 sextodecimo
493 4450 532 4512 de
542 4448 677 4512 Ciuitate
687 4448 753 4525 nai,
767 4469 804 4512 cx
819 4450 920 4513 tribus
976 4450 1043 4513 hilo
1058 4449 1165 4511 minus
1181 4449 1326 4512 homines
1347 4450 1422 4514 iacti
1438 4463 1555 4532 essent,
1573 4464 1719 4538 quamvis

174 4554 254 4617 liliis
270 4553 335 4616 Noe
355 4549 556 4632 septuaginta
577 4549 648 4610 duae
662 4557 774 4630 gentes
796 4569 832 4612 ac
847 4549 921 4613 toti·
978 4547 1111 4611 iorsitan
1122 4565 1186 4609 non
1198 4545 1231 4608 in
1243 4565 1376 4611 numero
1388 4551 1634 4619 tantalueruut
1644 4579 1721 4640 quo

172 4653 245 4716 dem
263 4649 382 4731 lingua
402 4667 459 4729 per
474 4655 573 4708 terras
589 4665 659 4709 esse
678 4654 865 4728 coeperunt3
890 4655 921 4710 et
978 4664 1039 4726 quc
1063 4645 1194 4727 quidam
1219 4645 1371 4722 dicentes,
1398 4649 1484 4728 quod
1510 4658 1555 4713 tot
1574 4654 1721 4724 homines

173 4747 359 4822 aduinoua
375 4753 485 4828 gentes
500 4745 671 4808 crescendo
687 4744 782 4808 etiam
799 4745 922 4808 insulas
977 4744 1195 4820 salvabuntur,
1208 4753 1287 4824 quot
1301 4745 1406 4824 angeli
1421 4761 1660 4831 corruerunt,et
1675 4759 1723 4821 ul-

174 4848 401 4930 impleverunt,
419 4852 450 4908 et
469 4851 580 4906 auctus
602 4850 649 4906 est
672 4861 823 4906 numerus
847 4861 922 4924 gen·
977 4851 1025 4905 tra
1036 4843 1192 4923 hoc,quot
1200 4841 1306 4921 angeli
1318 4851 1436 4906 stantes
1447 4858 1717 4935 manserunt3vel,

174 4949 254 5010 tium
265 4945 367 5008 multo
377 4942 516 5024 amplius
531 4961 625 5022 quarn
643 4941 922 5021 linguarumh'am
977 4942 1153 5004 secundum
1169 4940 1258 5016 alios,
1272 4949 1350 5022 quot
1364 4943 1469 5022 angeli
1485 4957 1576 5010 erant
1588 4949 1621 5012 in
1637 4972 1722 5018 exor-

174 5046 255 5109 etin
273 5041 383 5105 Airica
398 5040 546 5104 novimus
566 5039 716 5103 barbaras
736 5041 851 5104 multas
868 5061 923 5104 na·
977 5040 1030 5103 dio
1054 5039 1188 5102 conditi.
1215 5039 1330 5120 Sicque
1354 5040 1394 5103 dc
1419 5040 1480 5105 isto
1505 5064 1570 5109 non
1595 5049 1721 5117 videtur

175 5147 279 5208 tiones
295 5161 365 5204 esse
386 5140 420 5202 in
442 5158 506 5203 una
528 5137 647 5219 lingua.
671 5139 826 5217 Secundo,
844 5159 923 5222 quo-
977 5140 1135 5204 certitudo
1160 5139 1280 5203 haberi.
1298 5140 1378 5203 llinc
1398 5142 1534 5208 Thomas
1558 5147 1592 5210 in
1618 5155 1722 5233 prima

59 5251 148 5298 nnn.
175 5245 263 5308 niam
289 5241 324 5302 in
341 5239 455 5303 Genesi
480 5237 615 5301 habetur
632 5255 638 5299 :
656 5238 783 5302 Cunctae
807 5239 922 5304 anima
977 5247 1066 5323 parte
1083 5238 1220 5302 Summae
1235 5257 1310 5315 sua,
1327 5241 1504 5321 quaestione
1519 5246 1568 5325 23,
1586 5251 1631 5314 ait
1643 5271 1650 5314 :
1662 5255 1722 5318 llic¹⁴

176 5362 248 5427 qua
263 5342 414 5422 ingressa
424 5345 581 5401 suntcum
591 5337 686 5401 Jacob
697 5337 730 5399 in
741 5338 920 5421 AEgyptum‚
978 5338 1040 5400 lius
1064 5337 1192 5415 dicitur,
1220 5337 1304 5419 quod
1329 5338 1387 5401 soli
1414 5339 1478 5404 lieo
1501 5348 1649 5427 cognitus
1673 5363 1723 5420 ρει

302 5475 335 5528 Τ.
352 5473 376 5523 2.
1566 5482 1599 5532 42
