4309 6259
445 487 504 551 652

747 511 921 559 manuario
942 513 973 559 ΙΝ
994 514 1061 559 GAl‘.
1085 512 1172 559 XXXll
1192 513 1426 561 neuraaonoutt.
1449 535 1490 544 -
1510 515 1581 562 ΛΒΤ.
1604 515 1687 562 XXXV

445 684 479 737 ut
495 675 721 758 informentur,
739 691 794 744 aut
809 684 885 764 quia
907 684 1071 764 indigeant
1086 683 1189 748 homi·
1201 682 1228 746 Δ
1242 685 1375 763 minum,
1383 688 1535 768 quoniam
1545 687 1835 770 contemplantibus
1845 684 1988 748 eoelestia

444 795 520 838 num
536 777 632 840 verba
647 779 767 858 audire,
785 781 834 844 vel
852 782 959 844 testari
976 801 1033 864 pro
1048 783 1115 858 eis;
1133 783 1189 847 ho

442 873 545 938 mines
562 895 637 939 vero
652 885 687 940 ut
703 878 912 956 instruantur,
926 882 1042 962 etquia
1059 901 1188 946 necesse

442 981 491 1035 est
506 973 552 1036 eis
568 975 663 1038 verba
673 976 901 1058 Prophetarum
917 981 1039 1043 audire.
1054 981 1188 1043 Possunt

441 1090 570 1153 quoque
596 1093 652 1155 per
669 1075 786 1138 coelum
810 1085 841 1138 et
861 1087 989 1155 terram,
1012 1079 1186 1141 secundum

441 1169 595 1247 Glossam,
606 1172 838 1256 historiamque
853 1177 1086 1254 scholasticam,
1098 1178 1188 1240 intel·

442 1267 497 1347 ligi
519 1272 661 1335 coelestia
682 1292 815 1356 corpora
834 1284 866 1337 et
891 1275 1059 1338 elementa.
1077 1277 1188 1338 Glossa

441 1367 559 1430 etenim
584 1369 628 1431 ait
652 1388 658 1431 :
684 1371 717 1432 ln
741 1371 901 1454 principio
927 1373 1042 1436 cantici
1067 1373 1187 1456 Moyses

441 1465 579 1528 maxima
589 1468 745 1532 elementa
757 1469 790 1531 in
807 1471 1024 1534 testimouium
1037 1480 1139 1550 vocat,
1152 1481 1188 1534 ut

441 1563 468 1624 si
485 1565 631 1630 homines
650 1569 798 1630 mandata
818 1569 870 1630 Dei
894 1569 1101 1650 neglexerint,
1120 1571 1187 1634 illo

442 1681 511 1724 rum
534 1665 717 1729 testimonio
737 1668 980 1745 convincantur,
998 1677 1029 1731 et
1053 1671 1186 1751 punian-

441 1770 493 1822 tur
518 1763 667 1825 convicti.
685 1764 722 1826 Et
748 1765 892 1846 Magister
919 1767 950 1828 in
977 1767 1130 1844 historiis,
1152 1768 1185 1829 in

1242 803 1376 867 corpora
1404 805 1442 849 ac
1469 787 1627 850 elementa
1658 784 1829 848 innotescit
1857 782 1988 845 infinita

1241 882 1397 946 Creatoris
1413 886 1563 966 majestas
1579 904 1587 947 :
1603 905 1641 948 ex
1656 904 1719 966 qua
1733 881 1988 946 consideratione

1242 999 1315 1043 mox
1339 982 1441 1045 oritur
1466 983 1634 1045 admiratio
1659 981 1808 1063 sapienti,
1828 980 1915 1061 quod
1935 980 1989 1041 bo

1242 1079 1345 1142 mines
1365 1082 1484 1143 audent
1500 1081 1579 1143 tanti
1602 1080 1758 1163 principis
1772 1079 1894 1142 violare
1909 1097 1988 1160 prae

1242 1179 1432 1260 cepta.Hinc
1447 1180 1491 1242 ait
1501 1178 1858 1261 hieronymuszcoelum
1874 1177 1987 1240 videns

1242 1277 1296 1338 Dei
1313 1286 1472 1360 praecepta
1485 1279 1612 1353 calcari,
1626 1277 1816 1340 inhorrescit
1832 1285 1864 1338 et
1879 1285 1988 1357 stupe

1243 1395 1310 1437 rem
1326 1377 1529 1439 dissimulare
1545 1395 1608 1439 non
1625 1384 1739 1459 potest.
1751 1375 1798 1437 hd
1810 1375 1987 1438 secundum

1241 1475 1517 1557 dicendum,quod
1528 1476 1644 1539 coelum
1656 1475 1773 1538 dicitur
1782 1475 1985 1548 elementum,

1243 1592 1358 1636 nomen
1376 1574 1525 1637 elementi
1547 1574 1723 1657 improprie
1742 1582 1774 1636 et
1788 1581 1919 1636 extense
1939 1592 1988 1634 su-

1241 1673 1368 1748 mendo,
1391 1671 1423 1734 in
1440 1682 1595 1754 quantum
1612 1683 1659 1735 est
1675 1673 1810 1754 simplex
1824 1690 1942 1754 eorpus
1956 1679 1988 1732 et

1241 1771 1436 1853 principium
1461 1771 1611 1848 aliorum,
1638 1791 1711 1835 eum
1737 1771 1855 1853 quibus
1880 1780 1986 1833 tamen

442 1877 577 1940 persona
592 1861 705 1944 Moysis
721 1863 861 1946 loquitur
879 1883 886 1926 :
903 1865 981 1940 Quia
997 1866 1029 1927 in
1047 1866 1188 1930 testimo
1203 1858 1226 1920 Β
1240 1870 1504 1952 compositionem
1522 1889 1586 1932 non
1607 1870 1714 1932 intrat.
1732 1869 1778 1931 Ad
1796 1869 1925 1932 tertium
1941 1888 1987 1931 re

443 1957 531 2019 nium
548 1959 644 2041 hujus
660 1961 705 2023 rei
727 1962 815 2024 deest
835 1963 913 2024 mihi
930 1965 1116 2046 protestatio
1132 1965 1187 2027 ho-

442 2056 577 2133 minum,
602 2067 656 2120 aut
676 2059 801 2122 inutilis
824 2070 918 2138 esset,
939 2062 1015 2143 quia
1037 2064 1187 2126 mortales

443 2163 527 2231 sunt,
539 2155 731 2220 immortalia
746 2159 902 2222 elementa
918 2161 951 2222 in
968 2161 1186 2224 testimonium

443 2253 566 2316 invoco.

482 2351 572 2416 Circa
587 2373 657 2435 quae
669 2354 766 2417 verba
782 2357 935 2436 quaeritur
953 2377 959 2421 :
978 2358 1094 2434 Primo,
1112 2379 1187 2440 qua-

443 2451 516 2513 liter
541 2451 728 2534 corporibus
754 2454 938 2518 coelcstibus
964 2465 995 2518 ct
1020 2457 1186 2520 clementis

441 2551 595 2631 competit
616 2551 833 2615 testimonium
850 2554 1010 2618 exhibere.
1030 2555 1185 2633 Secundo,

442 2651 603 2730 quomodo
618 2650 734 2712 eoelum
750 2650 873 2714 dicatur
889 2653 1096 2716 elementum.
1114 2656 1187 2717 Ter-

443 2747 498 2823 tic,
515 2749 675 2829 quomodo
691 2750 806 2812 coelum
823 2761 853 2814 et
869 2760 952 2814 terra
967 2753 1114 2815 dicantur
1129 2755 1188 2816 im·

443 2846 588 2909 mortalia
603 2847 770 2911 elementa.
782 2850 828 2911 Ad
845 2850 984 2932 primurn
1001 2851 1184 2929 dicendum,

442 2944 528 3024 quod
539 2945 655 3009 eoelum
666 2954 697 3008 et
715 2955 796 3009 terra
807 2947 957 3010 dicuutur
968 2949 1186 3013 testimonium

1241 1967 1474 2049 spondendum,
1490 1969 1576 2049 quod
1592 1969 1708 2031 coelum
1728 1977 1760 2030 et
1776 1977 1859 2031 terra
1874 1968 1986 2030 dieun-

1239 2076 1291 2128 tur
1316 2065 1510 2129 immortalia
1534 2067 1701 2142 elemeuta,
1719 2066 1751 2128 id
1774 2075 1822 2129 est
1844 2067 1985 2128 incorru-

1240 2165 1377 2248 ptibilia.
1394 2165 1516 2227 Coelum
1532 2166 1823 2248 quippe,quantum
1839 2165 1879 2227 ad
1895 2185 1985 2226 suam

1241 2264 1461 2340 substantiam,
1483 2265 1644 2346 corrumpi
1667 2282 1731 2327 non
1754 2272 1868 2346 potest.
1891 2264 1987 2325 Terra

1241 2380 1327 2437 vero,
1337 2362 1419 2425 sieut
1434 2371 1465 2424 et
1476 2370 1580 2424 cetera
1591 2361 1651 2424 tria
1661 2361 1985 2442 elementa‚quamvis

1239 2463 1344 2545 quoad
1369 2472 1475 2545 partes
1497 2481 1569 2524 suas
1594 2462 1695 2545 possit
1719 2463 1894 2544 corrumpi,
1910 2462 1986 2543 quia

1241 2562 1335 2624 habet
1350 2562 1555 2638 contrarium,
1570 2580 1634 2624 non
1650 2570 1756 2623 tamen
1771 2561 1876 2643 quoad
1892 2579 1927 2623 se
1943 2570 1987 2624 to

1240 2669 1315 2736 tam,
1340 2661 1430 2741 juxta
1453 2660 1533 2721 illud
1557 2660 1757 2722 Ecclesiastae
1783 2680 1791 2724 :
1817 2659 1986 2723 Generatio
2001 2678 2125 2720 acereta.

1241 2759 1391 2842 praeterit,
1405 2768 1436 2822 et
1451 2759 1616 2840 generatio
1635 2759 1765 2822 advenit
1781 2783 1789 2832 3
1813 2768 1897 2821 terra
1911 2777 1987 2821 vero

1241 2860 1275 2920 in
1299 2866 1452 2920 aeternum
1479 2866 1551 2919 stat.
1577 2856 1704 2934 Verum,
1731 2866 1767 2920 ut
1790 2856 1902 2920 recitat
1927 2856 1989 2919 hu-

1240 2957 1397 3037 gustinus,
1415 2956 1548 3031 Quidam
1576 2956 1690 3018 coelum
1707 2964 1739 3018 et
1758 2965 1872 3018 terram
1894 2957 1988 3036 quasi

443 3043 518 3106 dare
540 3045 736 3122 hominibus,
754 3047 836 3110 siout
851 3047 1001 3110 dicuntur
1017 3050 1115 3112 Deum
1137 3047 1224 3112 beC
1241 3055 1380 3118 animata
1402 3056 1441 3117 ad
1465 3055 1658 3118 audiendum
1674 3055 1838 3136 provocari
1861 3062 1986 3136 putant,

434 3142 590 3215 nedicere
615 3163 651 3206 ac
676 3144 805 3208 laudare
831 3163 894 3208 non
918 3144 1106 3219 formaliter,
1132 3148 1186 3210 sed

441 3240 684 3304 occasionaliter
698 3262 734 3306 ac
759 3243 989 3308 materialiter:
1009 3265 1082 3307 nam
1105 3246 1187 3308 sicut

441 3340 718 3403 considerantibus
731 3362 778 3420 ea,
787 3344 863 3405 dant
873 3343 1069 3406 occasionem
1082 3354 1114 3406 et
1124 3365 1188 3407 ma-

442 3439 553 3500 teriam
571 3439 721 3501 laudandi
738 3440 1012 3523 benedicendique
1023 3443 1187 3519 Deum,sie

441 3537 518 3599 dant
533 3537 730 3602 occasionem
748 3539 954 3616 testificandi,
972 3561 1068 3622 quam
1085 3543 1188 3605 invio·

441 3635 581 3699 labiliter
596 3655 669 3700 vera
690 3637 754 3699 sint
771 3639 866 3702 verba
888 3639 1044 3702 Creatoris
1064 3660 1185 3716 eorum,

442 3744 473 3798 et
498 3755 592 3816 quam
620 3736 718 3818 impio
743 3746 837 3818 agant
862 3738 917 3820 qui
941 3739 995 3801 Dei
1022 3739 1188 3821 praeceptis

443 3835 664 3898 inobedientes
690 3836 856 3898 exsistunt.
883 3837 1019 3910 Rursus,
1047 3857 1104 3920 per
1129 3839 1188 3901 hoo

441 3932 662 3996 testimonium
678 3933 849 4016 perhibent
864 3934 989 3996 veritati
1006 3945 1117 3998 contra
1132 3936 1190 3997 iui-

442 4049 534 4111 quos,
551 4031 628 4112 quia
645 4040 719 4093 sunt
736 4031 949 4095 iustrumenta
964 4033 1084 4097 divina
1098 4034 1190 4115 justi-

443 4128 495 4190 ria
510 4130 549 4191 ad
561 4129 778 4192 ulciscendum
796 4138 925 4212 peccata
942 4131 1069 4193 illorum
1084 4150 1090 4193 :
1103 4133 1189 4213 quod

446 4226 592 4290 iaciendo
619 4229 793 4290 ostendunt
818 4247 914 4309 quam
940 4248 1015 4292 vera
1044 4231 1110 4292 sint
1134 4230 1188 4292 llei
1204 4228 1228 4289 D
1245 4233 1430 4314 impropria,
1448 4252 1545 4314 quum
1570 4232 1654 4294 dicat
1678 4232 1821 4296 Salvator
1840 4250 1847 4293 :
1865 4233 1989 4296 Coelum
2004 4258 2127 4300 aenea

444 4326 552 4402 verba,
580 4334 612 4388 et
636 4346 730 4408 quam
761 4326 846 4408 justa
871 4328 941 4408 ejus
972 4329 1131 4406 mandata,
1158 4338 1190 4392 et

445 4443 540 4505 quam
556 4424 700 4488 enormia
713 4424 778 4486 sint
794 4425 960 4488 hominum
975 4427 1099 4490 scelera
1110 4427 1189 4491 ilinc

306 4544 429 4600 Soanta,
445 4523 598 4604 scriptum
619 4532 667 4585 est
690 4523 722 4585 in
746 4522 916 4605 Sapientiae
932 4525 1095 4588 volumine
1113 4544 1120 4588 :
1137 4527 1191 4588 hr-

445 4621 544 4684 mabit
558 4629 733 4685 creaturam
749 4623 787 4684 ad
806 4622 959 4685 ultionem
973 4623 1189 4703 inimicorum,

445 4729 476 4782 et
496 4719 650 4802 pugnabit
672 4739 731 4802 pro
753 4719 809 4783 illo
832 4720 918 4782 orbis
942 4729 1097 4783 terrarum
1117 4743 1192 4785 con-

443 4827 493 4882 tra
514 4819 702 4882 insensatos.
725 4818 763 4880 Et
786 4837 895 4880 rursus
921 4819 953 4879 in
978 4820 1089 4882 eodem
1115 4821 1193 4902 legi-

318 4929 429 4981 onen-1,
445 4927 495 4979 tur
513 4939 519 4983 :
537 4919 686 4981 Creatura
705 4927 759 4980 tua
780 4917 838 4980 tibi
860 4917 973 4981 lectori
994 4918 1189 4997 deserviens,

445 5016 646 5079 excandescit
666 5016 699 5077 in
720 5025 914 5079 tormentum
935 5017 1087 5079 adversus
1108 5018 1192 5099 inju-

446 5124 523 5192 stae,
545 5123 576 5178 et
599 5114 701 5178 lenior
720 5113 760 5176 tit
785 5115 824 5177 ad
846 5114 1111 5179 benefaciendum
1134 5136 1192 5199 pro

447 5213 497 5275 his
508 5213 563 5295 qui
579 5212 613 5275 in
630 5221 659 5276 te
675 5213 854 5276 confidunt.
873 5213 924 5277 Sic
934 5214 1064 5276 demum
1081 5215 1193 5279 dicun-

448 5319 499 5374 tur
509 5311 735 5396 obstupescere
751 5331 846 5394 super
861 5313 1126 5396 perversitatibus
1141 5314 1192 5378 ho

1241 3155 1416 3216 secundum
1440 3153 1520 3215 illud
1545 3153 1577 3214 in
1600 3153 1749 3215 Psalmo:
1773 3152 1831 3226 Qui
1859 3153 1987 3234 respicit
2002 3178 2121 3221 neena

1241 3261 1368 3328 terram,
1393 3260 1425 3314 et
1446 3251 1611 3314 faciteam
1635 3260 1789 3324 tremere;
1806 3271 1905 3332 quum
1927 3251 1987 3314 hoc

1241 3351 1295 3413 Dei
1307 3351 1472 3433 potestatis
1488 3350 1535 3424 sit,
1549 3369 1612 3412 non
1629 3368 1737 3412 eorum
1755 3349 1986 3429 intelligentia.

1283 3448 1439 3530 Amplius,
1463 3449 1593 3531 quidam
1616 3455 1874 3529 pertranseuntes
1896 3469 1990 3531 expo

1244 3556 1325 3610 nunt
1339 3547 1385 3608 sic
1399 3546 1636 3623 :‘Audite,coeli,
1646 3565 1717 3627 qua
1729 3547 1852 3628 loquar,
1864 3555 1939 3620 etc,
1952 3567 1989 3610 ac

1243 3646 1268 3707 si
1286 3645 1381 3719 dicat,
1400 3645 1488 3707 Sicut
1498 3644 1614 3707 coelum
1626 3653 1657 3705 et
1674 3651 1756 3705 terra
1767 3653 1842 3705 sunt
1857 3645 1989 3707 stabiles

1243 3763 1304 3820 res,
1318 3744 1364 3805 sic
1380 3761 1542 3804 sermones
1557 3743 1620 3804 mei
1637 3751 1711 3804 sunt
1729 3740 1816 3803 lirmi
1828 3762 1835 3806 ε
1849 3762 1923 3823 quae
1937 3763 1991 3806 ex-

1244 3842 1361 3924 positio
1376 3841 1512 3921 alicujus
1528 3840 1722 3922 apparentia
1736 3849 1830 3916 esset,
1841 3842 1869 3902 si
1885 3849 1991 3904 textus

1244 3940 1384 4017 haberet,
1394 3939 1485 4001 Fiant
1501 3939 1550 4001 vel
1563 3938 1628 4000 sint
1641 3947 1676 4000 ut
1691 3939 1807 4001 coelum
1825 3958 1991 4003 sermones

1243 4038 1318 4114 mei,
1336 4046 1367 4100 et
1382 4046 1417 4099 ut
1440 4046 1523 4100 terra
1538 4036 1635 4099 verba
1654 4037 1718 4099 oris
1734 4036 1808 4099 mei.
1826 4036 1992 4100 Verumta-

1243 4153 1316 4197 men
1338 4135 1494 4216 expositio
1517 4144 1548 4197 et
1570 4135 1764 4217 comparatio
1785 4135 1846 4196 iste
1861 4135 1991 4198 videtur

1244 4340 1275 4394 et
1292 4340 1375 4393 terra
1391 4329 1584 4406 transibunt,
1602 4330 1699 4392 verba
1714 4339 1818 4392 autem
1836 4350 1908 4393 mea
1925 4349 1989 4394 non

1245 4428 1438 4492 transibunt.

1284 4528 1437 4590 Praeterea
1455 4527 1571 4590 cantici
1591 4527 1688 4608 hujus
1710 4528 1851 4602 materia,
1870 4537 1919 4589 est
1939 4549 1990 4592 ex-

1245 4627 1394 4690 cellentia
1411 4635 1443 4688 et
1457 4625 1673 4689 beneficentia
1689 4625 1753 4701 llei,
1765 4626 1944 4689 exhortatio
1959 4635 1991 4689 et

1246 4725 1421 4806 increpatio
1446 4723 1569 4806 populi,
1587 4724 1780 4804 ingratitudo
1801 4732 1898 4804 atque
1920 4745 1990 4806 per-

1246 4822 1379 4886 versitas
1409 4822 1489 4903 ejus,
1517 4831 1548 4884 et
1577 4840 1764 4904 magnorum
1795 4822 1989 4885 introductio

1245 4921 1481 5004 mysteriorum.
1500 4920 1580 4983 Hinc
1595 4920 1675 5001 Lyra
1698 4919 1749 4982 hic
1772 4918 1908 4982 scribit:
1926 4921 1988 4982 lloc

1246 5020 1316 5083 loco
1332 5018 1524 5082 describitur
1545 5017 1721 5081 exhortatio
1737 5016 1840 5099 plebis
1861 5018 1901 5079 ad
1917 5037 1987 5099 per·

1246 5117 1455 5181 severendum
1473 5118 1505 5178 in
1529 5117 1599 5196 lege
1614 5135 1650 5178 ac
1666 5116 1784 5179 divinis
1808 5115 1983 5197 preceptis.

1247 5216 1305 5280 Sed
1317 5225 1427 5279 contra
1439 5216 1499 5278 hoc
1510 5213 1759 5296 loquiturllabbi
1770 5213 1987 5278 Paulus:Can·

1246 5315 1346 5377 ticum
1372 5313 1456 5376 istud
1485 5331 1549 5375 non
1575 5321 1623 5375 est
1647 5312 1908 5389 exhortatorium,
1933 5311 1986 5374 sed
