4309 6259
573 502 748 549 adsumto
769 502 799 549 ΙΝ
820 502 889 548 GAP.
912 500 998 549 xxvu
1018 502 1121 551 EXODI.
1143 522 1183 533 -
1204 502 1275 549 Anu.
1298 504 1347 548 LlV

731 916 1058 1003 ARTICULUS
1097 917 1190 1001 LIV

456 1202 495 1245 DE
516 1200 698 1246 mrutuuctu
719 1200 846 1246 llYS'l'lCO
870 1200 1003 1264 EIUSDEM
1023 1200 1163 1246 castrum
1184 1201 1315 1246 vlcsssnll
1336 1200 1464 1247 semul.

244 1482 378 1541 Attius
398 1490 427 1540 ct
448 1485 552 1542 attare
572 1484 611 1541 de
634 1484 733 1558 libais
753 1482 857 1541 setina.
875 1480 932 1543 Per
947 1478 972 1540 Α
987 1478 1064 1560 priae
1082 1477 1549 1559 fragilitatis,defectuositatis,
1566 1497 1603 1541 ac
1617 1488 1732 1543 morta·

245 1578 331 1640 istud
342 1578 442 1641 altare
453 1587 541 1641 extra
554 1578 794 1643 tabernaculum
806 1580 839 1641 in
851 1580 931 1642 atrio
987 1577 1086 1640 litatis
1102 1576 1355 1659 praedicationes,
1367 1574 1528 1640 doctrinas
1543 1585 1575 1640 et
1589 1577 1732 1640 conside

179 1677 404 1753 constitutum,
418 1678 611 1755 insinuatur,
624 1678 710 1761 quod
725 1678 821 1741 etiam
837 1676 932 1739 laico
986 1675 1125 1739 rationes
1142 1675 1279 1739 libenter
1290 1674 1424 1737 audiunt
1433 1683 1530 1757 atque
1539 1674 1728 1757 suscipiunt.

179 1794 252 1836 rum
268 1783 300 1837 et
323 1775 482 1839 bonorum
501 1776 719 1857 conjugalium
742 1796 778 1839 ac
800 1775 931 1839 saecula·
985 1773 1042 1836 Per
1063 1774 1212 1852 forcipes,
1236 1771 1353 1853 quibus
1378 1772 1463 1853 ignis
1489 1772 1674 1836 melioratur
1693 1792 1730 1836 ac

181 1872 265 1935 rium
286 1873 455 1937 hominum
472 1875 644 1953 orationes,
662 1884 735 1939 vota
750 1894 786 1937 ac
806 1874 929 1951 hostiae,
986 1871 1130 1948 struitur,
1153 1871 1376 1960 intelliguntur
1394 1870 1449 1951 qui
1475 1889 1532 1953 per
1551 1870 1648 1933 verba
1673 1890 1730 1934 sua
1809 1939 1813 1943 ,

181 1972 245 2034 Deo
260 1981 400 2055 acceptae
423 1981 507 2035 sunt.
525 1973 597 2036 Fuit
619 1982 725 2037 autem
748 1974 849 2036 altare
870 1973 930 2037 boc
985 1968 1098 2049 ignita,
1122 1969 1328 2049 virtuosaque
1348 1988 1456 2051 opera,
1480 1968 1588 2051 ignem
1611 1970 1730 2032 amoris

180 2071 352 2151 quadrum,
370 2069 493 2133 habens
515 2071 549 2133 in
573 2070 775 2153 longitudine
796 2080 828 2135 et
853 2071 929 2134 item
986 2066 1019 2128 in
1040 2067 1191 2131 cordibus
1211 2067 1427 2149 proximorum
1447 2067 1636 2144 accendunt,
1658 2086 1731 2131 con·

181 2168 215 2229 in
246 2168 418 2232 latitudine
443 2168 570 2233 cubitos
599 2170 755 2251 quinque,
782 2171 823 2232 ad
848 2170 931 2233 desi·
986 2174 1114 2231 serrant
1129 2175 1162 2229 ct
1172 2164 1326 2229 conflant.
1337 2166 1394 2228 Per
1403 2168 1601 2245 fascinulas,
1611 2165 1729 2248 quibus

180 2268 357 2347 gauridum,
376 2268 461 2347 quod
482 2285 536 2330 cos
559 2285 695 2349 quorum
718 2286 815 2349 opera
831 2276 862 2330 et
884 2287 931 2330 sa·
985 2263 1393 2340 extrahunturcarncs,rite
1407 2264 1607 2345 accipiuntur
1622 2263 1729 2327 idonei

180 2364 307 2427 crificia
321 2364 385 2429 Deo
401 2366 539 2447 placent,
558 2374 702 2447 oporteat
724 2385 794 2428 esse
813 2366 927 2446 justos,
985 2361 1193 2444 praesidentes
1209 2381 1244 2424 ac
1260 2360 1557 2443 praedicatoresqui
1573 2362 1730 2445 exempla

180 2463 246 2527 imo
261 2472 399 2545 quatuor
415 2463 588 2527 virtutibus
608 2464 824 2527 cardinalibus
839 2465 931 2527 deco
985 2460 1062 2523 riter
1083 2461 1313 2536 conversando,
1335 2460 1504 2540 diligenter
1525 2460 1729 2542 corripiendo

180 2570 276 2639 ratos,
290 2564 346 2625 sed
362 2570 394 2625 et
404 2562 548 2644 quinque
563 2581 714 2627 sensuum
732 2564 878 2626 custodes
893 2582 929 2627 ao
984 2567 1015 2621 et
1030 2559 1226 2639 castigando,
1239 2557 1397 2621 desideria
1411 2558 1575 2639 expellunt
1588 2558 1729 2622 carnalia

182 2659 407 2724 refrenatores.
425 2662 577 2742 Itemque,
596 2669 632 2722 ut
647 2660 712 2722 sint
735 2668 797 2723 tam
820 2660 875 2723 lati
896 2662 928 2724 in
945 2663 1002 2724 Ba
1028 2656 1228 2719 subditorum
1257 2675 1294 2718 ac
1319 2656 1518 2717 audientium
1544 2654 1662 2718 anima.
1686 2660 1729 2719 Ift

180 2758 322 2835 caritate,
348 2779 444 2840 quam
467 2758 524 2822 alti
549 2758 680 2821 suntin
701 2759 814 2822 ceteris
837 2760 929 2822 donis
984 2758 1114 2832 ignium
1128 2754 1403 2831 receptacula.Per
1417 2773 1489 2835 qua
1505 2753 1729 2833 intelliguntur

181 2856 244 2919 Dei.
262 2856 381 2919 Habuit
400 2856 495 2920 etiam
516 2856 577 2920 hoc
601 2856 700 2919 altare
722 2865 784 2920 tres
804 2858 929 2920 cubitos
984 2854 1078 2917 corda
1095 2851 1222 2929 docilia,
1240 2871 1311 2934 quae
1327 2851 1542 2933 spiritualium
1557 2851 1730 2915 desiderio-

181 2954 212 3016 in
232 2955 417 3031 altitudine,
434 2954 510 3035 quia
531 2954 645 3018 fideles
665 2962 791 3038 oportet
806 2974 875 3017 esse
889 2956 929 3017 ad
984 2970 1053 3013 rum
1079 2958 1204 3012 exstant
1221 2949 1367 3031 capacia.
1392 2948 1525 3022 Quidam
1550 2958 1655 3013 autem
1682 2949 1729 3012 sic

181 3054 290 3117 divina
315 3062 438 3117 erectos
468 3072 525 3135 per
551 3054 648 3116 trium
678 3053 928 3134 theologicarum
983 3047 1122 3111 indurati
1140 3054 1225 3123 sunt,
1242 3056 1276 3109 et
1289 3046 1470 3109 carnalibus
1490 3046 1664 3111 aflectibus
1684 3047 1728 3110 ita

179 3160 267 3214 actus
283 3153 711 3215 virtutumCornuaautem
719 3163 929 3232 perquataor
983 3145 1139 3229 oppressi,
1158 3154 1193 3207 ut
1212 3144 1371 3227 quidquid
1391 3143 1437 3209 eis
1458 3145 1592 3222 dicatur,
1610 3164 1729 3226 nequa-

180 3256 379 3329 nnpalos,e,r
393 3253 462 3331 ipsc
477 3251 649 3314 cruntPer
664 3269 783 3313 cornua
800 3250 833 3312 in
850 3251 929 3314 Scri·
983 3263 1079 3326 quam
1103 3244 1224 3325 ignium
1246 3242 1382 3326 Spiritus
1402 3243 1509 3307 Sancti
1529 3243 1728 3326 receptacula

182 3348 477 3431 pturis,aliquando
491 3348 677 3429 designatur
692 3349 852 3431 superbia,
860 3349 929 3429 jux·
984 3341 1076 3418 fiant,
1096 3343 1150 3405 sed
1173 3341 1303 3422 ignibus
1325 3342 1516 3420 damonum,
1541 3341 1672 3404 flamma
1694 3341 1729 3403 li-

44 3458 170 3507 tamur.
183 3454 212 3508 ta
231 3446 312 3509 illud
335 3447 432 3511 Amos
450 3465 456 3510 :
475 3448 529 3509 Va
550 3447 605 3528 qui
629 3446 746 3523 dicitis,
769 3447 928 3528 Numquid
983 3441 1115 3517 bidiuis,
1136 3439 1278 3505 avaritiae
1300 3449 1389 3517 aestu,
1414 3449 1446 3503 ct
1468 3441 1524 3504 irae
1547 3441 1660 3504 ardore
1681 3440 1729 3502 iu·

136 3562 139 3566 ·
182 3564 244 3608 nnn
254 3546 290 3609 in
306 3544 498 3608 fortitudine
509 3552 616 3607 nostra
632 3545 865 3655 assumpsimus
876 3564 929 3607 no
984 3538 1191 3601 flammantur
1207 3537 1370 3601 facillime.
1384 3541 1502 3601 Omnia
1517 3559 1596 3599 vasa
1611 3560 1652 3598 ac
1664 3560 1728 3600 care

182 3642 230 3705 bis
245 3661 367 3707 cornua
382 3642 605 3724 fQuandoque
620 3642 760 3724 dignitas
781 3643 877 3723 regia,
895 3650 930 3704 ut
982 3639 1169 3717 fabricabis,
1185 3636 1337 3718 quoniam
1353 3635 1520 3699 universos
1536 3636 1649 3699 fideles
1663 3636 1728 3699 vir-

71 3754 160 3799 ῡωιι-ιι
163 3741 214 3807 .in
225 3742 357 3805 Daniele
372 3750 404 3805 et
419 3741 453 3803 in
470 3741 659 3823 Apocalypsi
677 3740 871 3822 frequenter.
884 3741 930 3802 ln·
983 3743 1087 3796 tutum
1103 3735 1212 3813 vigore
1226 3740 1352 3815 oportet
1367 3742 1523 3797 constare.

48 3820 81 3861 ²
117 3822 305 3903 ''³¹¹terdum
322 3839 452 3922 publica
468 3839 667 3903 denuntiatio
684 3839 879 3916 veritatis‚tu
895 3839 966 3905 inG
1025 3834 1313 3912 Crattwlamque
1300 3835 1483 3892 wlnodum
1497 3834 1575 3893 retis
1590 3852 1724 3893 oeneam

48 3943 140 4047 Appos
142 3937 295 4001 aranea:
319 3938 427 4001 Erexit
452 3956 552 4001 cornu
578 3936 690 3999 salutis
712 3936 816 4000 nobis.
839 3936 929 4000 Nunc
982 3930 1040 3993 Per
1068 3930 1162 3993 istam
1191 3929 1391 4005 craticulam,
1418 3948 1513 4011 super
1542 3948 1638 4010 quam
1668 3946 1725 4012 po

48 4010 123 4111 '1¹22
127 4073 167 4120 ,a
182 4036 288 4118 itaque
310 4056 368 4118 per
389 4055 508 4098 cornua
531 4034 639 4097 altaris
663 4035 770 4116 hujus,
795 4044 929 4118 possunt
983 4028 1143 4092 nebantur
1157 4046 1269 4091 carnes
1288 4028 1442 4104 assandae,
1464 4026 1602 4106 intelligi
1622 4034 1727 4136 potest

181 4134 318 4215 intelligi
335 4133 560 4197 ecclesiasticas
581 4133 758 4214 praelatura
778 4142 810 4196 et
825 4132 929 4215 digni·
983 4127 1137 4209 patientia
1158 4135 1277 4201 sancta,
1294 4125 1346 4187 cui
1360 4134 1538 4188 ceterarum
1558 4134 1648 4189 actus
1662 4125 1727 4189 vir-

180 4240 269 4309 tatcs,
287 4252 324 4295 ac
345 4239 519 4314 potestates
543 4230 795 4313 presidentialcs
817 4231 927 4313 populi
983 4233 1086 4286 tutum
1103 4232 1177 4286 sunt
1192 4223 1376 4305 applicandi
1387 4230 1419 4285 ct
1434 4222 1726 4305 superponendum

179 4330 358 4407 christiani,
377 4349 433 4413 per
449 4338 587 4412 quatuor
607 4329 718 4392 mundi
740 4330 851 4411 plagas
866 4329 929 4391 dif-
983 4324 1057 4404 igne
1072 4321 1307 4385 exercitationis
1323 4320 1584 4403 perficiantur,et
1597 4322 1661 4385 fleo
1676 4320 1727 4384 be·

180 4428 324 4506 lusi,seu
340 4428 440 4491 libera
455 4428 656 4491 denuntiatio
672 4427 865 4508 evangelicae
879 4446 928 4491 ve·
982 4440 1023 4484 ne
1047 4420 1181 4496 decocti,
1205 4420 1324 4501 jugiter
1349 4419 1539 4498 offerantur,
1564 4440 1605 4484 ne
1629 4420 1726 4483 etiam

178 4526 292 4589 ritatis.
317 4527 375 4590 Per
396 4545 468 4607 quae
489 4534 626 4607 quatuor
647 4544 768 4589 cornua
789 4525 927 4607 populus
982 4521 1056 4601 igne
1081 4518 1292 4581 tentationum
1312 4524 1345 4580 et
1363 4517 1590 4581 adversitatum
1610 4518 1727 4583 exstin-

178 4625 232 4688 Dei
249 4625 402 4707 prevalet
422 4623 613 4688 adversariis
634 4643 699 4686 suas
720 4622 831 4686 salutis
847 4622 928 4685 divi·
982 4625 1120 4701 guantur
1134 4636 1171 4679 ac
1186 4616 1489 4679 destruantur.·Haec
1503 4616 1655 4681 craticula
1675 4636 1727 4679 su-

179 4742 219 4786 na
233 4724 419 4787 virtutelft
435 4725 556 4801 operies
571 4724 659 4783 illud
673 4720 833 4802 oere,quia
848 4720 928 4783 lide
983 4736 1039 4800 per
1059 4714 1182 4779 erulam
1206 4713 1317 4776 altaris
1343 4713 1483 4796 ponitur,
1509 4715 1585 4776 dum
1608 4714 1726 4779 divinae

179 4820 225 4884 les
249 4821 369 4885 debent
399 4820 543 4902 undique
568 4838 638 4883 esso
664 4818 784 4881 firmati
809 4818 927 4883 virtute
981 4813 1164 4878 dilectionis
1180 4810 1299 4875 fervori
1315 4810 1469 4893 patientia
1484 4809 1553 4893 ipsa
1567 4811 1725 4889 innititur,

180 4919 380 4997 constantia,
398 4928 494 4999 atque
509 4916 720 5000 insuperabili
739 4916 926 4981 fortitudine
981 4934 1017 4977 ac
1038 4910 1140 4975 divini
1163 4910 1281 4973 amoris
1304 4909 1422 4971 intuitu
1442 4928 1536 4973 omne
1557 4910 1727 4975 adversum

180 5018 303 5080 animae.
941 5022 965 5084 D
981 5010 1203 5093 aequanimiter
1223 5008 1343 5090 patitur
1361 5026 1368 5069 :
1391 5008 1501 5089 sicque
1522 5008 1630 5071 omnia
1654 5027 1728 5091 ope

218 5119 392 5196 Famesque
407 5117 445 5175 ia
465 5135 543 5175 osas
557 5115 627 5192 ejus
644 5116 750 5175 lebetes
766 5116 809 5174 ad
828 5114 927 5172 susci-
981 5130 1015 5172 ra
1037 5109 1122 5172 bona
1139 5106 1281 5170 caritatis
1304 5106 1549 5168 inflammantur
1564 5105 1724 5183 incendio,

180 5215 311 5291 mendas
331 5215 466 5274 moeres.
485 5212 542 5275 Per
562 5211 682 5275 lebetes
704 5211 926 5292 intelliguntur
981 5216 1016 5269 ut
1038 5206 1134 5286 digna
1159 5211 1332 5286 appareant
1352 5203 1386 5264 in
1409 5213 1582 5285 conspectu
1604 5205 1724 5268 divino.

183 5311 274 5374 corda
294 5310 480 5388 humilium,
498 5308 555 5393 qui
577 5308 711 5385 cineres,
729 5307 762 5370 id
783 5314 831 5370 est
855 5324 927 5388 pro-
981 5308 1093 5367 Facies
1112 5313 1142 5364 et
1162 5311 1259 5363 vectes
1279 5303 1406 5362 altaria.
1423 5300 1481 5364 Per
1503 5320 1583 5383 quos
1604 5302 1726 5365 virtuo-
