4309 6259
510 506 684 553 ansanum
705 506 736 551 lli
758 504 825 551 CAP.
849 504 925 551 XXX!
945 504 1141 551 NUHERORUH·
1164 522 1204 533 -··
1224 506 1295 551 Alli*-
1319 507 1390 553 mx

695 914 1022 1003 ARTICULUS
1061 916 1199 1000 XLIX

459 1194 499 1239 ot:
520 1192 690 1239 SPlRlTUALl
712 1192 879 1239 sententia
902 1190 993 1236 ttttttts
1014 1190 1151 1236 cartrunt
1171 1191 1322 1237 rntccstttt
1343 1193 1437 1238 catut.

233 1474 287 1536 ER
303 1474 428 1557 Moysen
447 1492 510 1537 non
527 1473 629 1535 solum
645 1471 800 1547 Christus,
818 1471 872 1533 sed
889 1478 921 1531 et
935 1468 960 1530 A
976 1469 1199 1551 clangendum,
1222 1472 1254 1534 id
1279 1480 1326 1533 est
1356 1473 1515 1536 orationes
1539 1483 1571 1537 et
1592 1476 1718 1557 psalmi,

165 1630 172 1637 .
242 1573 382 1655 quilibet
412 1572 561 1654 praelatus
586 1590 643 1633 seu
672 1570 822 1653 princeps
846 1586 920 1631 vere
975 1569 1099 1631 cantica
1121 1570 1311 1651 spiritualia,
1335 1580 1366 1633 et
1388 1572 1568 1635 divinarum
1593 1574 1722 1656 eloquia

163 1671 406 1747 christifidelis,
417 1669 595 1751 figuraliter
611 1668 922 1751 designatur.0uem-
976 1667 1221 1749 Scripturarum,
1238 1669 1326 1750 juxta
1342 1690 1412 1751 quae
1428 1680 1538 1751 regant
1553 1692 1597 1749 se,
1615 1683 1647 1735 et
1662 1674 1721 1736 dae

164 1772 345 1833 admodum
362 1788 437 1849 ergo
452 1768 547 1851 Moysi
568 1770 705 1850 desuper
719 1768 842 1849 jussum
860 1774 919 1842 est,
975 1785 1086 1830 mones
1102 1768 1251 1849 clangore
1270 1770 1450 1832 orationum
1470 1790 1506 1833 ac
1524 1771 1653 1833 laudum
1670 1792 1722 1835 ex-

163 1877 201 1931 ut
216 1868 376 1952 populum
393 1867 455 1930 sibi
471 1867 678 1931 commissum
694 1866 871 1929 vindicaret
881 1865 920 1927 de
975 1866 1097 1948 pellant
1114 1884 1121 1927 :
1139 1866 1248 1948 sicque
1263 1867 1393 1930 vincant
1411 1887 1474 1931 non
1490 1869 1593 1933 solum
1608 1871 1722 1933 Madia-

164 1968 364 2031 adversariis
379 1967 446 2028 suis
461 1976 535 2029 ante
550 1966 672 2029 obitum
689 1985 793 2042 suum,
811 1966 921 2047 sicque
976 1964 1069 2040 nitas,
1080 1964 1112 2026 id
1123 1964 1322 2028 estvisibiles
1333 1985 1389 2028 seu
1400 1967 1579 2032 invisibiles
1590 1969 1720 2032 aemulos

164 2066 377 2146 colligeretur
391 2066 431 2127 ad
448 2066 578 2128 Sanctos
595 2066 628 2127 in
646 2064 743 2128 limbo
757 2090 764 2139 3
783 2064 826 2126 ita
841 2062 922 2127 chri·
975 2053 1285 2140 Christianismi,sed
1300 2072 1331 2127 et
1341 2064 1485 2147 quinque
1500 2085 1589 2147 reges
1600 2086 1717 2141 eorum,

164 2166 286 2228 stianis
296 2164 426 2247 jubetur
437 2163 829 2247 principibus,utplebem
838 2162 924 2226 Chri·
976 2161 1007 2223 id
1023 2170 1070 2224 est
1086 2162 1247 2245 principes
1264 2163 1476 2241 tenebrarum,
1494 2167 1549 2247 qui
1566 2185 1622 2248 per
1637 2174 1722 2229 exte

165 2266 208 2327 sti
224 2284 245 2327 a
257 2263 396 2347 perfidis
406 2284 443 2326 ac
459 2263 613 2345 tyrannis,
627 2262 798 2344 impiisque
814 2270 923 2325 tuean-
975 2260 1094 2324 riorum
1110 2261 1254 2343 quinque
1274 2281 1425 2325 sensuum
1446 2264 1572 2345 obiecta
1586 2273 1618 2327 et
1639 2264 1722 2328 dele

167 2373 220 2425 tur
237 2361 479 2439 bominibus,et
490 2380 547 2444 pro
558 2361 740 2424 christianas
757 2360 921 2442 religionis
974 2367 1133 2421 ctamenta
1147 2360 1592 2439 vinountinnumerabiles,et
1602 2362 1721 2444 jugiter

164 2462 360 2525 defensione
371 2460 507 2525 viriliter
518 2446 714 2541 preliantur,
728 2480 764 2522 ac
780 2461 922 2523 devasta·
974 2457 1196 2521 contradicunt
1210 2458 1398 2522 veritatibus
1418 2462 1611 2541 evangelicae
1626 2461 1718 2543 legis.

166 2561 294 2623 tionem
310 2558 459 2622 Ecclesiae
479 2558 675 2621 ulciscantur
696 2558 728 2620 in
753 2558 859 2621 hostes
876 2558 923 2639 ip
975 2557 1107 2639 lnsupcr
1122 2556 1366 2621 interficiendus
1381 2569 1429 2622 est
1444 2560 1568 2623 Balaam
1588 2561 1694 2642 gladio
1711 2580 1718 2623 :

165 2660 247 2721 sius.
266 2658 362 2721 Porro
384 2657 524 2740 prelatis
546 2656 740 2739 praecipitur,
759 2665 793 2718 ut
813 2664 923 2719 contra
940 2656 961 2719 B
977 2653 1008 2715 id
1028 2662 1087 2729 est,
1106 2653 1287 2716 seductores
1308 2653 1452 2735 pestiferi
1473 2663 1504 2719 et
1524 2656 1721 2720 consultores

167 2757 353 2819 invisibiles
379 2757 497 2833 hostes,
515 2775 533 2818 a
557 2754 675 2837 quibus
699 2754 790 2837 plebs
805 2755 921 2818 Christi
976 2752 1115 2828 lallaceS,
1129 2752 1227 2816 verbo
1237 2753 1292 2815 Dei
1308 2762 1384 2815 sunt
1399 2754 1610 2817 convincendi
1627 2775 1664 2819 ac
1675 2776 1721 2818 re

166 2855 301 2917 assidue
315 2852 449 2928 fallitur,
467 2852 739 2935 spiritualiterque
754 2862 920 2930 mactatur,
975 2849 1139 2933 probandi.

167 2953 381 3033 accingantur
403 2952 443 3014 ad
465 2970 622 3034 pugnam,
634 2960 666 3014 et
682 2952 827 3015 subditos
847 2969 921 3014 suos
1014 2950 1071 3012 Per
1087 2949 1147 3013 hoe
1162 2967 1290 3031 quoque
1305 2950 1390 3031 quod
1405 2949 1523 3032 Moyses
1547 2950 1645 3014 iratus
1661 2950 1722 3014 luit

167 3060 299 3114 arment
310 3050 493 3127 virtutibus,
509 3068 546 3113 ae
562 3048 685 3113 iervide
701 3049 917 3125 exhortentur,
975 3047 1186 3130 principibus,
1212 3066 1250 3110 eo
1279 3048 1364 3129 quod
1395 3048 1531 3112 laminas
1556 3059 1720 3132 corruptas

166 3159 333 3232 quatenus
347 3168 420 3211 cum
435 3148 523 3212 omni
546 3147 727 3211 humilitate
748 3156 779 3211 et
802 3167 857 3230 spe
873 3148 920 3212 di·
975 3154 1227 3223 reservaverunt,
1254 3147 1346 3209 datur
1371 3147 1521 3229 intelligi,
1546 3149 1632 3229 quod
1657 3149 1721 3212 vir-

167 3249 238 3311 rini
255 3248 368 3311 auxilii
386 3256 482 3329 atquc
503 3246 628 3311 lervore
644 3246 781 3329 Spiritus
797 3247 916 3325 Sancti,
975 3253 1085 3308 tuosus
1100 3246 1250 3327 praelatus
1270 3246 1358 3326 gregi
1382 3246 1445 3308 sibi
1466 3246 1588 3310 credito
1607 3247 1721 3312 debeat

168 3348 324 3409 resistant
352 3346 501 3429 pessimis
534 3346 682 3407 humana
711 3344 919 3408 beatitudinis
974 3338 1058 3425 juste
1073 3344 1212 3422 irasci,si
1225 3344 1375 3407 vitiorum
1392 3346 1575 3409 occasiones
1586 3365 1623 3409 ac
1633 3366 1722 3411 scan-

95 3446 99 3461 '
168 3445 326 3522 inimicis,
340 3464 461 3525 eosque
486 3444 544 3506 sub
565 3442 631 3505 suis
656 3444 791 3525 pedibus
817 3452 922 3507 eonte-
975 3442 1046 3504 dala
1061 3443 1250 3505 adduxerint
1265 3462 1383 3519 secum,
1401 3462 1460 3506 nec
1476 3444 1721 3509 scandalizantia

168 3564 240 3607 rere
256 3544 432 3619 enitantur,
449 3541 527 3605 vitia
543 3542 734 3623 superand0,
752 3560 787 3605 ae
804 3542 867 3605 Deo
887 3542 920 3604 in
974 3541 1169 3604 absciderint
1185 3541 1337 3604 membra.
1355 3542 1427 3606 ideo
1446 3542 1629 3607 occidendae
1646 3553 1721 3607 sunt

167 3642 322 3705 omuibus
337 3641 527 3705 obediendo.
545 3640 663 3722 Nempe
680 3641 807 3722 quoties
825 3648 921 3703 tenta-
975 3639 1103 3704 lamina
1117 3640 1207 3718 tales,
1218 3640 1250 3702 id
1265 3649 1324 3717 ast,
1341 3641 1608 3723 concupiscentiae
1624 3662 1719 3707 vene

169 3740 316 3804 timribus
331 3738 505 3823 praevalent
515 3738 633 3802 etvitia
649 3748 811 3820 superant,
825 3740 918 3803 toties
976 3758 1036 3803 reae
1050 3758 1180 3822 prorsus
1199 3749 1275 3801 sunt
1293 3738 1500 3818 suilooandae,
1518 3740 1582 3805 imo
1597 3750 1630 3804 et
1652 3762 1720 3825 par-

169 3839 355 3903 invisibiles
370 3838 443 3901 illos
463 3839 570 3900 hostes
586 3837 784 3900 conculcant.
935 3839 1041 3907 Cvuli
1066 3858 1159 3903 serus
1180 3839 1360 3916 masculini,
1378 3840 1410 3901 id
1430 3848 1479 3901 est
1498 3839 1593 3921 primi
1614 3850 1719 3905 motus

209 3939 302 4014 Quod
319 3938 345 3999 si
357 3936 506 4019 prelatus
517 3934 754 3999 videritomnes
767 3936 828 3999 sibi
840 3956 922 4001 eom·
975 3937 1181 3999 carnalitatis.
1204 3937 1351 4019 Virgines
1379 3957 1464 4014 vero,
1492 3939 1525 4001 id
1550 3947 1598 4002 est
1625 3949 1720 4003 castae

170 4040 289 4101 missos
305 4056 370 4100 non
385 4055 455 4099 esse
470 4036 510 4097 ad
527 4034 601 4097 talia
616 4034 700 4098 bella
716 4034 922 4114 idoneos,eli·
975 4033 1174 4112 ail'eetiones,
1206 4044 1281 4098 suut
1305 4037 1541 4100 conservande.
1568 4037 1721 4101 Similiter

168 4146 223 4218 gat
240 4136 401 4214 tortiores,
419 4136 452 4198 id
474 4143 532 4211 est,
551 4134 757 4198 virtuosiorcs
778 4155 921 4218 quosque
975 4152 1090 4215 pecora
1108 4152 1115 4196 :
1132 4134 1284 4216 quoniam
1304 4153 1436 4217 corpora
1453 4154 1516 4199 non
1536 4146 1611 4198 sunt
1632 4137 1721 4219 peni-

169 4238 343 4300 admoneat
362 4236 401 4297 ad
422 4234 629 4317 pugnandum
650 4253 708 4316 pro
731 4254 765 4298 se
785 4235 863 4317 ipsis
883 4256 919 4299 ac
977 4240 1024 4295 tus
1040 4234 1243 4310 conterenda,
1260 4235 1315 4297 sed
1331 4235 1492 4298 moderate
1512 4233 1669 4299 frenanda
1684 4257 1721 4301 ac

168 4334 255 4414 aliis,
274 4334 494 4397 indesinenter
508 4332 640 4411 orande,
651 4334 818 4413 gemendo,
830 4342 862 4396 et
872 4354 922 4398 ce·
975 4332 1168 4413 castiganda.
1194 4332 1420 4396 Verumtamen
1446 4341 1640 4414 pugnatores
1666 4335 1719 4399 isti

169 4444 239 4499 tera
249 4434 404 4501 virtutum
416 4431 567 4495 exercitia
577 4432 724 4495 alacriter
733 4452 922 4515 prosequen-
974 4432 1209 4514 quantumlibet
1225 4431 1334 4509 lortes,
1351 4432 1491 4495 maculas
1506 4433 1630 4516 aliquas
1646 4454 1721 4499 oon-

169 4536 222 4598 do.
241 4532 372 4596 Talibus
387 4530 504 4594 Christi
519 4530 676 4593 militibus
696 4529 921 4613 praeficiendus
976 4531 1105 4594 trahunt
1120 4531 1153 4592 in
1169 4530 1352 4611 pugnando,
1370 4530 1420 4593 vel
1438 4550 1501 4593 non
1525 4541 1587 4594 tam
1604 4533 1667 4597 cito
1683 4553 1720 4597 ao

170 4642 218 4696 est
233 4632 382 4707 Phinoes,
400 4629 495 4692 idest
511 4629 559 4692 vir
575 4629 763 4693 exercitatus
779 4630 812 4691 in
834 4631 920 4694 omni
975 4629 1100 4694 fortiter
1115 4628 1302 4705 resistendo,
1314 4637 1369 4691 aut
1379 4628 1502 4717 aliquid,
1515 4631 1581 4693 suis
1597 4631 1719 4695 viribus

170 4732 304 4807 virtute,
327 4728 560 4811 imperterritus
585 4729 691 4805 corde,
710 4729 827 4793 zelator
851 4730 917 4805 Dei,
972 4728 1186 4806 attribuendo,
1212 4736 1267 4790 aut
1295 4726 1457 4809 superflue
1487 4731 1717 4811 repausandot

170 4838 296 4894 amator
307 4828 449 4890 fratrum.
459 4828 497 4889 Et
507 4827 610 4889 danda
621 4835 696 4889 sunt
707 4827 752 4891 eis
765 4848 839 4891 vasa
851 4848 920 4891 san·
974 4827 1045 4890 ideo
1061 4827 1206 4907 indigent
1220 4846 1303 4909 aqua
1320 4826 1546 4908 adspersioniS,
1565 4827 1596 4891 id
1612 4838 1660 4892 est
1676 4829 1720 4892 la-

170 4940 232 5007 cta,
260 4929 337 5011 quia
361 4926 585 4990 ecclesiasticis
615 4927 821 4989 sacramentis
846 4935 921 4990 sunt
973 4926 1083 4988 orimis
1105 4926 1371 5008 compunctionis,
1388 4936 1420 4989 et
1440 4946 1511 4991 rore
1529 4928 1638 5009 gratim
1654 4949 1721 4991 am·

171 5027 342 5091 muniendi
356 5050 363 5101 ;
376 5034 407 5088 et
418 5024 519 5088 sancti
537 5033 652 5105 patres,
669 5024 724 5106 qui
741 5034 831 5087 erant
846 5046 921 5089 vasa
935 5028 959 5091 D
974 5025 1096 5107 plioris,
1120 5027 1267 5109 undaque
1290 5026 1454 5108 sapientie
1477 5026 1624 5089 salutaris
1650 5048 1720 5111 per-

171 5126 339 5190 electionis
363 5124 482 5189 divinae
507 5130 538 5185 et
561 5122 669 5203 gratiae
690 5143 726 5186 ac
752 5123 918 5203 virtutum,
975 5125 1066 5187 lundi
1077 5144 1114 5187 ac
1126 5125 1310 5199 emundari3
1327 5134 1358 5187 et
1378 5125 1534 5208 quidquid
1546 5128 1720 5208 praedando

172 5225 374 5309 proponendi
391 5231 466 5285 sunt
480 5222 527 5285 eis
547 5220 776 5305 inexemplum
797 5225 836 5286 ad
853 5224 921 5286 imi·
973 5224 1180 5287 obtinuerunt
1195 5223 1235 5285 ab
1255 5222 1444 5286 adversariis
1462 5225 1539 5303 suis,
1557 5235 1591 5287 ut
1606 5245 1718 5289 aurum

172 5327 318 5388 tandum.
335 5322 451 5386 Danda
475 5340 602 5404 quoque
622 5330 697 5384 sunt
717 5322 763 5384 eis
781 5322 863 5386 tube
877 5324 916 5387 ad
973 5322 1137 5405 sapientia
1156 5322 1322 5399 naturalis,
1339 5331 1505 5402 argentum
1525 5323 1716 5406 eloquentia
