4309 6259
555 504 728 554 mensurio
750 509 780 554 nr
801 508 870 556 car.
893 509 966 556 xxvi
987 510 1124 558 tvvirrcr.
1147 531 1187 541 —
1207 511 1278 559 xor.
1301 511 1371 560 xux
1677 493 1736 562 307

57 690 172 736 reem.
186 676 266 738 llala
281 697 378 740 aurea
390 679 423 740 in
441 679 531 742 lectis
542 682 711 760 argenteis,
724 682 778 762 qui
797 681 937 762 loquitur
952 682 977 744 Α
992 682 1201 764 Evangelium
1217 685 1302 766 quod
1319 685 1469 766 praedico,
1483 703 1522 747 ne
1539 684 1621 748 forte
1637 685 1670 748 in
1686 705 1736 748 va-

47 758 74 795 ¹¹‘
186 775 322 838 verbum
345 777 380 838 in
406 786 549 860 tempore
572 798 640 842 suo.
658 780 691 840 ln
715 780 937 843 Ecclesiastico
993 800 1068 842 num
1091 801 1263 846 currerem.
1289 785 1332 844 Et
1357 786 1523 844 comedetis
1547 805 1667 862 ponem
1688 805 1737 845 ce-

46 874 123 970 ,l'g‘ll
134 887 170 916 ³¹·
185 893 317 956 quoquc
334 893 341 936 ε
360 876 548 957 Imprudens
564 897 627 939 non
645 878 783 940 servabit
799 886 934 959 tempus.
990 889 1094 938 sci-cm
1106 883 1336 952 insecuritate,
1348 899 1464 962 corpus
1475 880 1738 945 videlicetSalva·

185 973 313 1047 Ettoui
327 974 438 1036 multis
454 976 554 1036 utitur
566 976 682 1052 verbis,
696 976 782 1039 laedit
797 976 936 1039 animam
992 977 1081 1054 toris,
1094 978 1158 1041 inro
1176 979 1280 1060 ipsum
1292 978 1461 1041 Dominum
1474 979 1507 1040 in
1520 978 1733 1059 Sacrament0,

185 1091 289 1133 suam.
305 1076 568 1151 [attemperet
582 1094 831 1151 permensum.
849 1075 936 1148 Quod
991 1075 1045 1155 qui
1061 1076 1125 1137 ait:
1139 1077 1285 1156 Egosum
1303 1076 1394 1158 panis
1406 1077 1489 1140 vitra.
1503 1077 1557 1140 ut:
1571 1079 1649 1142 Caro
1665 1098 1736 1142 mea
1762 1105 1842 1148 itant.
1854 1119 1881 1154 e,

185 1169 235 1247 fit,
247 1171 326 1232 dum
343 1172 445 1252 gratia
462 1173 620 1239 excitante
636 1181 668 1235 et
682 1182 844 1254 operante,
862 1191 935 1234 caro
991 1192 1065 1236 vere
1080 1182 1128 1235 est
1149 1174 1250 1237 cibus.
1270 1175 1323 1235 Est
1342 1175 1418 1237 item
1441 1176 1533 1257 panis
1548 1175 1640 1239 bonae
1661 1170 1827 1276 ope-³122&
1849 1235 1875 1274 34

183 1288 259 1330 cum
276 1270 937 1334 membrissuisanimaeinomnilleiob·
991 1270 1134 1349 rationis,
1147 1274 1186 1335 dc
1201 1291 1265 1354 quo
1280 1273 1451 1334 disseruit:
1470 1273 1658 1337 llcuscibus
1673 1283 1732 1352 est,
1786 1247 1882 1284 ''ll''

184 1367 297 1448 scquio
313 1370 453 1432 deservit
468 1378 499 1432 ct
514 1378 614 1452 paret.
631 1373 673 1432 et
685 1373 791 1449 pomis
809 1373 935 1430 arbores
991 1377 1025 1430 ut
1042 1369 1157 1433 faciam
1173 1372 1367 1434 voluntatem
1383 1372 1482 1434 Patris
1498 1373 1560 1435 mei
1577 1373 1633 1454 qui
1649 1373 1736 1436 misit

185 1470 419 1543 replebuntur:
431 1467 463 1529 id
474 1477 532 1544 cst,
545 1468 692 1531 homines
703 1467 827 1530 actibus
838 1468 937 1529 abun·
991 1487 1052 1531 me.
1071 1470 1202 1546 Rursus
1220 1479 1268 1532 est
1290 1469 1381 1552 panis
1397 1471 1470 1532 vitas
1493 1479 1523 1533 et
1544 1471 1735 1550 intellectus,
1750 1493 1881 1542 coerces.

184 1564 308 1626 dabunt
324 1564 490 1643 virtutum,
508 1587 564 1630 scu
581 1567 659 1648 ipsae
675 1567 810 1630 virtutes
826 1584 936 1647 proce·
991 1568 1083 1648 panis
1109 1567 1310 1630 lacrimarum
1343 1577 1373 1630 et
1403 1569 1616 1645 contritionis,
1644 1570 1881 1651 paniseistion.

185 1662 262 1724 dent
283 1663 414 1744 copiose
435 1665 468 1726 in
490 1674 608 1726 actum.
626 1664 714 1738 Quod
742 1673 843 1726 totum
866 1681 937 1744 per·
991 1666 1308 1747 supersubstantialis
1334 1666 1389 1747 qui
1416 1686 1472 1748 per
1497 1668 1737 1750 contemplatio-

184 1761 301 1840 agitur,
315 1762 392 1822 dum
404 1761 545 1843 prefatae
560 1763 679 1844 pluviae
689 1763 887 1824 descendunt
903 1759 935 1820 in
992 1783 1062 1826 nem
1087 1774 1242 1846 gustatur.
1259 1766 1314 1827 llis
1337 1766 1474 1848 panibus
1494 1775 1675 1829 saturantur
1698 1766 1737 1828 fi-

185 1868 339 1934 mentem,
357 1869 388 1923 ct
409 1861 543 1924 actualis
563 1861 662 1924 motio
678 1861 814 1947 Spiritus
831 1859 936 1921 Sancti
953 1867 975 1928 Β
990 1863 1104 1925 deliter
1118 1863 1314 1927 obedientes.
1766 1921 1768 1926 ,

184 1959 302 2020 excitat
324 1977 405 2020 eam
423 1959 694 2033 Quemadmodum
717 1967 833 2032 autem,
851 1957 938 2019 Solo·
1031 1967 1072 2025 Et
1098 1966 1214 2043 absque
1236 1984 1355 2041 pavore
1375 1966 1562 2025 habitabitis
1586 1966 1623 2026 irc
1649 1974 1734 2026 terro

82 2075 125 2103 '⁰²
143 2077 165 2109 u,
184 2076 281 2120 mone
306 2065 453 2133 testante,
473 2058 636 2140 Sapientia
652 2059 775 2138 lignum
799 2057 873 2119 vitae
889 2063 937 2118 est
990 2073 1107 2131 oestro,
1124 2062 1183 2124 hoc
1198 2069 1245 2123 est
1261 2062 1293 2138 in
1310 2062 1467 2124 militante
1482 2062 1633 2125 Ecclesia.
1645 2063 1735 2126 Unde

58 2153 75 2164 ““
182 2153 823 2238 omnibusapprehendentibuscam3sic
840 2153 933 2228 fides,
990 2160 1035 2221 ait
1051 2160 1191 2222 Salvator
1209 2177 1216 2220 ε
1234 2160 1335 2222 Nolite
1351 2160 1463 2223 timere
1478 2179 1532 2224 eos
1547 2161 1602 2241 qui
1618 2181 1734 2244 corpus
1768 2180 1880 2229 uertite,

184 2251 230 2314 ⁸5⁰
254 2252 432 2331 humllstas,
448 2263 562 2317 θθῒθΐίθ
584 2273 712 2336 (imque
733 2253 866 2314 Virtutes
888 2270 937 2313 ar·
990 2258 1150 2322 occidunt.
1163 2258 1200 2320 ut
1216 2259 1364 2340 princeps
1375 2259 1598 2340 Apostolorum
1612 2277 1620 2323 ε
1633 2261 1735 2324 Timo
1749 2245 1871 2349 llpmm,

185 2349 279 2413 bores
301 2351 367 2414 dici
389 2362 522 2434 queunt.
539 2354 578 2414 Et
599 2361 684 2416 certe
705 2351 934 2434 pulcherrima,
992 2376 1057 2419 rem
1081 2376 1190 2420 eorum
1215 2376 1255 2418 ne
1278 2356 1458 2434 timueritis,
1477 2367 1508 2420 et
1525 2376 1588 2420 non
1610 2368 1735 2421 contur—
1749 2371 1782 2411 ¹⁴·
1874 2338 1879 2356 ⁸

185 2447 443 2515 fructuosissima
468 2461 564 2534 atquc
587 2451 745 2514 altissima
770 2449 865 2513 arbor
889 2457 937 2512 est
991 2454 1122 2517 bemini.
1141 2456 1247 2536 ltaque
1269 2455 1324 2536 qui
1345 2456 1408 2518 Deo
1433 2475 1505 2518 vere
1527 2456 1646 2534 obedit,
1661 2477 1735 2540 pas-

184 2549 314 2612 ceritas.
332 2551 430 2614 Nemo
446 2552 554 2632 itaque
569 2551 638 2614 sine
660 2549 800 2632 praefatis
816 2548 936 2631 pluviis
990 2553 1112 2615 sionem
1138 2552 1260 2616 timoris
1277 2552 1427 2629 refrenet,
1445 2553 1593 2616 servilem
1611 2555 1736 2637 repellit

183 2648 359 2712 arbitretur
374 2670 409 2712 se
424 2668 518 2732 posse
534 2649 732 2712 fructificare
744 2673 750 2724 ;
764 2658 795 2711 et
810 2648 865 2729 qui
878 2665 936 2728 per
991 2651 1149 2728 timorem,
1166 2660 1197 2714 et
1213 2670 1269 2733 per
1285 2651 1431 2714 timorem
1455 2651 1612 2714 initialem
1628 2673 1737 2717 ascen-

46 2758 170 2841 jer-1¹22&
185 2767 241 2810 eas
261 2747 450 2826 fructificat,
469 2768 533 2813 non
556 2748 745 2831 insipienter
767 2749 862 2823 inse,
880 2746 936 2809 sed
991 2750 1038 2812 dit
1059 2751 1097 2812 ad
1122 2749 1252 2812 filialem
1276 2767 1282 2811 :
1303 2768 1366 2830 quo
1388 2751 1514 2831 adepto,
1535 2769 1662 2814 omnem
1688 2771 1738 2815 ex-

46 2824 74 2861 'l'
185 2846 349 2928 sapienter
366 2848 398 2909 in
414 2847 549 2911 Domino
565 2848 729 2928 glorietur.
990 2849 1092 2911 cludit
1107 2848 1215 2925 vilem,
1234 2847 1455 2910 effeminatam
1476 2856 1508 2911 et
1523 2847 1736 2913 inordinatam

227 2948 458 3025 deprehendet
487 2949 639 3007 mersium
671 2949 793 3006 tritura
823 2947 935 3004 oc'nde-
990 2947 1208 3024 formidinem,
1233 2947 1337 3009 sciens
1362 2946 1613 3028 omnipotentem
1637 2949 1734 3012 Deum

184 3046 300 3105 mium.
325 3045 473 3107 Messium
494 3045 618 3121 tritura,
635 3054 683 3107 est
713 3045 854 3106 virtuosa
883 3053 970 3116 ex-t}
989 3047 1051 3109 sibi
1067 3047 1185 3127 ubique
1200 3053 1399 3128 presentem,
1415 3044 1484 3108 sine
1500 3046 1591 3126 cujus
1607 3048 1737 3128 permis-

182 3143 330 3206 ercitatio
359 3143 433 3206 vitae
462 3143 584 3220 active,
617 3162 689 3224 quac
723 3143 935 3224 apprehendit
989 3166 1025 3208 su
1040 3153 1095 3208 aut
1107 3145 1199 3227 jussu
1217 3143 1261 3206 nil
1278 3143 1340 3206 sibi
1357 3143 1441 3206 valet
1460 3143 1614 3220 accidere,
1632 3153 1663 3208 et
1678 3147 1734 3227 qui

184 3240 440 3318 vindemiam,id
456 3251 515 3318 est,
534 3242 573 3304 ad
590 3241 844 3322 contemplativae
861 3240 934 3303 vitae
989 3245 1022 3307 in
1044 3243 1186 3306 adversis
1208 3241 1379 3323 gratiosius
1401 3242 1501 3304 adest.
1527 3243 1569 3304 De
1590 3244 1733 3323 angelica

181 3339 328 3403 actiones
351 3340 514 3422 pertingit.
532 3340 609 3401 Nam
626 3339 708 3402 sicut
725 3358 782 3421 per
803 3340 933 3420 januam
988 3362 1115 3425 quoque
1126 3350 1173 3405 est
1188 3360 1318 3404 securus
1329 3340 1482 3417 custodia,
1495 3348 1526 3403 et
1542 3341 1574 3402 in
1585 3342 1733 3423 Deoqua·

183 3438 324 3500 intratur
338 3441 379 3502 ad
394 3440 536 3516 domum,
554 3439 597 3501 ita
614 3459 670 3520 per
690 3438 839 3501 exercitia
860 3438 935 3501 vitae
988 3442 1013 3502 si
1032 3439 1222 3503 fidelissimo
1243 3446 1339 3520 atque
1354 3437 1499 3520 piissimo
1515 3447 1603 3520 patre
1624 3438 1732 3502 filiali-

181 3538 304 3616 activae‚
316 3547 413 3619 atque
424 3547 578 3620 peractus
590 3537 744 3599 virtutum
755 3537 931 3612 moralium,
989 3548 1035 3602 ter
1050 3558 1193 3621 sperans.
1206 3537 1290 3600 'lulis
1306 3536 1460 3600 veraciter
1470 3535 1642 3600 confitetur
1655 3556 1662 3600 :
1675 3539 1731 3603 Do
1747 3559 1848 3610 eima,
1857 3561 1875 3602 r.

181 3637 224 3698 ad
252 3636 573 3718 contemplationem,
606 3635 934 3716 intellectualiumquc
988 3637 1379 3700 minusilluminatiomea
1395 3635 1602 3698 etsalusmea
1615 3654 1621 3698 :
1635 3656 1730 3718 quem

182 3735 400 3818 perfectiones
411 3736 564 3799 virtutum
575 3735 773 3818 pertingitur.
787 3734 847 3798 Sed
858 3735 933 3816 quia
988 3737 1107 3800 timebo
1122 3740 1134 3797 l
1149 3735 1301 3799 Dominus
1324 3742 1485 3816 protector
1503 3733 1576 3797 vita
1592 3754 1669 3798 mcc
1689 3753 1695 3798 :
1713 3756 1732 3799 c

182 3836 216 3897 iu
233 3834 387 3898 exercitio
406 3834 479 3898 vitae
494 3834 750 3916 contemplativae
773 3834 933 3916 copiosior
987 3854 1050 3917 quo
1075 3833 1267 3916 trepidabol
1290 3831 1374 3894 'felis
1399 3831 1527 3895 demum
1553 3831 1732 3897 invisibiles

181 3933 287 4012 gratia
301 3933 475 4010 obtinetur,
493 3951 550 4015 per
565 3952 662 4014 quarn
683 3951 791 3994 rursus
807 3933 846 3994 ad
861 3951 934 4014 ope
987 3935 1094 3998 hostes
1110 3930 1210 4011 magis
1226 3938 1389 4013 perterret,
1408 3948 1504 4010 quam
1519 3938 1675 3993 terreatur
1691 3934 1731 3996 ab

183 4052 218 4094 ra
241 4033 316 4095 vitae
338 4032 614 4095 activaedecenter
635 4031 932 4114 proceditur,.recte
988 4033 1077 4115 ipsis.
1102 4030 1186 4093 Talis
1209 4013 1419 4106 luitsanctus
1440 4026 1521 4091 Job:
1547 4027 1578 4090 Si
1604 4031 1729 4112 expavi,
1764 4054 1876 4107 recito,

182 4130 421 4213 subjungitur:
448 4141 478 4191 et
503 4133 671 4191 vindemie
698 4133 864 4207 occupabit
888 4152 934 4190 se·
988 4129 1149 4212 inquiens,
1166 4129 1204 4190 ad
1222 4126 1458 4189 multitudinem
1483 4125 1625 4189 nimiam.
1643 4133 1731 4190 Dabo
1746 4119 1780 4160 ³⁴·

181 4241 335 4300 mercem,
354 4230 387 4291 id
408 4238 468 4304 est,
484 4229 711 4310 contemplatio
727 4229 875 4290 extendet
900 4247 933 4291 se
950 4235 973 4296 [i
984 4251 1096 4308 pacem
1120 4231 1157 4288 in
1180 4229 1302 4304 finibus
1327 4227 1438 4286 cestris
1454 4247 1465 4286 .·
1486 4225 1518 4286 id
1540 4234 1597 4303 est,
1620 4247 1731 4309 pacem

46 4340 167 4389 termut.
180 4330 223 4391 ad
239 4347 373 4410 germen
388 4328 495 4410 operis
510 4326 598 4403 boni,
610 4335 641 4389 et
651 4345 760 4390 semen
777 4327 932 4408 suscipiet
987 4327 1125 4410 pectoris
1136 4323 1303 4387 infundam
1315 4323 1615 4403 congregationibus
1624 4333 1656 4388 et
1665 4345 1732 4389 cor-

181 4427 278 4490 verbi
293 4427 359 4490 oei.
376 4427 496 4488 Rursus
512 4435 547 4489 ut
562 4425 664 4506 tangit
678 4426 800 4502 ocosse,
818 4425 932 4488 messis
988 4427 1082 4490 dibus
1106 4423 1231 4500 vestris,
1256 4422 1339 4485 sicut
1363 4430 1432 4484 oret
1454 4422 1627 4504 Apostolus
1646 4441 1652 4485 :
1670 4425 1732 4487 Pax
1771 4441 1872 4498 ettrtpp.

179 4527 352 4610 purganda
362 4526 488 4602 inarea,
501 4533 550 4588 cst
564 4524 746 4587 intellectus
758 4524 929 4607 Scriptura
987 4523 1103 4589 Christi
1119 4521 1275 4585 custodiat
1290 4521 1513 4583 cordavestra.
1531 4519 1654 4582 Etenim
1671 4541 1732 4604 pax
1746 4507 1870 4612 “pffjfflm

177 4625 395 4708 proferendus
421 4624 454 4686 in
479 4623 632 4699 medium,
656 4631 688 4686 et
713 4643 786 4685 cum
817 4623 932 4686 ceteris
987 4623 1088 4686 multa
1112 4619 1319 4700 diligentibus
1347 4618 1448 4699 legem
1475 4617 1540 4694 Dei,
1563 4618 1617 4699 qni
1641 4599 1878 4701 ponituecnol

176 4724 368 4789 doctoribus
389 4743 427 4786 ac
448 4722 567 4787 divinis
587 4722 809 4785 voluminibus
829 4723 933 4785 ceule·
988 4741 1098 4805 pacem
1122 4719 1205 4781 fines
1221 4716 1379 4792 Ecclesiae,
1397 4725 1428 4778 et
1450 4717 1545 4779 corda
1567 4736 1730 4781 servorum
1748 4697 1780 4739 ¹⁴·

177 4825 314 4901 raudus,
333 4833 367 4885 ut
382 4823 409 4884 si
425 4822 503 4904 quid
519 4822 618 4904 paleae
632 4829 687 4883 aut
702 4821 818 4899 aristae,
837 4821 934 4884 idest
988 4839 1118 4883 suorum
1135 4816 1211 4881 facit
1222 4815 1329 4897 quieta
1344 4823 1375 4878 et
1387 4814 1620 4896 requiescentia
1636 4816 1668 4878 in
1685 4835 1730 4880 se.

179 4923 336 4986 vanitatis
358 4930 415 4984 aut
444 4920 592 4984 falsitatis
620 4920 795 4998 contineat,
819 4920 933 5002 spiritu
987 4919 1076 4982 Unde
1093 4917 1125 4979 in
1141 4915 1220 4978 lsaia
1237 4913 1389 4976 [lominus
1410 4913 1455 4974 ait
1473 4931 1479 4974 :
1497 4913 1565 4975 Erit
1584 4933 1665 4996 opus
1686 4915 1734 4995 ju·
1771 4937 1802 4981 n.
1816 4951 1877 4990 xxxii,

178 5019 389 5085 discretionis
404 5017 591 5095 excutiatur,
610 5016 777 5098 solumque
793 5017 933 5080 triticum
989 5017 1082 5079 stitiae
1093 5035 1170 5098 pax3
1183 5023 1214 5076 et
1229 5011 1353 5075 sedebit
1364 5011 1500 5093 populus
1514 5011 1546 5073 in
1559 5012 1734 5094 pulchritu·
1751 5013 1782 5058 ¹⁷=
1793 5012 1824 5052 ¹⁸·

179 5119 351 5185 conservis
372 5137 430 5181 suo
449 5126 593 5199 ternpore
613 5116 862 5198 dispensandum
887 5135 935 5178 re-
989 5117 1063 5178 dinc
1078 5113 1219 5196 pacis,et
1234 5111 1266 5172 in
1284 5109 1495 5173 tabernaculis
1508 5109 1646 5186 fiduciae,
1659 5119 1690 5172 et
1702 5111 1733 5172 in

49 5221 166 5308 §doeth
180 5226 325 5283 maneat.
341 5217 421 5280 ilinc
435 5216 556 5298 quippe
575 5215 688 5278 Paulus
709 5223 864 5276 testatur:
882 5214 936 5277 ds·
989 5214 1099 5296 requie
1114 5212 1276 5294 opulenta.
1291 5209 1361 5270 llaec
1380 5207 1530 5270 interiora
1552 5217 1583 5270 et.
1608 5207 1735 5290 prrecla-

49 5313 66 5324 ”
181 5317 281 5384 cendi
303 5316 544 5397 lerosolymam,
566 5323 598 5377 ct
621 5313 742 5376 contuli
768 5331 841 5375 cum
870 5313 936 5375 illis
986 5312 1116 5376 ‘rissima
1135 5306 1295 5372 beneficia
1311 5307 1449 5390 Spiritus
1466 5305 1587 5384 Sancti,
1609 5305 1734 5372 auferre
