4309 6259
412 465 472 532 280
781 487 956 533 manuario
978 487 1009 531 rn
1029 487 1098 532 car.
1123 486 1187 531 rru
1209 485 1345 532 cavrrrcr.
1369 503 1408 514 -
1429 485 1501 530 aar.
1525 483 1585 530 run

412 664 569 733 naturam,
588 656 652 720 imo
668 676 725 740 pro
744 658 833 721 hirco
848 659 1014 740 accipitur.
1032 661 1072 720 Si
1090 678 1157 718 ma·
1172 657 1196 718 l
1213 657 1326 720 Votum
1339 665 1445 719 autem
1458 677 1496 720 ex
1511 657 1561 718 bis
1573 655 1654 719 solvi
1669 674 1731 718 non
1749 653 1959 737 poterat‚boc

411 760 534 825 cutam,
550 754 583 816 id
599 764 647 819 est
663 757 834 820 notabilem
850 755 1086 820 deformitatem
1102 765 1157 817 aut
1211 765 1259 818 est
1278 756 1397 820 oblatio
1418 775 1456 818 ex
1477 755 1584 818 debito
1604 763 1658 816 aut
1681 753 1848 836 promisso,
1864 751 1959 832 juxta

412 853 703 917 monstruositatem
719 857 867 916 babuerit
882 854 1011 930 animal,
1028 875 1092 914 non
1109 855 1157 930 os-
1210 855 1290 916 illud
1306 854 1481 916 Malachiae:
1495 853 1676 916 Maledictus
1687 851 1815 914 dolosus
1830 851 1885 931 qui
1900 851 1958 912 ba·
1985 868 2118 912 uuam.

411 953 648 1032 [cretamque
661 955 724 1013 erit
739 955 941 1030 acceptabile,
958 951 1033 1034 quia
1050 951 1157 1033 probi·
1211 953 1265 1015 bet
1281 953 1313 1014 in
1329 971 1424 1034 grege
1446 971 1503 1014 suo
1523 951 1711 1026 masculum,
1729 958 1760 1012 et
1775 958 1883 1012 rotum
1905 948 1958 1011 fa·
1973 935 2018 974 ¹⁴·

412 1047 514 1110 bitum
531 1057 589 1112 est.
1211 1053 1311 1123 ciens,
1330 1051 1475 1114 immolat
1496 1049 1601 1114 debile
1616 1050 1690 1112 Deo.
1708 1050 1745 1110 Et
1768 1067 1875 1110 rursus
1894 1066 1900 1108 :
1920 1047 1956 1110 Si
1987 1064 2111 1110 macca

452 1150 554 1208 Homo
570 1149 628 1228 qui
647 1150 797 1210 obtuterit
820 1152 987 1210 victimam
1004 1151 1156 1227 pacifico
1211 1150 1356 1214 otteratis
1378 1150 1525 1213 claudum
1551 1149 1601 1213 vel
1626 1146 1742 1224 debile,
1761 1165 1865 1210 nonne
1887 1166 1958 1209 ma-

412 1267 487 1306 rum
508 1248 658 1318 Domino,
675 1245 735 1308 hoe
756 1255 804 1309 est
830 1246 965 1310 hostiam
986 1244 1155 1327 pacificam
1212 1249 1277 1311 lum
1295 1257 1343 1311 θεῖ
1354 1252 1365 1309 l
1378 1254 1476 1312 Omne
1491 1250 1618 1307 animal
1632 1250 1717 1326 quod
1733 1250 1782 1306 nel
1795 1249 1956 1315 contritis,

413 1342 446 1404 in
462 1342 635 1424 gratiarum
652 1344 809 1406 actionem
825 1363 883 1426 pro
895 1343 1054 1406 beneficio
1069 1344 1154 1420 dat0‚
1213 1352 1262 1409 oct
1288 1350 1401 1419 tztnst'c,
1419 1350 1468 1407 vel
1492 1348 1582 1406 sectis
1602 1347 1780 1424 oblatisque
1801 1347 1958 1405 teatr'calr's

412 1440 463 1503 vel
480 1439 514 1502 iu
530 1441 777 1522 postulationem
788 1460 847 1523 pro
862 1442 1023 1505 beneficio
1038 1442 1154 1518 dando,
1211 1455 1267 1516 cst,
1284 1465 1349 1505 non
1368 1446 1506 1522 offeretis
1521 1447 1671 1514 Domino,
1681 1461 1781 1524 quum
1802 1441 1843 1503 sit
1864 1459 1960 1504 mon-

413 1543 463 1599 ocl
486 1549 559 1600 vota
580 1543 714 1611 solvens,
739 1545 789 1600 oet
809 1551 918 1618 sponte
939 1545 1084 1618 offi’rcrar,
1109 1559 1157 1600 so-
1213 1552 1372 1606 struosum
1389 1551 1420 1604 et
1439 1541 1513 1604 vile.

413 1638 555 1700 cundum
571 1656 699 1698 sensum
715 1638 780 1719 jam
801 1638 957 1714 habitum,
972 1650 1038 1699 tom
1053 1642 1093 1698 de
1107 1641 1158 1698 bo·
1253 1646 1299 1701 De
1314 1661 1416 1700 manu
1429 1641 1620 1716 oltcnr'pcorr
1631 1658 1695 1698 non
1712 1641 1848 1716 offeretis
1855 1659 1961 1716 pones

413 1738 470 1795 bor
485 1738 637 1814 quamde
652 1739 763 1796 ovibus
778 1737 941 1799 autetiam
957 1737 1157 1818 caprisque
1215 1743 1276 1800 Deo
1292 1749 1404 1798 oestro.
1424 1739 1486 1801 Hoc
1502 1737 1601 1818 aliqui
1618 1736 1663 1799 sic
1679 1745 1852 1817 exponunt,
1870 1738 1958 1817 quod

413 1852 500 1895 nunc
522 1851 617 1895 causa
642 1833 808 1896 brevitatis
834 1853 897 1897 non
923 1835 1155 1917 exprimuntur,
1175 1833 1198 1893 B
1213 1836 1430 1900 sacerdotibus
1443 1835 1623 1898 ludaeorum
1636 1853 1700 1897 non
1717 1833 1807 1897 licuit
1821 1853 1840 1896 a
1855 1834 1961 1914 genti-

414 1931 489 2012 quia
504 1949 541 1992 ex
557 1932 747 2012 precedenti
763 1934 912 1996 mandato
928 1933 1004 1995 satis
1021 1932 1157 2011 intelligi
1214 1934 1296 1996 libus
1312 1933 1545 1997 incircumcisis
1560 1932 1682 2014 aliquid
1703 1932 1856 2013 accipere,
1869 1941 1903 1993 ut
1920 1931 1961 1993 il·

414 2031 551 2102 dantur3
569 2031 819 2091 immacutatum
835 2037 954 2108 offeret,
967 2043 1003 2092 ut
1019 2042 1160 2109 accepto·
1214 2033 1269 2095 lud
1292 2032 1374 2096 idem
1397 2051 1434 2095 ex
1459 2040 1549 2113 parte
1571 2032 1712 2114 ipsorum
1740 2030 1961 2095 immolaretur

415 2131 477 2188 bite
494 2130 548 2188 stt.
564 2126 688 2190 Poterat
712 2136 818 2190 tamen
841 2128 1065 2192 indifferenter
1090 2149 1159 2192 csse
1215 2149 1310 2212 super
1332 2130 1431 2192 altare
1447 2129 1512 2192 Dei.
1533 2133 1573 2191 Et
1588 2131 1752 2209 quidquid
1770 2131 1864 2189 aliud
1878 2132 1962 2190 darc

415 2225 585 2289 masculini
605 2235 661 2288 aut
684 2225 815 2289 feminei
836 2247 939 2290 sexus.
964 2231 1074 2291 Omnia
1094 2251 1160 2289 mc·
1215 2231 1353 2290 volucrit
1364 2227 1555 2308 alienigena,
1564 2246 1627 2290 non
1643 2225 1807 2308 accipietis
1823 2226 1901 2289 illud
1915 2229 1960 2290 ad

415 2330 490 2386 cula
509 2344 574 2386 non
592 2327 665 2398 crit,
683 2324 716 2387 id
736 2334 785 2388 est
805 2325 893 2388 nulla
911 2327 983 2402 erit,
1000 2330 1038 2387 in
1057 2348 1102 2388 co.
1122 2327 1162 2387 Et
1215 2327 1438 2402 ollerendum3
1460 2330 1540 2406 pulo
1565 2337 1717 2404 corrupto
1740 2336 1770 2386 ct
1794 2330 1962 2387 maculata
1998 2337 2004 2344 '

416 2424 533 2487 deinde
557 2423 779 2504 exprimuntur
803 2425 936 2488 macula
960 2425 993 2486 in
1016 2425 1158 2507 speciali.
1215 2435 1292 2487 srmt
1314 2427 1438 2493 omnic,
1454 2443 1525 2506 qua
1546 2423 1732 2503 alienigenae
1751 2424 1796 2485 ita
1815 2423 1962 2487 dederint

417 2524 457 2585 Si
470 2542 589 2583 caecom
605 2523 721 2598 fucrit,
737 2521 802 2584 imo
817 2531 849 2584 et
866 2523 893 2584 si
914 2541 978 2586 uno
999 2524 1162 2586 dumtaxat
1215 2523 1307 2587 vobis
1323 2524 1361 2585 ad
1379 2521 1582 2585 offerendum
1599 2539 1683 2585 :non
1700 2523 1785 2604 quod
1800 2523 1906 2585 omnia
1923 2522 1963 2584 il-

416 2619 555 2684 earuerit
569 2619 672 2696 oculo,
689 2622 719 2679 si
737 2622 893 2697 fractum,
910 2623 971 2685 boc
987 2631 1036 2685 est
1051 2622 1160 2685 laesum
1217 2621 1247 2683 la
1262 2628 1368 2684 essent
1384 2622 1416 2682 in
1433 2640 1466 2683 se
1483 2621 1560 2702 ipsis
1577 2630 1725 2703 corrupta
1739 2631 1771 2684 et
1790 2621 1961 2698 maculata,

417 2726 473 2781 aut
491 2726 633 2800 ruptum,
655 2719 685 2778 si
704 2720 886 2781 cicatricem
906 2723 1033 2791 tabens,
1056 2720 1088 2782 id
1114 2729 1162 2783 est
1217 2721 1272 2782 sed
1293 2721 1368 2801 quia
1387 2721 1450 2782 Deo
1464 2727 1594 2801 accepta
1610 2738 1674 2782 non
1689 2728 1780 2782 erant
1802 2720 1963 2784 sacrificia

417 2816 595 2880 deformem
610 2823 642 2878 et
663 2815 905 2899 perceptibilem
926 2817 1103 2881 loeditatem
1125 2839 1162 2882 ex
1218 2818 1292 2880 inde
1323 2817 1417 2894 lacta,
1446 2837 1505 2880 uec
1529 2836 1567 2880 ex
1594 2836 1638 2894 se,
1668 2837 1725 2880 nec
1755 2837 1792 2880 err
1821 2817 1964 2881 citaren-

418 2915 507 2978 illato
522 2914 665 2990 vulnere,
676 2933 713 2977 eo
729 2919 894 2994 curatori
906 2922 1056 2994 populas,
1066 2919 1098 2980 id
1115 2927 1163 2980 est
1219 2916 1298 2978 tium
1310 2915 1376 2978 tide
1386 2924 1415 2978 et
1428 2916 1607 2992 devotione,
1618 2916 1694 2996 quia
1705 2915 1891 2997 alienigenae
1901 2916 1964 2977 cir-

417 3032 533 3098 parvas
555 3011 637 3074 cutis
660 3013 836 3076 erectiones
862 3034 934 3077 eum
957 3015 1083 3092 rubore,
1107 3035 1162 3080 seu
1179 3013 1200 3077 C
1218 3015 1445 3076 eumcisionem
1460 3016 1546 3095 (quaa
1561 3021 1629 3076 erat
1643 3014 1770 3094 signum
1787 3009 1879 3093 lidei)
1896 3031 1964 3076 non

416 3111 561 3196 pustulas
576 3109 775 3187 habens‚aut
788 3113 925 3173 scabiem
940 3117 990 3173 oct
1004 3116 1164 3191 impetipt-
1220 3113 1388 3188 babentes,
1422 3111 1651 3193 reputabantur
1682 3112 1864 3185 immundi;
1896 3132 1963 3172 aon

417 3232 504 3279 nem,
517 3209 577 3271 boe
593 3215 641 3270 est
657 3207 796 3271 scabiem
813 3209 941 3286 siccam,
954 3219 1008 3272 aut
1024 3212 1163 3275 scabiem
1217 3213 1399 3288 sacctptetts
1427 3232 1478 3280 θα,
1500 3229 1518 3273 o
1548 3211 1737 3285 sacerdotes
1763 3211 1803 3272 ad
1824 3208 1966 3272 olleren-

418 3307 550 3371 alterius
567 3305 694 3385 generis
714 3306 856 3380 habcns3
881 3329 944 3368 non
966 3314 1103 3386 offeretis
1126 3333 1163 3372 ca
1219 3309 1306 3370 dum.
1323 3308 1470 3371 Poterant
1492 3307 1651 3370 tamenab
1674 3307 1863 3388 alienigenis
1878 3309 1963 3368 sumi

418 3408 570 3475 manino,
584 3403 636 3466 eui
652 3404 795 3485 perlecta
809 3413 841 3466 et
856 3404 980 3485 integra
994 3407 1068 3469 sunt
1084 3409 1165 3472 olle·
1219 3406 1373 3488 pecuniae,
1386 3407 1533 3487 donaque
1548 3405 1623 3482 alia,
1635 3425 1673 3468 ex
1688 3404 1806 3486 quibus
1821 3425 1965 3468 emeren-

419 3505 529 3568 renda.
1221 3513 1270 3566 tur
1287 3503 1446 3566 sacrificia
1466 3503 1671 3567 immolanda.
1689 3503 1802 3584 Sicque
1823 3505 1965 3568 secundo

460 3605 578 3664 Bone-m
592 3612 623 3663 et
637 3623 738 3672 ovem,
754 3622 834 3662 aare
847 3613 877 3663 et
896 3608 1002 3666 cauda
1018 3616 1165 3682 campreto·
1219 3602 1466 3664 lllaehabaeorum
1483 3587 1566 3665 libro
1577 3602 1730 3684 scriptum
1745 3610 1804 3679 θεῖ,
1816 3603 1900 3682 quod
1912 3603 1966 3664 Sc-
2006 3625 2026 3668 n
2041 3626 2123 3669 araca

308 3721 318 3740 ·
422 3703 475 3771 tis,
500 3701 683 3760 voluntarie
706 3704 820 3777 offerre
849 3702 921 3782 quis
943 3705 1075 3779 potcet'.
1100 3706 1164 3771 Hoc
1220 3703 1328 3764 leucus
1355 3719 1408 3762 rex
1423 3700 1514 3776 Asiae,
1532 3719 1570 3762 er
1592 3699 1775 3782 sumptibus
1798 3701 1865 3762 suis
1887 3720 1965 3783 prae·
1980 3692 2048 3736 ¹¹¹·³·

419 3796 608 3861 contrariari
618 3797 743 3860 videtur
753 3799 851 3861 verbo
867 3801 953 3880 quod
964 3801 1083 3864 dictum
1096 3815 1161 3868 est:

418 3897 518 3958 Homo
537 3896 594 3975 qui
617 3895 768 3958 obtuterit
790 3897 926 3960 hostiam
953 3899 1162 3979 pacificorum

418 3993 562 4068 Domino,
580 3992 630 4054 vel
646 4001 719 4054 vota
734 3993 872 4070 solvens,
889 3997 939 4058 vel
956 4007 1069 4078 sponte
1084 4001 1164 4064 ollo-

418 4110 502 4167 rens‚
529 4089 769 4151 immaculatum
794 4089 922 4154 olleret.
944 4093 989 4155 Ad
1013 4095 1072 4160 boe
1092 4099 1163 4179 qui-

1220 3801 1324 3862 stabat
1348 3818 1384 3861 ea
1403 3817 1474 3879 qua
1499 3798 1537 3859 ad
1563 3797 1723 3860 sacrificia
1748 3799 1963 3880 pertinebant.

1219 3900 1305 3960 llanc
1325 3895 1555 3977 expositionem
1578 3896 1722 3977 sequitur
1742 3896 1832 3978 Lyra.
1846 3897 1964 3960 l'erum

1218 3998 1267 4076 (ut
1282 3994 1394 4075 refert)
1416 3993 1516 4056 Rabbi
1533 3993 1681 4057 Salomon
1704 3994 1797 4057 aliter
1821 3995 1964 4077 exponit,

1219 4094 1354 4156 dicendo
1378 4093 1465 4174 quod
1491 4092 1551 4154 ista
1577 4092 1627 4155 lex
1650 4093 1742 4154 datur
1766 4094 1805 4156 ad
1830 4093 1965 4156 dubium

418 4191 490 4252 dam
508 4188 712 4270 respondent,
726 4189 810 4268 quod
827 4188 911 4251 istud
928 4192 969 4253 sit
985 4193 1202 4276 intelligenb
1219 4192 1458 4254 removendum·
1483 4189 1545 4252 Lex
1571 4189 1688 4252 etenim
1714 4192 1788 4253 dala
1814 4191 1875 4253 luit
1900 4211 1964 4256 non

418 4287 495 4349 dum
511 4287 551 4348 de
572 4283 734 4347 oblatione
756 4286 912 4349 sacerdoti
936 4289 1029 4368 lacta,
1048 4311 1112 4355 non
1129 4303 1164 4355 ut

418 4384 537 4449 alterat
560 4386 634 4460 lleo,
661 4384 716 4446 sed
740 4392 776 4446 ut
801 4386 930 4448 vendita
954 4407 1001 4465 ea,
1024 4391 1162 4471 pretium

419 4483 489 4564 ejus
511 4490 675 4546 convertat
697 4482 730 4544 in
750 4483 862 4547 utilem
887 4484 1027 4567 aliquem
1052 4488 1162 4570 templi

418 4599 523 4655 usum,
541 4587 617 4661 puta
632 4580 666 4641 in
687 4581 919 4662 reparationem
940 4604 1088 4648 vasorum
1110 4598 1164 4650 aut

417 4678 624 4742 cortinarum.
643 4681 755 4742 Votum
769 4692 877 4742 oetan
891 4704 932 4741 ac
945 4685 992 4743 cr's
1005 4687 1163 4747 colciaco

415 4787 514 4856 potest
524 4800 536 4837 .·
551 4776 611 4839 boc
626 4785 685 4852 θεῖ,
699 4778 841 4841 votivum
855 4789 910 4841 aut
925 4780 1058 4845 solenne
1070 4785 1164 4847 sacri·

417 4875 529 4938 licium
544 4894 582 4938 ex
593 4875 639 4937 eis
656 4873 728 4937 lieri
745 4876 940 4956 prohibetur.
953 4879 1042 4942 Unde
1057 4881 1164 4944 dicen-

416 4975 503 5050 dum,
516 4974 601 5053 quod
616 4971 790 5035 sacrificari
807 4975 881 5036 talia
896 4985 1044 5057 poterant
1054 4979 1117 5042 Deo
1129 4980 1162 5042 in

416 5090 490 5135 casu
501 5071 699 5134 necessitatis
711 5071 911 5152 articuloque
922 5073 1052 5156 inopia,
1061 5095 1162 5157 quan-

417 5170 458 5233 do
471 5169 544 5251 quis
559 5167 718 5247 obligatus
730 5187 794 5232 non
809 5179 877 5232 erat
892 5172 932 5233 ad
949 5172 1158 5250 sacrificium,

418 5287 476 5330 nec
490 5266 576 5331 aliud
592 5265 710 5327 animal
722 5265 843 5343 habuit,
856 5268 1013 5334 babareve
1023 5280 1156 5352 poterat.

1217 4288 1402 4370 gentilibus,
1416 4288 1471 4350 sed
1486 4287 1601 4350 ludaeis
1615 4305 1622 4350 :
1636 4287 1754 4351 idcirco
1771 4299 1965 4372 preceptum

1219 4386 1405 4448 immolandi
1430 4385 1644 4462 immaculata,
1668 4386 1770 4449 solum
1792 4388 1966 4468 adstringe

1219 4484 1273 4545 bat
1295 4483 1418 4547 ludaeos
1444 4499 1451 4544 :
1480 4483 1551 4546 ideo
1581 4484 1762 4547 sacerdotes
1786 4485 1963 4548 ludaeorum

1218 4582 1346 4643 credero
1362 4589 1509 4662 poterant
1524 4581 1676 4644 animalia
1687 4582 1844 4644 maculata
1859 4582 1964 4644 oblata

1217 4698 1236 4740 a
1251 4677 1411 4758 gentibus,
1429 4697 1467 4740 ex
1483 4679 1652 4742 devotione
1668 4697 1761 4760 posse
1781 4678 1892 4742 ollerri
1908 4699 1964 4761 per

1218 4795 1331 4838 manus
1343 4795 1416 4838 suas
1432 4777 1465 4838 in
1476 4777 1568 4838 altari
1580 4776 1849 4852 holocaustorum,
1862 4787 1893 4841 θῖ
1904 4779 1963 4841 boc

1218 4883 1362 4937 removet
1376 4874 1529 4937 Dominus
1545 4893 1601 4955 per
1618 4874 1755 4937 litteram
1773 4875 1878 4951 istam,
1894 4896 1962 4958 quaa

1218 4973 1291 5035 talis
1306 4982 1353 5036 est
1374 4973 1406 5033 in
1424 4973 1555 5036 llebraao
1573 4991 1579 5034 :
1598 4973 1641 5034 lle
1657 4993 1753 5036 manu
1776 4975 1961 5055 alienigena

1218 5090 1282 5134 non
1298 5069 1441 5132 olleretis
1459 5088 1556 5150 panes
1572 5070 1634 5133 lleo
1651 5080 1755 5134 vestro
1774 5090 1780 5132 :
1799 5073 1875 5153 quia
1895 5091 1960 5134 cor-

1217 5169 1382 5251 ruptiones
1397 5186 1508 5230 eorum
1525 5167 1558 5229 in
1574 5169 1621 5231 eis
1638 5179 1724 5248 sunt,
1742 5179 1774 5234 θῖ
1788 5169 1911 5232 macula
1926 5169 1957 5230 in

1217 5267 1264 5331 eis
1279 5275 1337 5342 est,
1355 5283 1419 5330 non
1436 5265 1607 5348 proficient
1623 5267 1680 5329 eis.
