4309 6259
586 507 760 553 umumrm
781 507 812 552 nr
834 507 901 552 aar.
925 507 956 552 rr
976 507 1114 552 cerrum.
1138 527 1178 536 -
1199 509 1269 554 nur.
1294 509 1346 554 xm
1520 569 1523 576 ¹
1681 492 1739 554 175

178 680 334 748 coutitur,
361 676 467 741 idest
499 687 655 742 mactatur
680 689 712 742 et
738 679 932 757 immolatur,
950 678 1127 743 Amactata
1157 680 1376 744 exuor-labatur
1406 688 1480 744 ante
1511 681 1737 745 concrematio·

173 777 935 856 propecceto,ccp'usbostiaesonpuirinsertur
991 798 1077 856 nem,
1106 780 1239 861 ejusque
1269 779 1391 842 corium
1418 779 1539 843 exstitit
1565 779 1736 844 sacerdotis

179 891 243 955 pro
259 881 351 955 parte
371 879 407 935 in
428 879 674 937 tubernaculum
697 879 871 938 testimonii
891 880 936 936 od
991 877 1170 956 offerentis,
1188 888 1222 941 ut
1246 879 1296 942 vel
1313 880 1510 942 tantumdem
1532 878 1738 962 participaret

178 974 437 1051 eupr'andurnin
452 978 650 1048 sanctourm,
665 979 935 1045 noncomedetur,
991 978 1030 1040 de
1046 977 1206 1041 sacrificio
1226 979 1291 1054 Dei,
1310 979 1366 1060 qui
1390 977 1452 1041 tuit
1473 979 1543 1061 ejus
1564 979 1734 1042 hereditas

178 1074 239 1132 aed
252 1074 459 1135 comburetur
473 1077 556 1152 iqui.
570 1074 657 1137 lstud
673 1075 706 1137 in
723 1083 836 1156 quarto
852 1074 936 1156 capi·
991 1078 1034 1138 Et
1048 1096 1142 1136 ornae
1159 1078 1358 1156 sucrificium
1379 1079 1508 1148 similo,
1528 1081 1613 1158 quod
1632 1079 1738 1157 coqui·
1837 1080 1842 1087 '

181 1170 253 1233 tulo
276 1171 431 1254 scriptum
457 1181 506 1236 est
527 1173 654 1256 plenius
681 1193 689 1238 t
716 1174 853 1256 talisque
873 1173 936 1236 luit
992 1184 1046 1234 tur
1070 1175 1310 1246 incubonem
1333 1177 1495 1256 quidquid
1520 1178 1556 1236 in
1578 1177 1736 1236 craticula

179 1268 302 1346 hostia,
320 1289 393 1352 quae
415 1291 474 1355 pro
499 1283 629 1355 peccato
656 1275 854 1337 sacerdotum
880 1282 936 1336 aut
991 1275 1040 1331 vel
1058 1275 1225 1350 sartagine
1234 1284 1455 1352 preparatur,
1472 1276 1541 1352 ejus
1562 1277 1624 1335 erit
1638 1295 1737 1335 sacer·

180 1369 428 1433 communitatis
462 1371 672 1450 oflerebatur,
699 1373 784 1454 quod
815 1373 935 1436 ibidem
990 1373 1074 1432 dotis
1091 1393 1111 1432 o
1131 1393 1192 1452 quo
1215 1378 1359 1450 offertur,
1378 1373 1409 1435 id
1435 1382 1493 1451 est,
1510 1373 1737 1454 qualitercum-

179 1466 309 1532 diiluse
325 1477 494 1534 tractatum
511 1480 569 1535 est.
991 1488 1053 1550 que
1078 1478 1284 1552 praeparetur,
1308 1480 1472 1553 coquatur,
1493 1470 1560 1534 sive
1585 1472 1738 1554 pistretur

224 1570 305 1630 Haec
326 1590 450 1650 quoque
471 1581 515 1632 est
533 1575 584 1631 leo
598 1574 711 1632 bestico
723 1592 783 1649 pro
807 1575 935 1642 delicto,
991 1569 1186 1632 sacrificium
1213 1589 1250 1633 ex
1273 1570 1389 1648 simila,
1413 1591 1451 1633 ex
1469 1590 1531 1652 qua
1554 1589 1652 1653 panes
1679 1569 1735 1634 lie-

180 1665 217 1728 id
232 1668 410 1731 estoblatae
424 1678 625 1752 propeccate
642 1669 847 1745 omissionis;
864 1693 936 1731 son·
992 1670 1080 1745 bant,
1104 1668 1264 1731 interdum
1295 1669 1328 1732 in
1350 1670 1489 1748 elibano,
1514 1670 1674 1733 interdum
1701 1669 1734 1731 in

178 1774 235 1824 cto
255 1776 443 1827 cerceiorum
462 1777 520 1838 est,
538 1767 570 1830 id
586 1775 634 1830 est
650 1768 743 1831 valde
760 1776 879 1844 saneta,
901 1769 934 1829 in
992 1769 1108 1850 patella
1124 1787 1159 1830 ae
1175 1768 1247 1830 aliis
1267 1769 1381 1846 modis,
1400 1778 1494 1850 prout
1511 1769 1545 1831 in
1566 1769 1737 1851 expositio

178 1872 343 1944 quantum
367 1865 407 1926 ad
432 1866 487 1928 Dei
520 1866 732 1929 reverentiam
759 1867 932 1930 immolata.
949 1870 972 1932 B
992 1887 1032 1930 ne
1048 1867 1179 1930 secundi
1196 1867 1323 1950 patabat
1343 1867 1486 1951 capituli,
1505 1867 1679 1951 pertinebit
1696 1868 1735 1930 ad

178 1964 312 2023 Idcirco
329 1965 385 2024 ubi
401 1966 592 2026 immolatur
607 1967 840 2038 holocaustum,
855 1988 936 2027 moc-
991 1987 1085 2028 usum
1100 1973 1132 2029 et
1146 1985 1235 2029 esum
1262 1966 1434 2030 sacerdotis
1455 1965 1635 2043 offerentis,
1650 1967 1736 2030 dem-

180 2063 310 2122 rabitur
325 2072 355 2123 et
371 2065 506 2125 victima
520 2084 583 2142 pro
603 2066 729 2138 delicto,
747 2064 779 2127 id
800 2073 859 2141 est,
882 2065 937 2128 ho·
991 2076 1045 2148 pto
1067 2066 1152 2147 quod
1176 2085 1248 2147 pars
1274 2065 1387 2128 similca
1412 2065 1597 2129 adolebatur
1618 2066 1658 2128 ad
1680 2064 1735 2128 Ilei

179 2161 244 2222 stia
256 2161 318 2223 ista
334 2179 393 2244 pro
410 2162 528 2226 delicto
543 2163 716 2240 occidetur,
733 2172 764 2226 et
779 2162 936 2227 offeretur
992 2164 1202 2228 reverentiam
1219 2165 1251 2226 in
1268 2164 1370 2227 altari.
1389 2167 1465 2226 Sive
1485 2169 1549 2226 oleo
1569 2161 1749 2243 consperso*

180 2259 217 2320 in
232 2260 317 2323 atrio
332 2261 414 2323 etin
429 2261 500 2343 ejus
515 2261 619 2338 altari,
637 2261 720 2323 sicut
739 2271 772 2325 et
791 2262 936 2325 holocau-
990 2265 1094 2341 fuerit
1114 2263 1219 2326 simila
1240 2264 1272 2325 in
1295 2283 1351 2326 sua
1367 2263 1554 2346 pistratione
1573 2271 1628 2326 aut
1651 2263 1737 2326 ebla-

179 2367 282 2435 stum,
299 2359 390 2441 juxta
407 2360 538 2423 medum
554 2361 595 2423 de
610 2360 715 2424 bestia
731 2380 789 2443 pre
806 2369 935 2443 peceato
992 2362 1165 2440 tione,aioc
1176 2367 1272 2424 crido
1284 2365 1439 2424 ruonscrit
1450 2383 1460 2422 :
1472 2363 1589 2426 etenim
1606 2362 1734 2444 quande

178 2457 423 2521 commissionis
439 2459 618 2522 inductum.
636 2463 780 2537 Sanguis
794 2461 864 2537 rjus
875 2481 936 2536 per
991 2481 1028 2524 ex
1043 2460 1149 2524 simila
1165 2461 1264 2525 tiabat
1286 2462 1405 2525 oblatio
1427 2481 1485 2544 pre
1510 2469 1650 2544 peccato,
1669 2479 1734 2524 non
1754 2484 1880 2538 tuom.

174 2576 305 2634 pyrum
323 2559 442 2619 altoris
460 2561 632 2638 fundetur.
651 2557 721 2621 Alia
738 2579 808 2641 quae
826 2560 866 2622 de
882 2560 935 2622 bo·
990 2561 1259 2641 conspergebatur
1274 2560 1356 2636 oleo,
1374 2569 1408 2622 ut
1424 2561 1577 2642 scripturn
1593 2567 1642 2624 est
1656 2579 1736 2644 prae·

52 2669 163 2721 tumr,
179 2655 244 2717 stia
260 2656 323 2718 ista
338 2656 489 2719 dicuntur
506 2657 538 2719 in
556 2657 672 2734 littera,
683 2677 721 2720 ex
736 2659 935 2740 expositione
991 2659 1117 2722 cedenti
1129 2659 1420 2742 capitulo;cunctis
1430 2662 1631 2738 fitiiaAororr
1642 2681 1735 2740 coquo

37 2739 111 2787 Μ’
179 2753 316 2817 litterali
342 2756 446 2837 quarti
468 2755 601 2837 capituli
621 2763 741 2839 patent.
764 2760 936 2837 Utriusque
990 2779 1142 2819 mensura
1160 2778 1218 2836 per
1236 2761 1380 2836 singulos
1399 2761 1576 2820 dividetur.
1597 2759 1661 2822 lloo
1682 2777 1736 2821 ox-

178 2855 296 2915 irostioe
319 2858 372 2914 leo
391 2876 460 2916 uno
482 2857 555 2916 erit.
572 2854 640 2917 Jam
662 2856 733 2918 duae
753 2855 839 2935 leges
861 2863 935 2917 sunt
990 2857 1067 2939 poni
1084 2865 1188 2938 potest
1205 2856 1397 2939 tripliciter:
1419 2857 1536 2934 Primo,
1559 2859 1645 2939 qued
1667 2857 1736 2921 uni·

178 2953 266 3016 datar
285 2953 327 3015 de
345 2952 451 3015 bestia
468 2973 525 3035 pro
540 2961 670 3035 peccato
685 2954 932 3030 commissionis,
990 2955 1105 3038 cuique
1128 2956 1283 3019 sacerdoti
1306 2957 1487 3038 deputanda
1506 2965 1573 3019 erat
1596 2964 1684 3020 certa
1705 2964 1737 3018 et

179 3059 214 3113 et
227 3051 336 3114 bestia
352 3052 476 3133 peceati
491 3052 674 3115 omissionis
692 3070 699 3114 :
717 3053 876 3134 quomode
891 3062 971 3125 erc
990 3074 1130 3136 congrua
1151 3056 1229 3132 dies,
1248 3056 1281 3117 in
1298 3075 1361 3137 qua
1381 3056 1449 3138 ipse
1465 3054 1653 3118 sacerdotali
1670 3063 1735 3118 ute

178 3165 223 3228 go
244 3149 416 3232 utriusque
436 3151 550 3214 bustim
568 3151 630 3214 erit
652 3151 701 3214 lex
723 3155 807 3214 unat
826 3151 935 3214 llicen-
990 3155 1084 3217 batur
1099 3154 1221 3232 elliam,
1240 3164 1271 3218 et
1296 3173 1333 3218 ea
1354 3174 1426 3236 quaa
1448 3153 1575 3231 obtulit,
1593 3153 1626 3216 in
1642 3173 1735 3217 usum

179 3248 272 3326 dum,
299 3249 387 3330 quod
412 3249 580 3331 utriusque
604 3259 706 3313 exstat
731 3251 781 3313 lex
805 3271 881 3328 una,
901 3251 933 3312 id
990 3272 1083 3314 suum
1102 3252 1233 3335 redegit.
1253 3254 1408 3331 Secundo,
1428 3253 1512 3334 quod
1530 3251 1636 3316 oblata
1656 3252 1735 3316 divi-

179 3355 231 3410 est
246 3347 439 3426 consimilis,
457 3349 533 3430 quia
558 3350 643 3412 circa
661 3358 829 3430 utramque
852 3350 933 3412 banc
990 3351 1146 3414 debantur
1172 3353 1389 3416 sacerdotibus
1420 3351 1735 3435 proportionabiliter

179 3447 322 3510 bostiam
340 3446 403 3511 luit
418 3449 621 3511 observantia
636 3449 818 3526 unilormis,
832 3457 867 3510 ut
884 3469 934 3532 pa·
988 3451 1077 3532 juxta
1089 3471 1197 3516 eorum
1215 3451 1424 3533 indigentiam
1437 3451 1487 3516 rel
1504 3451 1656 3514 laborem.
1666 3451 1736 3514 Ter·

180 3553 228 3609 tet
242 3565 285 3609 ex
298 3546 405 3609 littera
417 3546 478 3608 ista
493 3555 525 3609 et
541 3547 758 3628 praeinductis.
771 3551 826 3609 Ad
835 3570 933 3609 corrm—
991 3550 1045 3627 tio,
1059 3549 1144 3632 quod
1161 3551 1271 3614 lmstiae
1288 3553 1327 3613 ad
1344 3551 1574 3614 immolandum
1590 3550 1735 3613 adductae

178 3649 289 3706 dotem
303 3648 363 3726 qui
377 3667 449 3707 eom
463 3649 628 3716 obtulerit,
640 3649 826 3724 pertinebit,
837 3647 869 3709 id
885 3655 934 3710 est
989 3668 1007 3711 a
1032 3651 1139 3729 vulgo,
1159 3649 1433 3713 distribuebantur
1456 3648 1672 3711 sacerdotibus
1694 3649 1734 3712 ad

177 3744 369 3807 comedetur
383 3744 424 3807 ab
440 3744 586 3825 eo,juxta
602 3745 799 3808 intellectum
816 3746 933 3827 praeba-
988 3749 1245 3829 prosequendum
1263 3748 1365 3830 ipsam
1383 3747 1608 3811 sacerdotalem
1625 3747 1735 3810 oblati·

177 3842 298 3906 bitum.
322 3845 478 3905 Sacerdos
497 3846 556 3924 qui
575 3849 666 3922 offert
685 3848 863 3907 holocausti
887 3848 933 3906 oi·
988 3864 1082 3909 onem
1094 3865 1101 3909 :
1115 3846 1394 3924 distribuebantur,
1410 3847 1552 3927 iuquam,
1571 3864 1643 3907 cum
1659 3863 1735 3926 qua·

177 3945 328 4014 ctimom,
347 3943 380 4004 id
399 3951 448 4005 est
469 3943 606 4005 bostiam
622 3963 692 4024 quae
711 3943 931 4006 holocaustum
987 3946 1059 4007 dam
1071 3947 1251 4028 aequalitate
1268 3947 1337 4010 sine
1354 3965 1560 4029 personarum
1577 3944 1735 4027 acceptio

178 4049 326 4118 vocatur,
343 4043 469 4102 babebit
486 4046 605 4119 pellem
626 4044 707 4119 ejus.
725 4042 802 4104 Nam
826 4043 931 4106 hostia
987 4064 1038 4121 ne,
1056 4045 1139 4107 sicut
1159 4053 1301 4109 servatur
1323 4045 1463 4108 medium
1483 4044 1674 4125 aequalitatis
1697 4043 1732 4108 in

179 4139 238 4202 illa
258 4139 400 4203 totaliter
419 4140 675 4219 comburebatur,
694 4151 824 4224 excepto
845 4143 930 4224 quod
986 4144 1191 4210 distributiva
1206 4145 1340 4227 justitia.

732 4522 1056 4611 nltrlootos
1095 4525 1195 4611 xm

542 4782 729 4827 srtfllrtmtls
756 4783 887 4828 mosomi
914 4783 1051 4828 unrtrtttt
1078 4783 1166 4828 SEll'l'l
1192 4783 1380 4830 stoctonrm.

257 5035 333 5096 AEC
343 5043 389 5095 eet
406 5035 458 5095 leo
473 5036 661 5095 holocausti.
676 5037 880 5094 Cremobitur
894 5037 930 5094 irc
947 5036 1143 5114 Decumum,
1169 5055 1206 5100 ex
1231 5036 1461 5100 ardentissime
1486 5036 1626 5100 caritatis
1657 5036 1731 5120 igne

267 5135 373 5194 altori
389 5143 454 5194 toto
476 5143 567 5193 nocte
582 5154 682 5212 usque
704 5154 809 5194 mone.
828 5133 932 5196 llemi·
987 5153 1149 5217 exponens
1172 5155 1205 5198 se
1226 5137 1281 5198 tali
1303 5136 1456 5200 oblationi
1480 5157 1515 5199 ae
1537 5137 1643 5200 morti.
1667 5138 1731 5201 llec

179 5250 242 5292 nus
263 5241 297 5294 et
316 5232 464 5296 Salvator
483 5231 672 5312 Unigenitus
688 5232 798 5310 Patris,
816 5231 933 5295 obtulit
988 5234 1086 5314 igitur
1100 5232 1321 5296 holocaustum
1335 5235 1454 5316 jugiter
1464 5235 1558 5299 debet
1573 5236 1683 5299 ardere
1696 5236 1730 5297 iu

179 5349 216 5392 se
240 5331 275 5394 iu
298 5350 395 5396 cruce
414 5350 473 5414 pro
496 5331 589 5394 nobis
605 5331 668 5394 Dee
682 5330 766 5394 Patri
791 5332 824 5393 in
847 5331 935 5395 bolo-
988 5331 1092 5409 altari,
1116 5332 1176 5394 lmc
1198 5341 1245 5394 est
1271 5333 1304 5394 in
1330 5334 1526 5398 sublimitate
1550 5334 1654 5398 cerdis
1675 5353 1732 5398 no-
