4309 6259
529 483 702 531 anannsrto
723 483 753 528 ΙΝ
775 483 842 529 CAP-
866 482 907 527 XV
926 482 1162 529 naoranorvotnl.
1184 502 1224 512 -
1244 482 1316 529 ΛΒΤ.
1338 483 1391 528 xvl
1669 464 1730 527 575

178 652 245 715 tior
261 662 318 730 est,
335 662 367 715 et
382 654 528 737 pluribus
544 653 930 735 necessariaflujusmodi
944 653 970 715 Α
986 655 1060 716 dere
1078 654 1254 733 tenebatur,
1267 674 1364 738 quum
1388 653 1547 717 restitutio
1571 653 1729 736 pertineat

176 758 288 813 autem
305 752 526 829 subventionis
543 753 729 817 facilitatem
746 752 931 834 multiplici·
985 753 1023 815 ad
1038 772 1145 816 veram
1161 754 1329 836 justitiam.
1348 754 1418 817 llaec
1433 752 1533 816 Rabbi
1548 752 1673 816 Paulus.
1692 752 1730 813 Et

177 855 227 909 ter
244 849 562 933 instituit‚quatenus
575 851 687 915 faciles
703 871 736 915 se
751 850 930 933 praeherent
984 852 1131 932 quamvis
1151 852 1212 916 hoc
1228 852 1349 915 dictum
1365 852 1512 915 videatur
1528 852 1604 915 satis
1619 868 1730 914 conso·

175 946 216 1007 ad
240 956 390 1011 mutuum
405 951 656 1028 concedendum,
675 969 715 1013 ne
737 950 777 1011 ab
800 950 860 1011 hoc
881 966 929 1010 re-
986 969 1063 1012 num
1074 951 1268 1027 rationi,non
1280 960 1387 1014 tamen
1398 952 1497 1015 textui
1509 972 1612 1036 neque
1622 952 1730 1013 docto

178 1047 382 1111 traherentur
406 1068 492 1113 anno
522 1050 722 1113 remissionis
753 1047 927 1131 appropin-
985 1048 1072 1111 ribus
1098 1050 1253 1131 allegatis.
1270 1050 1332 1113 Nec
1357 1051 1494 1133 objectio
1518 1052 1605 1115 Pauli
1630 1063 1727 1134 tenet,

175 1153 309 1223 quante.
325 1146 445 1210 Deinde
461 1148 611 1224 instituit,
629 1149 715 1229 quod
732 1166 816 1210 anno
833 1144 930 1227 septi·
984 1148 1135 1229 quoniam
1154 1149 1306 1212 Dominus
1326 1150 1484 1231 promittit
1506 1154 1676 1231 mutuanti,
1698 1163 1730 1217 et

174 1262 231 1305 mo
242 1244 350 1307 debita
365 1245 495 1327 penitus
511 1244 930 1310 remitterentur.Probabile
984 1245 1120 1328 septimo
1144 1265 1229 1311 anno
1254 1248 1405 1311 debitum.
1422 1249 1608 1328 remittenti,
1633 1252 1729 1316 benc-

175 1342 299 1405 ctenim
315 1345 489 1427 erat‚quod
505 1345 539 1406 hi
555 1343 930 1426 quicommodereddere
985 1344 1158 1409 dictionem
1183 1366 1220 1409 ac
1245 1349 1422 1429 praemium.
1447 1349 1618 1427 Postremo,
1643 1354 1728 1433 quod

177 1452 323 1523 possent,
341 1454 415 1506 ante
430 1463 550 1506 annum
568 1444 740 1526 septimum
757 1443 927 1519 solverent,
985 1443 1073 1507 locus
1099 1445 1160 1508 iste
1184 1446 1411 1527 intelligendus
1436 1456 1484 1511 est
1508 1459 1663 1530 quantum
1689 1452 1729 1513 ad

179 1558 240 1603 nec
255 1541 354 1621 gratis
366 1551 565 1605 mutuantem
578 1541 811 1606 fraudarent.Si
823 1549 929 1603 autem
985 1562 1151 1625 pauperes,
1179 1554 1273 1626 prout
1297 1546 1376 1628 Lyra
1401 1547 1552 1625 insinuat,
1580 1550 1657 1612 satis
1680 1552 1730 1631 (ut

177 1640 316 1703 omnino
334 1640 526 1722 impotentes
542 1650 648 1704 essent
663 1642 703 1703 ad
720 1640 927 1715 reddendum,
985 1644 1130 1723 apparet)
1145 1643 1177 1704 in
1202 1652 1287 1706 tcxtu
1303 1644 1459 1723 innuitur,
1476 1646 1552 1727 quia
1571 1648 1617 1710 sic
1632 1649 1730 1711 conti-

179 1738 294 1800 eadem
311 1739 433 1802 ratione
453 1750 520 1803 crat
539 1740 587 1805 eis
606 1740 749 1803 debitum
771 1738 931 1801 remitten-
986 1748 1039 1801 net
1057 1759 1063 1803 :
1083 1739 1114 1802 Si
1132 1761 1215 1803 unus
1229 1743 1269 1804 de
1286 1741 1437 1805 fratribus
1455 1744 1517 1806 tuis
1536 1746 1575 1809 ad
1594 1765 1730 1828 pauper-

176 1835 258 1897 dum
279 1855 317 1899 ea
339 1836 521 1915 dilectione,
534 1858 598 1919 qua
620 1838 716 1901 etiam
740 1846 806 1900 erat
829 1836 874 1899 eis
889 1835 930 1897 de
948 1837 970 1897 Β
986 1845 1079 1901 tatem
1096 1840 1230 1917 venerit,
1247 1841 1337 1903 dabis
1353 1842 1382 1905 ei
1398 1851 1558 1919 mutuum,
1575 1862 1727 1924 quocum

177 1952 265 1997 novo
284 1936 437 2013 dandum,
459 1945 589 2020 propter
614 1935 757 2018 ipsorum
783 1936 929 2016 indigen·
985 1935 1127 2016 indigere
1142 1939 1484 2020 perspexerisllcinde
1499 1941 1725 2023 subjungitur:

177 2032 268 2095 tiam.
280 2034 353 2097 llaec
369 2036 515 2098 Thomas.
984 2034 1064 2098 Cave
1081 2054 1120 2098 ne
1142 2035 1224 2100 forte
1246 2037 1397 2120 subrepat
1411 2038 1470 2101 tibi
1492 2039 1590 2121 impia
1606 2040 1728 2121 cogita·

219 2131 447 2197 Verumtamen
467 2134 610 2215 quidam,
626 2153 707 2215 quos
727 2133 872 2213 Magister
893 2132 926 2193 in
984 2134 1039 2210 tio,
1061 2143 1094 2197 ct
1114 2134 1210 2213 dicas,
1231 2135 1473 2218 appropinquat
1495 2157 1598 2201 annus
1619 2139 1730 2203 remis-

175 2230 323 2295 historiis
339 2232 495 2313 sequitur,
514 2233 635 2309 dicunt,
653 2234 737 2315 quod
759 2249 843 2294 anno
859 2250 929 2313 sep·
984 2232 1095 2310 sionis,
1112 2241 1144 2296 et
1165 2241 1288 2297 avertas
1302 2236 1412 2299 oculos
1434 2256 1453 2298 a
1473 2256 1614 2319 paupere
1632 2237 1729 2303 fratre

177 2329 259 2391 timo
282 2348 345 2393 non
369 2329 467 2393 fiebat
488 2331 670 2394 debitorum
694 2329 851 2406 remissio,
870 2328 925 2391 sed
984 2339 1048 2409 tuo,
1063 2332 1175 2395 nolens
1190 2332 1220 2395 ei
1235 2341 1381 2396 mutuum
1395 2336 1729 2411 commodareQuam-

175 2428 379 2509 repetitionis
395 2429 517 2507 dilatio,
539 2438 570 2493 et
591 2430 624 2491 in
645 2428 775 2510 jubileo
792 2428 926 2510 ipsane
984 2431 1032 2492 vis
1043 2439 1148 2493 autern
1160 2431 1200 2494 ab
1211 2432 1386 2514 impotente
1396 2434 1436 2495 ad
1447 2435 1646 2512 solvendum,
1665 2454 1729 2499 non

176 2526 302 2590 missio·
320 2528 376 2590 Cui
398 2528 484 2591 dicto
500 2547 675 2592 consonare
692 2528 818 2591 videtur
838 2527 925 2608 quod
983 2538 1050 2592 erat
1074 2530 1257 2611 importune
1282 2533 1501 2613 repetendum,
1530 2553 1594 2597 non
1620 2542 1727 2597 tamen

178 2625 293 2688 scribit
318 2626 371 2689 hic
396 2626 496 2689 Rabbi
520 2627 648 2703 Paulus,
675 2626 814 2690 dicens:
842 2623 929 2688 Licet
983 2628 1124 2710 oportuit
1139 2628 1168 2690 ei
1184 2629 1303 2692 remitti
1319 2630 1451 2694 omnino
1466 2640 1540 2695 ante
1555 2633 1727 2715 septimum

175 2726 301 2789 Hebraei
319 2727 532 2789 communitor
550 2726 761 2808 dicant,quod
776 2744 861 2789 anno
879 2745 930 2789 se·
983 2746 1114 2804 annum,
1132 2728 1188 2790 sed
1203 2735 1326 2809 poterat
1347 2728 1476 2792 interim
1492 2733 1666 2813 exspectari
1688 2752 1728 2795 an

176 2824 280 2905 ptimo
305 2824 413 2887 dehita
441 2824 579 2888 totaliter
600 2824 855 2901 remittebantur,
882 2824 927 2885 ita
984 2823 1076 2888 fieret
1091 2835 1204 2907 potens
1220 2826 1343 2890 solvere
1363 2846 1371 2892 :
1394 2846 1458 2909 quo
1474 2827 1567 2906 facto,
1586 2830 1728 2893 debitum

175 2923 265 3004 quod
282 2942 341 2986 nec
357 2931 468 3005 postea
483 2922 564 3003 exigi
577 2930 734 3006 poterant,
744 2922 805 2985 hoc
822 2930 926 2986 tamen
983 2924 1065 3004 exigi
1082 2932 1216 3006 poterat.

177 3040 243 3084 non
262 3022 388 3084 videtur
402 3040 579 3085 consonum
596 3020 722 3086 rationi.
732 3021 781 3083 Sic
798 3021 882 3084 enirn
900 3021 927 3083 si
946 3021 967 3084 C
1024 3022 1197 3103 Sequitur:
1215 3026 1258 3084 Et
1272 3025 1404 3085 omnino
1425 3025 1577 3102 indigens
1597 3036 1627 3087 et
1642 3048 1729 3088 merv-

175 3128 356 3183 mutuasset
371 3120 488 3202 aliquis
503 3120 595 3183 alteri
610 3139 694 3183 anno
710 3129 808 3197 sexto,
826 3120 876 3182 vel
894 3120 928 3181 in
981 3122 1073 3181 dicus
1094 3142 1160 3181 non
1181 3124 1244 3183 erit
1265 3124 1420 3183 intervos
1435 3143 1447 3182 .·
1464 3122 1496 3183 id
1519 3132 1578 3200 est,
1596 3124 1658 3187 hoc
1680 3126 1729 3206 ju-

174 3200 315 3282 tarmino
339 3219 420 3300 ejus,
442 3236 506 3281 non
533 3218 688 3300 potuisset
713 3218 792 3281 illud
817 3227 928 3301 postea
982 3218 1052 3295 beo,
1070 3227 1105 3281 ut
1125 3219 1169 3281 ita
1191 3219 1328 3282 invicem
1351 3222 1553 3299 succurratis,
1576 3231 1608 3285 et
1622 3232 1728 3287 vestra

175 3317 412 3398 erigeretquod
425 3318 551 3380 videtur
562 3325 671 3380 contra
686 3316 818 3398 justitiae
833 3316 928 3398 aqui·
981 3318 1223 3381 communicetis
1238 3318 1300 3396 his,
1323 3321 1379 3401 qui
1402 3322 1533 3402 propria
1554 3322 1639 3386 bona
1661 3342 1726 3387 non

175 3424 287 3499 tatem.
310 3416 371 3478 Nec
387 3415 451 3477 dici
466 3422 581 3498 potest,
600 3416 685 3497 quod
705 3415 851 3478 remissio
867 3416 927 3477 ista
982 3415 1110 3492 habent,
1129 3424 1163 3479 ut
1183 3436 1277 3481 nemo
1298 3418 1337 3480 de
1360 3418 1483 3482 semine
1498 3429 1604 3484 vestro
1619 3422 1729 3504 oppri-

177 3513 376 3594 intelligatur
391 3522 548 3595 quantum
564 3514 603 3575 ad
621 3514 812 3595 impotentes
828 3514 927 3577 solve·
981 3522 1086 3575 matur
1108 3514 1226 3597 inopia,
1244 3524 1298 3577 aut
1320 3516 1502 3580 mendicare
1524 3528 1665 3599 cogatur,
1688 3541 1729 3585 ne

177 3632 221 3691 re,
246 3622 281 3675 ut
303 3612 484 3695 postillator
499 3612 664 3692 (videlicet
688 3612 781 3694 Lyra)
800 3612 926 3675 videtur
982 3612 1105 3676 scilicet
1120 3614 1175 3676 tali
1191 3615 1357 3679 occasione
1376 3616 1416 3678 ad
1436 3617 1572 3697 gentiles
1588 3620 1728 3684 declinet

176 3712 296 3789 dicere,
321 3721 388 3774 tum
410 3712 486 3793 quia
508 3711 671 3793 Scriptura
693 3712 761 3773 haeo
786 3712 927 3793 loquitur
982 3712 1031 3774 vel
1048 3711 1223 3775 idololatris
1238 3711 1442 3794 obsequatur,
1460 3724 1515 3778 aut
1530 3716 1650 3779 furtum
1670 3740 1726 3783 scu

176 3809 415 3887 indifferenter,
435 3820 501 3872 turn
518 3809 593 3891 quia
613 3809 653 3871 ab
674 3808 850 3891 impotente
866 3811 928 3873 sol·
982 3810 1087 3872 simile
1107 3810 1221 3875 vitium
1245 3810 1374 3874 incidat.
1392 3812 1476 3875 Istud
1498 3833 1628 3896 quoque
1651 3825 1727 3882 tunc

176 3928 251 3972 vere
267 3928 332 3973 non
355 3909 460 3971 solum
481 3926 566 3970 anno
589 3908 736 3989 septimo,
754 3909 809 3971 sed
830 3909 926 3971 etiarn
981 3926 1121 3988 congrue
1131 3908 1311 3990 jubebatur,
1329 3912 1458 3992 quando
1478 3912 1656 3977 cultoribus
1670 3916 1724 3979 Dei

174 4006 247 4069 aliis
267 4007 362 4069 annis
384 4025 447 4070 non
464 4006 525 4067 fuit
542 4007 761 4087 repetendum.
779 4006 851 4069 ldeo
871 4006 927 4067 ali·
981 4008 1204 4089 temporalium
1235 4008 1431 4071 abundantia
1464 4000 1721 4092 promittebatur.

175 4116 223 4168 tor
239 4106 451 4169 videturesse
472 4105 655 4181 dicendum,
674 4104 826 4167 videlicet
841 4106 925 4186 quod
981 4106 1059 4168 Hinc
1070 4105 1165 4169 etiam
1177 4105 1358 4185 innotescit,
1366 4109 1452 4188 quod
1465 4112 1648 4192 temporalis
1658 4133 1729 4195 pro

173 4223 259 4267 anno
285 4204 423 4285 septimo
449 4222 512 4265 non
538 4200 654 4265 licebat
670 4212 814 4284 repetere
838 4204 923 4267 debi-
941 4208 965 4271 D
982 4206 1116 4286 speritas
1131 4223 1196 4268 non
1212 4205 1273 4267 luit
1293 4206 1471 4289 principale
1486 4210 1653 4291 premium
1670 4213 1727 4275 ob

175 4312 217 4379 ta,
245 4302 399 4385 quoniam
424 4301 578 4383 septimus
600 4319 715 4377 annua,
740 4300 801 4362 fuit
823 4320 925 4365 annus
982 4304 1150 4367 servantia
1164 4303 1386 4387 legis2alioqui
1397 4306 1478 4369 Deus
1493 4326 1550 4388 per
1566 4328 1600 4372 se
1616 4309 1721 4393 ipsum

174 4400 376 4465 remissionis
385 4408 488 4477 terras,
499 4399 532 4462 in
542 4418 607 4480 quo
618 4418 682 4462 non
694 4399 784 4462 licuit
794 4400 926 4464 semina·
981 4402 1105 4465 cunctis
1124 4401 1382 4467 observatoribus
1404 4404 1494 4484 legis,
1520 4408 1724 4490 temporalem

176 4499 500 4577 revindemiaremec
515 4499 638 4561 fructus
656 4506 746 4561 terrae
761 4499 922 4579 colligerc,
981 4500 1167 4563 contulisset
1190 4501 1444 4583 prosperitatem,
1461 4523 1560 4586 quum
1586 4505 1656 4587 ipse
1683 4507 1726 4571 sit

96 4648 102 4659 .
125 4630 160 4659 xv.
177 4601 236 4663 sed.
252 4600 363 4663 omnia
381 4617 453 4681 quae
468 4604 581 4680 sponte
597 4596 818 4676 nascebantur,
836 4606 926 4661 erant
980 4601 1085 4682 iustus
1103 4599 1199 4680 judex
1217 4607 1249 4662 et
1269 4600 1513 4665 liberalissimus
1528 4605 1723 4685 praemiator.

176 4699 371 4775 communia,
389 4706 425 4760 ut
439 4696 573 4759 habetur
592 4694 626 4758 in
641 4695 792 4761 Levitico.
805 4697 924 4763 Idcirco
980 4699 1059 4762 llinc
1075 4699 1108 4760 in
1123 4697 1302 4764 Proverbiis
1317 4699 1450 4781 Sapiens
1464 4709 1533 4764 orat
1548 4722 1556 4766 ;
1577 4702 1726 4768 Mendici·
1749 4725 1872 4779 amam,

176 4808 252 4862 tunc
262 4797 376 4861 debuit
390 4814 515 4861 cessare
525 4794 645 4858 exactio
660 4794 924 4875 debitorum,oes-
981 4806 1077 4861 tatem
1092 4805 1123 4861 et
1138 4796 1265 4860 divitias
1282 4816 1322 4861 ne
1336 4799 1461 4862 dederis
1476 4800 1568 4879 mihi,
1582 4821 1622 4865 ne
1638 4802 1725 4867 forte
1740 4792 1761 4840 ⁸·
1771 4794 1792 4833 ⁹·

174 4906 266 4961 sante
291 4896 481 4960 collectione
505 4893 668 4958 fructuum
692 4901 788 4976 atque
814 4896 918 4959 reddi·
980 4897 1112 4959 satiatus
1127 4895 1241 4959 illiciar
1256 4897 1294 4960 ad
1311 4898 1501 4978 negandum,
1513 4908 1567 4963 aut
1582 4910 1724 4981 egestate

176 5005 288 5071 tuum;
311 4996 366 5058 sed
388 4994 520 5057 sabbato
543 5002 644 5071 terras,
663 4994 695 5055 id
715 5003 763 5057 est
785 4996 921 5077 septimo
979 4996 1163 5078 compulsus
1179 4995 1277 5074 furer,
1295 5004 1326 5059 et
1340 4997 1503 5079 perjurem
1520 5018 1637 5065 nornen
1653 5002 1723 5067 Dei.

174 5114 261 5160 anno
281 5102 451 5170 transacto,
468 5113 567 5174 quum
581 5094 647 5175 jam
663 5101 809 5174 poterant
824 5103 924 5158 terras
1020 5097 1360 5172 Foeoerabisgentibas
1370 5100 1531 5168 mulctam
1542 5100 1638 5176 ipseo
1649 5106 1724 5163 nut-

175 5196 292 5274 colere,
310 5201 342 5258 ct
358 5193 480 5257 fructus
503 5211 577 5256 suos
597 5192 818 5273 unusquisque
838 5194 925 5258 colli·
981 5198 1010 5254 lo
1031 5195 1138 5271 smnus
1153 5195 1165 5219 *
1183 5196 1332 5270 accipies,
1348 5194 1380 5256 id
1402 5204 1460 5274 est,
1482 5196 1509 5259 si
1532 5197 1633 5278 legem
1656 5199 1726 5280 ple-
1750 5220 1867 5263 wrm

174 5312 262 5377 gere,
273 5293 366 5363 licuit
382 5300 525 5376 repetere
540 5291 658 5367 debita,
675 5298 707 5354 ot
717 5291 841 5354 debitor
857 5294 925 5355 red·
981 5311 1020 5355 ne
1036 5292 1220 5369 servaveris,
1237 5293 1362 5355 cunctis
1376 5293 1526 5373 gentibus
1541 5296 1724 5377 opulentior
