4309 6259
572 512 746 562 rumnxrro
767 512 798 558 uv
819 512 887 559 car.
910 510 995 560 xxvn
1016 511 1153 558 nnvrrrcr.
1175 529 1216 542 -
1235 511 1308 558 nur.
1330 513 1347 557 n
1671 492 1730 558 :ili

185 685 262 748 dum
278 703 460 748 mensuram
478 683 715 766 utilitatis,que
730 702 768 746 cx
784 702 817 746 re
828 681 933 747 votiva
947 680 972 744 A
989 682 1171 746 immediate
1186 692 1349 767 sequente,
1371 683 1398 745 si
1419 681 1452 744 in
1467 681 1598 764 jubileo
1614 699 1678 745 non
1694 679 1731 742 li-

185 792 310 866 potarat
327 784 508 866 provenire,
527 783 595 848 sive
611 792 694 847 esset
714 781 844 859 animal,
867 781 933 846 sive
988 782 1079 846 cebat
1093 783 1236 847 venditio
1249 809 1256 860 3
1269 794 1389 864 quanto
1403 787 1509 844 ualere
1520 792 1633 859 potest,
1644 792 1731 842 tanto

185 882 317 946 fundus.
987 885 1212 954 estimabitur,
1239 883 1272 945 id
1296 890 1355 959 est,
1379 890 1444 944 tam
1468 900 1540 944 care
1564 880 1730 956 vendetur,

226 988 331 1046 Homo
346 986 377 1044 si
398 987 519 1045 coemit
540 987 672 1045 domum
694 1005 801 1053 suam,
816 994 845 1044 ct
860 1003 934 1044 sart-
989 982 1070 1045 sieut
1086 981 1176 1044 valor
1190 981 1260 1062 ejus
1280 981 1456 1044 seeundum
1476 999 1510 1043 se
1525 979 1667 1043 extendit
1685 997 1731 1056 se,

184 1083 379 1159 ctifieauerit
400 1103 471 1142 eam
493 1085 642 1152 ormino,
668 1081 699 1143 id
726 1089 784 1158 cst,
809 1081 836 1143 si
861 1081 933 1162 quis
989 1099 1045 1144 seu
1071 1089 1135 1143 tam
1161 1081 1299 1162 pretiose
1324 1079 1406 1142 sicut
1430 1079 1605 1142 secundum
1630 1079 1733 1159 legem

185 1182 316 1244 domum
340 1199 430 1242 suam
453 1189 508 1242 aut
526 1181 636 1243 domos
657 1199 730 1242 suas
753 1179 934 1262 promiserit
990 1179 1062 1243 lieri
1078 1179 1193 1260 potuit,
1213 1179 1344 1261 jamque
1363 1185 1549 1260 preturium
1564 1186 1623 1254 est,
1640 1175 1734 1258 quin-

184 1300 220 1343 ac
243 1279 448 1361 deputaverit
469 1279 543 1356 Deo,
562 1288 598 1342 ut
618 1280 688 1361 ejus
708 1287 935 1342 consecrentur
989 1278 1142 1361 quaginta
1160 1277 1309 1342 videlicet
1329 1278 1428 1354 siclis,
1445 1285 1481 1340 ut
1496 1277 1542 1340 sic
1558 1295 1616 1358 pro
1631 1275 1734 1358 quoli-

185 1377 299 1442 bonori
316 1385 371 1440 aut
386 1378 487 1441 cultui
499 1402 506 1452 ;
518 1381 732 1440 cuastderabir
746 1399 818 1440 enm
832 1398 935 1440 sacm-
990 1379 1044 1442 bet
1059 1396 1144 1441 anno
1159 1376 1256 1440 siclus
1271 1395 1355 1438 unus
1373 1376 1580 1458 acciperetur.
1597 1378 1660 1438 Sin
1675 1397 1734 1438 nu·

183 1482 240 1538 dos
261 1477 383 1561 peritus
404 1486 436 1540 et
455 1478 647 1541 constitutus
669 1477 709 1540 ed
732 1477 803 1554 bec,
823 1487 935 1538 utrum
991 1489 1051 1539 tem
1071 1487 1142 1554 post
1164 1479 1373 1556 aliquantum
1396 1476 1558 1554 temporis,
1577 1473 1609 1534 id
1630 1482 1689 1551 est,
1706 1473 1733 1535 si

184 1580 267 1638 inan
281 1580 384 1638 sitan
401 1581 501 1649 mala,
514 1576 548 1639 id
564 1584 622 1654 est,
635 1596 676 1639 an
693 1577 806 1639 domus
824 1575 879 1638 illa
894 1575 935 1638 sit
991 1575 1115 1640 voverit
1136 1594 1247 1656 agrum
1269 1573 1431 1654 aliquibus
1451 1573 1545 1635 annis
1566 1591 1585 1634 a
1604 1571 1734 1653 jubileo

185 1675 436 1758 bcnedisposita
450 1676 489 1738 ad
505 1675 732 1758 applicandum
748 1674 866 1738 divinis
882 1674 935 1737 ob·
990 1672 1148 1746 evolutis;
1171 1674 1360 1750 supputabit
1383 1674 1528 1732 sacerdos
1546 1673 1732 1748 pecuniam,

185 1775 370 1856 scquiis‚an
387 1793 469 1850 uon3
484 1777 624 1852 etjuara
635 1775 781 1852 pretium
797 1777 881 1854 quod
896 1775 935 1834 ab
991 1773 1023 1835 id
1048 1780 1107 1847 est,
1131 1773 1252 1852 justum
1277 1769 1415 1852 pretium
1441 1770 1581 1832 dandum
1607 1787 1665 1850 pro
1691 1787 1736 1831 re

184 1895 217 1934 eo
242 1876 350 1952 suerit
374 1875 597 1943 constitutum,
623 1875 877 1942 venundabitur,
903 1871 934 1934 id
954 1869 1175 1952 lidemptione
1196 1889 1251 1932 seu
1274 1868 1436 1951 emptione
1458 1867 1525 1948 agri
1547 1866 1635 1929 illius
1659 1886 1736 1949 pen·

185 1973 371 2048 est‚dumus
392 1971 458 2049 illa,
476 1971 653 2054 presertim
670 1971 696 2034 si
717 1979 791 2053 apta
808 1977 936 2034 nonest
991 1971 1075 2033 sabit
1100 1978 1197 2050 atque
1220 1968 1352 2045 taxabit,
1368 1969 1472 2045 juata
1493 1987 1657 2027 urinarum
1678 1969 1737 2046 qui

185 2073 223 2135 ad
241 2071 366 2147 divina,
381 2071 536 2134 vendetur
552 2090 610 2152 pro
626 2069 824 2153 pretioquod
839 2087 937 2132 sacer·
992 2072 1112 2150 reliqui
1131 2078 1221 2155 suut,
1235 2088 1422 2136 numerum,
1440 2065 1472 2127 id
1493 2072 1541 2128 est
1560 2066 1737 2128 secundum

186 2159 242 2233 dos
254 2169 478 2250 statuerit,qui
492 2169 630 2232 valorem
649 2169 761 2231 domus
777 2167 934 2250 pensabit.
991 2167 1240 2243 multitudinem,
1258 2164 1491 2247 paucitatemve
1512 2183 1668 2228 annorum
1691 2184 1738 2228 re

186 2273 249 2332 Sin
275 2280 387 2331 atatem
406 2272 463 2328 itte
484 2269 542 2348 qui
562 2279 703 2340 voveat,
724 2270 862 2329 volrrerit
887 2289 935 2328 re·
992 2266 1144 2331 stantium
1157 2286 1255 2345 usque
1265 2268 1309 2326 ad
1310 2266 1499 2342 jubileum,
1510 2273 1540 2324 et
1548 2267 1738 2325 detrabatur

185 2372 310 2430 dr'mere
325 2389 411 2438 eam,
430 2370 522 2429 dabit
542 2370 692 2448 quintam
703 2378 832 2445 partem
853 2368 937 2429 cesti-
990 2389 1031 2427 ear
1044 2369 1161 2444 pretio,
1172 2363 1204 2426 id
1221 2372 1279 2439 est,
1297 2371 1385 2426 tento
1401 2363 1474 2444 plus
1489 2363 1529 2426 de
1544 2361 1646 2444 pretio
1661 2381 1737 2443 pre

188 2469 343 2528 motionis
370 2486 485 2544 supra,
513 2465 545 2527 id
575 2473 639 2542 est,
661 2465 811 2546 quintam
842 2464 936 2547 pretii
992 2464 1057 2527 leto
1073 2462 1295 2539 defricabitur,
1317 2469 1437 2542 quanto
1456 2461 1564 2542 plures
1583 2459 1660 2522 anni
1677 2459 1737 2522 llu-

187 2575 311 2649 partem
329 2565 434 2642 addet,
452 2573 488 2626 ut
506 2564 691 2627 dictumest
712 2563 745 2624 in
762 2582 837 2626 casu
859 2582 938 2647 pre-
991 2570 1105 2626 xerunt
1124 2559 1286 2642 ajubileo
1303 2559 1445 2640 proxime
1462 2558 1637 2640 elaps0,ita
1651 2559 1736 2640 quod

186 2664 376 2740 cedenti‚·rt
391 2666 516 2726 babebit
530 2669 664 2724 domum
684 2662 770 2724 illam
794 2670 829 2724 ut
850 2671 934 2725 ante.
992 2679 1050 2743 pro
1070 2658 1216 2742 quotibet
1231 2677 1315 2721 anno
1331 2657 1386 2719 tali
1403 2656 1585 2720 detrahetur
1600 2675 1619 2719 a
1634 2656 1737 2738 pretio

227 2767 322 2833 Quod
340 2764 371 2822 si
385 2783 504 2840 aprum
522 2763 728 2840 possessionis
747 2783 826 2831 suae,
843 2761 874 2823 id
891 2769 938 2824 est
992 2760 1048 2822 illo
1064 2757 1298 2840 quinquaginta
1312 2756 1464 2819 siclorum
1482 2774 1564 2817 unus
1579 2755 1688 2818 siclus.

187 2881 299 2943 agrum
324 2861 604 2942 ltereditariojure
623 2879 832 2943 possessum:
851 2860 937 2942 quod
1034 2861 1126 2929 Quod
1148 2858 1178 2915 si
1203 2857 1342 2916 uoluerit
1364 2857 1520 2915 redimere
1542 2876 1660 2932 aprum
1682 2857 1738 2916 itte

186 2961 318 3038 dieitur,
337 2961 376 3024 ad
401 2959 619 3024 differentiam
645 2977 793 3041 egrotum
817 2966 938 3041 empto-
992 2961 1051 3039 qui
1066 2965 1209 3025 voveat,
1224 2958 1321 3016 addet
1340 2956 1491 3034 quintam
1506 2964 1634 3031 partem
1656 2955 1739 3015 resti-

187 3080 258 3122 rum
286 3067 343 3122 aut
367 3058 460 3122 aliter
485 3057 736 3140 acquisitorum
762 3061 886 3118 coemit
908 3067 938 3119 et
953 3049 975 3112 C
992 3053 1293 3134 matepecunioe,id
1310 3061 1358 3115 est
1374 3051 1469 3134 pretii
1485 3051 1646 3134 praetaxati
1666 3071 1740 3133 pre

186 3160 422 3219 mnsecraeerit
446 3160 610 3228 Domino;
623 3159 727 3233 jueta
752 3177 938 3218 mensuram
994 3164 1063 3238 pter
1077 3173 1188 3216 causes
1209 3151 1410 3234 praehabitas,
1427 3162 1456 3211 et
1472 3153 1644 3228 possidebit
1664 3173 1738 3212 eum

186 3258 340 3318 sementis
356 3257 573 3317 aestimabitur
583 3257 742 3334 pretium,
754 3254 786 3319 id
802 3261 939 3331 est,tan-
994 3254 1076 3316 sieut
1099 3260 1131 3315 et
1155 3258 1228 3314 ente
1249 3258 1358 3314 votum
1377 3267 1384 3312 τ
1402 3250 1466 3312 imo
1487 3249 1633 3331 quintam
1656 3249 1738 3312 hauc

188 3363 220 3416 to
236 3354 312 3436 plus
329 3353 436 3416 valere
452 3351 657 3434 judicabitur,
677 3361 796 3434 quanto
812 3351 884 3433 plus
899 3353 939 3416 de
994 3359 1117 3435 partem
1128 3349 1222 3432 pretii
1239 3348 1361 3412 addidit
1377 3348 1436 3411 iste
1451 3347 1506 3429 qui
1517 3347 1739 3423 vovit,obtulit

189 3453 314 3515 semine
336 3451 511 3532 requiritur
530 3452 570 3513 ad
590 3451 661 3532 ejus
681 3451 936 3529 seminationem,
994 3459 1025 3515 et
1039 3449 1176 3513 redemit
1194 3467 1317 3529 agrum,
1336 3466 1399 3510 non
1419 3447 1523 3510 solum
1544 3455 1674 3528 propter
1692 3467 1739 3510 ra-

188 3551 249 3614 boo
266 3559 457 3631 est-‚quanto
473 3549 604 3631 majoris
619 3557 668 3612 est
687 3548 874 3630 quantitatis
888 3566 895 3610 :
908 3556 940 3611 et
994 3550 1097 3613 tiones
1122 3547 1193 3610 illas
1219 3554 1395 3629 pretactas,
1415 3546 1471 3609 sed
1496 3545 1583 3621 item,
1601 3546 1676 3627 quia
1700 3565 1738 3608 ex

188 3647 249 3710 boc
261 3646 508 3726 intelligendum
520 3655 578 3723 est,
587 3647 701 3710 ceteris
713 3647 849 3729 paribus.
858 3645 940 3708 Alio
994 3649 1055 3711 hoc
1070 3646 1155 3728 quod
1168 3646 1303 3727 ipsemet
1313 3664 1423 3726 agrum
1437 3643 1737 3720 redemit,damnum

187 3747 244 3829 qui
271 3745 459 3826 contingere
483 3746 599 3828 potuit,
626 3747 711 3828 quod
736 3745 842 3809 minor
866 3764 940 3826 ager
996 3745 1214 3810 sacerdotibus
1236 3743 1435 3806 imminebat.
1455 3744 1532 3804 llum
1554 3742 1672 3805 etenim
1695 3743 1740 3805 al-

189 3844 290 3908 luerit
315 3843 559 3926 appretiabilior
583 3863 658 3926 agro
679 3844 810 3926 majore,
831 3852 940 3926 utpote
995 3845 1055 3908 teri
1071 3842 1324 3919 venundabatur,
1335 3842 1430 3904 rediit
1445 3841 1479 3904 in
1492 3841 1624 3922 jubileo
1638 3841 1678 3903 ad
1694 3860 1741 3904 sa·

191 3943 333 4007 fertilior
349 3943 415 4006 illo.
429 3947 469 4004 Si
485 3946 621 4020 triptota
638 3945 754 4004 madiis
769 3944 882 4004 bordei
895 3963 940 4002 se·
990 3943 1150 4018 ‘cerdotes
1166 3950 1196 4004 et
1216 3940 1277 4003 luit
1296 3939 1455 4022 possessio
1475 3939 1609 4002 Domino
1630 3959 1740 4003 conse

190 4045 282 4103 ritur
301 4062 392 4119 aper,
403 4041 436 4102 id
457 4046 515 4118 est,
533 4040 560 4103 si
582 4049 628 4104 tot
648 4041 745 4104 modii
766 4040 877 4104 bordei
895 4060 941 4103 re·
995 4049 1092 4118 crata,
1120 4059 1176 4103 seu
1200 4039 1270 4120 ejus
1294 4037 1451 4099 ministris
1476 4038 1637 4119 deputata.
1659 4037 1739 4099 llum

190 4141 368 4222 quiruntur
384 4140 423 4202 ad
439 4139 682 4203 seminationem
699 4139 835 4220 alicujus
850 4139 939 4219 agri3
995 4159 1069 4203 vero
1088 4137 1285 4204 vendebatur
1301 4135 1441 4212 voventi,
1460 4155 1523 4199 non
1538 4136 1577 4199 ad
1596 4137 1740 4200 sacerdo

71 4254 177 4298 manae.
189 4240 438 4319 quinquaqinta
452 4241 541 4298 stetis
556 4241 684 4316 arpenti
699 4240 885 4299 uerrdetur*.
903 4237 940 4298 Et
957 4238 981 4299 l)
997 4247 1044 4302 tes
1073 4235 1290 4300 revertebatur
1315 4234 1348 4296 in
1372 4234 1514 4316 jubileo,
1542 4235 1597 4298 sed
1623 4235 1740 4304 mansit

60 4318 91 4354 '¹'
190 4336 512 4419 proportionabiliter
544 4336 715 4399 dicendum
746 4335 871 4399 videtur
901 4336 941 4398 de
995 4338 1065 4419 ejus
1090 4334 1146 4417 qui
1165 4334 1253 4399 vovit
1272 4341 1366 4414 atque
1392 4334 1526 4396 redemit
1551 4353 1634 4397 eum.
1654 4334 1738 4396 lstud

188 4435 278 4516 agris
303 4434 357 4516 qui
384 4434 456 4497 aliis
486 4442 635 4497 seruntur
665 4433 852 4497 seminibus
880 4433 939 4496 Sed
996 4435 1097 4516 tangit
1113 4433 1380 4514 litterasequens.
1401 4435 1441 4494 Si
1456 4443 1563 4493 aretem
1584 4435 1740 4494 redimere

188 4533 270 4615 quia
293 4533 326 4595 in
346 4532 477 4615 jubileo
497 4532 564 4613 agri
585 4541 616 4595 et
632 4541 737 4596 cetera
752 4531 881 4595 vendita
900 4533 939 4595 ad
995 4536 1136 4596 notuerit
1155 4551 1278 4612 agrum,
1295 4529 1351 4612 qui
1368 4530 1456 4593 vovit
1475 4539 1506 4593 et
1520 4530 1636 4593 obtulit
1651 4549 1737 4605 eum,

188 4631 367 4713 pristinum
388 4631 628 4694 revertebantur
644 4649 870 4713 possessorem,
889 4651 941 4694 ra-
994 4636 1049 4692 sed
1059 4634 1157 4693 uteri
1166 4632 1297 4690 cuilibet
1306 4631 1411 4707 fuerit
1425 4632 1740 4698 venundarentur

187 4732 237 4794 lor
254 4749 405 4812 agrorum
422 4729 484 4792 tuit
503 4730 598 4792 etiem
615 4730 826 4792 attendendus
842 4749 940 4812 penes
994 4739 1072 4793 eum
1085 4734 1145 4810 qui
1162 4737 1291 4790 voverat
1306 4731 1463 4788 redimere
1480 4749 1546 4788 uon
1559 4728 1691 4804 poterit,
1708 4726 1739 4788 id

186 4828 377 4891 distantiam
392 4848 411 4890 a
424 4827 555 4908 jubileo
568 4827 724 4892 minorem
740 4837 794 4891 aut
809 4829 940 4911 amplio
995 4838 1053 4907 est,
1062 4829 1089 4891 is
1104 4827 1160 4910 qui
1174 4835 1305 4890 voverat
1319 4843 1514 4907 agrum,·non
1530 4833 1653 4907 poterat
1667 4843 1740 4888 eum

187 4945 271 4990 rem.
297 4926 376 4988 ilinc
402 4925 549 4988 subditur
567 4943 574 4987 :
592 4929 632 4988 Si
655 4929 766 4988 statim
791 4929 830 4988 ab
853 4948 940 4989 anno
994 4929 1075 4990 ultra
1093 4927 1435 5008 redimere,postquam
1450 4924 1530 4988 alter
1539 4923 1657 5006 aliquis
1668 4943 1741 4987 eum

187 5027 381 5102 incipientis
384 5026 519 5102 jubiloei
530 5025 651 5085 voirerit
662 5025 831 5103 apruur‚id
842 5034 900 5102 est,
912 5026 937 5087 si
995 5027 1072 5090 emit
1088 5047 1107 5089 a
1122 5027 1306 5101 sacerdote3
1330 5029 1410 5104 quio
1429 5045 1530 5104 quum
1539 5025 1674 5101 jubitoei
1694 5043 1743 5082 oe-

185 5127 262 5208 quis
282 5123 404 5187 voverit
424 5143 536 5205 agrurn
553 5124 648 5187 talem
664 5124 727 5186 Deo
744 5123 775 5185 in
791 5143 876 5188 anno
890 5125 939 5206 ju·
994 5127 1080 5186 uerit
1103 5127 1182 5194 dies,
1199 5124 1231 5184 id
1251 5133 1299 5184 cst
1325 5131 1449 5203 tempus
1474 5121 1540 5184 sive
1563 5121 1740 5196 exordium,

185 5223 276 5288 bilei
302 5221 454 5285 instantis
480 5230 511 5284 et
536 5221 727 5298 inchoantis,
756 5223 878 5286 scilieet
906 5223 938 5285 in
994 5226 1216 5302 sanctificatus
1235 5221 1298 5279 erit
1322 5221 1473 5289 Doriaiuo,
1490 5219 1522 5281 id
1544 5229 1601 5296 est,
1625 5218 1742 5282 redibit

186 5323 260 5404 ipso
275 5339 361 5384 anno
380 5319 522 5401 jubileo,
540 5328 594 5382 aut
615 5319 647 5382 in
667 5339 753 5383 anno
771 5320 937 5401 jubileum
994 5323 1034 5384 ad
1051 5320 1241 5393 sacerdotes,
1260 5317 1493 5398 deputatusque
1512 5315 1574 5379 erit
1589 5316 1660 5378 usui
1682 5315 1741 5378 mi-
