4309 6259
514 507 687 553 anxnmrro
708 508 738 552 m
760 507 827 553 aar.
851 504 916 553 xxn
937 505 1132 553 mnenonnn.
1154 526 1195 536 -
1214 508 1286 553 aar.
1309 506 1415 572 xxxvn
1677 490 1736 552 aaa

227 678 362 737 Obsecro
373 687 410 737 ut
432 678 486 739 bic
505 680 664 739 moneatis
684 678 784 738 etiam
800 680 860 738 boc
881 697 936 737 no-
951 674 976 736 A
990 676 1193 740 itineratione
1208 676 1310 759 ipsius
1325 678 1451 741 Balaam
1471 678 1581 741 elicuit
1596 677 1735 760 plurima
1783 684 1791 699 ⁸

181 782 244 841 cte,
262 784 299 834 ut
313 776 395 835 scire
410 796 526 855 queam
542 778 623 855 qnid
643 777 727 835 mitt
743 796 875 835 rursum
890 797 936 835 rc·
990 775 1084 852 bona,
1095 785 1131 837 ut
1145 775 1231 837 inira
1246 776 1377 858 patebit.
1389 777 1503 859 Sicque
1512 778 1599 857 justo
1612 776 1735 857 judicio

179 878 339 949 spondeat
351 876 520 935 Dominus.
530 875 564 935 ln
575 874 626 935 his
638 874 750 949 verbis
760 874 936 936 secundum
993 874 1072 936 Deus
1089 874 1220 955 reliquit
1235 894 1308 937 eum
1319 875 1366 938 ire
1382 875 1415 938 in
1430 874 1549 937 malum
1565 874 1677 956 ipsius,
1691 873 1736 936 ite
1810 917 1812 920 -

178 970 550 1049 Augustinnm,Balaam
566 972 706 1053 graviter
722 972 872 1053 peccavit
885 972 937 1033 Ait
990 973 1075 1052 quod
1101 972 1162 1034 ista
1186 973 1354 1054 permissio
1379 973 1500 1035 exstitit
1525 972 1572 1034 ira
1594 972 1660 1049 Dei,
1678 972 1733 1053 qui

179 1070 335 1149 equidem
362 1070 587 1151 Augustinus:
615 1071 740 1148 Balaam
765 1071 830 1151 jam
862 1088 937 1133 con·
991 1078 1183 1152 protestatur
1201 1089 1208 1133 :
1226 1071 1337 1133 Dimisi
1353 1091 1406 1135 eos
1422 1072 1597 1135 secundum
1612 1070 1735 1133 deside-
1748 1091 1880 1142 ramma.

180 1176 275 1229 stans
295 1188 365 1232 esse
384 1168 505 1246 debuit,
523 1189 622 1251 quum
645 1170 787 1232 audisset
801 1189 819 1232 a
834 1168 937 1231 Domi·
991 1169 1039 1231 ria
1060 1170 1165 1233 cordis
1187 1189 1307 1234 eornm.
1325 1170 1414 1233 Unde
1436 1179 1468 1233 et
1481 1169 1592 1231 Glossa
1613 1167 1736 1231 interli-

182 1283 238 1341 no,
259 1266 326 1328 Non
351 1267 412 1329 ibis
437 1285 511 1329 cum
537 1266 605 1342 eis3
631 1286 689 1331 nec
714 1266 825 1330 debuit
847 1285 936 1348 spem
992 1268 1097 1330 nearis
1111 1286 1117 1329 :
1130 1268 1220 1331 (ledit
1230 1270 1311 1331 Deos
1322 1268 1500 1351 cupiditati,
1514 1267 1647 1330 dimittit
1661 1286 1734 1330 eum

182 1364 312 1427 nuntiis
328 1367 415 1443 dare,
428 1367 514 1447 quod
527 1374 633 1448 posset
643 1366 797 1429 Dominus
813 1373 937 1428 senten·
991 1366 1025 1427 in
1041 1367 1234 1429 desiderium
1250 1367 1354 1429 cordis
1371 1366 1431 1428 sui.
1449 1366 1539 1430 Circa
1557 1366 1618 1429 hoe
1632 1364 1737 1447 Orige

182 1463 267 1525 tiam
288 1484 377 1527 suam
393 1473 517 1528 mutare
538 1473 649 1527 contra
668 1464 822 1546 populum
844 1481 936 1524 suum
992 1482 1068 1527 nes:
1086 1465 1143 1526 Per
1158 1463 1359 1547 sapientiam,
1372 1464 1487 1545 inquit,
1501 1464 1555 1527 Dei
1570 1464 1678 1527 omnia
1693 1464 1738 1526 ita

182 1580 284 1642 quem
300 1562 437 1625 asseruit
451 1562 666 1626 benedictum.
679 1562 738 1624 Sed
754 1561 880 1623 Balaam
896 1559 937 1621 is·
991 1562 1146 1644 disposita
1167 1571 1252 1640 sunt,
1270 1572 1305 1625 ut
1327 1562 1405 1624 nibil
1430 1562 1568 1626 otiosum
1590 1562 1632 1624 sit
1652 1563 1736 1644 apud

182 1646 215 1721 ta
231 1660 382 1735 dicendo,
400 1661 541 1723 ostendit
556 1680 589 1723 se
605 1660 724 1723 victum
740 1658 934 1741 cupiditate:
992 1661 1102 1737 Deum,
1119 1661 1187 1725 sive
1207 1661 1249 1722 sit
1269 1662 1399 1737 bonnm,
1418 1662 1485 1724 sive
1504 1661 1635 1723 malum.
1653 1661 1738 1723 Alali-

181 1759 275 1839 quod
286 1758 439 1821 Dominus
450 1759 574 1835 videns,
587 1757 734 1841 permisit
748 1776 820 1821 eum
832 1756 889 1833 ire,
902 1765 938 1818 ut
992 1759 1068 1823 tiam
1085 1779 1149 1823 non
1167 1759 1243 1823 lecit
1256 1761 1348 1837 Deus,
1362 1767 1466 1822 tamen
1483 1759 1523 1822 ab
1539 1759 1611 1822 aliis
1627 1760 1738 1822 inven-

180 1856 356 1918 avaritiam
372 1857 442 1938 ejus
453 1855 557 1938 primo
568 1864 728 1919 coerceret
743 1874 799 1937 per
813 1854 936 1917 asinam
955 1855 977 1916 B
994 1866 1066 1934 tam,
1085 1878 1185 1939 quum
1202 1857 1357 1940 impedire
1380 1858 1490 1939 possit,
1510 1877 1573 1921 non
1590 1857 1735 1939 impedit,

181 1974 290 2031 suam,
320 1954 382 2018 hoc
412 1954 483 2036 ipso
512 1954 712 2017 contundens
743 1953 936 2016 dementiam
992 1957 1046 2019 sed
1069 1956 1168 2017 utitur
1188 1975 1226 2019 ea
1247 1974 1320 2018 cum
1337 1954 1415 2037 ipsis
1438 1955 1531 2017 malis
1552 1953 1737 2018 hominibus

181 2053 268 2134 ejus,
287 2053 374 2134 quod
390 2052 640 2135 prohibitionem
656 2070 713 2133 per
727 2051 878 2132 angelum
894 2051 938 2113 la·
991 2055 1031 2117 ad
1048 2055 1241 2118 necessarias
1256 2073 1377 2130 causas,
1390 2053 1466 2134 quia
1481 2072 1537 2135 per
1552 2071 1606 2116 eos
1622 2054 1656 2115 in
1667 2054 1738 2135 qui-

182 2160 283 2227 etam,
301 2151 393 2213 asina
409 2150 588 2231 transgredi
606 2168 670 2213 non
685 2150 824 2227 auderet,
842 2168 937 2230 quam
991 2152 1051 2215 bus
1067 2161 1115 2215 est
1130 2152 1262 2229 malitia,
1280 2150 1392 2232 probat
1407 2169 1462 2214 eos
1477 2152 1533 2232 qui
1548 2152 1588 2214 ad
1602 2151 1737 2231 gloriam

183 2250 257 2331 ipse
282 2269 322 2312 ex
352 2249 527 2331 cupiditate
553 2247 730 2327 transgredi
756 2256 935 2311 conaretur.
992 2251 1137 2313 tendunt.
1161 2249 1193 2312 Si
1218 2249 1303 2313 enim
1327 2267 1391 2311 non
1414 2257 1499 2311 esset
1519 2248 1653 2325 malitia,
1671 2235 1735 2313 iton

183 2349 268 2411 llinc
291 2347 436 2428 loquitur
451 2345 623 2427 Origenes:
640 2344 795 2419 Quoniam
811 2346 936 2409 balaam
991 2357 1074 2411 esset
1090 2348 1145 2429 qui
1165 2348 1338 2411 contrairet
1358 2347 1541 2409 virtutibus.
1555 2348 1662 2411 Virtus
1682 2368 1738 2411 au-

183 2445 381 2528 persistebat
392 2445 425 2507 in
436 2444 594 2508 desiderio
605 2443 758 2527 pecuniae,
768 2442 939 2524 indulgens
993 2454 1055 2509 tem
1077 2446 1104 2506 si
1124 2446 1318 2508 contrarium
1331 2463 1394 2508 non
1407 2445 1547 2523 haberet,
1562 2465 1625 2509 non
1640 2446 1737 2509 clare-

185 2546 271 2607 Deus
290 2543 441 2626 potestati
463 2542 589 2606 arbitrii
611 2542 693 2624 eiua,
712 2542 758 2604 ire
781 2541 936 2624 permisit.
992 2552 1105 2606 secret.
1118 2544 1206 2605 Tolle
1221 2543 1376 2605 malitiam
1394 2542 1528 2605 fratrum
1543 2544 1671 2626 loseph,
1685 2564 1738 2606 au·

182 2642 299 2706 Glossa
314 2643 411 2706 etiam
426 2642 488 2705 ait:
500 2641 648 2704 llolestus
664 2648 712 2703 est
722 2641 846 2703 Balaam
862 2641 936 2717 Deo,
993 2641 1076 2705 feres
1091 2641 1258 2723 bonaque
1268 2660 1306 2703 ex
1321 2661 1358 2703 ea
1373 2650 1636 2706 suntconsecuta.
1650 2643 1738 2706 Tolle

182 2751 216 2805 et
242 2741 337 2823 quasi
363 2748 530 2822 extorquet
554 2739 697 2822 permitti
728 2739 790 2801 sibi
816 2747 851 2801 nt
875 2746 935 2802 eat.
992 2740 1147 2802 malitiam
1163 2739 1255 2801 Bulac
1270 2740 1355 2821 regis
1369 2748 1401 2801 et
1416 2739 1500 2803 viam
1516 2740 1653 2819 Balaam,
1672 2760 1736 2804 non

182 2840 295 2922 Aliqui
327 2858 456 2921 quoque
485 2838 637 2915 latentur,
664 2838 751 2919 quod
776 2836 939 2918 querebat
992 2846 1086 2901 erunt
1101 2836 1276 2920 prophetiae
1291 2838 1402 2919 ipsius.
1415 2838 1486 2900 llaec
1501 2836 1652 2918 Origenes
1666 2858 1739 2921 pro-

182 2939 329 3020 aliquem
345 2938 477 3001 modum
491 2955 557 3019 quo
577 2944 686 3017 posset
701 2936 758 2999 ire.
775 2935 814 2996 Et
829 2954 939 3016 quam·
993 2937 1055 2999 lixe
1071 2936 1286 3018 prosequitur.
1302 2936 1528 2999 Verumtamen
1549 2945 1666 2999 textum
1683 2938 1738 3001 be·

182 3038 235 3099 vis
251 3035 391 3113 dicebat,
403 3036 441 3097 Ut
453 3036 535 3098 scire
549 3053 665 3117 queam
680 3034 759 3116 qnid
774 3033 854 3095 mibi
871 3037 975 3101 rur-C
994 3055 1034 3099 ne
1049 3035 1214 3112 intuendo,
1232 3042 1356 3097 constat
1370 3035 1455 3116 qnod
1472 3053 1536 3097 non
1553 3034 1640 3097 dedit
1654 3036 1737 3099 Deus

182 3154 257 3197 sum
290 3135 482 3217 respondeat
506 3133 671 3209 Dominus,
697 3141 732 3194 ut
762 3131 807 3194 sic
838 3132 938 3211 magis
994 3134 1055 3217 ipsi
1071 3133 1196 3196 balaam
1218 3132 1314 3196 eundi
1331 3133 1504 3210 licentiam,
1522 3133 1584 3195 nisi
1599 3134 1639 3196 ad
1655 3133 1737 3198 bene

184 3233 394 3297 authenticus
424 3232 597 3309 videretur,
625 3230 747 3312 optavit
772 3238 878 3293 tamen
905 3238 940 3293 ut
993 3234 1171 3314 egendum3
1188 3240 1220 3294 et
1238 3232 1277 3294 ad
1299 3231 1464 3294 vitandum
1479 3232 1734 3316 malumcnlpae,

184 3331 325 3395 Domino
333 3328 424 3413 [non]
434 3329 633 3393 venientcad
644 3329 860 3406 eum,daemon
873 3348 940 3410 per·
994 3332 1096 3414 primo
1113 3330 1277 3412 prohibuit
1298 3329 1328 3393 ei
1345 3329 1511 3392 transitum
1534 3330 1636 3393 illum.
1653 3332 1738 3395 Iose-

185 3430 372 3493 mitteretur
393 3427 455 3490 sibi
470 3445 624 3509 apparere
644 3435 740 3507 atque
760 3426 936 3489 consulere.
994 3430 1076 3512 pbus
1101 3438 1207 3491 autem
1231 3428 1321 3506 dicit,
1338 3429 1422 3509 quod
1447 3428 1600 3491 Dominus
1625 3431 1736 3494 volens

238 3529 331 3589 Venit
341 3546 414 3603 erpo
426 3530 524 3595 Deus,
536 3524 568 3587 id
584 3533 633 3587 est
647 3524 780 3605 angelus
796 3542 833 3586 ex
848 3532 938 3605 parte
994 3547 1049 3609 per
1071 3528 1177 3609 ipsum
1192 3526 1318 3588 Belem
1337 3545 1404 3589 rem
1426 3526 1642 3607 experimento
1664 3547 1737 3611 pro-

185 3626 256 3703 Dei,
266 3630 312 3687 ad
323 3630 464 3685 Balaam
480 3634 580 3696 nocte,
594 3634 624 3683 ct
639 3626 688 3684 ait
699 3644 710 3683 .·
726 3625 766 3684 St
783 3633 811 3684 tc
826 3642 938 3683 vocare
992 3624 1079 3701 bare,
1093 3623 1240 3705 permisit
1253 3641 1327 3685 eum
1338 3622 1385 3685 ire
1395 3641 1468 3685 cnm
1482 3624 1615 3702 nuntiis,
1627 3634 1664 3687 ut
1674 3626 1736 3689 sibi

186 3734 350 3791 acuerant
365 3725 509 3785 tornines
532 3726 589 3784 ista·
604 3722 803 3803 :dequibus
820 3722 853 3783 in
871 3730 939 3785 tan·
992 3724 1076 3805 juste
1092 3721 1329 3803 permitteretur
1345 3720 1460 3802 perire.

185 3825 227 3886 tis
238 3822 399 3903 angustiis
409 3820 536 3902 positis,
546 3820 699 3883 Dominus
710 3819 801 3901 quasi
812 3839 938 3903 compa·
1035 3822 1187 3883 Surreatt
1202 3823 1342 3881 Balaam
1358 3838 1465 3887 mane,
1475 3828 1505 3879 et
1523 3828 1625 3880 strata
1641 3821 1737 3881 asiae

186 3922 299 3985 tiendo
324 3920 486 3997 disseruit,
504 3918 655 3982 Homines
681 3919 733 3980 isti
752 3942 759 3993 ;
785 3939 880 3996 carpe
909 3931 938 3981 et
989 3918 1320 3999 profectascst,idest
1334 3915 1500 3997 equitavit,
1513 3937 1586 3977 cum
1601 3919 1657 3979 cis.
1670 3918 1736 3980 lllis

185 4024 270 4082 rade
294 4040 371 4079 cum
400 4020 456 4079 eis.
483 4016 590 4098 Aliqui
615 4018 728 4080 dicunt
752 4017 850 4080 verba
878 4018 938 4081 ista
994 4019 1081 4082 enim
1097 4018 1130 4079 in
1146 4015 1346 4080 terrisasinae
1356 4032 1479 4095 magne
1490 4022 1574 4091 sunt,
1587 4015 1737 4079 similiter

186 4118 313 4183 ironice
334 4136 404 4179 esse
429 4116 552 4198 prolata
576 4115 616 4178 ab
641 4115 775 4197 angel03
794 4118 849 4179 scd
874 4136 937 4179 non
993 4116 1087 4194 asini,
1111 4115 1193 4177 sicut
1216 4114 1269 4177 hic
1293 4112 1383 4175 muli.
1407 4112 1470 4175 Nee
1496 4121 1586 4194 turpe
1611 4122 1660 4176 est
1679 4115 1734 4192 ibi,

187 4218 331 4291 videtur,
343 4216 419 4297 quia
434 4214 640 4295 subjungitur
657 4232 664 4277 :
684 4218 732 4276 a'to
752 4218 938 4287 dumtaxat,
953 4219 979 4280 D
994 4216 1084 4278 asino
1100 4214 1210 4277 sedere
1224 4212 1397 4276 autasina.
1411 4215 1453 4273 Et
1464 4214 1569 4273 iratas
1578 4223 1623 4274 est
1633 4218 1736 4275 Deae:

187 4327 225 4377 ut
241 4317 331 4396 quod
347 4315 406 4374 tibi
424 4333 616 4391 praecepero,
632 4315 750 4393 socios,
765 4313 797 4375 id
818 4323 876 4391 est,
894 4315 939 4376 di·
994 4313 1142 4377 similiter
1155 4312 1288 4393 angelus
1298 4311 1364 4375 nei.
1377 4310 1437 4373 Sed
1453 4329 1551 4393 quare
1566 4311 1734 4391 natusest,

186 4434 243 4478 eas
263 4422 296 4476 et
316 4430 391 4492 agas
414 4429 421 4473 :
446 4412 555 4492 sicque
577 4411 691 4474 Facere
711 4412 848 4473 sumitur
873 4412 936 4491 hic,
994 4432 1093 4495 quum
1116 4412 1182 4492 jam
1206 4410 1348 4486 dixisset,
1368 4409 1454 4472 Vade
1478 4428 1552 4472 cum
1576 4410 1623 4473 eis
1643 4414 1655 4473 t
1679 4412 1738 4476 lle-

186 4520 286 4595 prout
308 4529 480 4575 commune
504 4518 552 4572 est
573 4510 613 4573 ad
635 4510 725 4591 loqui
747 4518 778 4573 et
799 4511 935 4592 operari.
995 4511 1181 4594 spondetur,
1202 4509 1286 4590 quod
1312 4508 1394 4585 ideo,
1412 4508 1489 4589 quia
1509 4528 1658 4591 perversa
1679 4509 1739 4574 ivit

186 4611 299 4693 ltaque
326 4608 480 4671 Dominus
510 4625 574 4670 non
599 4608 688 4670 dedit
717 4608 746 4671 ei
777 4608 938 4672 licentiam
995 4608 1184 4685 intentione,
1196 4616 1228 4671 et
1242 4608 1325 4669 sicut
1340 4605 1372 4667 in
1384 4605 1577 4669 Scholastica
1593 4617 1739 4671 narratur

185 4708 287 4773 eundi
314 4726 388 4770 cum
419 4706 541 4767 nuntiis
566 4706 631 4767 illis
657 4706 856 4788 simpliciter,
884 4709 939 4771 sed
996 4706 1139 4784 historia,
1166 4705 1302 4768 mutavit
1330 4704 1539 4786 propositum,
1566 4713 1598 4767 et
1626 4715 1738 4789 captus

185 4804 462 4880 conditionaliter,
475 4812 551 4885 puta
567 4803 627 4866 sub
640 4813 732 4886 pacto
747 4806 819 4883 isto,
832 4814 867 4868 ut
877 4807 940 4870 Deo
995 4806 1169 4889 cupiditate
1185 4804 1426 4887 promissorum,
1444 4804 1635 4886 disponebat
1650 4806 1740 4869 etin-

187 4904 320 4969 obediat
335 4902 369 4964 in
385 4902 492 4965 verbis
508 4910 540 4964 et
555 4901 659 4964 lactis
677 4902 783 4985 Aliqui
805 4924 880 4969 vero
895 4906 941 4967 di·
996 4914 1044 4967 tra
1066 4923 1100 4966 se
1119 4902 1284 4979 tractabat,
1302 4901 1440 4984 qualiter
1462 4902 1665 4966 malediceret
1687 4923 1740 4987 po

187 5012 277 5080 cunt,
296 5001 385 5084 quod
407 4999 506 5065 verba
521 5000 587 5077 illa,
605 5001 690 5063 Vade
706 5020 778 5064 cum
801 5004 858 5080 eia,
876 5022 939 5067 non
996 5004 1071 5086 pulo
1082 5002 1187 5065 lsrael.
1199 5001 1354 5083 losephus
1371 5008 1476 5064 tamen
1492 5009 1524 5063 et
1539 5001 1593 5063 alii
1608 5003 1739 5083 quidam

190 5102 327 5165 luerunt
340 5100 444 5182 jussio
471 5118 574 5180 neque
593 5101 768 5178 concessio,
786 5102 841 5163 sed
857 5121 942 5183 quae-
995 5100 1117 5184 opinati
1129 5109 1214 5176 sunt,
1226 5101 1311 5181 quod
1323 5099 1475 5163 Dominus
1491 5100 1611 5163 ironice
1627 5101 1743 5165 dixerit

189 5202 265 5263 dam
282 5197 466 5282 permissio,
482 5216 545 5278 qua
560 5198 642 5260 Deus
658 5198 758 5260 multa
773 5199 856 5262 mala
872 5220 942 5282 per·
996 5200 1133 5270 Balaam,
1149 5198 1234 5261 Vade
1249 5217 1321 5261 oum
1337 5199 1384 5260 eis
1402 5222 1410 5273 3
1426 5207 1522 5279 atque
1537 5198 1578 5262 ob
1595 5198 1626 5261 id
1643 5199 1741 5262 iratus

190 5298 303 5375 mittit,
321 5305 358 5359 ut
371 5314 410 5357 ex
424 5295 471 5358 eis
486 5295 571 5359 bona
586 5295 704 5373 eliciat,
723 5290 805 5359 sicut
827 5316 865 5359 ex
880 5298 941 5361 ista
997 5296 1095 5360 luerit
1108 5295 1150 5372 ei,
1167 5295 1244 5376 quia
1257 5295 1391 5357 verbum
1407 5295 1487 5358 illud
1502 5297 1628 5379 aceepit
1644 5305 1680 5359 ut
1696 5316 1742 5361 se-

319 5430 352 5483 T.
369 5428 393 5478 2.
1587 5430 1618 5481 29
